3976 6336
717 234 738 253 ι
773 209 871 259 his“

246 298 291 355 5
302 303 379 361 ἔθ’

855 307 1073 368 El’lS'l'.
1111 308 1255 368 XXI.
1299 310 1699 371 C(ELESTINI
1743 314 1948 374 PAPl
1987 318 2078 373 AD
2121 317 2480 378 EPISCOPOS
2519 317 2947 379 GALLIARUM.

3435 316 3545 376 530

246 420 600 486 docendum;
626 436 748 478 cum
769 431 864 492 sit,
887 423 1102 480 dicente
1125 424 1387 496 Apostolo
1409 427 1451 497 (I
1472 429 1591 484 Cor.
1618 445 1714 496 xu,
1738 431 1854 501 28),
1884 437 1932 494 Α
1964 432 2062 486 tris
2083 432 2296 489 Tucntii
2324 434 2572 491 dedimus
2592 438 2791 506 scripta
2817 449 3157 506 responsum.
3185 431 3339 491 Nunc
3361 442 3538 489 tamen

244 511 345 564 eis
375 513 567 568 tertius
592 522 617 550 ι
646 509 799 569 locus
828 515 965 570 intra
994 515 1291 573 Ecclesium
1326 517 1688 588 deputandus.
1713 523 1855 590 Quid

244 603 375 658 illic
403 605 516 672 spei
542 615 647 672 est,
682 605 795 670 uhi,
828 606 1102 677 magistris
1136 610 1456 678 tacentibus,
1492 611 1527 665 ii
1567 612 1858 682 loquuntur

241 697 376 765 qui,
404 697 449 751 si
483 698 556 752 ita
587 706 690 763 est,
724 713 915 755 eorum
957 701 1206 770 discipuli
1243 717 1347 757 non
1380 702 1634 760 fuerunt?
1668 705 1856 764 Timeo

241 803 329 844 ne
356 790 646 846 connivere
691 791 784 858 sit,
827 793 933 848 hoc
973 804 1174 850 tacere.
1223 794 1414 852 Timeo
1447 813 1515 853 ne
1549 799 1716 869 magis
1753 801 1855 870 ipsi

244 881 574 953 loquamur,
612 884 700 953 qui
735 887 1059 955 permittunt
1089 887 1196 942 illis
1225 888 1407 944 taliter
1435 890 1600 961 loqui.
1632 890 1686 946 In
1717 893 1854 947 tali-

244 975 363 1028 bus
407 975 588 1030 causis
633 991 740 1031 non
789 988 940 1034 caret
986 981 1298 1049 suspicione
1331 984 1685 1050 taciturnitas,
1727 987 1852 1057 quia

242 1078 575 1126 occurreret
632 1069 866 1140 veritas,
919 1074 962 1128 si
1015 1073 1220 1130 falsitas
1271 1075 1602 1146 displiceret.
1662 1079 1852 1136 Merito

243 1175 494 1233 namque
530 1177 691 1230 causa
735 1180 833 1220 nos
879 1167 1133 1238 respicit,
1183 1167 1231 1223 si
1275 1169 1545 1225 silentiob
1574 1172 1850 1230 faveamus

242 1271 526 1312 errorem.
581 1258 723 1329 Ergo
760 1260 1124 1330 corripiantur
1159 1261 1490 1332 hujusmodi.
1521 1263 1637 1320 Non
1663 1267 1734 1320 sit
1765 1267 1848 1323 his

244 1357 272 1385 ε
307 1347 549 1403 liberum
577 1349 778 1405 habere
808 1366 904 1420 pro
943 1352 1220 1408 voluntate
1243 1369 1573 1412 sermonem.
1600 1355 1845 1427 Desinat,

240 1440 290 1494 si
323 1439 402 1495 ita
429 1457 518 1497 res
540 1453 690 1509 sunt,
712 1445 988 1500 incessere
1017 1445 1225 1501 novitas
1248 1459 1608 1516 vetusmtem;
1634 1450 1848 1506 desinat

239 1531 623 1590 Ecclesiarum
670 1537 906 1607 quietem
943 1539 1257 1609 inquietudo
1299 1543 1535 1598 turbare.
1570 1543 1848 1600 Conantur

239 1636 403 1695 cepe
439 1628 716 1698 naufragio
754 1645 998 1699 mergere
1031 1646 1168 1701 quos
1200 1633 1338 1687 intra
1372 1643 1584 1703 portum
1634 1645 1846 1693 stantes

240 1719 419 1774 statio
447 1719 574 1776 facit
605 1722 708 1776 lida
730 1738 976 1779 securos.
995 1723 1125 1780 Fida
1151 1726 1350 1796 quippe
1365 1736 1450 1781 est
1471 1730 1712 1784 omnium
1740 1738 1844 1785 sta-

1959 535 2272 594 repetentes
2301 529 2498 596 saepius
2521 530 2875 583 admouemus
2907 544 2921 582 :
2965 529 3200 582 vitentur
3226 526 3534 597 huiusmodi

1956 618 2048 688 qui
2091 616 2336 673 laborant
2367 635 2461 688 per
2488 630 2659 674 terras
2688 621 2830 674 aliud
2861 635 3018 689 quam
3049 619 3140 673 ille
3169 628 3352 673 noster
3376 618 3538 687 jussit

1957 709 2189 778 agricola
2235 713 2523 766 seminare.
2558 711 2668 767 Nec
2717 723 2896 766 tamen
2929 712 3110 766 mirari
3159 725 3444 781 possumus
3489 711 3534 765 si

1957 799 2074 856 lucc
2102 817 2225 872 erga
2279 803 2517 858 viventes
2557 805 2609 857 hi
2643 821 2782 859 nunc
2825 813 3034 859 tentare
3064 803 3286 868 audent,
3317 803 3408 872 qui
3453 804 3535 856 ui-

1957 903 2140 948 tuntur
2170 895 2332 950 etiam
2363 896 2754 964 quiescentium
2795 895 3022 950 fratrum
3064 895 3380 949 memoriam
3419 893 3534 948 dis-

1953 986 2151 1054 sipare.

2024 1079 2154 1133 Csr.
2187 1076 2250 1133 ll.
2292 1107 2365 1119 —
2395 1079 2447 1132 5.
2493 1076 2849 1148 Augustinum
2898 1084 3100 1132 sancta:
3144 1075 3535 1132 recordationis

1952 1172 2126 1227 virum
2166 1187 2265 1242 pro
2295 1173 2399 1227 vita
2432 1188 2527 1228 sua
2557 1185 2718 1242 atque
2749 1171 2957 1226 meritis
2987 1171 3040 1226 in
3073 1185 3257 1227 nostra
3287 1187 3532 1228 commu-

1953 1264 2112 1320 nione
2139 1280 2360 1335 semper
2391 1267 2696 1330 habuimus,
2720 1279 2821 1319 nec
2851 1280 3100 1334 umquam
3135 1264 3276 1318 hunc
3300 1265 3534 1319 sinistra:

1950 1357 2276 1426 suspicionis
2325 1357 2517 1412 saltem
2566 1370 2753 1411 rumor
2799 1357 3033 1426 aspersit
3085 1373 3096 1408 :
3156 1370 3314 1424 quem
3371 1363 3533 1411 tanta:

1949 1446 2195 1501 scientia:
2220 1447 2348 1500 olim
2384 1448 2548 1504 luisse
2574 1447 2938 1512 meminimus,
2986 1455 3044 1500 ut
3074 1447 3215 1502 inter
3246 1447 3534 1515 magistros

1949 1540 2183 1609 optimos
2228 1541 2389 1595 etiam
2436 1550 2561 1595 ante
2599 1557 2628 1595 a
2671 1538 2859 1595 meis‘
2905 1555 3122 1608 semper
3160 1539 3534 1594 decessoribus

1950 1631 2262 1687 haberetur.
2319 1632 2462 1688 Bene
2513 1647 2644 1702 ergo
2689 1633 2757 1688 de
2808 1647 2875 1688 eo
2923 1645 3114 1687 omnes
3159 1630 3212 1685 in
3259 1630 3531 1686 communi

1947 1733 2258 1800 senserunt,
2290 1733 2478 1793 utpote
2503 1726 2592 1792 qui
2624 1725 2828 1794 ubique
2855 1726 3065 1780 cunctis
3095 1733 3147 1779 et
3173 1723 3344 1778 amori
3375 1721 3532 1777 fuerit

239 1811 346 1876 tio,
373 1828 607 1883 quorum
641 1816 894 1884 perfectis
923 1819 1201 1888 gressibus
1231 1820 1456 1891 vestigia
1490 1837 1594 1876 non
1624 1838 1844 1879 moveri-
1871 1816 1918 1878 B
1947 1827 2002 1873 et
2035 1818 2242 1872 honori.
2286 1817 2443 1875 Unde
2474 1817 2758 1872 resistatur
2805 1818 3021 1880 talibus,
3064 1832 3201 1888 quos
3232 1816 3374 1871 male
3414 1831 3527 1872 cre-

239 1913 358 1958 tur.
413 1904 780 1962 Recurrerunt
823 1909 890 1962 ad
939 1910 1292 1977 apostolicum
1339 1911 1579 1980 prard'cti
1626 1914 1843 1983 sedem,

236 1994 365 2050 haec
402 1998 515 2066 ipsa
539 1999 694 2054 nobis
723 2016 841 2070 qua:
865 2011 1034 2057 tentat
1061 2004 1397 2071 perturbatio
1421 2015 1839 2076 conquerentes.

240 2087 540 2154 Habetote,
581 2091 776 2146 fratres
820 2091 1151 2162 chatissimi,
1193 2110 1289 2165 pro
1335 2096 1617 2153 catholicae
1671 2099 1844 2168 plebis

238 2195 385 2249 pace
413 2192 716 2240 tractatum.
747 2186 929 2242 Sciant
952 2202 1030 2253 se,
1061 2188 1104 2242 si
1135 2196 1316 2244 tamen
1344 2186 1371 2226 ἀ
1397 2200 1689 2247 censentur
1717 2209 1839 2264 pre-

237 2273 481 2345 shyteri,
517 2275 778 2346 dignitate
810 2277 957 2332 vobis
993 2294 1112 2333 esse
1147 2279 1440 2347 subjectos.
1473 2281 1660 2336 Sciant
1692 2283 1837 2352 quod

235 2363 344 2417 sibi
377 2379 572 2420 omnes
598 2367 690 2436 qui
723 2369 860 2422 male
887 2367 1111 2435 docent,
1137 2369 1348 2426 discere
1379 2373 1550 2442 magis
1572 2387 1637 2428 ac
1667 2375 1837 2444 magis

235 2465 522 2527 competat
553 2475 710 2530 quam
741 2460 957 2516 docere.
1004 2460 1135 2515 Nam
1179 2462 1307 2532 qttid
1354 2463 1404 2517 in
1451 2465 1698 2520 ecclesiis
1737 2480 1836 2521 vos

236 2550 430 2620 agitis,
459 2552 506 2607 si
526 2554 599 2606 illi
624 2569 888 2609 summam
914 2565 1134 2612 teneant
1162 2555 1490 2624 prmdicandi
1511 2559 1536 2612 Ἰ
1557 2558 1670 2614 Nisi
1699 2558 1836 2615 forte

237 2641 382 2698 illud
409 2645 667 2714 obsistat,
699 2648 842 2718 quod
875 2663 980 2702 non
1025 2650 1372 2715 auctoritate,
1405 2664 1512 2704 non
1543 2650 1720 2708 adlmc
1751 2668 1838 2706 ra-

240 2734 399 2791 tione
432 2737 725 2808 eolligitur,
760 2749 818 2794 ut
857 2739 1020 2808 aliqui
1045 2755 1077 2795 e
1108 2739 1334 2794 fratrum
1383 2757 1631 2808 numero,
1665 2759 1835 2815 nuper

239 2825 306 2880 de
337 2826 609 2884 laicorum
635 2833 910 2885 consortio
938 2832 991 2886 in
1015 2831 1301 2902 collegium
1326 2843 1569 2888 nostrum
1593 2834 1836 2891 fortaSsis

239 2919 497 2988 admissi,
526 2922 772 2976 nesciant
799 2922 929 2993 quid
953 2922 1055 2977 sibi
1084 2923 1631 2981 debeantvindicare.
1659 2925 1836 2994 Super

240 3007 326 3065 his
362 3019 389 3048 ο
417 3013 586 3067 multa
613 3012 722 3082 jam
752 3014 892 3070 dicta
921 3023 1049 3070 sunt
1091 3030 1159 3071 eo
1190 3026 1452 3089 tempore,
1485 3032 1594 3088 quo
1622 3019 1689 3073 ad
1717 3018 1827 3073 fra—

1945 1924 2099 1964 scere
2123 1909 2408 1964 videmus?
2434 1908 2599 1964 Nefas
2616 1921 2698 1964 est
2717 1910 2833 1965 hmc
2856 1911 2964 1980 pati
2993 1910 3271 1980 religiosas
3296 1909 3527 1974 animas,

1943 2017 2169 2070 quarum
2209 2001 2526 2067 afflictione,
2560 2004 2682 2072 quia
2733 2002 2978 2057 membra
3023 2011 3208 2056 nostra
3251 2009 3400 2066 sunt,
3431 2016 3530 2056 nos

1942 2109 2153 2164 quoque
2203 2093 2460 2148 convenit
2516 2096 2810 2160 macerari,
2861 2095 3108 2164 quamvis
3158 2102 3375 2148 maneat
3428 2091 3527 2148 hos

1942 2186 2215 2241 beatitudo
2246 2186 2533 2255 promissa,
2568 2186 2892 2256 quicumque
2940 2186 3239 2255 probantur
3277 2199 3528 2255 persecu-

1943 2278 2148 2332 tionem
2181 2289 2401 2347 propter
2444 2277 2714 2347 justitiam
2762 2279 3030 2334 sustinere
3081 2276 3296 2349 (Matth.
3329 2293 3382 2343 v,
3414 2274 3529 2346 l0).

1942 2367 2147 2436 Quibus
2176 2369 2302 2438 qttid
2327 2370 2606 2440 promittat
2630 2369 2892 2424 Dominus
2920 2369 2973 2424 in
3005 2369 3270 2433 futurum,
3295 2381 3530 2437 sequens

1943 2475 2124 2516 sermo
2153 2461 2412 2516 declarat.
2445 2461 2560 2516 Non
2594 2471 2678 2517 est
2706 2462 2977 2532 agentium
3009 2476 3170 2516 causa
3204 2470 3228 2508 κ
3266 2459 3528 2521 solorum.

1946 2553 2275 2608 universalis
2308 2553 2548 2608 Ecclesia
2595 2569 2933 2624 quacumque
2975 2555 3211 2608 novitate
3263 2553 3528 2620 pulsatur.

1941 2648 2311 2717 lntelligamus
2339 2649 2455 2703 haec
2482 2648 2594 2716 ipsa
2628 2647 2802 2715 vobis,
2832 2663 2956 2718 qua:
2979 2649 3134 2702 nobis
3159 2662 3264 2700 non
3295 2647 3529 2714 placent,

1942 2739 2258 2809 displicere.
2292 2739 2446 2804 Quod
2479 2737 2550 2792 ita
2583 2738 2800 2794 demum
2832 2739 3064 2808 probare
3087 2735 3435 2807 poterimus,
3484 2735 3530 2790 si

1945 2833 2198 2898 imposito
2240 2831 2500 2900 improbis
2546 2831 2784 2897 silentio,
2827 2830 2896 2886 de
2940 2830 3034 2885 tali
3078 2845 3137 2884 re
3169 2830 3222 2884 in
3253 2836 3528 2899 posterum

1944 2926 2162 2997 querela
2217 2925 2473 2980 cessabit.
2536 2925 2674 2980 Deus
2729 2939 2824 2979 vos
2873 2924 3173 2979 incolumes
3221 2919 3509 2981 custodiat.

1944 3020 2140 3072 fratres
2169 3016 2496 3072 charissimi.

311 3277 342 3306 ⁸
375 3267 570 3342 latus.
603 3267 734 3342 llgg.
757 3268 1094 3326 desideratur
1125 3273 1287 3326 locus.
1315 3270 1558 3342 Respicit
1584 3271 1831 3328 leesti-
1865 3269 1909 3333 C
1941 3269 2109 3324 fuisse
2153 3271 2492 3342 concederet.
2536 3267 2723 3342 Neque
2765 3269 2924 3325 facile
2964 3267 3375 3342 crediderimus
3396 3267 3523 3342 Vin-

242 3339 453 3415 nusAad
493 3339 622 3415 illud
656 3339 835 3403 Pauli,
872 3342 1134 3406 Quosdam
1171 3344 1381 3415 quidem
1428 3339 1596 3415 posuit
1628 3345 1683 3398 in
1738 3343 1837 3396 Ec-

242 3410 445 3534 :les'ia,
482 3411 704 3480 primum
744 3415 1035 3483 apostolos,
1083 3410 1306 3469 secundo
1334 3414 1640 3486 prophetas,
1685 3416 1835 3468 tertio

279 3497 342 3534 oc
368 3496 503 3534 ores.

279 3492 503 3534 actores.

313 3550 345 3589 δ
391 3551 464 3605 Ita
494 3553 749 3625 Dionysii
786 3555 1066 3625 exemplar
1105 3557 1334 3625 regium.
1367 3555 1478 3610 Nec
1505 3555 1667 3610 aliter
1711 3555 1837 3624 legit

246 3621 575 3677 Vincentius
605 3621 777 3680 Lirin.
803 3641 853 3680 c.
879 3621 972 3680 43'.
1016 3629 1082 3678 At
1111 3621 1329 3682 in'Coll.
1370 3627 1533 3681 llatlr.
1573 3621 1834 3680 subslit-u-

244 3702 364 3764 tum
389 3701 476 3746 est
496 3698 756 3764 faveamus
779 3697 939 3749 errori
958 3713 978 3762 ;
999 3712 1158 3762 quam
1183 3699 1470 3752 luelionem
1495 3708 1683 3751 auctor
1703 3698 1831 3752 coll.

244 3763 404 3832 llisp.
435 3763 649 3820 et’lsid.
692 3767 924 3837 indeque
951 3767 1194 3836 epistola:
1238 3769 1395 3839 hujus
1422 3767 1664 3823 editores
1695 3769 1834 3823 arri-

246 3844 504 3902 pnernnL

319 3916 347 3944 ⁸
389 3905 448 3960 1η
506 3906 620 3964 haec
666 3907 831 3961 verba
888 3907 1204 3962 Vincentius
1254 3909 1424 3963 Lirin.
1481 3909 1832 3977 quazslionem

246 3975 730 4050 istam_prop0itit_:
762 3977 860 4032 Hic
880 3981 1066 4050 aliquis
1098 3983 1313 4049 fortasse
1338 3975 1600 4034 addubitet
1626 3982 1834 4047 quinam

245 4047 352 4100 sint
391 4046 496 4111 illi,
525 4065 652 4120 quos
680 4047 865 4102 habere
903 4046 1166 4120 prohibeat
1211 4053 1425 4104 liberum
1455 4069 1547 4122 pro
1577 4046 1836 4106 voluntate

246 4134 559 4183 sermonem,
593 4122 856 4174 vetustatis
882 4122 1279 4191 prwdicatores,
1313 4138 1379 4174 an
1416 4123 1655 4175 novitatis
1681 4124 1832 4176 adin-

247 4199 520 4263 tieulores._
549 4193 622 4263 ᾼιτ
661 4190 903 4263 proxime
934 4193 1174 4260 adjungit
1208 4212 1217 4242 :
1253 4190 1372 4257 Ipse
1400 4193 1534 4244 dicat
1565 4192 1835 4263 (Caelesti-

248 4261 396 4332 IIIIS),
419 4271 465 4313 et
472 4259 858 4332 dubitationem
880 4259 1151 4332 legentium
1174 4263 1282 4330 ipse
1303 4259 1836 4332 dissolvan'Sequitur

247 4331 385 4383 enim
410 4346 427 4384 :
463 4329 697 4391 Desinat,
736 4331 902 4402 inquit
925 4329 946 4397 ξ
963 4334 1006 4386 si
1034 4333 1105 4386 ita
1135 4329 1216 4386 res
1245 4342 1342 4392 est,
1376 4334 1428 4385 id
1458 4343 1531 4386 est
1550 4378 1562 4398 ,
1588 4335 1632 4386 si
1659 4329 1731 4386 ita
1761 4345 1832 4386 est

249 4411 302 4454 ut
329 4401 478 4467 apud
507 4418 586 4455 me
611 4401 822 4471 quidam
848 4404 994 4456 urbes
1034 4427 1077 4455 ε.
1121 4404 1408 4470 provincias
1435 4413 1621 4456 vestras
1664 4405 1836 4456 crimi-

251 4482 474 4543 nantur,
526 4471 666 4543 quod
713 4487 800 4527 eas
845 4474 1146 4542 quibusdam
1195 4473 1504 4527 novitatibus
1553 4478 1836 4529 consentire

250 4542 409 4595 noxia
455 4542 861 4615 dissimulatione
908 4545 1146 4613 faciatis;
1193 4546 1412 4605 desinat,
1458 4545 1643 4615 inquit,
1673 4546 1718 4597 si
1762 4547 1835 4598 ita

250 4627 331 4666 res
358 4623 454 4677 est,
491 4614 743 4667 incessere
781 4615 976 4667 novitas
1004 4623 1324 4668 vetustatem.
1357 4618 1397 4668 Λ
1433 4614 1715 4668 Vincentio
1740 4631 1834 4669 au-

254 4691 360 4736 tem
401 4654 472 4737 iiii
522 4683 797 4740 leestini
836 4684 978 4739 dicta
1010 4685 1270 4739 adversus
1313 4687 1592 4752 Augustini
1634 4687 1834 4740 doctri-
1866 4650 1914 4710 D

252 4768 373 4826 nam
404 4753 1014 4826 Aejusqttedeiensores
1067 4765 1183 4809 arte
1230 4766 1416 4824 arguta
1469 4758 1827 4826 detorquere.

253 4821 480 4896 Henricii
506 4821 749 4896 Nurjsius
782 4825 876 4879 lib.
905 4841 944 4879 tl
973 4824 1110 4879 llist.
1143 4821 1317 4896 Pelag'
1357 4841 1474 4895 pag.
1517 4825 1620 4880 429
1644 4821 1699 4880 et
1726 4825 1833 4882 250

253 4895 551 4949 contendit.
600 4894 948 4962 PerSpicuum
995 4905 1171 4950 tamen
1209 4894 1292 4949 est‘
1337 4894 1497 4955 illud,
1543 4899 1586 4948 si
1638 4899 1709 4950 ita
1753 4915 1832 4951 res

254 4975 390 5024 sunt.
422 4982 532 5020 non
580 4966 702 5020 ideo
735 4981 762 5016 a
790 4965 1088 5021 Caelestino
1129 4967 1374 5032 proxime
1423 4967 1671 5035 adjungi,
1707 4969 1830 5034 quia

258 5035 360 5105 utri
383 5046 672 5090 novatores
699 5035 927 5092 habendi
947 5046 1148 5102 essent,
1182 5039 1464 5105 Augustini
1486 5053 1551 5090 ne
1571 5039 1832 5091 doctrina:

256 5104 578 5174 adversarii,
611 5121 677 5159 an
717 5107 832 5173 ejus
877 5107 1210 5173 defensores,
1255 5104 1550 5172 dubitaret;
1583 5108 1676 5161 sed
1708 5109 1830 5174 quia

258 5173 490 5248 dictabat
530 5178 814 5246 prudentia
853 5187 911 5230 ut
943 5177 1289 5248 presbyteros
1317 5178 1617 5248 illosiquos
1644 5173 1832 5232 Eccle-

259 5247 455 5300 siarnm
485 5248 809 5302 dissensioni
842 5248 1059 5301 studere
1093 5247 1323 5316 Prosper
1346 5259 1400 5302 et
1426 5247 1656 5302 Ililarius
1683 5249 1838 5302 detu-

262 5316 455 5382 lerant,
487 5333 823 5388 nequaquam
855 5317 1154 5388 damnaret,
1182 5318 1283 5372 nisi
1317 5334 1429 5373 rem
1455 5319 1524 5371 ita
1556 5334 1704 5385 esse,
1737 5319 1837 5372 hoc

261 5400 337 5441 est
359 5403 545 5442 veram
578 5387 700 5442 esse
727 5388 939 5441 illorum
971 5387 1320 5448 delationem.
1351 5389 1699 5443 constitisset.
1728 5388 1834 5444 Ne-

263 5473 362 5522 que
393 5460 571 5511 minus
600 5458 823 5512 evidens
855 5468 939 5514 est
967 5457 1318 5513 Calestittum
1348 5460 1674 5513 defensionis
1699 5458 1836 5514 auti-

263 5540 377 5593 qnzc
417 5529 694 5600 doctrinas
725 5528 937 5582 laudem
989 5529 1286 5597 Augustino
1334 5531 1601 5593 tribuere,
1654 5540 1837 5600 utpote

264 5613 402 5664 quem
439 5609 599 5653 tanta
626 5599 749 5652 olim
774 5600 998 5653 scientia!
1025 5599 1188 5668 fuisse
1207 5642 1221 5664 ,
1261 5601 1428 5664 inquit
1449 5641 1462 5663 ,
1494 5599 1831 5660 meminimus,

266 5681 314 5720 ut
343 5673 472 5722 inter
507 5671 777 5740 magistros
808 5671 1026 5739 optimos
1065 5671 1217 5723 etiam
1260 5681 1376 5724 ante
1411 5687 1443 5722 a
1478 5672 1600 5723 tneis
1642 5687 1838 5739 semper

274 5739 609 5792 le-eséoribus
635 5739 928 5793 haberetur.
964 5740 1173 5808 AIiOqui
1205 5741 1456 5794 novitatis
1486 5742 1762 5794 doet0retn
1808 5755 1835 5794 a

272 5810 638 5863 «cautioribus
679 5811 792 5864 suis
832 5811 970 5862 inter
1011 5812 1281 5866 maaistros
1327 5812 1548 5865 catinios
1597 5811 1835 5865 habitum

1941 3341 2178 3395 centium
2203 3357 2263 3393 ea
2297 3341 2461 3394 fuisse
2489 3341 2652 3394 animi
2681 3342 2923 3395 cmcitate
2943 3380 2957 3402 ,
2994 3350 3050 3392 ut
3079 3339 3228 3393 illum
3259 3338 3528 3392 evidentia

1943 3422 2085 3466 tanta
2133 3411 2571 3477 fugerunantea
2612 3411 2988 3471 simulatione,
3025 3421 3077 3464 ut
3107 3409 3253 3463 aliud
3296 3419 3532 3464 tentaret

1939 3483 2196 3548 suadere;
2232 3483 2313 3537 vel
2342 3483 2500 3534 etiam
2531 3482 2597 3534 de.
2631 3481 2751 3534 aliis
2780 3487 2853 3535 tta
2887 3483 3026 3535 male
3050 3483 3306 3547 sensisse,
3350 3491 3406 3534 ut
3431 3482 3530 3535 hoc

1939 3554 2016 3607 eis
2040 3563 2225 3606 contra
2253 3552 2593 3608 manife~tam
2621 3554 2906 3607 veritatem
2937 3551 3264 3621 persuadere
3288 3567 3346 3606 se
3371 3565 3532 3620 posse

1939 3625 2261 3678 conﬁderet.

2011 3692 2037 3732 ἀ
2081 3695 2251 3754 Editi.
2278 3703 2576 3766 censeantur
2606 3695 2908 3766 presbyterii
2936 3694 3226 3766 dignitate;
3250 3693 3528 3763 corrigun-

1937 3773 2025 3818 tur
2049 3783 2115 3820 ex
2151 3765 2385 3830 scriptis.

2016 3846 2039 3873 θ
2083 3835 2270 3892 Utrum
2307 3852 2460 3901 super
2498 3835 2608 3899 his,
2639 3851 2777 3905 quos
2803 3852 2832 3888 e
2865 3836 3123 3890 laicorum
3165 3835 3441 3889 consortio
3472 3835 3523 3889 in

1939 3908 2225 3974 collegium
2258 3907 2567 3973 ορὶςρυιιειιθ
2599 3906 2867 3962 admissos
2894 3908 3139 3976 proxime
3167 3915 3387 3972 questus
3417 3914 3522 3969 est,

1940 3995 2007 4031 an
2030 3996 2186 4043 super
2208 3979 2287 4030 his
2319 3993 2453 4046 quos
2478 3993 2611 4030 nova
2648 3978 2943 4046 pra-dicare
2974 3987 3282 4044 acceperat,
3316 3977 3527 4030 dederit

1939 4048 2067 4102 i‘lud
2135 4049 2198 4101 ad
2253 4050 2462 4102 Tucnlii
2523 4049 2719 4114 scripta
2778 4063 3127 4115 responsmn;
3185 4062 3309 4101 num
3357 4049 3521 4101 etiam

1939 4118 2204 4173 Tuentius
2249 4120 2290 4171 is
2325 4121 2500 4177 fuerit,
2535 4134 2692 4186 quem
2724 4118 2976 4173 Zuzimus
3003 4121 3161 4185 epist.
3193 4116 3249 4180 4,
3281 4134 3331 4169 n.
3370 4116 3425 4182 4,
3465 4127 3525 4173 ut

1941 4190 2218 4256 illegitime
2250 4206 2276 4240 a
2304 4189 2532 4243 Proculo
2560 4189 2876 4243 Massilicnsi
2903 4191 3154 4256 (διήλειψεν
3188 4188 3519 4252 ordinatum,

1943 4263 1994 4312 in
2027 4276 2367 4328 quocumque
2397 4259 2562 4326 gradu
2593 4260 2961 4328 ecclesiasuco
2984 4259 3178 4324 suscipi
3205 4256 3368 4315 vt-tzit.
3393 4260 3520 4314 aliu-

1941 4327 2058 4383 rum
2090 4333 2444 4395 permittimus
2464 4331 2685 4396 judicio.
2719 4327 3002 4383 Probabile
3029 4341 3204 4382 tamen
3231 4338 3315 4383 est
3341 4329 3520 4383 Ttlen-

1939 4402 2068 4454 tium
2106 4401 2246 4454 hunc
2275 4403 2342 4452 ab
2368 4402 2418 4452 ill
2444 4421 2454 4446 ι
2489 4416 2591 4453 non
2617 4415 2735 4453 esse
2759 4400 3065 4461 diversum,
3096 4415 3196 4454 nec
3230 4415 3331 4452 non
3360 4400 3427 4453 de
3453 4401 3518 4457 iis

1941 4475 2026 4537 qui
2072 4471 2494 4540 ititlisciplinalas
2531 4470 2859 4535 qtta'SIiones
2891 4473 2940 4523 in
2985 4471 3216 4524 medium
3251 4472 3518 4527 vocabant

1941 4544 2004 4595 ad
2051 4543 2192 4595 illius
2224 4545 2420 4610 scripta
2456 4542 2620 4595 fuisse
2665 4556 3004 4607 responsum.
3041 4541 3153 4595 lloc
3195 4545 3514 4606 respt‘msum

1945 4630 2046 4666 non
2080 4622 2274 4667 «ιχ-[ιιι.
2309 4614 2571 4675 Deinceps
2601 4611 2717 4667 luce
2743 4614 2940 4665 clarius
2964 4623 3064 4677 est,
3092 4630 3273 4664 eorum
3299 4615 3516 4667 nomine

1939 4685 2028 4748 qui
2068 4698 2237 4735 novas
2280 4687 2328 4734 in
2363 4683 2656 4736 Ecclesium
2695 4682 2968 4736 doctrinas
3002 4684 3254 4737 illtlllCl’l'C
3282 4685 3514 4738 moliun-

1939 4763 2043 4815 tur,
2073 4771 2177 4806 non
2216 4753 2476 4808 Hilarium
2520 4769 2546 4803 a
2587 4751 2881 4807 CtPIeSIino
2910 4753 3131 4809 intelliei
3162 4763 3248 4805 aut
3294 4759 3520 4820 Prospe-

1940 4841 2078 4888 rutn,
2107 4825 2199 4878 scil
2230 4839 2325 4878 eos
2347 4826 2433 4894 qui
2460 4825 2694 4876 nituntur
2720 4826 2870 4877 etiam
2905 4826 3272 4893 quiescentinm
3299 4825 3517 4893 fratrum

1937 4906 2025 4964 (ac
2055 4894 2370 4965 nominatim
2401 4895 2710 4963 Augustini)
2748 4898 3044 4949 memoriam
3074 4896 3330 4960 dissipare
3356 4904 3519 4965 atque

1940 4958 2197 5019 infamare
2347 4958 2360 4973 ’

2014 5035 2033 5074 ί
2070 5037 2143 5090 Ex
2177 5036 2327 5090 Meri.
2353 5043 2406 5087 ct
2428 5051 2560 5089 mss.
2586 5043 2867 5106 revocatur
2893 5052 3108 5101 semper,
3134 5037 3278 5106 quod
3300 5050 3330 5089 a
3358 5036 3522 5091 Crab.

1937 5121 1999 5160 ac
2025 5106 2280 5172 deinceps
2307 5107 2567 5158 omissum
2597 5104 2789 5158 fuerat.

2011 5186 2036 5223 ε
2077 5176 2131 5230 lu
2173 5191 2302 5229 mss.
2343 5176 2467 5229 coll.
2515 5175 2665 5238 lsid.,
2693 5174 2823 5228 sola.
2857 5176 3014 5243 Apud
3054 5176 3230 5237 Μαι,
3265 5175 3522 5230 solarum.

1940 5247 2074 5301 Tum
2110 5247 2161 5300 in
2194 5246 2314 5300 aliis
2355 5247 2514 5300 editis
2538 5245 2749 5299 additur
2777 5249 3002 5315 quando.
3037 5246 3161 5300 lla-e
3184 5263 3280 5298 vox
3313 5247 3467 5300 abest
3496 5262 3525 5301 a

1941 5333 2072 5371 mss.
2120 5317 2211 5371 sed
2255 5319 2304 5368 in
2357 5332 2541 5369 eorum
2587 5331 2782 5380 noum,
2839 5320 2960 5370 loco
3008 5316 3260 5380 solorum,
3311 5317 3528 5383 irrep~it

1941 5390 2052 5441 sola
2081 5403 2217 5440 cum.
2253 5388 2328 5442 Ex
2373 5388 2474 5440 isto
2516 5398 2694 5440 autem
2728 5403 2844 5438 eum
2890 5385 3143 5455 pra'dicta
3193 5403 3289 5440 vox
3319 5387 3528 5455 quando

1942 5459 2204 5527 originem
2259 5459 2509 5512 habuisse
2544 5457 2896 5522 probabiliter
2938 5458 3211 5510 credatur.
3241 5455 3524 5510 Caelestini

1947 5544 2099 5580 meus
2131 5531 2230 5581 hoc
2276 5528 2589 5599 syllogismo
2635 5529 2722 5578 fiet
2765 5527 3116 5580 manifesuor.
3155 5528 3522 5599 ifniver~alutn

1949 5600 2244 5652 Ecclesiaut
2277 5598 2450 5666 pulsat
2489 5613 2840 5666 qumcumquo
2882 5601 3115 5649 novitas.
3163 5598 3325 5664 Atqui
3366 5615 3526 5648 (μυμτι

1946 5684 2064 5738 qum
2107 5672 2310 5737 agitur,
2344 5670 2630 5721 novitatem
2663 5669 2828 5738 sapit.
2851 5667 2964 5719 Non
2994 5676 3077 5720 est
3104 5669 3265 5735 igitur
3298 5683 3521 5721 unormu

1946 5737 2214 5807 agentium
2245 5755 2336 5793 seu
2365 5739 2707 5806 litigantium,
2741 5737 2832 5789 sed
2868 5739 3028 5790 totius
3062 5738 3315 5794 Ecclesia!
3341 5756 3520 5795 causa.
