3976 6336
550 339 657 394 555

1368 332 1763 395 C(ELESTINI
1802 330 1820 387 Ι
1859 329 2062 386 ΡΑΡΛΕ
2108 327 2463 384 κριδῑυιλε
2506 327 2594 383 ET
2638 327 2984 387 DECRETA.

551 452 782 511 cationis
820 452 937 508 dari
991 460 1050 507 ut
1087 452 1229 523 quod
1271 449 1449 506 facere
1488 463 1583 519 per
1611 448 1839 504 liberum
1871 446 2127 516 jubemur
2150 446 2200 507 Α
2227 442 2508 499 charitatis
2536 456 2650 499 sum
2688 443 2908 514 (Coloss.
2932 460 2950 500 ι
2971 485 2990 513 ,
3025 443 3140 515 15),
3171 453 3226 500 et
3254 458 3321 500 ex
3353 442 3499 498 vasis
3525 441 3626 498 ira:
3654 441 3805 503 faciat

551 546 866 615 arbitrium,
910 545 1120 602 facilius
1160 544 1427 614 possimus
1466 542 1697 613 implere
1744 555 1840 611 per
1866 540 2126 610 gratiam,

552 647 847 709 tamquam,
871 641 971 696 etsi
993 641 1165 711 gratia
1188 655 1292 693 non
1315 639 1556 704 daretur,
1582 652 1688 692 non
1708 635 1925 707 quidem
1950 635 2127 702 facile,

549 732 647 789 se'd
676 740 854 789 tamen
894 733 1163 803 possimus
1191 732 1355 787 etiam
1400 732 1519 787 sine
1553 730 1643 785 illa
1690 730 1914 798 implere
1941 727 2129 784 divina

548 824 827 892 mandata,
855 823 1136 879 anathema
1168 825 1258 878 sit.
1290 824 1367 879 De
1396 821 1656 877 fructibus
1675 819 1819 876 enim
1847 818 2130 875 mandato-
2201 879 2211 887 ,

549 930 667 970 rum
700 915 960 971 Dominus
980 916 1323 985 loquebatur,
1353 914 1447 970 ubi
1474 930 1579 970 non
1611 915 1685 968 ait
1710 930 1727 970 :
1758 911 1892 970 Sine
1916 926 2003 967 me
2025 909 2128 966 dif-

552 1006 746 1063 ﬁcilius
776 1008 1002 1076 potestis
1029 1006 1227 1074 facere,
1261 1007 1358 1063 sed
1384 1007 1461 1062 ait
1493 1024 1507 1060 :
1540 1005 1670 1062 Sine
1694 1021 1774 1060 me
1809 1004 1942 1059 nihil
1979 1011 2125 1073 pote-

548 1097 640 1152 stis
668 1102 838 1168 facere
868 1097 913 1170 (l
934 1096 1091 1154 Joan.
1126 1114 1215 1165 xv,
1243 1099 1323 1169 5).
1359 1117 1381 1152 s

617 1187 749 1245 Car.
780 1188 873 1245 XI.
901 1190 1082 1246 ~12.
1123 1190 1328 1247 Praeter
1355 1190 1453 1245 has
1496 1197 1676 1245 autem
1704 1187 2030 1245 beatissima
2070 1195 2127 1244 et

547 1281 859 1350 apostolica:
894 1282 1039 1337 sedis
1067 1282 1408 1338 inviolabiles
1425 1283 1755 1343 sanctiones.
1783 1279 1977 1351 quibus
2025 1293 2126 1334 nos

549 1376 776 1445 piissimi
806 1384 1013 1446 patres,
1038 1375 1306 1447 pestifera:
1332 1375 1592 1431 novitatis
1613 1374 1873 1430 electione
1892 1372 2122 1441 deiecta,

544 1475 601 1523 et
636 1468 790 1523 bona:
820 1468 1114 1523 voluntatis
1143 1468 1367 1524 exordia
1389 1509 1404 1535 ,
1435 1477 1491 1523 et
1511 1468 1846 1521 incrementa
1874 1463 2128 1534 probabi-

546 1561 675 1616 lium
701 1562 1024 1627 studiorum,
1048 1573 1101 1618 et
1123 1562 1177 1616 in
1200 1561 1281 1618 eis
1307 1576 1477 1631 usque
1500 1561 1551 1616 in
1577 1559 1741 1616 finem
1769 1571 2124 1630 perseveran-

546 1656 672 1708 tiam
701 1654 768 1710 ad
794 1652 996 1710 Christi
1025 1657 1249 1726 gratiam
1282 1654 1487 1711 referre
1514 1654 1844 1721 docuerunt;
1874 1653 2127 1710 obsecra-

545 1744 753 1802 tionum
788 1762 1001 1818 quoque
1027 1747 1438 1803 sacerdotalium
1480 1756 1818 1801 sacramenta
1867 1745 2123 1816 respicia-

2232 550 2361 591 vasa
2402 535 2788 590 misericordiae
2812 534 2989 606 (Rom.
3030 552 3106 601 ix,
3127 535 3244 606 2‘3).
3274 535 3428 604 Quod
3469 533 3609 590 adeo
3642 545 3801 594 totum

2231 629 2402 684 divini
2447 629 2631 698 operis
2677 642 2800 684 esse
2848 629 3116 696 sentitur,
3162 638 3219 683 ut
3249 629 3366 684 lucc
3404 628 3664 684 efficienti
3701 627 3802 685 Dee

2230 722 2526 793 gratiarum
2569 735 2788 791 semper
2835 721 2979 777 actio
3034 721 3317 792 laudisque
3382 719 3661 776 confessio
3712 735 3803 792 pro

2231 814 2625 870 illuminatione
2652 813 2837 869 talium
2864 814 2949 869 vel
2979 815 3318 869 correctione
3348 813 3636 868 referatur.

2299 906 2429 963 CAP.
2467 906 2579 963 XII.
2611 935 2683 949 —
2715 907 2799 963 l3.
2832 906 2968 961 lllud
3003 908 3168 962 etiam
3192 905 3336 977 quod
3363 906 3510 961 circa
3540 904 3804 975 baptizau-

2229 998 2330 1055 dos
2359 999 2416 1054 in
2456 1000 2713 1055 universo
2742 999 2942 1054 mundo
2988 1009 3174 1054 sancta
3204 997 3444 1053 Ecclesia
3476 997 3805 1056 nniiormiter

2228 1092 2367 1162 agit,
2403 1105 2507 1145 non
2553 1092 2731 1145 otioso
2772 1090 3205 1159 contemplamur
3251 1088 3472 1144 intuitu.
3522 1086 3661 1144 Cum
3705 1090 3805 1146 sive

2229 1182 2460 1252 parvuli,
2484 1182 2603 1237 sive
2627 1181 2856 1251 juvenes
2896 1180 2963 1235 ad
2996 1179 3428 1250 regenerationis
3466 1182 3694 1236 veniunt
3730 1196 3805 1238 sa-

2227 1283 2598 1339 cramentum,
2648 1289 2755 1328 non
2789 1274 2937 1342 prius
2984 1271 3191 1328 fontem
3238 1272 3364 1326 vitae
3411 1271 3615 1327 adeunt
3659 1288 3803 1343 quam

2227 1366 2545 1420 exoreismis
2567 1375 2621 1420 et
2641 1364 3117 1420 exsufflationihus
3143 1364 3471 1420 clericorum
3494 1364 3720 1435 spiritus
3746 1372 3806 1423 ab

2227 1457 2308 1512 eis
2332 1456 2646 1511 immundus
2673 1457 2922 1525 abigatur
2955 1474 2970 1510 :
2996 1466 3053 1512 ut
3074 1466 3199 1512 tunc
3227 1471 3355 1513 vere
3373 1467 3656 1527 appareat,
3685 1473 3805 1530 quo-

2228 1550 2390 1606 modo
2406 1550 2657 1620 princeps
2674 1550 2855 1605 mundi
2886 1550 3046 1620 hujus
3071 1550 3316 1605 mittatur
3340 1551 3483 1605 foras
3506 1550 3695 1620 (Joan.
3721 1568 3803 1622 xu,

2227 1643 2342 1715 3|).
2362 1654 2418 1700 et
2432 1644 2704 1715 quomodo
2728 1645 2878 1715 prius
2892 1645 3146 1715 alligetur
3163 1644 3316 1699 fortis
3336 1643 3551 1716 (Matth.
3579 1661 3677 1713 ιη.
3694 1647 3803 1720 29),

2226 1748 2283 1792 et
2321 1736 2577 1807 deinceps
2598 1751 2723 1792 vasa
2744 1736 2866 1807 ejus
2896 1737 3228 1806 diripiantur
3258 1735 3451 1808 (Mare.
3496 1753 3576 1805 111,
3604 1736 3733 1811 27);
3759 1741 3803 1796 in

545 1854 685 1906 mus,
711 1854 830 1909 quae
853 1839 923 1894 ab
947 1848 971 1877 ι
996 1840 1253 1909 apostolis
1277 1839 1490 1904 tradita,
1526 1841 1579 1894 in
1605 1847 1717 1894 toto
1745 1838 1945 1893 mundo
1965 1847 2123 1909 atque

2227 1831 2629 1901 possessionem
2666 1831 2918 1886 translata
2949 1830 3202 1897 victoris,
3227 1831 3318 1900 qui
3364 1831 3633 1900 captivam
3671 1832 3807 1889 ducit

544 1931 598 1987 in
640 1932 787 1986 omni
820 1932 1058 1987 Ecclesia
1083 1932 1351 1987 catholica
1388 1930 1729 1987 uniformiter
1756 1931 2121 1997 celebrantur,

545 2033 601 2077 ut
629 2024 799 2095 legem
821 2023 1074 2080 credendi
1105 2025 1190 2080 lex
1212 2033 1411 2081 statuat
1430 2016 1791 2095 supplicandi.
1816 2024 1951 2079 Cum
1979 2025 2122 2080 enim

542 2127 849 2171 sanctarum
881 2116 1114 2185 plebium
1148 2117 1406 2186 prtesules
1433 2118 1683 2171 mandata
1714 2116 1931 2170 sibimet
1973 2115 2122 2186 lega-

545 2208 690 2264 tione
728 2208 1052 2279 fungantur,
1079 2209 1219 2279 apud
1250 2209 1489 2264 divinam
1528 2209 1867 2265 clementiam
1901 2208 2123 2263 humani

538 2299 757 2367 generis
783 2308 948 2370 agunt
974 2315 1225 2367 causam,
1257 2310 1312 2355 ct
1339 2310 1450 2356 tota
1496 2314 1679 2356 secum
1721 2300 1964 2355 Ecclesia
1993 2315 2123 2354 con-

539 2391 896 2459 gemiscente,
940 2392 1217 2462 postulant
1263 2403 1318 2447 et
1363 2400 1653 2463 precantur
1702 2400 1762 2447 ut
1812 2391 2121 2448 infidelibus

540 2483 773 2540 donetur
801 2485 935 2540 fides
955 2528 971 2553 ,
1002 2497 1060 2541 ut
1090 2484 1387 2541 idololatrte
1432 2486 1500 2540 ab
1527 2486 1817 2557 impietatis
1845 2502 1957 2541 sine
1988 2485 2122 2541 libe-

541 2587 730 2633 rentur
757 2579 1058 2645 erroribus,
1090 2589 1147 2634 ut
1171 2578 1397 2646 ludatis,
1420 2579 1604 2635 ablato
1624 2579 1803 2635 cordis
1829 2581 2118 2648 velamine,

541 2669 629 2726 lux
660 2671 904 2726 veritatis
947 2684 1225 2742 appareat,
1273 2681 1331 2727 ut
1379 2672 1618 2728 haeretici
1669 2672 1950 2729 catholica!
1992 2673 2119 2728 fidei

540 2758 566 2798 ι’
606 2763 947 2832 perceptione
991 2763 1347 2833 resipiseant,
1390 2774 1451 2818 ut
1495 2763 1827 2819 schismatici
1869 2765 2118 2832 spiritum

540 2850 793 2907 rediviva:
821 2852 1101 2907 charitatis
1140 2854 1437 2923 accipiant,
1468 2861 1529 2909 ut
1578 2853 1741 2924 lapsis
1789 2853 2120 2923 poenitentia:

543 2952 566 2980 ο
595 2941 834 2998 remedia
862 2942 1234 3007 conferantur,
1267 2952 1324 2997 ut
1353 2944 1590 3011 denique
1622 2943 2026 3000 catechumenis
2051 2944 2120 3000 ad

542 3035 965 3105 regenerationis
984 3046 1325 3090 sacramenta
1345 3034 1619 3104 perductis
1636 3036 1875 3091 caelestis
1902 3036 2117 3092 miseri-

541 3129 737 3184 cordia:
766 3129 886 3184 aula
925 3139 1220 3185 reseretur.
1256 3129 1380 3184 llaec
1409 3139 1589 3185 autem
1616 3145 1722 3183 non
1754 3130 2118 3199 perfunctorie

2226 1923 2603 1992 captivitatem
2650 1921 2873 1995 (Ephes.
2921 1938 2995 1991 tv,
3027 1921 3085 1994 8)
3117 1931 3171 1979 et
3198 1922 3293 1978 dat
3335 1922 3474 1979 dona
3507 1923 3807 1982 hominibus

2227 2013 2453 2084 (Psalm.
2483 2031 2652 2084 uvn,
2681 2015 2793 2087 i9).

2299 2108 2387 2162 14.
2426 2108 2513 2162 Itis
2553 2123 2683 2178 ergo
2733 2108 3116 2164 ecclesiasticis
3145 2109 3387 2183 regulis,
3435 2118 3492 2166 et
3524 2126 3591 2165 es
3632 2110 3805 2167 divina

2225 2201 2457 2269 sumptis
2484 2202 2805 2255 auctoritate
2848 2200 3226 2267 documentis,
3266 2202 3339 2257 ita
3370 2202 3663 2273 adiuvante
3708 2204 3804 2259 Do-

2226 2296 2373 2349 mino
2393 2293 2421 2332 4
2451 2295 2753 2351 confirmati
2781 2302 2989 2360 sumus,
3017 2305 3073 2349 ut
3103 2297 3342 2350 omnium
3375 2296 3643 2352 bonorum
3682 2294 3805 2354 ισο-

2222 2397 2405 2442 ctuum
2427 2398 2588 2454 atque
2613 2403 2859 2459 operum,
2875 2398 2927 2443 et
2942 2389 3182 2443 omnium
3210 2388 3513 2445 studiorum
3538 2388 3803 2444 omnium-

2223 2494 2328 2549 que
2355 2480 2612 2536 virtutum
2635 2482 2827 2551 quibus
2848 2480 2916 2536 ab
2935 2480 3091 2536 initio
3113 2480 3235 2536 fidei
3260 2481 3326 2536 ad
3354 2480 3528 2536 Deum
3550 2480 3801 2547 tenditur,

2223 2571 2391 2627 Deum
2425 2572 2775 2643 profiteamur
2799 2583 3115 2640 auctorem;
3145 2585 3197 2630 et
3224 2589 3331 2629 non
3365 2572 3675 2629 dubitemus
3694 2614 3714 2640 ,
3741 2572 3803 2628 ab

2222 2663 2390 2733 ipsius
2412 2665 2583 2734 gratia
2612 2674 2635 2702 ο
2665 2664 2843 2720 omnia
2872 2665 3107 2721 hominis
3132 2668 3322 2722 merita
3360 2664 3680 2735 prmveniri,
3711 2678 3799 2734 pes

2220 2773 2380 2827 quem
2410 2758 2469 2811 fit
2494 2765 2551 2812 ut
2576 2757 2776 2828 aliquid
2802 2748 2995 2815 boni‘et
3027 2760 3168 2815 velle
3195 2760 3518 2829 incipiamus
3547 2770 3603 2815 et
3636 2757 3801 2815 facere

2221 2848 2484 2922 (Philipp.
2508 2865 2576 2918 tt,
2614 2851 2724 2919 13).
2753 2850 2875 2919 Quo
2902 2853 3087 2921 utique
3127 2853 3330 2907 auxilio
3358 2864 3413 2907 et
3454 2866 3686 2908 munere
3715 2850 3801 2908 Dei

2221 2959 2329 2998 non
2352 2942 2595 2998 aufertur
2625 2944 2852 3000 liberum
2876 2946 3181 3013 arbitrium,
3203 2945 3302 3001 sed
3335 2945 3614 3019 liberatur,
3660 2953 3721 3000 ut
3740 2943 3802 3001 de

2224 3035 2515 3089 tenebroso
2545 3034 2810 3103 lucidum,
2844 3035 2913 3092 de
2948 3051 3119 3106 pravo
3159 3047 3397 3103 rectum,
3446 3037 3517 3092 de
3554 3036 3801 3108 languido

2221 3141 2437 3193 sanum,
2459 3126 2528 3183 de
2550 3128 2892 3193 imprudente
2911 3130 2981 3183 sit
3009 3129 3317 3197 providum.
3344 3128 3515 3184 Tanta
3544 3130 3695 3185 enim
3722 3137 3800 3186 est

542 3237 719 3291 neque
744 3221 977 3278 inaniter
1004 3238 1033 3277 a
1067 3223 1292 3277 liornino
1320 3222 1458 3291 peti,
1489 3238 1665 3277 rerum
1695 3224 1930 3292 ipsarum
1965 3238 2117 3279 mone
2141 3207 2191 3270 C
2222 3233 2353 3289 erga
2377 3234 2567 3274 omnes
2589 3221 2834 3274 homines
2857 3220 3069 3276 bonitas
3092 3220 3207 3288 θείς
3239 3229 3298 3275 ιιι
3321 3230 3503 3275 ηοειη
3526 3220 3663 3276 Vel"
3690 3234 3800 3277 e890

541 3322 677 3369 strat
703 3314 929 3370 ell'ccms
962 3331 979 3370 :
1010 3315 1445 3386 quandoquidem
1472 3330 1538 3369 ex
1564 3315 1709 3369 omni
1752 3330 1994 3371 errorum
2024 3330 2118 3386 ge-

540 3420 669 3459 nere
697 3404 952 3475 plurimos
979 3406 1122 3460 Deus
1150 3406 1405 3474 dignatur
1433 3406 1704 3461 attrahere
1722 3447 1737 3470 ,
1766 3421 1901 3476 quos
1930 3416 2116 3463 erutos

538 3496 607 3552 de
634 3506 898 3567 potestate
926 3496 1300 3564 tenebrarum,
1348 3495 1640 3552 transferat
1678 3496 1731 3552 in
1765 3513 1989 3568 regnum
2021 3499 2117 3555 filii

607 3641 633 3671 ι
661 3632 1093 3706 Nominatimqne
1124 3648 1153 3688 a
1181 3634 1389 3689 Paulo!
1418 3633 1555 3688 Tim.
1582 3650 1643 3701 tt,
1669 3636 1722 3696 l,
1746 3635 1899 3706 cujus
1927 3636 2108 3692 verbis

535 3705 587 3758 in
619 3705 849 3759 medium
878 3707 1103 3775 prolatis
1152 3709 1383 3775 scriptor
1414 3706 1689 3760 librorum
1719 3705 1785 3759 de
1815 3705 2103 3761 ’Vocation.

533 3776 769 3842 gentium
794 3774 940 3831 lili.t.
967 3794 1013 3834 c.
1031 3775 1117 3838 12,
1132 3779 1335 3829 subdit:
1359 3774 1605 3844 Praecepit
1625 3778 1792 3843 itaque
1806 3777 2104 3844 Apostolus,

536 3848 690 3900 immo
719 3863 808 3912 per
832 3846 1133 3910 Apostolum
1166 3845 1416 3901 Dominus
1437 3848 1523 3914 qui
1550 3846 1846 3912 loquebatur
1885 3850 1940 3901 in
1966 3850 2105 3916 Apo-

532 3918 687 3982 stolo,
703 3917 814 3985 ﬁeri
826 3918 1215 3990 obsecrationes;
1232 3921 1622 3990 pastufatioaes,
1637 3921 1922 3990 gratiarum
1943 3921 2106 3973 actio-

535 4004 623 4060 nes
654 4005 747 4059 pro
773 3988 1002 4042 omnibus
1025 3989 1331 4051 hominibus,
1353 4005 1449 4060 pro
1481 3988 1704 4059 regibus,
1744 4006 1835 4049 pro
1857 3990 1918 4042 iis
1938 3990 2026 4058 qui
2050 3992 2104 4044 in

531 4059 984 4113 sublimitatesunt.
1004 4060 1173 4127 Quam
1195 4059 1362 4131 legem
1376 4061 1762 4130 supplicationis
1785 4064 1855 4113 ita
1876 4063 2103 4113 omnium

532 4132 855 4183 sacerdotum
883 4140 932 4184 et
951 4131 1178 4183 omnium
1206 4132 1435 4198 ﬁdelium
1463 4134 1661 4184 devotio
1691 4142 1844 4195 teiiet,
1874 4139 1929 4184 ut
1960 4132 2103 4185 nulla

535 4215 655 4263 pars
676 4201 855 4272 mundi
876 4203 940 4272 sit
960 4202 1013 4253 in
1033 4218 1134 4271 qua
1156 4199 1456 4272 Itujusmodi
1476 4204 1729 4254 orationes
1748 4218 1845 4255 nou
1861 4202 2107 4272 celebren-

533 4280 616 4343 t_ur
628 4290 657 4320 a
672 4270 874 4341 populis
895 4269 1513 4343 CItristiaiiis.'SuppIii-at
1535 4289 1653 4343 ergo
1673 4273 1857 4342 ubique
1873 4271 2104 4326 Ecclesia

537 4340 645 4413 Deo
673 4339 772 4396 non
792 4343 959 4396 solum
982 4358 1075 4409 pro
1086 4345 1275 4397 sanctis
1290 4339 1334 4394 ei
1349 4344 1399 4394 in
1416 4339 1621 4396 Christo
1640 4345 1748 4408 jam
1769 4339 2102 4413 regeneratis,

534 4411 623 4484 sed
652 4412 805 4466 etiam
831 4413 1183 4484 probantibus
1212 4414 1593 4479 iuﬁdelibus....
1618 4431 1710 4484 pro
1756 4411 1977 4476 ludatis,
2013 4429 2104 4479 pro

531 4479 781 4536 hwreticis
868 4482 1226 4555 iscltismaticis.
1255 4484 1511 4555 Nimirum
1526 4479 1701 4553 justus
1734 4483 1982 4537 Dominus
2011 4502 2104 4555 pro

531 4555 758 4605 omnibus
780 4552 876 4606 sibi
896 4557 999 4607 vult
1021 4552 1088 4606 ho
1111 4554 1315 4607 niuibus
1334 4552 1638 4622 supplicari,
1664 4566 1718 4607 ut
1739 4570 1857 4608 cum
1881 4552 2107 4608 ridemus

530 4622 594 4694 de
616 4634 717 4675 tam
737 4624 1006 4691 profundis
1025 4624 1171 4677 ntalis
1201 4624 1492 4678 innumeros
1510 4627 1641 4689 erui,
1669 4641 1769 4678 non
1791 4625 2109 4694 ambigamus

535 4691 698 4747 Deum
725 4695 1042 4763 praestitisse.
1064 4694 1200 4763 quod
1222 4705 1273 4746 ut
1298 4705 1563 4761 praestaret
1586 4708 1763 4748 oratus
1786 4709 1876 4749 est.
1906 4691 2104 4750 Eodem

532 4774 855 4832 argumento
904 4766 1227 4834 Augustinus
1265 4782 1368 4819 non
1412 4766 1577 4819 semel
1628 4770 1813 4818 utitur.
1868 4766 1998 4833 Ejus
2039 4782 2107 4821 ex

533 4834 761 4900 epistola
786 4834 1055 4897 i07,olun
1080 4834 1208 4897 207,
1232 4836 1297 4889 ad
1330 4836 1551 4890 Vitalem
1581 4838 1743 4890 verba
1775 4837 1859 4887 hic
1904 4835 2107 4891 referre

535 4908 666 4958 satis
688 4913 772 4960 est
798 4921 811 4958 :
840 4902 1054 4971 Exsere,
1087 4904 1261 4974 inquit
1292 4921 1346 4961 n.
1368 4908 1424 4970 2,
1448 4918 1626 4959 contra
1648 4907 1901 4960 orationes
1925 4904 2103 4961 Eccle-

529 4974 625 5047 site
661 4975 1028 5047 disputationes
1068 4986 1227 5040 tuas;
1270 4986 1315 5031 et
1341 4978 1548 5047 quando
1595 4979 1745 5031 audis
1790 4978 2107 5031 sacerdotem

534 5042 644 5118 Dei»
666 5045 737 5118 ad
761 5048 924 5101 altare
950 5047 1300 5101 exhortantem
1329 5042 1578 5118 populum
1612 5046 1703 5101 Dei
1730 5064 1878 5118 orare
1907 5063 1998 5113 pro
2024 5050 2106 5100 in-

528 5116 767 5187 credulis.
793 5126 848 5169 ut
872 5132 957 5170 eos
978 5126 1234 5170 convertat
1253 5116 1513 5184 ad'lidem,
1530 5130 1575 5169 et
1596 5135 1689 5187 pro
1702 5117 2100 5185 catecltumenis,

530 5194 583 5258 ut
610 5187 681 5240 eis
725 5185 1035 5240 desiderium
1058 5189 1452 5257 regenerationis
1479 5185 1719 5251 inspiret,
1743 5201 1791 5242 et
1815 5205 1910 5258 pro
1932 5188 2103 5255 ﬁdeli-

527 5256 648 5320 bus,
686 5266 741 5310 ut
781 5259 833 5311 in
854 5272 913 5311 eo
939 5258 1209 5329 quodesse
1242 5268 1521 5325 cleperunt,
1552 5256 1901 5329 ejusmunere
1926 5275 2098 5328 peru-

523 5335 722 5392 verent,
754 5333 1010 5401 subsanno
1039 5328 1150 5401 pias
1176 5343 1336 5381 voces.
1370 5329 1434 5381 Et
1472 5326 1615 5401 nitu}:
1644 5326 1740 5401 726
1784 5345 1798 5380 :
1834 5326 2101 5401 Numquid

522 5411 672 5453 orare
720 5396 1007 5467 prohibebis
1042 5396 1335 5451 Ecclesium
1377 5414 1470 5469 pro
1516 5398 1814 5467 inﬁdelibus
1838 5439 1851 5459 .
1890 5407 1946 5452 ut
1989 5396 2098 5454 "sint

521 5468 701 5534 ﬁdeles
721 5485 814 5537 pro
834 5470 896 5521 iis
916 5470 1005 5538 qui
1026 5469 1204 5521 nolunt
1224 5469 1448 5531 credere,
1477 5481 1532 5522 ut
1558 5472 1711 5522 velint
1738 5469 1962 5532 credere.
1987 5480 2094 5526 etc.

522 5539 727 5609 Quibus
759 5540 886 5593 locis
931 5540 1065 5592 ritus
1110 5554 1267 5609 quem
1298 5542 1589 5592 etiamnum
1627 5541 1861 5593 Ecclesia
1914 5544 1964 5594 in
2010 5543 2097 5598 dte

521 5607 848 5678 Parasceves
878 5607 1167 5673 observat,
1200 5610 1489 5678 antiquitas
1516 5611 1948 5665 commendatur.

590 5677 696 5750 I{In
736 5693 865 5733 mss.
912 5680 1035 5733 coll.
1078 5680 1263 5746 lladr.,
1307 5677 1631 5750 perfectione.
1669 5680 1883 5734 [tectius
1935 5680 2088 5737 Dion.

519 5748 686 5820 codex
720 5750 919 5819 regius,
951 5752 1293 5820 pererptione.

593 5827 616 5855 ⁸
645 5818 717 5872 lta
748 5818 934 5874 omnes
962 5818 1105 5872 mss.
1125 5823 1354 5882 Atediti,
1384 5822 1663 5874 remedium
1697 5826 2014 5885 conferatur.

2134 4518 2188 4579 D

2226 3314 2416 3369 merita
2444 3329 2565 3384 qnte
2593 3323 2718 3369 sunt
2741 3314 2906 3384 ipsius
2926 3314 3099 3381 dona;
3128 3325 3183 3371 et
3211 3330 3310 3384 pro
3336 3314 3421 3369 bis
3442 3330 3564 3384 quia:
3587 3315 3800 3386 largitus

2222 3419 2327 3476 est,
2360 3419 2562 3463 (eterna
2616 3408 2837 3478 prtcmia
2867 3408 2937 3464 sit
2976 3408 3298 3464 donaturus.
3342 3409 3467 3480 Agit
3511 3409 3714 3480 quippe
3750 3409 3798 3465 in

2225 3500 2404 3564 nobis,
2437 3508 2496 3554 ut
2513 3499 2654 3570 quod
2684 3499 2799 3554 vult
2819 3506 2874 3554 et
2897 3500 3128 3555 velimus
3152 3510 3208 3556 ct
3232 3516 3478 3572 agamus,
3509 3515 3615 3556 nec
3634 3500 3798 3557 otiosa

2290 3636 2316 3672 α
2351 3636 2407 3691 111
2437 3651 2544 3689 uno
2586 3652 2689 3689 ms.
2735 3634 2946 3705 Remig.
2977 3645 3032 3690 et
3058 3636 3308 3700 Coislin..
3359 3647 3420 3693 ut
3459 3638 3511 3692 in
3545 3637 3796 3706 vulgatis,

2215 3708 2509 3775 confortati.
2530 3706 2591 3779 111
2610 3708 2750 3769 aliis,
2766 3709 3099 3777 conformati.
3120 3708 3458 3763 Prmferimus
3476 3725 3602 3764 eum
3617 3709 3795 3779 Regio,

2215 3779 2525 3846 conﬁrmati.
2560 3778 2655 3832 llic
2695 3778 2845 3832 locus
2890 3781 3177 3847 quamdam
3222 3779 3384 3833 habet
3424 3778 3795 3849 cognationem

2199 3864 2333 3901 cuin
2365 3864 2430 3902 eo
2457 3865 2563 3917 quo
2591 3850 2920 3919 Augustinus
2951 3852 3142 3905 librum
3167 3864 3321 3904 suum
3343 3850 3411 3904 de
3440 3851 3597 3906 Dono
3624 3864 3796 3920 perse-

2211 3921 2474 3973 verantiae
2522 3921 2752 3979 claudit,
2784 3920 2873 3974 ubi
2903 3922 3083 3988 Operis
3113 3923 3195 3974 sui
3228 3935 3450 3988 scopum
3480 3923 3534 3975 in
3568 3931 3795 3977 mentem

2212 3999 2431 4044 revocat
2462 3990 2544 4044 his
2585 3992 2764 4045 verbis
2794 4007 2807 4042 :
2854 3990 3000 4045 Satis
3029 3992 3266 4045 docuisse
3299 4008 3377 4046 me
3416 3993 3687 4058 existimo,
3723 3992 3795 4052 sel

2209 4062 2385 4131 potius
2425 4061 2546 4130 plus
2575 4077 2731 4130 quam
2780 4063 2907 4115 satis
2928 4104 2939 4120 .
2981 4061 3117 4114 dona
3149 4060 3247 4116 Dei
3272 4078 3378 4116 esse
3404 4071 3453 4115 et
3490 4064 3721 4132 incipere
3743 4063 3793 4117 in

2214 4134 2488 4205 Dominum
2513 4134 2742 4205 credere,
2763 4142 2915 4205 atque
2929 4134 2983 4186 in
3008 4133 3157 4191 ﬁnem
3174 4135 3227 4185 in
3243 4132 3466 4205 Domino
3479 4149 3788 4205 permanere.

2210 4202 2402 4256 (.‘tetera
2424 4218 2539 4255 vero
2560 4204 2692 4256 bona
2719 4203 2787 4254 ad
2818 4209 2976 4256 vitam
2999 4206 3133 4270 piam
3152 4219 3256 4274 qua
3289 4203 3427 4257 Deus
3446 4202 3587 4258 recte
3615 4202 3792 4274 colitur

2210 4273 2517 4347 pertinentia
2541 4315 2555 4334 ,
2586 4274 2740 4326 etiam
2779 4274 2879 4340 ipsi
2909 4284 3121 4344 propter
3142 4272 3270 4343 quos
3290 4275 3400 4328 hare
3426 4275 3634 4347 agimus
3655 4320 3670 4344 ,
3697 4272 3790 4330 Dei

2208 4343 2346 4396 dona
2373 4360 2481 4397 esse
2509 4346 2816 4398 concedunt.

2283 4424 2306 4450 °
2337 4414 2492 4484 Apud
2520 4414 2685 4469 Sirtn.
2723 4424 2777 4468 et
2806 4414 2939 4469 Lab.
2981 4414 3324 4472 desideratur
3367 4415 3545 4469 omnia
3589 4430 3610 4470 :
3650 4414 3785 4484 quod

2211 4497 2331 4556 cum
2378 4484 2498 4539 aliis
2536 4486 2668 4539 edit.
2710 4499 2903 4539 omnes
2953 4488 3121 4540 nostri
3153 4501 3284 4540 mss.
3313 4488 3592 4541 exhibent.
3639 4485 3782 4556 Apud

2215 4553 2553 4622 Fulgentium
2607 4557 2657 4609 in
2692 4557 2918 4623 epistola
2954 4556 3020 4611 16
3062 4558 3203 4611 Petri
3237 4558 3453 4611 Diaeoni
3482 4568 3540 4612 et
3578 4553 3697 4611 soc.
3719 4556 3781 4611 ad

2212 4625 2373 4678 Atros
2402 4643 2451 4678 c.
2484 4626 2519 4681 8
2553 4627 2768 4691 legitur,
2813 4627 3035 4680 hominis
3061 4630 3226 4681 omnis
3248 4628 3463 4691 merita;
3489 4642 3610 4694 qua:
3636 4626 3783 4682 lectio

2211 4706 2394 4763 posset
2424 4696 2878 4762 ferri,-quatenus
2899 4700 3223 4751 sententiam
3250 4697 3505 4768 exprimit
3536 4700 3781 4768 primario

2209 4768 2454 4838 passiam
2503 4778 2811 4822 commento
2857 4768 3209 4838 contrariam.
3262 4766 3597 4838 isquippe,
3652 4776 3781 4823 teste

2211 4836 2477 4903 Prospero
2531 4838 2625 4893 lib.
2665 4847 2854 4892 contra
2880 4837 3080 4908 ipsum
3112 4837 3318 4893 definit.
3366 4839 3422 4901 5,
3452 4854 3550 4895 eos
3583 4836 3779 4908 pariter

2208 4920 2393 4962 errare
2423 4907 2662 4974 volebat,
2686 4919 2776 4961 aut
2802 4905 2896 4978 qui
2914 4921 2982 4962 ex
3002 4908 3171 4977 gratia
3200 4909 3348 4962 nasci
3378 4909 3574 4964 bonam
3595 4905 3777 4962 volun-

2209 4985 2405 5044 tatem;
2461 4986 2555 5031 aut
2584 4981 2673 5047 qui
2705 4977 2929 5047 gratiam
2958 4993 3026 5032 ex
3076 4977 3215 5033 bona
3249 4979 3525 5034 voluntate
3552 4981 3774 5045 pendere

2206 5056 2429 5118 putant;
2459 5048 2891 5118 decernebatque
2914 5050 2985 5102 ita
3008 5058 3292 5116 utramque
3312 5053 3636 5106 sententiam
3663 5066 3775 5103 sus-

2204 5117 2547 5184 cipiendam,
2591 5129 2649 5174 111
2696 5117 2962 5174 interdum
3000 5121 3171 5189 gratia
3225 5121 3421 5175 bonam
3458 5120 3772 5175 voluntatem

2205 5191 2519 5260 prteveuiat,
2549 5188 3085 5260 quemadmodnmin
3115 5188 3284 5245 Paulo
3315 5204 3373 5245 et
3411 5189 3686 5247 Matutam.
3724 5199 3772 5243 et

2203 5259 2474 5315 interdum
2503 5259 2577 5315 cx'
2600 5261 2739 5315 bona
2787 5263 3064 5318 voluntate
3105 5260 3369 5326 pendeat,
3395 5269 3455 5315 ut
3485 5262 3537 5315 in
3562 5260 3768 5317 Zacba-o

2200 5338 2257 5385 et
2307 5332 2555 5387 Latrone.
2587 5332 2683 5387 Cui
2714 5339 3024 5387 commento
3053 5331 3210 5393 plane
3235 5331 3585 5393 adversatur,
3615 5330 3700 5398 qui
3741 5344 3768 5383 a

2199 5398 2295 5454 Dei
2326 5403 2495 5469 gratia
2528 5415 2634 5456 non
2684 5402 2841 5470 hujus
2872 5409 2970 5456 aut
3014 5402 3157 5457 illt'us
3179 5443 3192 5459 .
3237 5401 3332 5456 sed
3364 5404 3529 5457 omnis
3565 5401 3768 5457 hominis

2197 5473 2385 5525 merita
2410 5473 2681 5540 preveniri
2708 5475 2884 5526 docet.
2917 5472 3138 5537 Verum,
3168 5481 3229 5527 ut
3251 5473 3363 5527 dixi
3381 5514 3396 5534 ,
3428 5487 3621 5529 omnes
3646 5485 3764 5526 mss.

2196 5542 2646 5613 omnia_h_abent.
2696 5543 2803 5601 Sed
2856 5554 2911 5597 et
2963 5543 3197 5613 Prosper
3239 5543 3379 5611 apud
3422 5544 3763 5613 Augustinum

2194 5614 2356 5685 epist.
2384 5610 2492 5665 225
2515 5628 2611 5668 eos
2639 5622 2699 5668 ut
2732 5628 2838 5685 non
2865 5624 3015 5670 recta
3048 5610 3344 5685 sentientes
3373 5610 3549 5675 notat,
3570 5614 3658 5685 qui
3682 5627 3761 5666 re-

2194 5681 2404 5753 fugiunt
2430 5686 2605 5747 fateri,
2639 5684 2701 5737 ab
2729 5701 2791 5738 ca
2818 5683 3033 5754 (gratia)
3072 5684 3244 5737 omnia
3268 5686 3404 5738 bona
3428 5681 3608 5740 merita
3646 5697 3763 5754 pro-

2193 5755 2375 5819 ueniri,
2398 5764 2448 5808 et
2479 5754 2541 5807 ob
2561 5756 2698 5821 ipsa,
2728 5765 2785 5808 ut
2812 5756 3009 5825 possint
3029 5770 3170 5818 esse,
3203 5754 3411 5809 donari.
