3976 6336
201 308 295 367 537

790 313 1009 373 EPIST.
1050 316 1213 372 XX".
1257 318 1657 377 C(ELESTINI
1696 320 1901 378 ΡΛΡᾹΞ
1941 322 2032 377 AD
2070 322 2397 383 SYNODUM
2437 324 2853 382 EPHESINAM.

3351 330 3457 388 538

200 424 244 475 in
273 420 426 475 nobis
454 433 579 476 esse
604 424 819 493 patitur,
850 441 968 494 qu:c
1020 429 1359 493 exercenda,
1392 437 1417 466 ι
1464 445 1570 485 non
1603 431 1767 501 negli-
1795 436 1846 493 Α
1874 434 1963 501 qui
1986 436 2371 490 convenientes
2404 438 2453 489 in
2489 453 2673 503 unum,
2707 448 2758 491 et
2787 438 3083 493 secundum
3116 438 3452 513 Apostolum,

194 513 379 585 genda,
406 514 646 585 donavit,
678 527 735 571 ut
761 530 815 573 et
844 535 941 574 nos
972 519 1000 558 δ
1031 532 1416 591 cooperatores
1446 526 1618 580 simus
1646 542 1768 597 gra-

196 609 272 660 tizc
324 606 439 661 Dei.
486 609 564 663 Ac
602 610 644 663 si
694 611 821 680 quid
873 614 926 667 in
956 613 1112 669 nobis
1153 630 1218 669 ex
1260 625 1442 671 nostra
1473 617 1770 674 viderimus

193 698 504 756 remissione
542 700 890 771 languescere
916 745 931 769 ,
978 707 1042 759 ad
1067 707 1217 762 illum
1248 708 1481 765 sollicite
1518 726 1767 767 recurra-

193 804 323 855 mus,
351 791 439 861 qui
488 805 641 846 sanat
666 808 859 849 omnes
893 795 1178 866 languores
1206 809 1423 854 nostros
1453 812 1510 855 et
1551 804 1767 858 redimit

160 886 249 941 Ide
294 886 510 940 interitu
557 888 720 941 vitam
769 898 1006 943 nostram
1057 890 1226 961 (Psal.
1263 907 1365 957 cn,
1392 892 1447 958 5,
1482 892 1563 965 4),
1600 907 1655 950 et
1679 899 1765 952 cui

190 978 422 1046 quotidie
448 977 682 1034 dicimus
712 996 725 1035 :
754 978 837 1034 Ne
866 982 1079 1036 inducas
1103 1000 1195 1038 nos
1227 986 1277 1037 in
1302 988 1649 1053 tentationem,
1676 991 1765 1045 sed

189 1072 341 1124 libera
372 1087 460 1123 nos
486 1087 517 1124 a
538 1073 673 1125 malo
703 1072 921 1143 (.llattlt.
954 1089 1026 1139 vr,
1062 1076 1175 1145 l3).

249 1162 382 1219 Car.
408 1164 539 1219 XIII.
562 1195 634 1205 —
652 1164 736 1219 15.
767 1166 1152 1223 Profundiores
1178 1186 1303 1226 vero
1323 1172 1765 1247 dilﬁcilioresque

191 1265 364 1321 partes
398 1266 418 1293 ε
464 1257 851 1312 incurrentium
880 1260 1260 1327 qumstionum,
1287 1278 1420 1333 quas
1457 1265 1613 1321 latius
1645 1284 1765 1337 pcr-

189 1354 474 1399 tractarunt
502 1347 592 1417 qui
622 1348 895 1403 bzercticis
922 1351 1262 1418 restiterunt,
1296 1354 1434 1409 sicut
1462 1373 1568 1409 non
1601 1359 1765 1414 aude-

190 1452 302 1491 nius
332 1448 681 1492 contemnere
700 1480 713 1504 ,
736 1441 806 1493 ita
833 1457 938 1495 non
958 1456 1182 1497 necesse
1211 1446 1468 1501 habemus
1486 1459 1759 1519 astruere,

188 1529 303 1599 quia
335 1530 401 1583 ad
430 1530 795 1586 conﬁtendum
818 1535 1042 1603 gratiam
1070 1535 1201 1603 Dei,
1228 1539 1385 1605 cujus
1413 1541 1563 1609 operi
1593 1557 1653 1595 ac
1683 1542 1765 1596 di-

185 1623 418 1692 gnationi
464 1623 597 1677 nihil
624 1624 833 1691 penitus
856 1626 1278 1683 subtrahendum
1303 1639 1382 1684 est
1410 1673 1424 1697 ,
1453 1633 1585 1688 satis
1616 1635 1764 1689 suffi-

184 1732 298 1771 cere
325 1718 615 1784 credimus,
639 1721 895 1791 quidquid
921 1724 1215 1779 secundum
1243 1726 1525 1795 prardictas
1548 1734 1760 1800 regulas

1867 540 1975 580 non
2026 542 2145 594 qua:
2187 540 2361 582 vestra
2406 539 2533 583 sunt
2569 542 2879 599 quaerentes
2904 571 2920 596 ,
2963 533 3059 586 sed
3089 548 3210 602 qua:
3251 532 3453 590 Citriin

1865 616 1991 672 Jesu
2033 617 2286 690 (Philipp.
2319 636 2374 684 ιι,
2403 621 2495 691 21)
2523 666 2537 689 ,
2574 623 2844 692 negotium
2888 623 3101 677 Domini
3148 624 3453 678 communis

1867 710 2074 780 egistis.
2107 712 2259 779 Apud
2284 726 2376 765 vos
2402 727 2530 781 ergo
2555 712 2622 766 de
2648 725 2825 767 vestra
2850 712 3120 783 loquimur
3141 716 3449 781 sanctitate,

1865 818 2099 873 quorum
2146 804 2200 858 in
2233 820 2447 858 omnem
2481 816 2678 859 terram
2701 823 2894 861 sonum
2925 807 3222 877 gaudemus
3247 810 3447 879 exisse,

1866 911 1989 950 cum
2016 906 2071 951 et
2100 896 2151 950 in
2185 896 2341 951 linem
2383 896 2629 965 ejusdem
2667 899 2817 953 orbis
2847 899 3120 968 praedictae
3149 902 3391 957 veritatis
3418 917 3449 957 a

1866 987 2020 1043 vobis
2048 988 2214 1043 verba
2241 998 2503 1044 venerunt
2530 988 2651 1060 (Ps.
2678 1008 2825 1054 xvut,
2849 994 2927 1059 5).
2954 993 3095 1049 Deus
3122 1005 3313 1049 noster
3341 1008 3448 1050 non

1868 1080 2069 1151 patitur
2096 1079 2265 1135 latere
2295 1081 2438 1151 quod
2488 1081 2774 1150 praestitit,
2808 1084 2929 1149 quia
2960 1100 3251 1153 numquam
3281 1084 3449 1141 bene-

1867 1173 1983 1228 licia
2011 1189 2244 1243 superna
2274 1176 2537 1229 celantur.
2589 1175 2657 1229 Ita
2703 1191 2934 1243 namque
2980 1176 3037 1229 lit
3063 1189 3118 1231 ut
3153 1187 3299 1232 tanto
3327 1194 3447 1234 mu-

1867 1282 1995 1323 nere
2045 1269 2421 1323 innotescente
2461 1269 2710 1333 ctelesti,
2764 1284 2860 1339 pro
2908 1270 3189 1325 voluntate
3239 1272 3445 1343 divina,

1866 1360 2002 1413 sicut
2024 1360 2279 1429 scriptum
2309 1372 2411 1426 est,
2442 1362 2614 1416 omnis
2643 1362 2807 1415 homo
2837 1362 3014 1416 salvus
3045 1360 3157 1428 ﬁat,
3188 1374 3244 1417 et
3271 1364 3449 1420 veniat

1866 1450 1930 1503 ad
1981 1452 2261 1506 scientiam
2312 1453 2553 1507 veritatis
2602 1454 2643 1524 (Ι
2676 1452 2805 1506 Tini.
2840 1468 2902 1518 tt,
2931 1451 3010 1523 5).
3063 1451 3279 1523 Loquor
3320 1470 3450 1526 ergo

1866 1543 2157 1598 victoribus
2184 1584 2198 1609 ,
2228 1554 2282 1598 et
2316 1546 2405 1615 qui
2453 1546 2503 1598 in
2535 1544 2778 1614 prmlium
2818 1545 2989 1598 solam
3018 1556 3205 1599 contra
3239 1552 3449 1603 hostem

1865 1646 2213 1705 portavernut
2238 1636 2421 1704 ﬁdem,
2453 1653 2590 1705 qum,
2623 1648 2675 1691 et
2704 1638 2911 1691 Joanne
2941 1638 3185 1703 apostolo
3210 1638 3447 1705 dicente,

1866 1728 1993 1780 vicit
2024 1736 2078 1781 et
2106 1727 2361 1782 mundum
2394 1726 2615 1798 (ileon.
2648 1746 2699 1791 ν,
2728 1727 2786 1797 4)
2822 1746 2833 1780 :
2869 1729 3021 1784 vobis
3044 1729 3289 1799 ejusdem
3320 1744 3447 1799 pro-

184 1812 490 1877 apostolica:
519 1812 663 1867 sedis
690 1830 787 1867 nos
816 1816 1015 1885 scripta
1046 1817 1349 1873 docuerunt
1402 1839 1414 1873 :
1451 1833 1507 1876 ut
1544 1841 1761 1892 prorsus
1793 1810 1839 1869 Β
1870 1822 1982 1888 prie
2009 1821 2188 1875 scribo
2219 1822 2589 1884 sermonibus,
2621 1823 2707 1891 qui
2742 1821 3037 1875 secundum
3075 1822 3315 1875 divinam
3354 1836 3448 1893 pa-

186 1915 278 1953 non
302 1902 951 1971 opinemurcatholicum,
974 1908 1115 1979 quod
1140 1907 1166 1945 ά
1192 1916 1502 1980 apparuerit
1532 1917 1763 1973 ora-lixis

183 1996 461 2050 sententiis
486 2012 607 2051 esse
630 2001 982 2054 contrarium.

664 2099 688 2127 ⁸
733 2090 1061 2147 ΕΡΙΞΤΟΙΑ
1105 2094 1274 2152 XXII.

183 2194 483 2259 CULESTINI'
511 2197 656 2238 ΡΛΡΒ
683 2198 813 2238 1⁵05⁸1⁸
842 2200 1222 2242 ΒΑΙΙΝΑΤΙΟΝΕΙΙ
1267 2204 1512 2245 Νεςτοιιιι
1540 2208 1609 2246 AD
1640 2207 1762 2249 SAN-

468 2288 609 2328 CTAI
638 2289 878 2332 SYSODUII
907 2294 1201 2335 EPUESINAI
1236 2297 1473 2337 SCRIPTA.

188 2361 489 2446 Maximiani
503 2366 553 2417 in
569 2367 979 2446 locunrNcstorii
992 2373 1366 2446 ordinationem
1380 2373 1557 2426 laudat
1569 2384 1619 2427 et
1642 2392 1763 2446 pro-

244 2436 350 2512 bat.
388 2435 684 2512 lycsloriunt
712 2438 997 2512 Antiocltirc
1024 2445 1207 2512 procul
1234 2445 1617 2498 antandandum
1642 2435 1763 2501 'sua-

243 2507 358 2583 det.
386 2504 462 2557 De
480 2508 539 2560 iis
557 2511 773 2583 quicum
800 2510 890 2562 illo
906 2504 1144 2583 societate
1166 2516 1424 2583 (enjuncti
1443 2527 1579 2576 sunt,
1600 2521 1763 2572 nomi-

244 2576 508 2654 natimque
547 2582 609 2631 de
636 2578 845 2654 Joanne
886 2582 1200 2639 Atttioci’teno
1244 2576 1370 2654 quid
1408 2592 1758 2654 statuendum,

245 2646 434 2712 quidve
460 2650 775 2718 sequendum
803 2651 869 2703 sit
892 2693 907 2717 ,
940 2654 1190 2708 decernit.

185 2733 540 2794 Cmcesrtsus
585 2742 870 2812 episcOpns
910 2755 1110 2801 sancte
1153 2749 1361 2820 synodo
1398 2751 1540 2822 apud
1578 2750 1760 2822 Ephe-

699 2847 817 2888 sum
853 2833 872 2872 ί
905 2842 1231 2893 constitutae.

249 2922 299 2978 i.
334 2922 575 2980 Tandem
607 2928 869 2983 malorum
905 2930 1007 2986 line
1036 2932 1373 3000 gaudendum
1404 2944 1518 3000 est,
1546 2936 1759 2992 tandem

186 3014 336 3069 nobis
362 3018 611 3073 omnibus
639 3019 691 3073 in
714 3037 1002 3078 commune
1027 3025 1317 3082 dicendum
1353 3044 1365 3079 :
1403 3026 1621 3082 Dextera
1649 3038 1757 3098 tua,

186 3106 414 3171 Domine.
450 3112 740 3181 glorificata
769 3125 841 3168 est
880 3118 930 3169 in
956 3118 1176 3184 virtute;
1214 3120 1422 3175 dextera
1452 3137 1632 3176 manus
1663 3132 1763 3177 tute

1870 1914 2052 1982 ginam
2076 1952 2091 1978 ,
2133 1922 2189 1966 ιιι
2218 1922 2397 1981 patres
2424 1914 2752 1982 Cognovistis
2778 1912 2921 1983 quod
2953 1914 3021 1967 ab
3062 1914 3217 1967 initio
3246 1924 3329 1968 est
3350 1954 3366 1979 ,
3393 1922 3449 1971 et

1870 2015 1926 2058 ut
1948 2006 2173 2073 juvenes
2200 2049 2213 2070 ,
2249 2004 2374 2058 dtttn
2420 2003 2589 2058 fortes
2615 2006 2744 2058 estis
2770 2046 2784 2070 ,
2815 2014 2868 2059 et
2897 2005 3117 2059 verbum
3152 2005 3361 2062 Domini
3393 2009 3448 2065 in

1868 2098 2018 2151 vobis
2047 2107 2260 2162 manet,
2288 2097 2493 2152 vicistis
2530 2098 2815 2166 malignum
2866 2096 2909 2167 (l
2932 2095 3090 2151 Joan.
3124 2112 3182 2165 tt,
3212 2098 3300 2166 15,
3336 2098 3447 2168 ιι).

1868 2192 1922 2245 lu
1953 2192 2151 2245 talibus
2178 2190 2340 2244 sociis
2368 2192 2701 2260 gratulantes
2726 2234 2742 2261 ,
2772 2191 2842 2246 de
2872 2192 2974 2247 boc
3003 2203 3199 2247 eventu
3225 2194 3450 2248 minime

1866 2283 2270 2338 dubitabamus.
2294 2283 2740 2337 Ilabuitanimum
2770 2294 3009 2338 nostrum
3030 2284 3221 2339 liducia
3247 2282 3261 2323 ί
3284 2299 3447 2353 supe-

1866 2375 2041 2439 randi,
2066 2376 2153 2442 qui
2184 2374 2337 2427 vobis
2365 2373 2671 2427 videremus
2701 2374 2894 2427 divina:
2922 2389 3100 2429 causa:
3130 2375 3336 2441 pondus
3368 2375 3448 2430 in-

1864 2466 2141 2527 eumbere,
2166 2479 2302 2531 quos
2324 2466 2462 2519 bene
2485 2464 2771 2519 admodum
2793 2480 3134 2533 noveramus,
3155 2467 3449 2524 secundum

1866 2559 1998 2614 illud
2033 2557 2441 2627 propheticum,
2475 2558 2657 2612 odisse
2682 2560 3153 2628 congregationem
3186 2560 3447 2628 maligno-

1866 2671 1983 2708 rum
2014 2663 2067 2706 ct
2094 2668 2218 2707 eum
2263 2653 2439 2720 impiis
2472 2668 2574 2706 non
2606 2666 2725 2706 esse
2756 2667 3005 2706 sessuros
3054 2651 3173 2716 (Ps.
3208 2668 3335 2717 xxv,
3366 2651 3446 2723 5).

1869 2745 1884 2796 i
1930 2744 2148 2800 Obtinui
2190 2760 2325 2813 ergo
2364 2744 2505 2813 quod
2534 2743 2770 2809 credidi,
2813 2744 2935 2813 quia
2966 2752 3152 2798 contra
3191 2753 3448 2802 nocentes

1863 2845 2023 2906 atque
2060 2851 2361 2903 pervchos,
2398 2836 2537 2890 sicut
2560 2850 2720 2904 supra
2746 2836 2922 2889 dictus
2948 2835 3021 2889 ait
3042 2852 3057 2889 :
3076 2834 3382 2892 [innocentes
3402 2843 3450 2892 et

1863 2931 1989 2983 recti
2014 2931 2339 2983 att/tatarum
2363 2926 2487 2981 milii
2524 2927 2641 2999 (Ps.
2669 2942 2817 2992 xxiv,
2839 2926 2955 2997 2i).

1936 3024 1990 3079 εὶ.
2029 3023 2136 3078 Una
2163 3022 2322 3091 igitur
2342 3021 2637 3089 eademque
2663 3020 2923 3074 relatione
2955 3033 3049 3089 per
3071 3018 3210 3074 lilios
3234 3027 3449 3077 nostros

1868 3119 2150 3187 religiosos
2180 3128 2234 3171 ct
2266 3116 2374 3170 Deo
2411 3115 2672 3169 amabiles
2708 3113 2854 3167 viros
2879 3113 3138 3169 Joannem
3173 3111 3451 3185 presbyte-

187 3204 433 3270 tanfregit
454 3204 692 3259 inimicos
721 3206 917 3275 (Exod.
944 3226 1030 3275 xv,
1054 3211 1133 3282 6).
1164 3212 1385 3281 Proprie
1410 3229 1639 3285 namque
1662 3216 1759 3284 ipsi
1790 3193 1836 3257 ε
1869 3227 1987 3267 rum
2018 3224 2069 3265 et
2102 3211 2402 3277 Epictetum
2435 3207 2716 3262 diaconum
2748 3206 3102 3275 dejectionem
3129 3204 3364 3273 justam,
3397 3215 3453 3261 et

186 3294 440 3351 confracti
490 3305 615 3350 Sunt
638 3342 652 3365 ,
684 3300 897 3368 quando
930 3301 1109 3371 iniqua
1142 3303 1472 3372 loquentium
1499 3346 1514 3369 ,
1547 3306 1761 3361 dicente

192 3386 375 3452 David,
402 3403 464 3443 os
483 3390 758 3445 videamus
780 3408 903 3448 esse
927 3394 1262 3450 obstructum
1295 3396 1415 3465 (Ps.
1447 3414 1618 3461 usit,
1648 3400 1759 3471 ii).

189 3476 415 3549 Hujusce
444 3492 622 3537 tamen
656 3493 762 3538 tam
796 3485 1026 3542 fideliter
1055 3496 1285 3556 peractae
1315 3489 1392 3544 rei
1423 3505 1517 3543 vos
1547 3501 1571 3538 8
1601 3507 1760 3548 exse-

189 3581 400 3629 cutores
428 3576 704 3633 nobiscum
735 3578 978 3635 videmus
1009 3580 1191 3647 fuisse,
1229 3582 1323 3638 Dei
1354 3581 1382 3620 ιι
1412 3585 1758 3652 sacerdotes;

258 3771 281 3835 ξ
311 3761 370 3835 ln
396 3775 497 3835 ms.
531 3760 662 3828 Reg.
692 3760 845 3835 deest
868 3780 966 3817 non
990 3765 1317 3835 negligenda.

255 3831 281 3870 δ
314 3834 446 3885 Lali.
478 3842 602 3902 post
646 3834 832 3897 Sirmz,
881 3831 1189 3905 operatores.
1241 3837 1597 3892 Retinendum
1644 3854 1767 3894 cum

190 3904 499 3965 aliislibris,
533 3904 919 3973 cooperatores.
942 3905 1175 3959 Primum
1208 3910 1347 3960 enim
1382 3909 1448 3961 de
1489 3912 1655 3971 gratia
1688 3911 1770 3963 di-

190 3975 344 4036 citur,
375 3975 488 4041 Agit
521 3975 781 4045 innubis;
814 3988 923 4028 tum
950 3978 1014 4028 de
1040 3977 1153 4045 ejus
1181 3978 1339 4031 donis
1372 3983 1636 4044 sequitur,
1666 3998 1771 4034 non

188 4046 350 4098 otiosa
365 4049 415 4099 in
441 4043 725 4105 nobisa-sse.
744 4051 834 4121 sed
853 4043 1132 4101 exercenda
1147 4057 1312 4101 etnon
1336 4043 1660 4121 negligenda.
1690 4052 1769 4105 Ex

189 4132 288 4191 quo
309 4130 367 4169 et
401 4127 523 4191 apte
562 4118 934 4191 consequitur,
989 4126 1046 4171 ut
1072 4118 1423 4185 cooperatores
1454 4118 1547 4191 ora
1572 4124 1635 4176 ire
1680 4122 1770 4173 Dei

191 4190 372 4240 simus.
421 4186 574 4255 Quod
624 4203 731 4256 quo
785 4198 938 4254 pacto
970 4190 1091 4251 fiat,
1139 4191 1377 4259 episcopi
1428 4186 1477 4243 in
1524 4192 1771 4245 Sardinia

191 4259 405 4311 evules
433 4258 568 4319 apud
596 4260 946 4321 Augustinum
971 4262 1204 4329 append.
1234 4258 1364 4315 tum.
1389 4260 1438 4315 Χ
1467 4277 1585 4327 pag.
1630 4264 1765 4329 154,

190 4338 240 4381 et
265 4330 409 4394 apud
441 4329 776 4397 Fulgentinm
805 4332 963 4397 epist.
1000 4335 1063 4385 l5
1094 4348 1147 4385 η.
1190 4332 1245 4386 il
1272 4374 1286 4395 ,
1318 4335 1381 4385 ad
1429 4333 1687 4387 Joannem
1719 4344 1773 4385 et

192 4400 371 4453 sociOs
414 4403 775 4455 rescrilieutcs
805 4402 1118 4468 explicant,
1170 4402 1374 4457 scilicet
1406 4415 1458 4455 ut
1509 4405 1624 4458 sola
1674 4403 1772 4457 Dei

193 4471 545 4525 misericordia
563 4472 770 4524 initium
802 4470 984 4525 salutis
1006 4478 1255 4539 conferat,
1282 4474 1365 4527 cui
1393 4475 1574 4527 deinde
1592 4478 1773 4528 volun-

195 4549 269 4614 tas
292 4541 519 4614 hominis
546 4543 869 4614 cooperatrix
897 4559 1004 4595 sua:
1044 4545 1227 4598 solutis
1263 4546 1480 4609 existat;
1529 4556 1582 4599 ut
1622 4547 1773 4599 mise-

193 4612 413 4685 ricordia
436 4612 746 4677 praeeuiens
769 4614 1044 4685 voluntatis
1066 4614 1303 4669 humana:
1324 4616 1512 4685 dirigat
1538 4631 1768 4680 cursum,

194 4695 235 4733 et
260 4682 487 4735 humana
514 4685 749 4736 voluntas
766 4682 1031 4745 obediens,
1060 4687 1234 4738 eadem
1264 4682 1615 4740 misericordia
1655 4688 1775 4741 sub-

195 4765 448 4821 sequente,
476 4754 755 4806 secundum
779 4755 1108 4808 intentionem
1138 4768 1311 4809 currat
1348 4758 1415 4809 ad
1445 4757 1699 4812 bravium.

267 4835 289 4862 ε
325 4825 458 4876 κειῑι.
487 4824 641 4877 Rom.
676 4838 737 4878 ac
760 4834 967 4879 veteres
996 4827 1214 4888 roocil.,
1238 4828 1637 4882 occurrentium.
1670 4827 1774 4883 Alii

194 4894 493 4965 vernilihri,
522 4909 621 4950 nec
651 4910 758 4949 non
781 4894 936 4948 Crab.
966 4899 1031 4949 atl
1058 4912 1249 4965 marg.,
1276 4900 1664 4951 incurrentium.

265 4964 290 5001 ἀ
326 4964 451 5020 Lab.
480 4976 532 5037 et
580 4965 745 5020 Sirm.
784 4974 919 5032 post.
947 4968 1107 5020 Crab.
1145 4964 1196 5021 et
1237 4969 1368 5022 edit.
1415 4968 1599 5031 ιιωω..
1638 4968 1779 5037 quod

198 5038 453 5105 apparuit.
496 5036 901 5111 Exemplacoll.
930 5038 1122 5103 llzter,
1149 5040 1287 5107 quod
1314 5041 1614 5111 oportuerit.
1646 5036 1775 5111 lteg.

202 5124 299 5157 ius.
333 5123 395 5161 ac
412 5108 617 5178 caeteri.
642 5106 777 5175 quod
798 5110 1121 5178 apparuerit.
1151 5111 1207 5165 In
1234 5106 1482 5164 omnibus
1507 5118 1683 5163 autem
1713 5108 1781 5163 ad

200 5179 407 5229 calcem
438 5177 751 5245 subjicitur,
790 5176 1095 5249 Erpliciunt
1130 5183 1459 5235 auctoritates
1501 5181 1786 5247 prieterito-

202 5264 318 5369 rupi
348 5250 475 5330 sedis
500 5249 799 5319 apostolica!
838 5252 1193 5319 episcoporum
1234 5252 1298 5304 de
1338 5250 1505 5321 gratia
1536 5260 1582 5305 et
1629 5250 1788 5304 libero

204 5332 261 5367 ur
294 5327 430 5369 stne.
508 5344 527 5369 ι

204 5327 430 5373 arbitrio.
508 5344 527 5371 ἰ

357 5390 644 5460 Epistulam
689 5388 827 5444 hanc
862 5398 1078 5456 tresque
1106 5391 1495 5460 subsequentes
1526 5394 1593 5448 ab
1622 5395 1792 5446 Anto-

210 5464 300 5509 nio
341 5459 404 5510 de
444 5460 649 5526 Aquino
677 5471 925 5527 acceptas
972 5463 1229 5515 Baronius
1282 5459 1331 5515 in
1378 5464 1680 5517 Annalibus
1725 5462 1790 5516 ad

210 5541 339 5579 ann.
386 5528 484 5583 452
517 5531 717 5594 primus
748 5533 799 5584 in
832 5533 1003 5585 lucem
1035 5533 1236 5587 emisit.
1272 5533 1497 5588 Easdem
1538 5534 1784 5587 Labbeus

213 5605 327 5669 tum
357 5607 473 5651 tom.
508 5616 544 5653 ιι
576 5603 716 5653 inter
743 5602 997 5669 epistolas
1028 5603 1305 5657 leestini
1330 5605 1393 5656 ad
1428 5605 1780 5658 imitationem

215 5666 359 5721 Bitiii
382 5678 431 5744 et
450 5666 821 5744 Ba‘roniittum
846 5683 974 5726 tom.
1006 5672 1068 5727 lll
1103 5685 1236 5739 part.
1260 5686 1319 5727 ιιι
1342 5674 1547 5729 Concil.
1581 5675 1781 5744 Ephes.

216 5752 340 5801 cap.
372 5739 449 5799 20.
472 5742 530 5793 2t
560 5751 607 5793 et
637 5738 728 5805 22,
755 5738 1109 5797 correctiores
1134 5744 1313 5797 recndl
1338 5749 1560 5799 curavit.
1593 5738 1694 5799 Eas
1714 5744 1781 5798 ad

221 5808 584 5872 net-antiquum
634 5809 876 5869 codicem
920 5810 1287 5870 Uolbertlnum
1312 5848 1328 5879 .
1362 5816 1449 5877 qui
1482 5826 1779 5882 temporum

1797 4583 1852 4644 D

1868 3303 2247 3359 exaltationem
2269 3300 2552 3355 didicimus
2568 3300 2881 3369 justiorem;
2906 3298 3035 3353 illttd
3049 3298 3189 3367 quod
3217 3300 3267 3353 in
3286 3299 3453 3354 Evan-

1868 3399 2009 3469 gelio
2034 3397 2262 3465 legimus
2302 3395 2682 3463 approbantes,
2724 3394 2845 3463 quia
2881 3393 3021 3447 Deus
3048 3400 3231 3448 noster
3254 3392 3455 3447 exultat

1871 3490 2122 3551 humiles.
2149 3498 2202 3542 et
2234 3497 2480 3555 potentes
2509 3486 2577 3539 de
2600 3486 2729 3540 sede
2751 3485 2973 3554 deponit
3002 3484 3155 3557 (Luc.
3188 3500 3227 3549 ι,
3260 3482 3374 3555 52).
3409 3486 3453 3539 Α

1870 3600 1972 3655 qua
2000 3581 2267 3638 sententia
2299 3579 2394 3634 ille
2434 3590 2619 3633 noster
2649 3577 3080 3649 sapientissimus
3113 3577 3334 3632 minime
3361 3575 3457 3631 de-

1874 3768 2067 3835 iniuria
2112 3766 2163 3818 in
2206 3764 2428 3835 summis
2481 3761 2620 3816 loliis
2663 3775 2917 3835 corrosns
2953 3770 3034 3817 est
3065 3802 3081 3827 ,
3113 3767 3369 3835 quantum
3398 3758 3457 3835 _ln

1874 3828 2027 3892 nobis
2070 3837 2210 3897 fuit,
2258 3833 3067 3909 exegimus_et_cast_igavitntts.
3123 3830 3275 3909 ᾼιιιιιξ
3316 3828 3453 3909 μή).

1872 3921 2064 3963 sancta:
2084 3908 2339 3958 mctnoria’
2364 3904 2619 3958 Caelestini
2644 3903 2754 3957 Iure
2779 3904 3105 3964 inscribitur,
3137 3900 3273 3954 baud
3296 3899 3456 3955 dubio

1873 3982 1994 4047 quia
2018 3995 2080 4032 ex
2110 3979 2291 4041 aliquo
2323 3976 2653 4047 monimento
2681 3983 2764 4028 est
2784 3975 3077 4043 descripta,
3111 3973 3162 4026 in
3195 3984 3301 4039 quo
3327 3984 3452 4040 pro-

1876 4046 1982 4103 lata
2018 4051 2097 4101 vel
2133 4050 2339 4101 laudata
2369 4063 2431 4099 co
2458 4046 2565 4109 jam
2598 4048 2701 4097 vita
2733 4048 2909 4099 [tincto
2937 4047 3123 4097 fuerat.

1951 4119 1970 4158 τ
2015 4120 2125 4173 lloc
2147 4128 2249 4176 est.
2283 4133 2396 4187 qua!
2429 4118 2701 4169 constituta
2732 4116 2937 4187 fuerat;
2969 4115 3075 4187 jatn
3110 4112 3251 4167 enim
3284 4111 3455 4166 soluta

1876 4199 1992 4244 erat
2048 4185 2302 4261 synodus.
2367 4186 2628 4261 Quocirca
2690 4195 2799 4238 tres
2846 4185 3454 4261 cpistnlm_seqt_tentes,

1876 4277 2057 4330 qnamt
2075 4253 2117 4314 is
2141 4261 2328 4330 eodem
2353 4259 2438 4309 die
2461 4258 2619 4330 datae,
2646 4255 3033 4330 postsynod‘um
3060 4253 3299 4330 etiam-in
3317 4269 3454 4330 _mss.

1876 4322 2257 4404 inscribuntur.
2306 4329 2510 4404 Idcirco
2539 4322 3037 4404 a‘utemuEpltesinm
3078 4325 3277 4404 synodo
3302 4322 3457 4404 banc

1875 4401 2197 4457 Ctelestinns
2227 4400 2507 4461 inscribit;
2558 4400 2679 4465 quia
2716 4397 2750 4450 ii
2780 4396 3016 4463 episeopi
3046 4400 3134 4463 qui
3179 4394 3459 4465 Maximia-

1877 4490 2003 4527 nuui
2046 4472 2361 4524 ordinaraut
2389 4510 2403 4531 ,
2446 4471 2511 4520 ab
2559 4468 2657 4521 ltac
2702 4468 2911 4537 synodo
2954 4468 3003 4519 iu
3036 4467 3234 4532 regiam
3267 4464 3456 4519 urbem

1876 4544 2030 4612 legati
2058 4558 2175 4597 eam
2202 4540 2634 4596 reorwsentabant
2657 4580 2672 4603 ,
2703 4538 2859 4608 cujus
2884 4537 3097 4593 decreta
3126 4540 3335 4591 fuerant
3362 4551 3458 4591 ex-

1878 4618 2043 4669 stécuti
2054 4653 2065 4665 .

1952 4694 1976 4731 s
2026 4683 2173 4752 Apud
2203 4682 2426 4741 Baron.,
2458 4680 2771 4752 defensores.
2798 4678 3015 4735 Rectius
3045 4677 3370 4752 apudALa_b.,
3402 4684 3461 4732 ut

1882 4758 1935 4810 in
1961 4748 2265 4816 tns.'Colli.,
2299 4762 2635 4805 exsecutores.
2666 4749 2780 4821 Jan}
2809 4752 2860 4802 in
2895 4752 3007 4821 ipsa
3036 4750 3242 4821 synodo
3272 4748 3451 4816 Ephe-

1881 4828 2018 4889 siua,
2040 4826 2170 4879 Lab.
2196 4833 2327 4876 tom.
2354 4821 2417 4876 Ill
2445 4837 2560 4888 pag.
2586 4821 2711 4883 618,
2738 4820 2951 4874 Firmus
2972 4818 3233 4875 Ctesarea:
3253 4821 3463 4888 episco-

1886 4914 1983 4965 pus
2011 4900 2219 4951 dixerat
2242 4892 2588 4948 lec~tinum
2630 4892 2821 4965 litteris
2858 4891 3095 4965 formam
3115 4891 3463 4965 regulamque

1884 4960 2299 5037 pratscripsisse,
2324 4980 2478 5037 quam
2508 4979 2619 5027 nos,
2645 4961 2833 5031 inquit,
2864 4961 3044 5029 secuti,
3071 4961 3287 5017 formam
3317 4960 3463 5014 illam

1885 5035 2191 5093 exsecutioni
2224 5035 2592 5087 mandavimus.
3366 5044 3373 5051 “

1959 5105 1987 5145 δ
2031 5108 2188 5165 Lab..
2228 5104 2347 5167 ﬁdei
2375 5103 2681 5170 defensores.
2734 5103 2801 5157 At
2843 5102 3039 5157 Baron.
3072 5110 3120 5155 et
3153 5116 3254 5154 ms.
3283 5100 3464 5163 Colb..

1887 5179 2009 5248 ﬁdei
2027 5176 2330 5231 sacerdotes.
2358 5173 2804 5255 Legendumesse
2946 5171 3081 5244 (Seu,
3108 5188 3150 5255 ρ’
3162 5170 3279 5255 Dei)
3299 5186 3466 5255 sacer-

1890 5241 2053 5309 dotes.
2084 5262 2390 5313 persuasum
2425 5241 2580 5297 nobis
2609 5244 2700 5298 fuit
2734 5260 2797 5298 ex
2828 5244 2910 5297 liis
2943 5241 3088 5295 num.
3118 5241 3153 5295 5
3185 5261 3197 5295 :
3231 5241 3356 5294 Cum
3385 5241 3466 5293 Itis

1890 5321 2124 5380 senserit,
2149 5332 2275 5386 quos
2302 5320 2413 5387 ejus
2444 5313 2589 5384 (Dei)
2620 5316 2810 5387 noverit
2832 5314 3135 5387 sacerdotes.

1974 5388 1989 5425 ί
2033 5382 2183 5461 Apud
2212 5382 2706 5461 Baron.,sperandi.
2734 5385 2947 5438 Rectius
2968 5382 3286 5461 aputl‘Lab"
3311 5397 3466 5461 supe-

1896 5452 2304 5527 randianippe
2331 5456 2655 5512 leestinus
2689 5458 2911 5527 loquens
2936 5454 3204 5506 victoribus
3229 5494 3243 5516 ,
3276 5452 3468 5517 quibus

1894 5526 2135 5597 proxime
2162 5529 2336 5591 dixit,
2380 5528 2569 5581 vicistis
2602 5526 2883 5597 malignum
2910 5565 2923 5586 ,
2954 5539 3183 5589 cumque
3219 5531 3467 5575 eventum

1891 5594 1991 5655 sibi
2016 5604 2174 5655 etiam
2204 5608 2355 5652 antea
2385 5598 2607 5653 dubium
2634 5594 2737 5650 nou
2762 5594 2927 5647 fuisse
2962 5603 3185 5647 testatus
3237 5608 3333 5647 cur
3362 5608 3468 5649 non

1891 5672 2084 5727 dubius
2113 5670 2291 5735 fuerit,
2319 5684 2460 5723 nunc
2484 5668 2746 5721 rationem
2771 5666 2943 5735 redtli'

1966 5741 1983 5789 l
2033 5736 2226 5799 Baron.
2256 5756 2266 5789 :
2296 5735 2497 5807 Optime
2526 5752 2647 5807 ergo
2676 5734 2891 5791 credidi.
