3976 6336
548 388 661 445 565

1388 386 1786 447 C(ELESTINI
1826 389 1846 445 I
1886 388 2091 447 ΡΑΡᾸΞ
2131 387 2492 446 ΕΡΙδΤΟΙηΕ
2532 386 2621 444 ΕΤ
2660 389 3003 453 DECRETA.

3726 392 3824 453 SM

546 504 829 575 impietate
869 506 1127 572 sensisse,
1170 512 1331 575 atque
1360 518 1423 560 se
1462 506 1643 559 socios
1673 505 1791 574 ejus
1832 502 2135 559 sceleribus
2162 509 2214 567 Α
2239 502 2385 557 dicto
2413 505 2533 559 loco
2561 504 2750 559 horum
2782 508 2980 561 malum
3012 516 3174 578 caput
3202 517 3257 564 et
3282 521 3445 565 causa
3475 506 3494 548 ί
3526 507 3821 566 auleratur.

545 598 891 663 addiderunt,
923 611 1250 667 quamquam
1275 598 1487 667 legatur
1511 598 1564 652 in
1589 612 1685 652 eos
1708 605 1888 651 vestra
1917 604 2138 651 senten-

546 688 641 756 tia,
690 698 871 744 tamen
905 705 1003 744 nos
1050 704 1265 759 quoque
1302 689 1650 745 decernimus
1694 690 1840 758 quod
1890 689 2133 744 videtur.

546 782 711 839 Multa
738 782 1113 853 perspicienda
1142 793 1268 839 sunt
1291 784 1343 838 in
1369 784 1565 838 talibus
1587 785 1792 847 causis,
1816 795 1843 821 ⁸·
1863 798 1987 853 qua:
2005 797 2138 852 apo.

544 875 737 931 stolica
776 874 935 931 sedes
976 891 1194 945 semper
1221 876 1459 945 aSpexit.
1492 875 1647 943 Quod
1683 875 1983 945 loquimur,
2013 873 2137 929 Cm-

546 967 898 1023 lestianoruin
929 977 1196 1024 testantur
1224 968 1476 1037 exempla
1501 966 1550 1019 ι).
1597 966 1696 1035 Qui
1727 981 1879 1035 spem
1909 966 1977 1021 de
2003 981 2134 1036 syn-

544 1058 651 1113 odo
698 1060 804 1115 huc
845 1073 1017 1131 usque
1042 1070 1361 1131 gesserunt,
1408 1059 1641 1127 habent,
1698 1060 1742 1113 si
1771 1058 2134 1127 resipiscunt,

545 1151 757 1221 copiam
779 1150 1089 1207 revertendi
1115 1167 1129 1205 :
1155 1152 1298 1221 quod
1325 1150 1411 1206 his
1439 1152 1567 1205 solis
1593 1164 1699 1204 non
1725 1158 1749 1187 θ
1780 1148 2132 1218 permittitur,

542 1258 678 1314 quos
701 1245 918 1311 pr0prie
946 1260 1067 1298 cum
1104 1244 1421 1300 auctoribus
1463 1244 1737 1298 haereseos
1760 1242 2000 1297 omnium
2026 1240 2137 1296 fra-

544 1347 684 1392 trum
711 1347 924 1393 constat
953 1338 1357 1406 subscriptione
1386 1338 1697 1392 damnatos.
1725 1337 1826 1392 Per
1862 1336 1951 1391 Dei
1979 1352 2135 1391 nam-

541 1448 647 1504 que
685 1433 1127 1489 misericordiam
1151 1430 1178 1471 ἀ
1218 1434 1429 1504 aliquos
1452 1449 1518 1489 ex
1550 1448 1746 1488 eorum
1791 1447 2023 1488 numero
2067 1431 2135 1487 ad

543 1542 643 1581 nos
680 1527 793 1597 jam
838 1528 1062 1583 rediisse
1093 1527 1413 1598 gaudemus.
1449 1528 1601 1594 Quod
1636 1527 1739 1583 hoc
1781 1526 2014 1582 consilio
2051 1524 2134 1580 fa-

540 1626 690 1673 ctum
720 1628 826 1684 est,
868 1630 923 1672 iit
952 1634 1089 1689 quos
1133 1620 1468 1675 conscientia
1518 1620 1685 1673 mixta
1732 1634 1842 1673 non
1886 1628 2133 1689 poterat,

542 1710 735 1765 saltem
758 1714 1025 1767 sententia
1059 1723 1362 1781 separaret.
1399 1712 1531 1778 lloc,
1567 1726 1782 1776 moneo,
1817 1721 1998 1764 vestra
2024 1709 2134 1765 fra-

542 1803 773 1860 ternitas
800 1816 1057 1875 sequatur
1090 1806 1421 1875 exemplum.
1452 1804 1538 1861 Sit
1567 1813 1729 1873 caput
1753 1804 1977 1858 sceleris
2009 1818 2132 1857 eum

2243 595 2257 645 ί
2300 595 2429 650 Data
2464 596 2637 651 idibus
2667 597 2893 664 Martiis,
2919 596 2944 636 ι
2972 600 3129 656 Aetio
3157 610 3211 657 et
3254 600 3467 657 Valerio
3487 602 3820 658 consulibus.

2740 732 3073 790 EPISTOLA
3115 734 3307 791 XXIII.

2236 836 2531 877 C(ELESTINI
2561 838 2575 877 I
2598 841 2744 881 ΡΔΡΕ
2770 843 2838 881 AD
2863 843 3199 883 THEODOSIIJI
3225 844 3488 886 JUNIOBBI
3518 843 3824 898 AUGUSTUI,

2822 913 2950 953 POS'I'
2981 915 3243 955 SINODUI.

2246 1006 2525 1063 Victoriam
2568 1028 2656 1079 per
2699 1027 2815 1066 eum
2857 1012 2921 1066 de
2957 1013 3181 1068 inimicis
3220 1012 3412 1068 Christi
3453 1031 3562 1069 esse
3600 1024 3823 1081 partem.

2313 1082 2518 1147 Quanta
2548 1081 2667 1134 hinc
2687 1084 2797 1153 ejus
2819 1084 3005 1152 gloria.
3038 1083 3350 1138 Maximiani
3378 1086 3701 1141 ordittatt'oni
3731 1102 3829 1140 ine-

2307 1154 2409 1205 rita
2454 1169 2567 1205 eum
2597 1154 2940 1222 su/i'ragatum
2985 1172 3108 1209 esse.
3149 1156 3216 1211 Ut
3264 1156 3561 1211 Nestorium
3602 1158 3669 1211 ab
3694 1160 3829 1210 omni

2310 1224 2546 1277 societate
2574 1234 2846 1279 removeat.
2890 1227 2992 1291 Qui
3020 1226 3209 1294 legatos
3250 1244 3365 1280 cum
3403 1228 3565 1281 sacris
3597 1226 3829 1294 apicibus

2312 1244 2546 1277 societate
2574 1244 2846 1279 removeat.
2890 1244 2992 1291 uut
3020 1244 3066 1279 te
3101 1244 3209 1280 atos
3250 1244 3365 1280 cum
3403 1244 3565 1281 sacris
3597 1244 3829 1294 apicius

2312 1296 2605 1362 susceperit.
2654 1294 3007 1351 Possessiones
3051 1244 3301 1353 gcclesiat
3341 1299 3395 1352 in
3437 1298 3561 1353 Asia
3596 1315 3630 1352 a
3657 1297 3829 1354 Proba

2308 1384 2511 1439 relictas
2540 1388 2584 1440 ei
2616 1388 2963 1443 commendat.

2380 1501 2731 1556 Cmausriuos
2757 1503 3045 1573 episcopus
3068 1502 3381 1560 Tusooosio
3408 1505 3685 1576 Augusto.

2311 1616 2362 1670 1.
2400 1616 2591 1670 Cansis
2631 1618 2746 1673 suis
2784 1616 3024 1673 divinam
3071 1619 3471 1688 providentiam
3504 1619 3829 1690 pnestitisse

2235 1706 2375 1775 quod
2401 1710 2777 1776 sperabamus,
2810 1710 3153 1780 agnovimus.
3191 1709 3299 1765 Nec
3322 1712 3468 1775 enim
3510 1710 3657 1765 aliud
3691 1711 3831 1765 futu-

2238 1816 2353 1853 rum
2385 1812 2594 1856 mentes
2625 1813 2876 1872 poterant
2901 1805 3176 1859 :estimare
3203 1804 3443 1860 ﬁdelium
3473 1805 3832 1877 regnantibus

545 1897 629 1952 his
648 1907 824 1969 quos°
844 1898 1121 1969 synodalia
1142 1900 1435 1969 loquuntur
1459 1906 1658 1953 statuta
1683 1897 2025 1961 damnatum;
2052 1910 2133 1951 re-
2166 1890 2213 1950 B
2241 1893 2411 1960 vobis,
2448 1911 2608 1965 quam
2643 1896 2692 1949 id
2726 1897 2867 1967 quod
2896 1898 3146 1953 evenisse
3180 1897 3476 1966 gaudemus
3506 1916 3518 1952 :
3547 1909 3607 1953 ut
3637 1898 3832 1968 pradi-

543 1991 695 2061 quui,
723 2006 859 2062 quos
885 2008 1006 2047 cum
1036 1994 1137 2047 hoc
1164 1993 1525 2047 sentientesiii
1542 1990 1927 2046 communione
1952 1989 2131 2044 eccle-

543 2081 762 2137 siaStica
791 2098 897 2137 non
932 2085 1214 2149 habemus,
1248 2083 1538 2153 ejiciantur
1575 2098 1607 2138 c
1634 2082 1949 2137 civitatibus
1978 2083 2089 2136 suis
2111 2122 2128 2148 ,

543 2185 598 2231 et
627 2191 686 2231 se
727 2177 782 2230 in
814 2187 999 2231 nostro
1036 2177 1267 2247 collegio
1308 2178 1555 2232 noverint
1593 2191 1699 2231 non
1742 2176 1975 2241 futuros,
2029 2174 2132 2229 nisi

544 2268 840 2324 secundum
859 2269 1285 2325 ecclesiasﬁcum
1304 2280 1358 2325 et
1372 2270 1809 2325 Christianorum
1827 2270 2129 2340 principum

544 2360 931 2430 constitutum,
988 2365 1243 2419 damnata
1291 2362 1309 2401 τ
1353 2379 1474 2417 cum
1529 2362 1807 2417 actoribus
1860 2363 2132 2431 sociisque

543 2451 902 2521 damnantes,
944 2470 1003 2510 se
1041 2458 1398 2524 proﬁteantur
1446 2455 1750 2509 catholicos
1798 2454 2129 2508 sacerdotes.

543 2542 713 2609 Quam
746 2545 973 2600 formam
1002 2547 1165 2601 etiam
1189 2547 1331 2601 circa
1350 2560 1449 2600 eos
1470 2547 1716 2599 volumus
1738 2545 2014 2600 custodiri.
2040 2544 2131 2605 aui

543 2634 950 2705 subripiendum
989 2647 1015 2685 ε
1057 2640 1109 2693 iii
1156 2638 1541 2693 ecclesiasticis
1588 2648 1767 2693 causis
1810 2638 2132 2692 Christianis

543 2728 877 2799 principibus
899 2731 1266 2795 crediderunt,
1293 2740 1347 2785 et
1373 2732 1483 2786 alio
1514 2731 1706 2786 ordine
1728 2746 1914 2785 rursus
1942 2732 2132 2785 Eccle-

544 2822 653 2876 sias
682 2833 1036 2891 occuparunt.
1079 2823 1472 2879 Antiochenam
1512 2840 1670 2892 vero,
1708 2824 1751 2878 si
1779 2823 1943 2877 habet
1977 2838 2129 2892 spem

540 2914 921 2979 correctionis,
966 2916 991 2951 ⁸³
1034 2916 1280 2984 epistolis
1309 2933 1337 2968 a
1376 2924 1557 2971 vestra
1591 2916 1937 2970 fraternitate
1976 2916 2129 2970 volu-

542 3021 663 3061 mus
710 3007 1010 3072 conveniri,
1045 3018 1103 3062 ut
1136 3004 1243 3063 nisi
1270 3024 1392 3079 qua:
1436 3009 1701 3063 sentimus
1741 3008 1997 3072 senserit,
2028 3021 2128 3062 no-

544 3099 740 3155 vellam
785 3099 1196 3169 blasiihemiam,
1230 3100 1421 3155 eodem
1472 3100 1746 3168 exemplo,
1790 3100 1989 3167 scripta
2035 3114 2129 3153 sua

542 3190 889 3261 professione
933 3192 1329 3258 condemnans;
1392 3191 1655 3260 intelligat
1701 3190 1769 3245 de
1810 3204 1870 3245 se
1913 3204 2130 3260 quoque

2234 1987 2376 2040 catio
2409 1988 2459 2041 in
2498 1988 2663 2042 Deum
2697 1990 2861 2058 impia
2883 1990 3218 2057 concideret,
3247 1999 3448 2046 etcum
3480 2005 3579 2045 suo
3607 2000 3834 2046 auctore

2236 2083 2361 2136 novi
2415 2084 2683 2151 dogmatis
2740 2084 2996 2140 damnata
3044 2088 3282 2156 pravitas
3325 2086 3625 2158 deperiret.
3684 2086 3830 2142 Illata

2234 2175 2452 2244 quidem
2486 2176 2605 2231 fidei
2636 2176 2779 2231 bella
2822 2186 2973 2242 sunt,
3015 2188 3069 2233 et
3101 2177 3268 2249 Regis
3315 2181 3503 2234 aeterni
3552 2178 3835 2249 sacrilegis

2238 2267 2520 2322 verborum
2539 2267 2734 2337 jaculis
2762 2270 3020 2324 nativitas
3047 2271 3282 2340 appetita
3311 2288 3323 2323 :
3350 2270 3446 2327 sed
3489 2284 3588 2325 vos
3616 2270 3835 2325 Christo

2235 2359 2347 2415 Deo
2392 2372 2578 2415 nostro
2616 2373 2842 2417 auctore
2888 2374 3216 2433 regnantes,
3250 2363 3437 2419 hostes
3467 2362 3670 2433 impios
3716 2362 3833 2418 fidei

2236 2464 2427 2509 vestrae
2456 2455 2652 2510 virtute
2697 2455 2928 2523 vicistis,
2973 2456 3255 2512 ccelestem
3284 2467 3611 2513 revocantes
3646 2457 3835 2511 trium-

2236 2548 2422 2618 phum,
2457 2565 2551 2617 per
2588 2548 2733 2617 quod
2778 2549 3033 2619 religioso
3074 2551 3355 2606 munimen
3402 2550 3453 2605 in
3505 2558 3832 2619 perpetuum

2191 2711 2202 2738 ,
2236 2642 2504 2713 prmstetis
2536 2644 2782 2708 imperio.
2834 2642 2976 2697 Vere
3003 2644 3146 2697 enim
3178 2644 3497 2714 prophetica
3527 2643 3725 2712 gloria:
3749 2656 3836 2697 ve-

2239 2746 2367 2791 stra:
2412 2751 2516 2789 vox
2562 2735 2840 2801 convenit,
2874 2744 2931 2790 et
2952 2749 3173 2804 regnum
3217 2746 3457 2791 vestrum
3504 2736 3613 2789 dici
3660 2744 3836 2805 potest

2235 2843 2447 2897 regnum
2490 2827 2721 2879 omnium
2764 2828 3067 2880 seculorum
3099 2825 3284 2899 (Psal.
3310 2840 3503 2890 enix,
3535 2823 3661 2895 13),
3693 2824 3835 2895 quod

2235 2918 2470 2974 defensa:
2494 2918 2616 2971 lidei
2644 2917 2850 2972 meritis
2873 2930 3232 2988 propagatur;
3253 2927 3309 2973 et
3329 2927 3612 2974 crescente
3635 2931 3838 2972 sancta

2236 3010 2512 3079 religionis
2535 3010 2906 3075 observantia,
2937 3009 3272 3065 Christiana:
3295 3008 3556 3065 insertum
3580 3023 3839 3064 reveren-

2238 3101 2328 3155 tia:
2357 3114 2572 3170 semper
2595 3108 2845 3170 augetur,
2873 3101 3273 3171 gloriosissime
3301 3111 3356 3156 et
3382 3101 3841 3172 tranquillissime

2238 3195 2535 3262 imperator
2574 3193 2837 3263 Auguste.
2874 3193 3017 3249 Ecce
3052 3209 3196 3249 nunc
3222 3194 3418 3249 domus
3456 3193 3680 3248 Domini
3715 3208 3841 3248 ora.

544 3282 867 3350 Ecclesium,
892 3285 1036 3354 quod
1067 3285 1190 3340 tidei
1226 3296 1425 3339 nostra:
1454 3292 1731 3351 respectus
1756 3283 2007 3353 imperat,
2040 3299 2127 3337 or-
2158 3281 2204 3344 C
2238 3288 2472 3342 tionibus
2505 3297 2734 3352 vacant,
2767 3294 2822 3341 et
2850 3295 3091 3341 vestrum
3139 3301 3237 3357 per
3279 3301 3471 3341 omnes
3517 3285 3839 3351 Ecclesias,

542 3375 752 3432 diuare.
776 3376 1119 3433 Credendum
1146 3388 1325 3432 tamen
1346 3376 1412 3431 de
1433 3376 1615 3430 divina
1635 3386 1717 3430 est
1736 3377 2130 3436 misericordia.

543 3469 687 3539 quod
719 3485 908 3527 omnes
949 3473 1001 3527 iii
1033 3477 1177 3528 viam
1218 3472 1446 3528 redeant
1476 3471 1734 3538 veritatis,
1768 3474 1812 3527 si
1844 3471 1911 3528 de
1939 3488 2133 3544 supra-

618 3643 644 3709 ξ
688 3635 903 3699 Darem.
929 3654 1077 3709 quas.
1110 3636 1324 3693 Rectius
1346 3638 1476 3692 Lab.
1503 3654 1623 3693 cum
1657 3653 1758 3693 ms.
1780 3637 1934 3693 Coll).
1954 3679 1969 3704 ,
1992 3655 2127 3709 quae,

552 3706 900 3777 referturque
930 3706 995 3762 ad
1027 3711 1207 3763 multa.

620 3776 646 3815 δ
688 3777 743 3831 ιιι
775 3781 1023 3849 vulgatis,
1057 3790 1310 3834 testantur
1337 3780 1572 3845 exempla
1597 3780 1735 3850 quod
1774 3797 1912 3850 spem
1941 3781 2005 3833 de
2043 3796 2133 3848 sy-

549 3851 685 3902 nodo
721 3851 820 3902 liuc
860 3867 1019 3918 usque
1052 3861 1331 3922 gesserunt.
1360 3851 1528 3918 Quam
1562 3854 1792 3917 primum
1821 3852 2129 3922 conjectura

548 3921 931 3973 restituendam
967 3920 1282 3985 putabamus
1312 3922 1615 3985 leCiionein,
1656 3922 1823 3975 Codex
1864 3920 2132 3976 Cnlberti-

550 4006 650 4043 nus
678 3992 926 4045 firmavit.
955 3992 1064 4045 Iloc
1087 3994 1157 4046 ita
1184 3993 1480 4060 intelligere
1505 4002 1591 4047 est
1615 4011 1628 4048 :
1656 3993 1755 4057 Qui
1786 4007 1934 4060 spem
1960 3993 2131 4047 veniae

548 4076 706 4131 quam
741 4062 871 4128 ipsis
898 4063 1337 4129 resipiscentibus
1378 4064 1615 4134 synodus
1645 4064 1789 4129 l'ecii,
1825 4066 1927 4117 huc
1960 4078 2129 4129 usque

546 4145 851 4203 gesserunt,
881 4136 1172 4189 etiamnum
1205 4134 1392 4191 eadem
1431 4134 1741 4189 conditione
1770 4134 1981 4203 copiam
2030 4134 2129 4186 ha-

550 4202 679 4257 bent
706 4206 1031 4259 revertendi.

622 4283 644 4312 ε
686 4273 798 4328 Non
831 4276 973 4345 quod
1014 4276 1094 4330 liis
1120 4275 1294 4330 omnis
1319 4276 1384 4329 ad
1410 4274 1701 4329 Ecelesiam
1728 4283 2013 4345 negaretur
2038 4274 2133 4328 ad-

546 4344 674 4409 itus,
710 4345 802 4399 sed
848 4344 988 4415 quod
1018 4350 1227 4401 cautius
1275 4350 1700 4414 permitteretur,
1743 4344 1977 4414 etquod
2007 4362 2129 4401 cum

546 4416 668 4469 aliis
706 4416 1054 4471 redeuntibus
1090 4419 1168 4471 sui
1207 4428 1551 4471 servarentur
1592 4418 1859 4471 interdum
1907 4417 2125 4481 gradus.

552 4484 819 4540 haereseos
845 4490 1071 4542 ducibus
1094 4489 1267 4542 solum
1309 4489 1639 4556 paenitentia»
1670 4488 1969 4541 remedium
2003 4502 2132 4541 con-

550 4557 849 4627 cederetiir.
880 4558 1019 4613 Istud
1051 4575 1212 4612 unum
1248 4558 1460 4627 Pelagio
1490 4575 1550 4612 ac
1574 4559 1829 4614 leestio
1862 4560 2129 4622 reliquum

550 4626 715 4681 fuisse
744 4627 1076 4697 Augustinus
1100 4644 1207 4683 non
1236 4626 1401 4685 semel
1433 4629 1645 4683 asserit.
1678 4628 2004 4683 leestinus
2032 4645 2131 4683 au-

552 4706 656 4751 teiii
686 4698 994 4753 luerendum
1029 4710 1175 4766 putat
1207 4700 1427 4755 decreto
1456 4701 1596 4768 quod
1642 4700 1875 4753 Hilarius
1903 4700 2129 4765 primum

547 4782 691 4823 anno
728 4769 855 4834 555,
898 4782 953 4824 ut
988 4772 1101 4839 ipse
1147 4771 1238 4825 lib.
1270 4781 1455 4825 contra
1500 4770 1874 4823 Constantium
1917 4785 2063 4823 iiuin.
2097 4768 2133 4823 2

548 4847 752 4909 narrat,
781 4840 1044 4895 adversus
1073 4841 1299 4895 Ariaiios
1317 4842 1507 4905 edidit,
1532 4840 1781 4909 quodque
1815 4850 1997 4907 postea
2022 4848 2127 4895 tota

550 4908 791 4980 Ecclesia
812 4953 826 4974 ,
862 4912 1282 4980 nominatimque
1312 4908 1574 4970 Romana,
1606 4908 1864 4965 adversus
1896 4911 2129 4980 reliquos

548 4979 837 5035 literoticos
879 4994 1139 5049 perpetuo
1178 4979 1275 5035 iisu
1326 4981 1727 5048 comprobavit;
1777 4990 1835 5035 ut
1878 4979 2127 5036 nimirum

548 5050 817 5106 hmreseos
838 5052 1015 5121 capita
1038 5068 1155 5122 quae
1182 5053 1232 5105 in
1260 5052 1487 5106 aliorum
1520 5053 1807 5118 perniciem
1842 5052 1978 5104 male
2008 5067 2131 5115 pro-

553 5126 793 5186 ficerent,
819 5133 1245 5188 ainpiitareiitur,
1278 5124 1481 5175 indulta
1506 5123 1700 5175 ueteris
1722 5136 1897 5174 eorum
1918 5136 2131 5175 consor-

547 5192 1031 5264 tibusiresipiscendi
1062 5192 1325 5264 facultate.

618 5260 643 5297 ἀ
685 5263 826 5316 Istud
856 5260 1271 5331 aliquos'rel'erri
1318 5261 1601 5317 commode
1646 5269 1819 5326 potest
1862 5262 1927 5315 ad
1956 5263 2133 5319 Coale-

549 5332 858 5395 stianos,ita
884 5346 937 5387 ut
958 5336 1184 5402 probare
1208 5335 1425 5398 incipiat
1444 5333 1773 5388 leestiiius
1803 5333 1929 5400 quid
1958 5350 2130 5387 eorum

549 5413 791 5457 testentur
818 5404 1066 5474 exempla.
1098 5402 1254 5457 Certe
1288 5405 1415 5459 Mar.
1446 5403 1708 5474 Mereatur
1739 5404 1791 5456 iri
1816 5404 2125 5474 Commoni-

551 5474 687 5525 torio
708 5476 846 5537 quod
876 5473 1017 5528 anno
1044 5475 1147 5528 429
1176 5474 1412 5542 scripsit,
1445 5473 1533 5526 ubi
1556 5473 1868 5526 Ctelestiiim
1892 5490 1954 5525 ac
1977 5473 2127 5527 Pela-

548 5544 691 5611 gium
722 5542 917 5597 Zosimi
952 5548 1205 5598 tractoria
1236 5545 1542 5607 damnatos,
1575 5544 1785 5595 illorum
1820 5543 2127 5598 damnatio-

549 5629 679 5685 iieiii
704 5616 916 5669 Patrum
951 5631 1044 5685 per
1066 5616 1250 5669 orbem
1278 5612 1761 5685 subscriptionibus
1786 5613 2093 5685 roboratam
2113 5656 2128 5680 ,

548 5699 612 5736 ae
658 5684 924 5739 Jiiliaiium
952 5682 1021 5740 et
1061 5688 1240 5740 socios
1286 5687 1333 5739 ei
1381 5682 1720 5737 subscribere
1766 5683 2130 5739 detrectantes

549 5754 821 5824 depositus
847 5757 1010 5810 luisse
1032 5758 1285 5824 narravit,
1314 5754 1586 5823 adjungit:
1617 5752 1696 5805 Ea:
1715 5753 1898 5824 quibus
1920 5756 2135 5824 plurimi

548 5823 929 5896 resipiscentes,
976 5836 1099 5896 et_a
1126 5821 1587 5896 pradicto‘errore
1627 5821 1873 5889 correcti,
1919 5821 2137 5896 regressi

548 5901 669 5944 sunt
700 5893 958 5952 simplices
980 5894 1047 5948 stl
1072 5892 1237 5949 sedem
1282 5892 1636 5951 auostolieam,
1671 5905 1718 5945 si
1752 5892 1991 5952 suscrntl'
2012 5909 2131 5951 suas

2156 4944 2210 5006 D

2241 3379 2355 3433 Deo
2386 3389 2576 3432 nostro
2622 3378 2822 3433 oblatis
2851 3378 3157 3446 sacrificiis,
3207 3378 3623 3434 commendatur
3668 3379 3841 3448 impe-

2240 3475 2399 3528 rium.
2431 3470 2597 3538 Nihil,
2627 3482 2811 3536 amoto
2852 3472 3247 3543 perturbatoris
3275 3486 3435 3539 ausu,
3475 3470 3755 3526 scandalis
3780 3470 3841 3526 lio

2240 3635 2497 3690 Ecclesias
2543 3644 2873 3705 receperunt;
2925 3635 3072 3704 prius
3117 3634 3326 3691 scilicet
3369 3646 3430 3691 ut
3473 3634 3541 3689 ad
3589 3633 3842 3703 ejusdem

2235 3708 2641 3761 Cmmiioiiitorii
2669 3708 2870 3761 calcem
2901 3707 3171 3771 adiicitur,
3200 3706 3412 3777 Pelagio
3433 3708 3710 3777 damnato,
3728 3706 3844 3760 sedi

2234 3782 2529 3849 apostolicis
2553 3793 2608 3830 se
2627 3778 2994 3841 subiiii'tteiites,
3022 3789 3069 3831 et
3099 3776 3341 3846 poenitere
3359 3796 3411 3833 se
3431 3794 3587 3848 super
3612 3776 3699 3831 Itis
3726 3792 3843 3844 qui:

2235 3851 2367 3902 male
2393 3858 2654 3903 senserant
2685 3850 3004 3915 proﬁtentes.
3038 3849 3188 3902 Unde
3234 3849 3401 3916 liquet
3443 3849 3838 3913 Calatinum,

2237 3920 2302 3973 iis
2341 3920 2410 3970 uli
2444 3920 2633 3973 oculos
2666 3921 2854 3984 positis
2897 3934 3019 3989 qua:
3065 3927 3186 3986 post
3227 3920 3513 3973 damnatos
3552 3936 3581 3971 a
3614 3918 3842 3975 Zosimo

2236 3990 2553 4057 Pelagianos
2578 3989 2721 4043 circa
2749 3989 2939 4044 eodem
2967 4002 3116 4057 gesta
3148 4001 3296 4055 sunt,
3324 4007 3383 4043 ea
3417 4006 3538 4059 qua:
3564 4005 3697 4060 erga
3726 3989 3839 4045 Ne-

2234 4063 2385 4115 storii
2421 4063 2655 4115 fautores
2688 4062 2924 4124 gerenda
2956 4060 3061 4114 sint
3094 4061 3470 4131 prmsmibere.

2312 4141 2335 4167 °
2378 4132 2476 4199 Qui
2523 4131 2731 4185 scilicet
2766 4133 2818 4184 in
2852 4133 3119 4186 sententia
3160 4132 3351 4204 synodi
3394 4132 3687 4200 Ephesium
3725 4140 3837 4185 act.

2235 4204 2271 4256 5
2303 4205 2531 4270 prolata,
2562 4212 2614 4255 et
2643 4211 2749 4256 act.
2784 4204 2814 4256 7
2847 4214 2972 4255 ante
3013 4218 3250 4257 canones
3281 4206 3508 4273 repetita
3538 4216 3838 4258 recensen-

2238 4282 2347 4327 Itti'.

2314 4342 2331 4381 ί
2378 4344 2490 4398 Iloc
2517 4354 2620 4400 est.
2648 4359 2708 4397 ea
2737 4359 2849 4411 qua:
2874 4344 3119 4397 damnata
3145 4353 3284 4397 sunt.
3319 4343 3579 4397 Baronius
3616 4343 3731 4397 haec
3762 4343 3839 4398 ita

2238 4417 2462 4469 mutavit
2493 4433 2505 4469 :
2540 4414 2795 4467 Damnata
2843 4414 3021 4469 Iucresi
3069 4431 3185 4468 cum
3232 4414 3527 4468 auctoribus
3579 4416 3840 4483 sociisque

2237 4486 2517 4539 damnatis.
2546 4485 2977 4539 Christianorum
3004 4485 3305 4553 principum
3328 4486 3682 4539 constitutum
3712 4500 3840 4554 pro-

2237 4557 2381 4611 xime
2412 4556 2682 4610 laudatum
2715 4572 2817 4607 non
2861 4556 3004 4611 aliud
3035 4557 3247 4610 videtur
3275 4556 3343 4609 ab
3370 4571 3436 4609 eo
3462 4557 3603 4624 quod
3632 4554 3839 4610 ’Πιθα-

2236 4627 2423 4680 dosius
2464 4630 2597 4693 imp.
2632 4636 2767 4693 part.
2802 4641 2857 4678 iii
2887 4628 3087 4680 coiieil.
3122 4627 3320 4693 Eplies.
3352 4641 3474 4695 cap.
3507 4628 3598 4692 47,
3642 4625 3698 4681 in
3729 4626 3837 4681 alia

2236 4712 2388 4751 sacra
2436 4713 2621 4751 mense
2652 4697 2817 4765 Aprili
2850 4701 2969 4750 anni
2999 4696 3106 4752 455
3147 4698 3269 4751 data
3313 4708 3707 4752 commemorat
3749 4697 3841 4751 his

2238 4770 2417 4823 verbis
2443 4786 2463 4824 :
2488 4768 2821 4822 Decernimus
2850 4770 3000 4821 etiam
3033 4781 3083 4822 ut
3114 4770 3419 4838 quicumque
3464 4770 3671 4835 impiam
3718 4765 3771 4822 Ν
3777 4783 3840 4821 e-

2234 4839 2380 4891 storii
2408 4840 2699 4903 opinionem
2724 4838 3058 4905 teniultiiitur,
3097 4840 3175 4893 vel
3200 4840 3451 4908 nefariam
3497 4841 3610 4907 ejus
3639 4839 3840 4892 doctri-

2239 4925 2357 4961 nam
2408 4918 2686 4980 sectantnr,
2737 4908 2987 4974 siquidem
3027 4911 3251 4980 episwpi
3290 4919 3379 4962 aut
3410 4908 3589 4964 clerici
3619 4910 3838 4980 fuerint,

2234 4994 2297 5033 ea:
2325 4981 2484 5033 sacris
2525 4978 2766 5033 Ecclesiis
2798 4978 3155 5049 expelluntur;
3186 4978 3268 5034 sin
3298 4996 3416 5036 vero
3445 4981 3591 5045 laici,
3620 4978 3841 5034 anathe-

2236 5052 2561 5123 matisentur,
2594 5060 2743 5119 prout
2760 5066 2875 5121 jam
2901 5067 3101 5121 quoque
3122 5067 3155 5103 a
3182 5068 3333 5105 sacra
3364 5056 3634 5123 majestate
3658 5062 3843 5105 nostra

2235 5119 2346 5191 lege
2380 5130 2589 5174 cautum
2627 5130 2719 5173 est.

2309 5200 2333 5237 8
2376 5192 2569 5245 Baroii.
2597 5236 2611 5257 ,
2666 5192 3127 5263 expecrlesiasticis
3190 5208 3375 5246 causas
3414 5210 3448 5246 a
3494 5191 3838 5263 principibus.

2238 5258 2392 5329 Legit
2420 5277 2631 5329 quoque
2664 5261 2927 5321 llolsten..
2963 5278 3169 5318 causas.

2311 5330 2335 5405 ξι
2376 5331 2517 5405 Idem
2555 5348 2657 5405 pro
2692 5333 2924 5399 epistolis
2964 5335 3243 5405 substituit
3272 5334 3592 5405 episcopum.

2314 5400 2328 5437 ί
2370 5402 2587 5457 Scilicet
2618 5402 2913 5466 Nestorins,
2946 5403 3036 5471 qui
3065 5400 3370 5458 deiiium'in
3397 5400 3672 5469 eisilium,
3709 5404 3837 5471 ipsa

2235 5471 2442 5527 Joanne
2473 5473 2810 5527 Antioclienu
2842 5482 3054 5543 azente,
3087 5476 3408 5543 deportatus
3439 5483 3542 5529 est.

2310 5542 2323 5591 i
2377 5543 2548 5597 Martii
2585 5543 2649 5597 15
2678 5559 2805 5596 aiiii.
2838 5541 2964 5598 452.

2312 5611 2332 5648 ¹ι
2376 5612 2716 5667 Colbertiiius
2764 5614 2935 5667 codex
2988 5614 3038 5666 in
3087 5611 3175 5668 his
3215 5614 3530 5670 consulibus
3579 5613 3834 5668 notandis

2237 5700 2342 5738 non
2365 5685 2463 5739 sibi
2487 5694 2718 5737 constat.
2745 5682 2874 5737 Nam
2901 5684 2987 5737 hic
3008 5684 3153 5737 Aetio
3175 5696 3223 5738 et
3256 5683 3486 5748 Valerio,
3511 5687 3561 5739 in
3587 5686 3832 5748 sentienti

2236 5756 2459 5820 epistola
2486 5751 2671 5807 Flavio
2695 5752 2849 5807 Etliio
2871 5766 2917 5807 et
2948 5751 3174 5823 Valerio,
3199 5760 3252 5808 in
3276 5756 3621 5823 subsequendi
3645 5751 3835 5807 Flavio

2236 5823 2568 5949 zzhl’balfrio,
2617 5824 2669 5877 in
2723 5838 2996 5893 postrema
3058 5819 3258 5879 Flaviis
3311 5819 3470 5880 Eatio
3517 5836 3565 5880 et
3616 5823 3834 5880 Valerio

2348 5912 2359 5949 ι
2404 5909 2431 5949 c
2464 5928 2476 5946 .

2237 5906 2476 5950 ειηιυρι.
