3976 6336
142 397 238 460 515

725 399 940 458 EPIS'I'.
981 400 1172 458 XXIII.
1217 400 1618 460 C(ELES'I'INI
1655 400 1858 457 PAPtE
1899 402 1990 458 AD
2027 399 2476 458 THEODOSIUM
2512 399 2871 459 JUNIOREM.

3302 404 3408 462 διε

141 526 248 582 cet;
294 515 526 587 pestifer
553 515 784 571 ulterius
821 515 1028 570 animas
1077 517 1354 570 hominum
1404 531 1580 572 sermo
1616 532 1718 570 non
1752 522 1795 577 A
1827 517 2062 584 gationis
2106 536 2226 587 quae
2259 519 2523 582 interfuit,
2571 520 2824 573 ordinato
2865 519 2928 571 ad
2976 520 3412 590 componendum

140 610 377 664 Vulnerat
406 627 419 662 :
445 609 678 666 salutem
707 610 960 664 omnibus
990 625 1213 664 suarum
1238 611 1563 674 animarum,
1597 610 1723 664 dum

140 700 428 756 universali
466 701 726 758 Ecclesiae
754 702 1063 767 consulitis,
1097 702 1433 757 reddidistis.
1477 703 1603 757 Haec
1644 711 1728 758 est

138 806 305 852 vestra
337 793 669 865 praedicandi
701 794 852 865 regni
881 795 1054 851 vestri
1094 796 1403 864 clementia,
1446 812 1542 864 per
1564 812 1724 867 quam

138 903 236 944 non
267 898 459 951 terrae,
491 903 600 941 non
633 886 950 956 provinciae,
984 886 1080 942 sed
1110 888 1348 942 omnium
1381 888 1576 942 animae
1600 901 1728 943 sunt

138 978 390 1036 defensa.
437 978 782 1049 Imputabitis
813 980 952 1033 hanc
1001 979 1151 1034 omni
1196 979 1358 1035 modo
1407 980 1725 1046 victoriam,

139 1087 290 1144 quam
319 1088 427 1128 non
454 1073 630 1135 bellis,
665 1087 772 1128 non
803 1072 1020 1143 gladiis,
1047 1071 1144 1128 sed
1167 1073 1281 1128 sola
1309 1072 1602 1130 devotione
1622 1088 1727 1146 qua

140 1167 245 1224 Deo
274 1165 415 1222 estis
440 1165 629 1234 dediti,
660 1166 1026 1237 conquisistis.

198 1258 250 1312 2.
295 1258 485 1314 Manet
515 1257 605 1312 hic
631 1267 828 1314 vestrae
857 1259 1048 1328 gloriae
1072 1259 1280 1324 titulus,
1306 1269 1361 1315 et
1385 1261 1643 1328 manebit,
1671 1269 1730 1315 ttt

140 1349 275 1405 nulla
328 1349 483 1404 illum
533 1359 684 1414 aetas,
729 1348 878 1403 nulla
921 1359 1164 1404 vetustas
1213 1349 1454 1405 abolent.
1501 1350 1726 1406 Eterna

138 1440 270 1496 enim
298 1449 428 1494 sunt
457 1456 576 1510 quae
605 1441 797 1496 aeterni
833 1441 990 1511 Regis
1019 1455 1208 1496 amore
1248 1451 1597 1511 praestantur.
1638 1445 1728 1499 Sic

140 1532 364 1589 Abrahae
405 1532 539 1588 ﬁdes
582 1533 795 1589 saeculis
845 1533 1024 1590 durat.
1073 1533 1246 1589 David
1290 1535 1431 1604 regis
1473 1535 1725 1591 meritum

143 1623 227 1680 Dei
264 1623 422 1679 zelus
459 1623 586 1680 fecit
629 1638 751 1680 esse
781 1634 1123 1696 perpetuum,
1164 1640 1286 1680 eum
1340 1625 1587 1680 inimicus
1636 1627 1725 1682 Dei

140 1730 255 1772 suos
292 1716 534 1772 credidit
571 1717 843 1780 inimicos,
880 1727 935 1773 et
963 1717 1147 1773 odisse
1185 1733 1325 1788 quos
1356 1719 1466 1773 Deo
1497 1718 1727 1774 odibiles

140 1808 492 1880 approbasset
535 1808 722 1880 (Psal.
772 1825 1039 1876 cxxxvm,
1087 1808 1177 1874 2|,
1219 1811 1341 1882 92).
1395 1813 1535 1866 Elias
1564 1811 1724 1866 etiam

1833 610 2088 666 Ecclesiae
2124 622 2342 677 statum,
2372 622 2428 668 et
2449 629 2608 668 omne
2639 614 2831 668 vulnus
2862 630 3038 683 pravae
3070 613 3292 670 hzcresis
3321 631 3405 670 ra-

1830 703 2030 758 dicitus
2071 705 2437 770 evellendum,
2484 721 2552 761 ne
2593 708 2830 762 audeant
2876 723 2994 775 quae
3037 708 3247 762 abcissa
3291 717 3418 766 sunt

1831 795 2127 866 pullulare;
2165 796 2516 852 obsecra-nus
2542 807 2597 853 et
2628 799 2899 868 poscimus
2929 799 3030 853 sub
3070 798 3220 854 illius
3260 798 3419 854 invo-

1830 888 2042 941 catione
2079 902 2240 957 quem
2287 889 2494 955 colitis,
2544 889 2664 945 ﬁdei
2699 889 2729 928 δ
2769 901 2961 945 vestrae
3005 899 3062 945 ut
3109 894 3420 949 consuestis

1831 994 1980 1034 arma
2008 981 2295 1048 praestatis.
2324 979 2476 1035 Nunc
2505 982 2646 1035 enim
2673 992 2755 1036 est
2776 983 2954 1036 omnis
2977 984 3302 1053 opponenda
3325 999 3419 1039 cu-

1830 1073 2027 1138 stodia,
2063 1087 2129 1128 ne
2160 1088 2322 1140 rapax
2351 1073 2507 1142 lupus
2529 1075 2758 1127 ovilibus
2779 1075 3036 1131 dominici
3061 1080 3258 1149 gregis,
3292 1092 3414 1133 cum

1831 1165 2085 1230 saevierit,
2127 1165 2382 1220 exclusus
2415 1180 2598 1220 rursus
2633 1166 2945 1229 serpentino
2983 1168 3135 1237 lapsu
3166 1169 3232 1223 ad
3267 1185 3416 1224 mor-

1832 1263 1939 1311 tem
1987 1257 2262 1324 perveniat
2304 1257 2623 1320 animarum,
2653 1257 2865 1312 eﬁ'ossis
2895 1272 3000 1327 qua
3045 1269 3219 1328 potest
3267 1273 3419 1330 parte

1830 1348 2116 1403 cuniculis.
2149 1346 2258 1402 Nec
2300 1349 2440 1403 enim
2490 1358 2672 1418 potest
2710 1349 3012 1418 quiescere,
3054 1366 3175 1406 cum
3223 1355 3419 1423 praedae

1831 1455 1944 1496 sua:
1974 1440 2189 1508 rapidus
2217 1442 2395 1512 cupiat
2439 1443 2716 1497 incubare.
2745 1442 3018 1498 Munitnen
3049 1445 3216 1504 sanis.
3244 1461 3420 1502 rente-

1831 1533 1918 1588 dia
1949 1535 2184 1604 praebete
2208 1535 2481 1589 sanandis.
2520 1536 2726 1591 Vallate
2756 1535 2924 1590 muris
2946 1543 3142 1590 vestrae
3172 1536 3294 1591 ﬁdei
3331 1553 3418 1592 re.

1831 1628 2045 1695 ligionis
2084 1628 2365 1684 catholica:
2396 1631 2697 1695 veritatem,
2747 1644 2839 1699 per
2881 1645 3018 1699 quos
3049 1640 3104 1684 et
3131 1629 3419 1685 credentes

1833 1722 2022 1775 muniti
2054 1723 2187 1788 sint,
2218 1733 2273 1776 et
2314 1722 2446 1776 tanti
2486 1737 2745 1790 sequaces
2791 1723 2997 1777 erroris
3042 1738 3146 1776 non
3188 1722 3421 1780 audeant

1833 1814 2075 1869 introire.
2102 1814 2196 1869 Iiie
2218 1815 2360 1868 enim
2384 1815 2576 1884 plenus
2600 1814 2842 1870 victoriae
2869 1829 3060 1869 νοείτω
3083 1814 3288 1872 fructus
3311 1827 3416 1886 cst,

142 1899 396 1971 ptOpheta
427 1899 555 1955 falsa
579 1901 973 1973 prophetantes
1001 1917 1107 1957 non
1132 1901 1228 1957 fuit
1255 1911 1540 1958 contentus
1569 1903 1727 1958 reIcI-
1760 1907 1802 1965 Β
1834 1906 1966 1960 nihil
2019 1906 2331 1974 relinquere
2381 1906 2525 1975 quod
2575 1923 2760 1961 rursus
2795 1909 2886 1962 Dei
2937 1907 3176 1963 Ecclesia
3225 1910 3422 1965 debeat

141 1993 260 2057 lere,
293 1992 395 2049 sed
425 1993 588 2049 etiam
625 1994 676 2048 in
703 1993 825 2048 illos
857 1994 1027 2049 voluit
1056 1995 1363 2062 vindicare;
1399 2007 1458 2050 ut
1485 2011 1578 2050 eos
1604 2011 1725 2065 pcr-

141 2086 418 2157 sequendo
451 2087 726 2157 perderet,
770 2100 906 2157 quos
932 2088 983 2142 in
1017 2088 1376 2156 perditionem
1419 2089 1499 2144 sui
1544 2089 1724 2158 populi

141 2180 224 2236 niti
264 2179 585 2250 pervideret
615 2180 717 2253 (Ill
765 2180 894 2253 Reg.
939 2180 1133 2252 xvttt).
1180 2180 1283 2236 Par
1325 2182 1418 2237 tibi
1462 2198 1582 2238 cum
1633 2183 1725 2237 illo

148 2272 330 2344 gloria.
367 2272 466 2328 Ille
491 2273 622 2329 falsa
655 2274 1102 2345 proplietantibns
1131 2277 1352 2340 restitit,
1385 2285 1440 2330 tu
1468 2277 1600 2332 falsa
1629 2277 1728 2330 do-

141 2366 404 2422 centibus.
437 2365 534 2421 Ille
557 2368 882 2421 mentientes
919 2368 970 2420 in
1006 2367 1170 2421 Deum
1203 2368 1496 2438 prophetas
1535 2385 1722 2439 perse-

141 2465 285 2512 cutus
313 2470 443 2525 est;
475 2469 528 2512 tu
559 2458 628 2514 de
655 2457 872 2513 Christo
903 2459 1011 2513 Deo
1039 2469 1224 2514 nostro
1253 2462 1608 2528 praedicantes
1637 2463 1726 2517 im-

142 2549 214 2620 pia
241 2550 426 2621 abigis
459 2551 791 2606 sacerdotes.
825 2551 922 2606 llle
961 2559 1167 2606 tantum
1203 2553 1454 2608 vindictae
1486 2555 1727 2610 intentus

142 2651 238 2706 est;
289 2652 481 2699 vestra
523 2645 697 2714 pietas
735 2644 814 2700 sic
861 2645 1024 2716 impia
1053 2645 1311 2714 vindicat,
1355 2657 1412 2702 ut
1450 2662 1570 2718 qua:
1599 2658 1727 2704 sunt

142 2735 382 2807 religiosa
414 2735 693 2791 defendat.

197 2829 247 2885 5.
290 2828 406 2885 Nec
437 2834 579 2885 enim
622 2829 896 2886 sufﬁceret
940 2831 1186 2901 abegisse
1228 2833 1444 2887 morbos
1475 2843 1528 2888 et
1566 2835 1730 2905 pesti-

140 2921 351 2977 lentiam
379 2923 666 2994 repulisse,
696 2923 799 2978 nisi
822 2934 876 2978 et
902 2923 1151 2979 salubres
1176 2939 1336 2979 auras
1362 2924 1641 2995 redderes,
1672 2937 1727 2981 et

140 3013 350 3070 vitalem
389 3013 603 3070 infectis
631 3014 990 3070 substantiam
1025 3015 1382 3080 ministrares,
1430 3018 1592 3072 talem
1643 3018 1722 3072 illi

143 3105 399 3162 Ecclesiae
429 3107 808 3163 constituendo
835 3106 1168 3177 pontificem.
1214 3109 1306 3178 qui
1351 3109 1481 3164 olim
1515 3111 1619 3164 hoc
1662 3124 1723 3164 se

139 3199 351 3271 dignum
385 3199 598 3271 fastigio
619 3200 873 3256 omnibus
904 3200 1098 3270 quibus
1125 3208 1285 3255 notus
1315 3211 1398 3256 εει
1425 3203 1727 3272 approbas-

1828 1997 2145 2053 fnrmidare.
2179 1999 2348 2065 Quem
2373 1999 2533 2067 igitur
2564 2000 2940 2054 universorum
2965 2000 3128 2067 ejecit
3149 2001 3420 2056 sententia

1827 2091 2167 2146 sacerdotum
2211 2089 2262 2144 in
2298 2089 2682 2160 praedicatione
2710 2091 2972 2158 sacrilega
3005 2093 3414 2161 perdurantem,

1827 2199 1948 2237 cum
1977 2191 2155 2237 vestra
2187 2180 2474 2237 clementia
2505 2181 2571 2236 ab
2612 2182 2757 2236 omni
2786 2182 3045 2237 societate
3091 2193 3365 2238 removeat
3396 2222 3411 2248 ,

1829 2284 1886 2329 ut
1914 2274 2216 2329 facultatem
2247 2275 2454 2344 aliquos
2485 2273 2742 2342 perdendi
2773 2288 2878 2327 non
2910 2273 3127 2328 habeat.

1901 2366 1954 2421 5.
2000 2365 2299 2434 ReligiOSos
2327 2381 2453 2420 vero
2483 2365 2617 2418 ﬁlios
2650 2380 2800 2420 meos
2825 2365 3090 2420 Joannem
3125 2364 3406 2437 presbyte-

1829 2477 1946 2515 rum
1980 2470 2038 2514 et
2071 2462 2370 2530 Epictetum
2397 2461 2704 2526 diaconum,
2742 2471 2899 2513 tantae
2930 2458 3006 2514 rei
3036 2459 3273 2519 nuntios.
3299 2473 3421 2513 cum

1831 2551 1997 2606 totius
2031 2552 2284 2606 Ecclesiae
2313 2549 2668 2619 gratulatione
2715 2551 3070 2618 suscepimus,
3103 2557 3159 2605 et
3187 2549 3341 2604 lectis
3369 2549 3422 2602 in

1834 2655 1857 2684 ο
1895 2645 2060 2699 totius
2105 2646 2522 2714 congregatione
2553 2642 2874 2696 Christanae
2923 2641 3094 2710 plebis
3124 2641 3262 2709 apud
3299 2641 3423 2696 hea-

1830 2739 2097 2793 tissimum
2126 2737 2429 2806 apostolum
2454 2735 2670 2790 Petrum
2699 2746 2891 2790 vestrae
2917 2735 3133 2805 pietatis
3151 2735 3418 2806 apicibus,

1830 2830 1941 2884 Deo
1972 2840 2153 2884 nostro
2186 2845 2282 2898 pro
2312 2827 2469 2882 Vobis
2498 2836 2619 2881 vota
2664 2826 3038 2897 persolvimus.
3070 2829 3142 2881 Ita
3175 2826 3318 2883 enim
3355 2827 3420 2880 ad

1829 2935 1927 2974 vos
1957 2928 2146 2989 agente
2173 2919 2405 2974 Domino
2448 2929 2827 2989 pervenerunt,
2884 2929 2941 2971 ut
2986 2918 3050 2971 ad
3101 2933 3224 2971 eum
3278 2919 3420 2973 diem

1829 3027 1936 3082 quo
1963 3011 2370 3067 celebrabamus
2394 3009 2592 3064 CIII‘IsII
2627 3009 2716 3064 Dei
2752 3009 2920 3063 nostri
2961 3009 3194 3064 natalem
3225 3023 3421 3063 secun-

1828 3104 1956 3160 dum
1990 3119 2230 3171 carnem,
2252 3104 2337 3158 cui
2361 3103 2590 3174 quaestio
2624 3103 2978 3167 inferebatur,
3007 3114 3418 3168 concurrerent,

1828 3209 1884 3251 et
1918 3197 2247 3266 impietatem
2279 3196 2607 3267 conjunctim
2637 3195 2885 3250 universa
2911 3195 3259 3267 congregatio
3285 3210 3416 3251 con-

140 3304 231 3350 set.
267 3294 403 3350 Fert
430 3295 531 3361 illi,
566 3309 627 3349 ac
653 3297 697 3350 si
726 3297 807 3350 sui
842 3303 869 3331 ι
895 3295 1142 3366 corporis
1171 3295 1330 3362 parti,
1376 3295 1616 3349 Romana
1646 3306 1725 3349 te-
1750 3294 1793 3352 C
1829 3289 2045 3344 [uiaret-

141 3387 474 3455 stimonium,
522 3403 643 3458 quae
675 3387 818 3442 hunc
859 3402 1072 3458 semper
1105 3388 1246 3442 inter
1283 3401 1412 3442 suos
1450 3386 1635 3443 habuit
1674 3398 1723 3443 et

142 3481 462 3546 numeravit,
495 3479 736 3536 Ecclesia
765 3497 778 3533 :
812 3480 992 3534 ferunt
1018 3495 1239 3535 suorum
1271 3481 1484 3546 merita,
1532 3481 1730 3550 quibus

140 3581 318 3626 sancte
351 3571 676 3635 adhaeserant,
704 3571 1072 3627 deeessorum.
1105 3573 1177 3627 lta
1211 3574 1354 3628 enim
1388 3573 1730 3629 reverendis-

141 3663 280 3719 sima
320 3666 601 3720 memoriae
639 3666 754 3720 viro
797 3665 1000 3734 Attico,
1040 3666 1323 3721 catholicae
1354 3666 1478 3722 ﬁdei
1530 3683 1732 3739 propn-

140 3756 339 3824 gnatori
363 3755 684 3819 fortissimo,
712 3765 893 3810 mente
915 3756 1117 3826 pariter
1132 3756 1375 3812 etofﬁcio
1396 3757 1726 3827 cohaerebat,

145 3857 194 3902 ut
233 3849 348 3920 jam
398 3859 528 3904 tunc
566 3848 731 3903 futuri
780 3849 831 3902 in
864 3849 1056 3905 eodem
1102 3851 1445 3920 episcopatus
1499 3851 1726 3923 insignia

142 3941 514 4008 praelucerent.
555 3940 663 3996 Sed
703 3940 775 3996 sit
812 3940 916 3996 hoc
949 3957 1145 3996 arcano
1177 3942 1374 3997 divinae
1425 3943 1726 4013 majestatis

144 4032 380 4097 arbitrio,
414 4044 471 4089 ut
517 4037 572 4089 in
605 4044 880 4106 posterum
930 4052 1284 4108 quaecumque
1324 4049 1448 4092 sunt
1499 4037 1723 4092 meliora

142 4139 440 4194 serventur,
467 4138 522 4183 et
542 4130 608 4182 ad
631 4129 865 4198 quietem
892 4144 986 4198 per
1009 4129 1187 4198 aliqua
1212 4131 1545 4183 turbatorum
1571 4145 1732 4184 scan-

144 4215 254 4271 dala
282 4220 558 4274 veniatur.
611 4221 856 4276 Debitum
904 4229 988 4276 est
1036 4219 1213 4274 fratris
1259 4219 1363 4274 mei
1411 4219 1723 4276 Maximiani

143 4309 369 4382 episcopi
416 4312 632 4382 gloriae,
675 4323 734 4368 ut
761 4313 992 4382 aliquem
1028 4313 1103 4366 illi
1132 4312 1416 4382 praelatum
1464 4312 1629 4367 fuisse
1675 4314 1727 4368 in

144 4397 237 4454 hoc
265 4403 409 4471 quod
436 4404 694 4471 sustinuit
724 4405 914 4458 civitas
944 4405 1262 4473 paeniteret;
1301 4412 1356 4457 et
1383 4419 1524 4458 nunc
1553 4403 1730 4460 electo

142 4492 352 4559 eodem,
383 4494 462 4549 illi
495 4509 556 4550 se
582 4495 942 4564 integritatem
973 4495 1095 4549 fidei
1124 4494 1324 4548 debere
1353 4494 1600 4549 sentiret.

212 4583 266 4638 ὁ.
308 4585 417 4640 Sed
452 4585 576 4640 huic
617 4596 778 4641 tautae
806 4603 905 4656 pro
933 4602 1030 4642 suo
1063 4588 1256 4641 merito
1284 4586 1426 4640 illius
1475 4587 1729 4642 Ecclesiae

1902 3382 1957 3436 6.
1997 3380 2188 3435 Causae
2234 3379 2355 3434 ﬁdei
2404 3393 2642 3449 congrue
2672 3388 2727 3434 et
2761 3378 3143 3435 ecclesiasticae
3187 3387 3241 3434 et
3289 3394 3422 3448 pau-

1833 3488 2021 3544 perum
2052 3471 2303 3527 utilitatis
2336 3485 2499 3527 causa
2525 3470 2860 3541 subiungitur
2886 3487 2898 3524 :
2929 3477 2990 3524 ut
3013 3471 3103 3540 qui
3139 3469 3423 3540 integrita-

1832 3575 1939 3620 tem
1974 3565 2094 3620 ﬁdei
2127 3563 2476 3635 praestitistis,
2524 3577 2815 3632 pauperum
2864 3576 3078 3632 quoque
3122 3561 3424 3616 commodis

1832 3658 2147 3712 consulatis.
2186 3655 2417 3710 lllustris
2463 3664 2520 3710 et
2563 3661 2763 3708 sanctae
2807 3652 3198 3708 recordationis
3249 3653 3420 3709 Proba

1833 3749 2209 3820 possessiones
2257 3749 2309 3802 in
2357 3745 2484 3801 Asia
2533 3745 2856 3800 constitutas
2883 3743 3037 3814 longa
3067 3760 3096 3797 a
3127 3742 3423 3813 majoribus

1829 3851 2096 3899 vetustate
2119 3844 2198 3895 sic
2224 3839 2462 3910 reliquit,
2490 3847 2546 3892 ut
2567 3837 2826 3907 majorem
2854 3851 3119 3891 summam
3148 3835 3414 3890 redituum

1831 3938 2079 4002 clericis,
2133 3934 2458 4006 pauperibus
2504 3941 2560 3987 ct
2605 3931 2942 3986 monasteriis
2991 3931 3146 3984 annis
3197 3930 3423 4000 singulis

1831 4029 2152 4101 praeciperet
2179 4027 2531 4096 erogandam.
2558 4023 2661 4079 Sed
2696 4024 2776 4078 hae
2808 4023 3181 4093 possessiones
3220 4022 3416 4078 ibidem

1832 4124 2164 4189 constitutae,
2193 4123 2245 4177 in
2276 4121 2528 4176 damnum
2563 4132 2854 4188 pauperum
2889 4116 3045 4185 hujus
3072 4116 3419 4186 negligentia,

1833 4225 1892 4272 ut
1920 4219 2134 4287 gravius
2168 4213 2298 4269 nihil
2329 4212 2596 4278 dicamus,
2624 4209 2712 4278 qui
2744 4209 2828 4263 his
2864 4209 3172 4278 praefuerat,
3201 4222 3260 4262 ea
3294 4218 3421 4262 sunt

1837 4312 2047 4366 ratione
2074 4316 2338 4370 tractatae,
2373 4314 2430 4359 ut
2461 4317 2565 4358 non
2601 4302 2774 4356 solum
2805 4309 3070 4355 consueta
3112 4314 3218 4354 non
3249 4299 3422 4352 solve-

1834 4412 1973 4467 rent,
2020 4412 2209 4453 verum
2241 4398 2402 4451 etiam
2434 4394 2750 4460 subreptitia
2799 4391 3180 4460 impetratione
3225 4404 3412 4444 earum

1831 4487 1859 4528 ἀ
1908 4491 1998 4561 jus
2053 4489 2458 4558 dominiumque
2513 4485 2774 4540 violetur.
2830 4481 3102 4551 Rogamus
3160 4483 3415 4551 pietatem

1832 4595 2066 4643 vestram
2094 4594 2152 4639 ut
2183 4582 2448 4652 religiosae
2477 4589 2531 4637 et
2558 4579 2751 4634 illustri
2783 4577 2964 4632 domui
2995 4588 3050 4633 et
3079 4577 3334 4631 Ecclesiae
3368 4577 3380 4630 i
3407 4577 3418 4628 Ι

143 4674 408 4731 sacerdoti
436 4677 615 4732 electo
638 4677 840 4746 taliter,
877 4687 932 4733 et
957 4691 1224 4734 consensu
1267 4687 1470 4732 sanctae
1495 4693 1724 4749 congre-
1754 4674 1808 4735 D
1831 4697 1929 4752 pro
1957 4678 2240 4735 clementia
2267 4684 2441 4731 vestra
2471 4673 2757 4743 praestetis,
2793 4681 2848 4725 ut
2869 4670 3047 4726 omnis
3073 4671 3140 4723 ab
3168 4668 3251 4722 his
3289 4673 3406 4722 insi.

209 4842 234 4868 ⁸
272 4832 513 4888 Romana
572 4835 812 4890 Ecclesia
871 4835 1249 4890 Maximianum
1317 4847 1534 4902 semper
1586 4834 1725 4889 inter

145 4915 269 4959 suos
299 4921 614 4960 numerasse
635 4922 700 4960 eo
729 4921 890 4960 sensu
933 4906 1155 4974 intelligi
1189 4913 1380 4974 potest,
1416 4919 1522 4968 quo
1551 4903 1724 4959 Caele-

145 4975 313 5044 stinus
351 4979 507 5044 epist.
545 4975 616 5029 2‘2
665 4993 811 5032 num.
854 4975 888 5029 5
922 4977 1178 5030 adverms
1225 4975 1582 5028 Massilienses
1634 4974 1726 5043 qui

146 5041 336 5116 Gallias
375 5041 789 5113 conturbabant,
820 5048 954 5100 dixit
984 5065 996 5099 :
1025 5045 1188 5114 Nefas
1219 5055 1291 5099 est
1337 5048 1445 5098 haec
1473 5052 1579 5116 pati
1605 5041 1728 5098 reli-

147 5115 312 5183 giosas
338 5119 560 5180 animus,
592 5133 811 5188 quarum
832 5118 1128 5188 afflictione,
1157 5117 1276 5186 quin
1298 5115 1520 5169 membra
1549 5128 1725 5188 nostra

149 5196 280 5259 funt,
323 5203 411 5259 nos
449 5205 650 5259 quoque
695 5187 926 5243 convertit
977 5189 1227 5241 macerari
1252 5203 1268 5238 :
1301 5189 1421 5255 quia
1475 5187 1724 5240 videlicet

150 5254 491 5312 Maximianus
549 5261 807 5314 Romana:
869 5259 1119 5313 Ecclesiae
1171 5260 1289 5310 fidei
1322 5254 1724 5310 communione

151 5340 428 5391 numquam
454 5348 558 5383 non
582 5330 826 5384 cohaesit.
856 5329 957 5384 Sed
981 5345 1100 5382 eum
1135 5338 1388 5395 prwterea
1423 5327 1720 5380 Romanum

151 5405 266 5448 ori—tl
308 5397 468 5455 Illis~e
498 5401 808 5456 Graecorum
841 5400 1037 5454 Menam
1088 5407 1376 5461 testantur;
1427 5398 1582 5462 idque
1637 5400 1727 5449 lir-

154 5475 262 5518 niat
293 5467 596 5525 Maximiani
627 5487 840 5535 nomen,
868 5471 1005 5539 quod
1029 5480 1176 5523 certe
1200 5468 1442 5524 Grai-eunt
1471 5485 1572 5520 nun
1608 5477 1722 5539 est:

154 5550 320 5606 neque
345 5551 518 5595 tamen
556 5542 810 5596 Ecclesiae
836 5537 1245 5600 (jottstantiuon.
1278 5539 1448 5592 videri
1497 5537 1726 5591 debellat

154 5608 380 5684 ³³¹ίῘ⁶η¹¹⁵ι
428 5623 612 5684 ultime
655 5629 814 5684 quem
857 5613 908 5667 in
948 5612 1065 5682 ejus
1105 5613 1220 5665 sinu
1268 5610 1613 5664 οιιιιςθιιιιίεμο
1659 5623 1724 5661 ex

155 5680 398 5736 subuexis
427 5683 587 5744 liquet
602 5724 614 5736 .

226 5748 251 5782 δ
294 5751 435 5809 Lini.
487 5767 691 5807 nostrn'.
744 5753 902 5820 Magis
943 5756 1113 5816 pluch
1151 5770 1267 5803 cunt
1305 5752 1494 5802 Horon.
1541 5759 1594 5801 et
1623 5763 1726 5801 ms.

158 5815 326 5880 Collt.,
373 5839 564 5879 vestrm.
606 5828 675 5878 Ita
723 5815 879 5887 init-ai,
925 5815 1119 5878 Vttllate
1170 5824 1325 5874 muris
1374 5823 1492 5888 [illei
1532 5831 1726 5882 vestrm,

162 5902 263 5950 Ion
294 5907 490 5952 uestrae.
539 5897 639 5954 llic
682 5896 805 5953 ﬁdei
846 5907 1022 5953 mli-tr
1059 5909 1205 5950 arma
1252 5911 1316 5950 eo
1357 5893 1547 5950 dicitur
1570 5891 1733 5946 modo

1829 4851 1934 4904 quo
1963 4833 2280 4904 simpliciter
2309 4831 2610 4886 diceremus
2654 4827 2810 4896 ﬁdem
2853 4835 3092 4889 vestram,
3138 4823 3220 4878 vel
3254 4839 3334 4877 ves
3399 4843 3412 4875 ι

1829 4923 2162 5029 αΓΤαΒιιτιιη.
2195 4989 2314 5027 cum
2357 4986 2459 5025 ms.
2499 4969 2680 5031 (3011),,
2721 4969 2774 5021 in
2809 4967 2964 5038 totius
3007 4973 3415 5038 congregationi.

1831 5046 2138 5100 Christiana!
2165 5045 2342 5114 plebis.
2379 5042 2531 5106 Lab.,
2562 5042 2611 5093 in
2643 5047 2749 5114 tota
2774 5037 3079 5114 Christianae
3099 5037 3258 5106 plebis
3290 5055 3382 5114 con

1829 5107 2217 5190 grcgationeCA
2265 5131 2390 5173 tns..
2445 5110 2828 5190 ut_minimttn't_
2856 5107 3414 5190 liotttittttts,nreces.~i-

1829 5176 1967 5241 Ϊιιιιῖ.
2000 5190 2130 5241 IIlttt'
2157 5201 2306 5241 vezui
2343 5184 2650 5249 praesuium.
2687 5177 3391 5249 lltllllllllllIlltqllcinl'lllllllo

1832 5277 1950 5313 rum
2001 5261 2244 5312 firmatur
2291 5247 2430 5317 tum,
2479 5268 2586 5320 quo
2633 5255 2836 5306 litteras
2863 5266 2983 5320 quae
3013 5250 3076 5301 ad
3121 5247 3416 5320 Ecclesium

1828 5333 2150 5385 attinebant.
2197 5331 2244 5379 in
2297 5319 2524 5380 ecclesia
2569 5339 2747 5377 rorant
2801 5319 2955 5388 plebe
3001 5321 3100 5388 legi
3129 5319 3414 5398 ctara‘ltant.

1832 5401 2090 5466 Superius
2110 5405 2128 5423 '
2158 5400 2427 5452 Liltet'itttn
2467 5386 3084 5468 anilivitttttslestantetft
3122 5404 3210 5468 se_
3229 5386 3416 5468 Orien-

1831 5457 2011 5523 talium
2037 5473 2228 5524 litteras
2250 5470 2534 5540 intimasse,
2560 5463 3021 5540 legisselfcrlesiw.
3039 5471 3107 5540 _et
3138 5457 3415 5540 Egyptia-

1831 5557 1946 5594 rnm
1987 5556 2340 5611 episcoporum
2393 5541 2455 5591 de
2503 5532 2789 5591 Athanasio
2834 5533 3135 5586 sententiam
3179 5532 3413 5583 similiter

1832 5615 2088 5665 recitasse.

1905 5681 1932 5720 ἀ
1973 5686 2124 5751 Apud
2149 5682 2586 5751 BarOtt.,jttstunt
2614 5676 2896 5729 dominittttt

1899 5897 1920 5920 ⁹
1945 5895 2068 5942 Vide.
2095 5903 2210 5942 tom.
2231 5895 2347 5942 VIII
2375 5902 2548 5940 nnslr'r-
2576 5890 2735 5931 I‘alrnl
