  <div class='ocr_page' id='page_1' title='image "/cluster/home/n/w/nwhite01/storage/ocr_20150623/50/hvd.32044015471550/280.png"; bbox 0 0 3976 6336; ppageno 0'>
   <div class='ocr_carea' id='block_1_1' title="bbox 122 266 201 341">
    <p class='ocr_par' dir='ltr' id='par_1_1' title="bbox 122 266 201 341">
     <span class='ocr_line' id='line_1_1' title="bbox 122 266 201 341; baseline -0.051 0"><span class='ocrx_word' id='word_1_1' title='bbox 122 266 201 341; x_wconf 60' lang='lat' dir='ltr'><strong>5st</strong></span> 
     </span>
    </p>
   </div>
   <div class='ocr_carea' id='block_1_2' title="bbox 458 238 2939 321">
    <p class='ocr_par' dir='ltr' id='par_1_2' title="bbox 458 238 2939 321">
     <span class='ocr_line' id='line_1_2' title="bbox 458 238 2939 321; baseline 0.002 -20"><span class='ocrx_word' id='word_1_2' title='bbox 458 244 672 302; x_wconf 84' lang='lat' dir='ltr'><strong>EPIST.</strong></span> <span class='ocrx_word' id='word_1_3' title='bbox 718 246 882 303; x_wconf 72' lang='lat' dir='ltr'><strong>XXV.</strong></span> <span class='ocrx_word' id='word_1_4' title='bbox 930 244 1322 304; x_wconf 71' lang='lat' dir='ltr'><strong>C(ELESTINI</strong></span> <span class='ocrx_word' id='word_1_5' title='bbox 1360 246 1565 304; x_wconf 72' lang='grc' dir='ltr'>ΡΑΡᾹΞ</span> <span class='ocrx_word' id='word_1_6' title='bbox 1603 246 1695 302; x_wconf 84' lang='lat' dir='ltr'><strong>AD</strong></span> <span class='ocrx_word' id='word_1_7' title='bbox 1731 245 2008 303; x_wconf 77' lang='lat' dir='ltr'><strong>CLERUM</strong></span> <span class='ocrx_word' id='word_1_8' title='bbox 2047 244 2136 303; x_wconf 84' lang='grc' dir='ltr'><strong>ΕΤ</strong></span> <span class='ocrx_word' id='word_1_9' title='bbox 2178 238 2453 303; x_wconf 75' lang='lat' dir='ltr'><strong>PLEBEM</strong></span> <span class='ocrx_word' id='word_1_10' title='bbox 2487 241 2939 321; x_wconf 76' lang='lat' dir='ltr'><strong>CQNSTANTIN.</strong></span> 
     </span>
    </p>
   </div>
   <div class='ocr_carea' id='block_1_3' title="bbox 3229 250 3345 331">
    <p class='ocr_par' dir='ltr' id='par_1_3' title="bbox 3229 250 3345 331">
     <span class='ocr_line' id='line_1_3' title="bbox 3229 250 3345 331; baseline 0 -22"><span class='ocrx_word' id='word_1_11' title='bbox 3229 250 3345 331; x_wconf 68' lang='lat' dir='ltr'><strong>sap</strong></span> 
     </span>
    </p>
   </div>
   <div class='ocr_carea' id='block_1_4' title="bbox 160 361 3342 444">
    <p class='ocr_par' dir='ltr' id='par_1_4' title="bbox 160 361 3342 444">
     <span class='ocr_line' id='line_1_4' title="bbox 160 361 3342 444; baseline 0.001 -27"><span class='ocrx_word' id='word_1_12' title='bbox 160 364 487 444; x_wconf 55' lang='lat' dir='ltr'><strong>commendat.</strong></span> <span class='ocrx_word' id='word_1_13' title='bbox 518 364 894 427; x_wconf 67' lang='lat' dir='ltr'><strong>Maximianum</strong></span> <span class='ocrx_word' id='word_1_14' title='bbox 914 364 1037 435; x_wconf 79' lang='lat' dir='ltr'><strong>ipsis</strong></span> <span class='ocrx_word' id='word_1_15' title='bbox 1059 364 1355 433; x_wconf 66' lang='lat' dir='ltr'><strong>praefectum</strong></span> <span class='ocrx_word' id='word_1_16' title='bbox 1376 362 1555 433; x_wconf 74' lang='lat' dir='ltr'><strong>paucis</strong></span> <span class='ocrx_word' id='word_1_17' title='bbox 1580 361 1650 415; x_wconf 89' lang='lat' dir='ltr'><strong>ad</strong></span> <span class='ocrx_word' id='word_1_18' title='bbox 1675 371 1730 430; x_wconf 69' lang='grc' dir='ltr'><strong>Δ</strong></span> <span class='ocrx_word' id='word_1_19' title='bbox 1756 362 1831 439; x_wconf 92' lang='lat' dir='ltr'><strong>de_</strong></span> <span class='ocrx_word' id='word_1_20' title='bbox 1871 363 2122 437; x_wconf 76' lang='lat' dir='ltr'><strong>patientia</strong></span> <span class='ocrx_word' id='word_1_21' title='bbox 2172 362 2340 423; x_wconf 85' lang='lat' dir='ltr'><strong>fuisse</strong></span> <span class='ocrx_word' id='word_1_22' title='bbox 2390 377 2715 431; x_wconf 87' lang='lat' dir='ltr'><strong>sermonem.</strong></span> <span class='ocrx_word' id='word_1_23' title='bbox 2758 363 2964 423; x_wconf 77' lang='lat' dir='ltr'><strong>Jactavi</strong></span> <span class='ocrx_word' id='word_1_24' title='bbox 3008 377 3130 436; x_wconf 64' lang='lat' dir='ltr'><strong>qua</strong></span> <span class='ocrx_word' id='word_1_25' title='bbox 3176 364 3342 444; x_wconf 68' lang='lat' dir='ltr'><strong>debui</strong></span> 
     </span>
    </p>
   </div>
   <div class='ocr_carea' id='block_1_5' title="bbox 161 431 558 495">
    <p class='ocr_par' dir='ltr' id='par_1_5' title="bbox 161 431 558 495">
     <span class='ocr_line' id='line_1_5' title="bbox 161 431 558 495; baseline -0.005 -4"><span class='ocrx_word' id='word_1_26' title='bbox 161 431 332 495; x_wconf 74' lang='lat' dir='ltr'><strong>calcem</strong></span> <span class='ocrx_word' id='word_1_27' title='bbox 358 431 558 489; x_wconf 60' lang='lat' dir='ltr'><strong>laudat.</strong></span> 
     </span>
    </p>
   </div>
   <div class='ocr_carea' id='block_1_6' title="bbox 109 530 1656 615">
    <p class='ocr_par' dir='ltr' id='par_1_6' title="bbox 109 530 1656 615">
     <span class='ocr_line' id='line_1_6' title="bbox 109 530 1656 615; baseline -0.003 -10"><span class='ocrx_word' id='word_1_28' title='bbox 109 530 426 605; x_wconf 55' lang='lat' dir='ltr'><strong>limit-striam</strong></span> <span class='ocrx_word' id='word_1_29' title='bbox 459 546 751 615; x_wconf 86' lang='lat' dir='ltr'><strong>episcopus</strong></span> <span class='ocrx_word' id='word_1_30' title='bbox 789 546 936 601; x_wconf 91' lang='lat' dir='ltr'><strong>clero</strong></span> <span class='ocrx_word' id='word_1_31' title='bbox 969 556 1023 601; x_wconf 91' lang='lat' dir='ltr'><strong>et</strong></span> <span class='ocrx_word' id='word_1_32' title='bbox 1062 546 1202 613; x_wconf 84' lang='lat' dir='ltr'><strong>plebi</strong></span> <span class='ocrx_word' id='word_1_33' title='bbox 1238 544 1656 601; x_wconf 73' lang='lat' dir='ltr'><strong>consistentibus</strong></span> 
     </span>
    </p>
   </div>
   <div class='ocr_carea' id='block_1_7' title="bbox 614 618 1103 688">
    <p class='ocr_par' dir='ltr' id='par_1_7' title="bbox 614 618 1103 688">
     <span class='ocr_line' id='line_1_7' title="bbox 614 618 1103 688; baseline 0.002 -16"><span class='ocrx_word' id='word_1_34' title='bbox 614 618 1103 688; x_wconf 82' lang='lat' dir='ltr'><strong>Constantinopoli.</strong></span> 
     </span>
    </p>
   </div>
   <div class='ocr_carea' id='block_1_8' title="bbox 166 720 1655 801">
    <p class='ocr_par' dir='ltr' id='par_1_8' title="bbox 166 720 1655 801">
     <span class='ocr_line' id='line_1_8' title="bbox 166 720 1655 801; baseline -0.002 -13"><span class='ocrx_word' id='word_1_35' title='bbox 166 737 202 788; x_wconf 89' lang='lat' dir='ltr'><strong>l.</strong></span> <span class='ocrx_word' id='word_1_36' title='bbox 244 734 541 797; x_wconf 75' lang='lat' dir='ltr'><strong>Exsultatio</strong></span> <span class='ocrx_word' id='word_1_37' title='bbox 570 720 755 786; x_wconf 85' lang='lat' dir='ltr'><strong>matris</strong></span> <span class='ocrx_word' id='word_1_38' title='bbox 782 742 863 786; x_wconf 92' lang='lat' dir='ltr'><strong>est</strong></span> <span class='ocrx_word' id='word_1_39' title='bbox 892 732 1240 801; x_wconf 79' lang='lat' dir='ltr'><strong>congregatio</strong></span> <span class='ocrx_word' id='word_1_40' title='bbox 1270 730 1523 786; x_wconf 88' lang='lat' dir='ltr'><strong>liliorum.</strong></span> <span class='ocrx_word' id='word_1_41' title='bbox 1552 730 1655 786; x_wconf 88' lang='lat' dir='ltr'><strong>De-</strong></span> 
     </span>
    </p>
   </div>
   <div class='ocr_carea' id='block_1_9' title="bbox 107 825 1655 897">
    <p class='ocr_par' dir='ltr' id='par_1_9' title="bbox 107 825 1655 897">
     <span class='ocr_line' id='line_1_9' title="bbox 107 825 1655 897; baseline -0.003 -16"><span class='ocrx_word' id='word_1_42' title='bbox 107 831 174 897; x_wconf 84' lang='lat' dir='ltr'><strong>niq</strong></span> <span class='ocrx_word' id='word_1_43' title='bbox 211 844 235 879; x_wconf 68' lang='grc' dir='ltr'>«ι</span> <span class='ocrx_word' id='word_1_44' title='bbox 271 829 487 893; x_wconf 63' lang='lat' dir='ltr'><strong>lmtatur</strong></span> <span class='ocrx_word' id='word_1_45' title='bbox 531 827 772 881; x_wconf 82' lang='lat' dir='ltr'><strong>Ecclesia</strong></span> <span class='ocrx_word' id='word_1_46' title='bbox 823 825 894 880; x_wconf 89' lang='lat' dir='ltr'><strong>ita</strong></span> <span class='ocrx_word' id='word_1_47' title='bbox 945 840 1004 881; x_wconf 88' lang='lat' dir='ltr'><strong>se</strong></span> <span class='ocrx_word' id='word_1_48' title='bbox 1049 826 1191 880; x_wconf 86' lang='lat' dir='ltr'><strong>ﬁlios</strong></span> <span class='ocrx_word' id='word_1_49' title='bbox 1232 840 1368 895; x_wconf 86' lang='lat' dir='ltr'><strong>quos</strong></span> <span class='ocrx_word' id='word_1_50' title='bbox 1411 826 1655 880; x_wconf 79' lang='lat' dir='ltr'><strong>diabolus</strong></span> 
     </span>
    </p>
   </div>
   <div class='ocr_carea' id='block_1_10' title="bbox 102 916 1657 987">
    <p class='ocr_par' dir='ltr' id='par_1_10' title="bbox 102 916 1657 987">
     <span class='ocr_line' id='line_1_10' title="bbox 102 916 1657 987; baseline -0.001 -14"><span class='ocrx_word' id='word_1_51' title='bbox 102 922 423 987; x_wconf 58' lang='lat' dir='ltr'><strong>inmerserat,</strong></span> <span class='ocrx_word' id='word_1_52' title='bbox 460 918 652 972; x_wconf 90' lang='lat' dir='ltr'><strong>iterum</strong></span> <span class='ocrx_word' id='word_1_53' title='bbox 684 932 1066 987; x_wconf 63' lang='lat' dir='ltr'><strong>congregaSse.</strong></span> <span class='ocrx_word' id='word_1_54' title='bbox 1100 926 1156 973; x_wconf 89' lang='lat' dir='ltr'><strong>ut</strong></span> <span class='ocrx_word' id='word_1_55' title='bbox 1183 932 1247 971; x_wconf 79' lang='lat' dir='ltr'><strong>ex</strong></span> <span class='ocrx_word' id='word_1_56' title='bbox 1279 917 1362 971; x_wconf 90' lang='lat' dir='ltr'><strong>his</strong></span> <span class='ocrx_word' id='word_1_57' title='bbox 1386 916 1486 970; x_wconf 85' lang='lat' dir='ltr'><strong>nisi</strong></span> <span class='ocrx_word' id='word_1_58' title='bbox 1515 916 1657 977; x_wconf 80' lang='lat' dir='ltr'><strong>[ilius</strong></span> 
     </span>
    </p>
   </div>
   <div class='ocr_carea' id='block_1_11' title="bbox 104 1009 1653 1078">
    <p class='ocr_par' dir='ltr' id='par_1_11' title="bbox 104 1009 1653 1078">
     <span class='ocr_line' id='line_1_11' title="bbox 104 1009 1653 1078; baseline 0.003 -21"><span class='ocrx_word' id='word_1_59' title='bbox 104 1010 393 1077; x_wconf 78' lang='lat' dir='ltr'><strong>pt‘rtlilluttls</strong></span> <span class='ocrx_word' id='word_1_60' title='bbox 425 1025 583 1062; x_wconf 81' lang='lat' dir='ltr'><strong>nemo</strong></span> <span class='ocrx_word' id='word_1_61' title='bbox 611 1009 681 1064; x_wconf 91' lang='lat' dir='ltr'><strong>sit</strong></span> <span class='ocrx_word' id='word_1_62' title='bbox 707 1009 975 1077; x_wconf 89' lang='lat' dir='ltr'><strong>perditus,</strong></span> <span class='ocrx_word' id='word_1_63' title='bbox 1004 1012 1126 1078; x_wconf 84' lang='lat' dir='ltr'><strong>quia</strong></span> <span class='ocrx_word' id='word_1_64' title='bbox 1158 1025 1280 1064; x_wconf 92' lang='lat' dir='ltr'><strong>eum</strong></span> <span class='ocrx_word' id='word_1_65' title='bbox 1314 1010 1477 1063; x_wconf 88' lang='lat' dir='ltr'><strong>lilium</strong></span> <span class='ocrx_word' id='word_1_66' title='bbox 1500 1024 1653 1063; x_wconf 90' lang='lat' dir='ltr'><strong>suum</strong></span> 
     </span>
    </p>
   </div>
   <div class='ocr_carea' id='block_1_12' title="bbox 103 1092 1657 1169">
    <p class='ocr_par' dir='ltr' id='par_1_12' title="bbox 103 1092 1657 1169">
     <span class='ocr_line' id='line_1_12' title="bbox 103 1092 1657 1169; baseline -0.001 -14"><span class='ocrx_word' id='word_1_67' title='bbox 103 1092 410 1169; x_wconf 73' lang='lat' dir='ltr'><strong>nequaquam</strong></span> <span class='ocrx_word' id='word_1_68' title='bbox 468 1110 617 1167; x_wconf 86' lang='lat' dir='ltr'><strong>pater</strong></span> <span class='ocrx_word' id='word_1_69' title='bbox 665 1099 901 1168; x_wconf 76' lang='lat' dir='ltr'><strong>agnm&#39;it.</strong></span> <span class='ocrx_word' id='word_1_70' title='bbox 957 1099 1110 1153; x_wconf 90' lang='lat' dir='ltr'><strong>Illum</strong></span> <span class='ocrx_word' id='word_1_71' title='bbox 1158 1114 1388 1168; x_wconf 88' lang='lat' dir='ltr'><strong>namque</strong></span> <span class='ocrx_word' id='word_1_72' title='bbox 1432 1115 1497 1153; x_wconf 79' lang='lat' dir='ltr'><strong>cx</strong></span> <span class='ocrx_word' id='word_1_73' title='bbox 1550 1114 1657 1166; x_wconf 91' lang='lat' dir='ltr'><strong>quo</strong></span> 
     </span>
    </p>
   </div>
   <div class='ocr_carea' id='block_1_13' title="bbox 102 1184 1658 1262">
    <p class='ocr_par' dir='ltr' id='par_1_13' title="bbox 102 1184 1658 1262">
     <span class='ocr_line' id='line_1_13' title="bbox 102 1184 1658 1262; baseline -0.003 -16"><span class='ocrx_word' id='word_1_74' title='bbox 102 1201 209 1254; x_wconf 86' lang='lat' dir='ltr'><strong>erat,</strong></span> <span class='ocrx_word' id='word_1_75' title='bbox 239 1184 632 1257; x_wconf 37' lang='lat' dir='ltr'><strong>sicut&#39;legimus</strong></span> <span class='ocrx_word' id='word_1_76' title='bbox 664 1188 847 1261; x_wconf 82' lang='lat' dir='ltr'><strong>(Joau.</strong></span> <span class='ocrx_word' id='word_1_77' title='bbox 894 1206 1013 1255; x_wconf 88' lang='lat' dir='ltr'><strong>vttt,</strong></span> <span class='ocrx_word' id='word_1_78' title='bbox 1057 1188 1174 1262; x_wconf 70' lang='lat'><strong>44),</strong></span> <span class='ocrx_word' id='word_1_79' title='bbox 1216 1190 1474 1256; x_wconf 83' lang='lat' dir='ltr'><strong>imitatus,</strong></span> <span class='ocrx_word' id='word_1_80' title='bbox 1507 1191 1658 1253; x_wconf 81' lang='lat' dir='ltr'><strong>vobis</strong></span> 
     </span>
    </p>
   </div>
   <div class='ocr_carea' id='block_1_14' title="bbox 103 1282 1657 1355">
    <p class='ocr_par' dir='ltr' id='par_1_14' title="bbox 103 1282 1657 1355">
     <span class='ocr_line' id='line_1_14' title="bbox 103 1282 1657 1355; baseline -0.003 -15"><span class='ocrx_word' id='word_1_81' title='bbox 103 1282 327 1355; x_wconf 71' lang='lat' dir='ltr'><strong>legitimis</strong></span> <span class='ocrx_word' id='word_1_82' title='bbox 376 1284 466 1337; x_wconf 88' lang='lat' dir='ltr'><strong>Dei</strong></span> <span class='ocrx_word' id='word_1_83' title='bbox 509 1283 631 1337; x_wconf 89' lang='lat' dir='ltr'><strong>ﬁliis</strong></span> <span class='ocrx_word' id='word_1_84' title='bbox 669 1283 1042 1338; x_wconf 70' lang='lat' dir='ltr'><strong>ltmreditatem</strong></span> <span class='ocrx_word' id='word_1_85' title='bbox 1082 1282 1381 1337; x_wconf 71' lang='lat' dir='ltr'><strong>conabatur</strong></span> <span class='ocrx_word' id='word_1_86' title='bbox 1410 1283 1657 1351; x_wconf 73' lang='lat' dir='ltr'><strong>auferre;</strong></span> 
     </span>
    </p>
   </div>
   <div class='ocr_carea' id='block_1_15' title="bbox 100 1374 1659 1459">
    <p class='ocr_par' dir='ltr' id='par_1_15' title="bbox 100 1374 1659 1459">
     <span class='ocr_line' id='line_1_15' title="bbox 100 1374 1659 1459; baseline -0.001 -29"><span class='ocrx_word' id='word_1_87' title='bbox 100 1394 208 1449; x_wconf 86' lang='lat' dir='ltr'><strong>quos</strong></span> <span class='ocrx_word' id='word_1_88' title='bbox 226 1422 249 1459; x_wconf 42' lang='grc' dir='ltr'><strong>,Ι</strong></span> <span class='ocrx_word' id='word_1_89' title='bbox 283 1379 499 1432; x_wconf 78' lang='lat' dir='ltr'><strong>dicente</strong></span> <span class='ocrx_word' id='word_1_90' title='bbox 540 1376 815 1447; x_wconf 79' lang='lat' dir='ltr'><strong>Apostolo</strong></span> <span class='ocrx_word' id='word_1_91' title='bbox 862 1375 1037 1445; x_wconf 85' lang='lat' dir='ltr'><strong>(Rom.</strong></span> <span class='ocrx_word' id='word_1_92' title='bbox 1084 1391 1197 1437; x_wconf 84' lang='lat' dir='ltr'><strong>vut,</strong></span> <span class='ocrx_word' id='word_1_93' title='bbox 1246 1376 1356 1446; x_wconf 79' lang='grc'><strong>17).</strong></span> <span class='ocrx_word' id='word_1_94' title='bbox 1408 1390 1505 1444; x_wconf 89' lang='lat' dir='ltr'><strong>pro</strong></span> <span class='ocrx_word' id='word_1_95' title='bbox 1552 1374 1659 1429; x_wconf 88' lang='lat' dir='ltr'><strong>ﬁde</strong></span> 
     </span>
    </p>
   </div>
   <div class='ocr_carea' id='block_1_16' title="bbox 101 1466 1662 1526">
    <p class='ocr_par' dir='ltr' id='par_1_16' title="bbox 101 1466 1662 1526">
     <span class='ocr_line' id='line_1_16' title="bbox 101 1466 1662 1526; baseline -0.003 -1"><span class='ocrx_word' id='word_1_96' title='bbox 101 1482 244 1525; x_wconf 84' lang='lat' dir='ltr'><strong>vestra</strong></span> <span class='ocrx_word' id='word_1_97' title='bbox 272 1481 333 1526; x_wconf 89' lang='lat' dir='ltr'><strong>et</strong></span> <span class='ocrx_word' id='word_1_98' title='bbox 356 1470 601 1525; x_wconf 67' lang='lat' dir='ltr'><strong>bteredes</strong></span> <span class='ocrx_word' id='word_1_99' title='bbox 632 1468 724 1523; x_wconf 90' lang='lat' dir='ltr'><strong>Dei</strong></span> <span class='ocrx_word' id='word_1_100' title='bbox 746 1478 800 1523; x_wconf 89' lang='lat' dir='ltr'><strong>et</strong></span> <span class='ocrx_word' id='word_1_101' title='bbox 829 1468 1025 1523; x_wconf 86' lang='lat' dir='ltr'><strong>Christi</strong></span> <span class='ocrx_word' id='word_1_102' title='bbox 1057 1468 1223 1522; x_wconf 86' lang='lat' dir='ltr'><strong>nostri</strong></span> <span class='ocrx_word' id='word_1_103' title='bbox 1252 1466 1460 1521; x_wconf 81' lang='lat' dir='ltr'><strong>futuros</strong></span> <span class='ocrx_word' id='word_1_104' title='bbox 1488 1466 1662 1522; x_wconf 90' lang='lat' dir='ltr'><strong>credi-</strong></span> 
     </span>
    </p>
   </div>
   <div class='ocr_carea' id='block_1_17' title="bbox 100 1544 1660 1628">
    <p class='ocr_par' dir='ltr' id='par_1_17' title="bbox 100 1544 1660 1628">
     <span class='ocr_line' id='line_1_17' title="bbox 100 1544 1660 1628; baseline -0.002 -11"><span class='ocrx_word' id='word_1_105' title='bbox 100 1578 195 1617; x_wconf 85' lang='lat' dir='ltr'><strong>mus</strong></span> <span class='ocrx_word' id='word_1_106' title='bbox 229 1544 569 1616; x_wconf 73' lang='lat' dir='ltr'><strong>coltmrcdes.</strong></span> <span class='ocrx_word' id='word_1_107' title='bbox 606 1559 724 1614; x_wconf 86' lang='lat' dir='ltr'><strong>Non</strong></span> <span class='ocrx_word' id='word_1_108' title='bbox 762 1574 891 1627; x_wconf 77' lang='lat' dir='ltr'><strong>ergo</strong></span> <span class='ocrx_word' id='word_1_109' title='bbox 916 1558 967 1613; x_wconf 91' lang='lat' dir='ltr'><strong>ci</strong></span> <span class='ocrx_word' id='word_1_110' title='bbox 999 1560 1224 1628; x_wconf 87' lang='lat' dir='ltr'><strong>palmam</strong></span> <span class='ocrx_word' id='word_1_111' title='bbox 1254 1558 1321 1612; x_wconf 91' lang='lat' dir='ltr'><strong>de</strong></span> <span class='ocrx_word' id='word_1_112' title='bbox 1351 1560 1434 1613; x_wconf 88' lang='lat' dir='ltr'><strong>his</strong></span> <span class='ocrx_word' id='word_1_113' title='bbox 1460 1558 1660 1615; x_wconf 76' lang='lat' dir='ltr'><strong>referre</strong></span> 
     </span>
    </p>
   </div>
   <div class='ocr_carea' id='block_1_18' title="bbox 103 1649 1657 1721">
    <p class='ocr_par' dir='ltr' id='par_1_18' title="bbox 103 1649 1657 1721">
     <span class='ocr_line' id='line_1_18' title="bbox 103 1649 1657 1721; baseline 0 -18"><span class='ocrx_word' id='word_1_114' title='bbox 103 1652 396 1721; x_wconf 84' lang='lat' dir='ltr'><strong>permissum</strong></span> <span class='ocrx_word' id='word_1_115' title='bbox 442 1659 544 1717; x_wconf 89' lang='lat' dir='ltr'><strong>est,</strong></span> <span class='ocrx_word' id='word_1_116' title='bbox 594 1650 682 1719; x_wconf 91' lang='lat' dir='ltr'><strong>qui</strong></span> <span class='ocrx_word' id='word_1_117' title='bbox 723 1649 791 1704; x_wconf 93' lang='lat' dir='ltr'><strong>de</strong></span> <span class='ocrx_word' id='word_1_118' title='bbox 840 1651 956 1719; x_wconf 91' lang='lat' dir='ltr'><strong>ipso</strong></span> <span class='ocrx_word' id='word_1_119' title='bbox 996 1649 1164 1717; x_wconf 81' lang='lat' dir='ltr'><strong>magis</strong></span> <span class='ocrx_word' id='word_1_120' title='bbox 1208 1664 1305 1721; x_wconf 93' lang='lat' dir='ltr'><strong>per</strong></span> <span class='ocrx_word' id='word_1_121' title='bbox 1344 1664 1494 1703; x_wconf 90' lang='lat' dir='ltr'><strong>arma</strong></span> <span class='ocrx_word' id='word_1_122' title='bbox 1536 1650 1657 1705; x_wconf 89' lang='lat' dir='ltr'><strong>ﬁdei</strong></span> 
     </span>
    </p>
   </div>
   <div class='ocr_carea' id='block_1_19' title="bbox 1755 454 3342 537">
    <p class='ocr_par' dir='ltr' id='par_1_19' title="bbox 1755 454 3342 537">
     <span class='ocr_line' id='line_1_19' title="bbox 1755 454 3342 537; baseline 0.001 -29"><span class='ocrx_word' id='word_1_123' title='bbox 1755 454 1962 509; x_wconf 86' lang='lat' dir='ltr'><strong>semina</strong></span> <span class='ocrx_word' id='word_1_124' title='bbox 2007 455 2265 511; x_wconf 85' lang='lat' dir='ltr'><strong>sacerdos</strong></span> <span class='ocrx_word' id='word_1_125' title='bbox 2313 456 2366 511; x_wconf 92' lang='lat' dir='ltr'><strong>in</strong></span> <span class='ocrx_word' id='word_1_126' title='bbox 2413 456 2596 511; x_wconf 84' lang='lat' dir='ltr'><strong>animo</strong></span> <span class='ocrx_word' id='word_1_127' title='bbox 2625 455 2958 537; x_wconf 76' lang='lat' dir='ltr'><strong>Cltristianp,</strong></span> <span class='ocrx_word' id='word_1_128' title='bbox 3008 472 3107 515; x_wconf 84' lang='lat' dir='ltr'><strong>nec</strong></span> <span class='ocrx_word' id='word_1_129' title='bbox 3156 473 3240 521; x_wconf 84' lang='lat' dir='ltr'><strong>me</strong></span> <span class='ocrx_word' id='word_1_130' title='bbox 3284 459 3342 537; x_wconf 81' lang='lat' dir='ltr'><strong>in</strong></span> 
     </span>
    </p>
   </div>
   <div class='ocr_carea' id='block_1_20' title="bbox 1757 545 3340 621">
    <p class='ocr_par' dir='ltr' id='par_1_20' title="bbox 1757 545 3340 621">
     <span class='ocr_line' id='line_1_20' title="bbox 1757 545 3340 621; baseline 0.002 -23"><span class='ocrx_word' id='word_1_131' title='bbox 1757 545 1913 601; x_wconf 85' lang='lat' dir='ltr'><strong>vobis</strong></span> <span class='ocrx_word' id='word_1_132' title='bbox 1936 562 2091 616; x_wconf 82' lang='lat' dir='ltr'><strong>seges</strong></span> <span class='ocrx_word' id='word_1_133' title='bbox 2119 556 2430 618; x_wconf 83' lang='lat' dir='ltr'><strong>exspectata</strong></span> <span class='ocrx_word' id='word_1_134' title='bbox 2461 548 2678 620; x_wconf 87' lang='lat' dir='ltr'><strong>decepit</strong></span> <span class='ocrx_word' id='word_1_135' title='bbox 2706 547 2923 621; x_wconf 75' lang='lat' dir='ltr'><strong>(Matth.</strong></span> <span class='ocrx_word' id='word_1_136' title='bbox 2949 565 3067 615; x_wconf 79' lang='lat' dir='ltr'><strong>xm.</strong></span> <span class='ocrx_word' id='word_1_137' title='bbox 3099 548 3193 615; x_wconf 73' lang='grc'><strong>24,</strong></span> <span class='ocrx_word' id='word_1_138' title='bbox 3223 550 3340 614; x_wconf 75' lang='grc'><strong>25).</strong></span> 
     </span>
    </p>
   </div>
   <div class='ocr_carea' id='block_1_21' title="bbox 1755 635 3343 711">
    <p class='ocr_par' dir='ltr' id='par_1_21' title="bbox 1755 635 3343 711">
     <span class='ocr_line' id='line_1_21' title="bbox 1755 635 3343 711; baseline 0.003 -18"><span class='ocrx_word' id='word_1_139' title='bbox 1755 635 1891 703; x_wconf 86' lang='lat' dir='ltr'><strong>Quid</strong></span> <span class='ocrx_word' id='word_1_140' title='bbox 1936 640 2075 693; x_wconf 91' lang='lat' dir='ltr'><strong>enim</strong></span> <span class='ocrx_word' id='word_1_141' title='bbox 2123 640 2398 708; x_wconf 69' lang='lat' dir='ltr'><strong>patientiae</strong></span> <span class='ocrx_word' id='word_1_142' title='bbox 2438 652 2632 697; x_wconf 69' lang='lat' dir='ltr'><strong>vestra:</strong></span> <span class='ocrx_word' id='word_1_143' title='bbox 2678 642 2869 697; x_wconf 64' lang='lat' dir='ltr'><strong>messis</strong></span> <span class='ocrx_word' id='word_1_144' title='bbox 2912 641 3343 711; x_wconf 36' lang='lat' dir='ltr'><strong>intulerit,.ip~is</strong></span> 
     </span>
    </p>
   </div>
   <div class='ocr_carea' id='block_1_22' title="bbox 1757 716 3337 815">
    <p class='ocr_par' dir='ltr' id='par_1_22' title="bbox 1757 716 3337 815">
     <span class='ocr_line' id='line_1_22' title="bbox 1757 716 3337 815; baseline 0.004 -34"><span class='ocrx_word' id='word_1_145' title='bbox 1757 729 2019 783; x_wconf 78' lang='lat' dir='ltr'><strong>fructibus</strong></span> <span class='ocrx_word' id='word_1_146' title='bbox 2058 730 2387 800; x_wconf 82' lang='lat' dir='ltr'><strong>approbatis.</strong></span> <span class='ocrx_word' id='word_1_147' title='bbox 2433 732 2530 786; x_wconf 84' lang='lat' dir='ltr'><strong>His</strong></span> <span class='ocrx_word' id='word_1_148' title='bbox 2576 733 2819 789; x_wconf 84' lang='lat' dir='ltr'><strong>invidens</strong></span> <span class='ocrx_word' id='word_1_149' title='bbox 2849 746 3061 815; x_wconf 82' lang='lat' dir='ltr'><strong>severat</strong></span> <span class='ocrx_word' id='word_1_150' title='bbox 3102 734 3337 815; x_wconf 77' lang='lat' dir='ltr'><strong>peritura</strong></span> 
     </span>
    </p>
   </div>
   <div class='ocr_carea' id='block_1_23' title="bbox 1756 822 3338 899">
    <p class='ocr_par' dir='ltr' id='par_1_23' title="bbox 1756 822 3338 899">
     <span class='ocr_line' id='line_1_23' title="bbox 1756 822 3338 899; baseline 0.005 -24"><span class='ocrx_word' id='word_1_151' title='bbox 1756 822 1956 877; x_wconf 85' lang='lat' dir='ltr'><strong>zizania</strong></span> <span class='ocrx_word' id='word_1_152' title='bbox 2000 824 2138 878; x_wconf 92' lang='lat' dir='ltr'><strong>intra</strong></span> <span class='ocrx_word' id='word_1_153' title='bbox 2180 823 2580 893; x_wconf 84' lang='lat' dir='ltr'><strong>aliquantorum</strong></span> <span class='ocrx_word' id='word_1_154' title='bbox 2622 836 2832 882; x_wconf 90' lang='lat' dir='ltr'><strong>mentes</strong></span> <span class='ocrx_word' id='word_1_155' title='bbox 2871 827 3105 899; x_wconf 77' lang='lat' dir='ltr'><strong>agricola</strong></span> <span class='ocrx_word' id='word_1_156' title='bbox 3139 826 3338 899; x_wconf 81' lang='lat' dir='ltr'><strong>peritu-</strong></span> 
     </span>
    </p>
   </div>
   <div class='ocr_carea' id='block_1_24' title="bbox 1756 900 3340 988">
    <p class='ocr_par' dir='ltr' id='par_1_24' title="bbox 1756 900 3340 988">
     <span class='ocr_line' id='line_1_24' title="bbox 1756 900 3340 988; baseline 0.001 -18"><span class='ocrx_word' id='word_1_157' title='bbox 1756 932 1849 971; x_wconf 88' lang='lat' dir='ltr'><strong>rus</strong></span> <span class='ocrx_word' id='word_1_158' title='bbox 1875 935 1888 971; x_wconf 90' lang='lat'><strong><em>:</em></strong></span> <span class='ocrx_word' id='word_1_159' title='bbox 1919 926 2135 972; x_wconf 84' lang='lat' dir='ltr'><strong>severut</strong></span> <span class='ocrx_word' id='word_1_160' title='bbox 2184 918 2341 988; x_wconf 86' lang='lat' dir='ltr'><strong>longe</strong></span> <span class='ocrx_word' id='word_1_161' title='bbox 2370 918 2512 972; x_wconf 91' lang='lat' dir='ltr'><strong>aliud</strong></span> <span class='ocrx_word' id='word_1_162' title='bbox 2545 936 2702 986; x_wconf 89' lang='lat' dir='ltr'><strong>quam</strong></span> <span class='ocrx_word' id='word_1_163' title='bbox 2743 928 3023 988; x_wconf 82' lang='lat' dir='ltr'><strong>acceperat</strong></span> <span class='ocrx_word' id='word_1_164' title='bbox 3070 900 3340 976; x_wconf 82' lang='lat' dir='ltr'><strong>seminan-</strong></span> 
     </span>
    </p>
   </div>
   <div class='ocr_carea' id='block_1_25' title="bbox 1758 1008 3347 1087">
    <p class='ocr_par' dir='ltr' id='par_1_25' title="bbox 1758 1008 3347 1087">
     <span class='ocr_line' id='line_1_25' title="bbox 1758 1008 3347 1087; baseline 0.002 -26"><span class='ocrx_word' id='word_1_165' title='bbox 1758 1008 1907 1075; x_wconf 91' lang='lat' dir='ltr'><strong>dum,</strong></span> <span class='ocrx_word' id='word_1_166' title='bbox 1937 1011 2021 1063; x_wconf 92' lang='lat' dir='ltr'><strong>vel</strong></span> <span class='ocrx_word' id='word_1_167' title='bbox 2054 1011 2337 1063; x_wconf 75' lang='lat' dir='ltr'><strong>invenerat</strong></span> <span class='ocrx_word' id='word_1_168' title='bbox 2366 1010 2707 1064; x_wconf 87' lang='lat' dir='ltr'><strong>semiuatum.</strong></span> <span class='ocrx_word' id='word_1_169' title='bbox 2739 1012 3011 1067; x_wconf 88' lang='lat' dir='ltr'><strong>llabetnus</strong></span> <span class='ocrx_word' id='word_1_170' title='bbox 3040 1024 3191 1068; x_wconf 90' lang='lat' dir='ltr'><strong>certe</strong></span> <span class='ocrx_word' id='word_1_171' title='bbox 3217 1012 3347 1087; x_wconf 55' lang='lat' dir='ltr'><strong>litigi</strong></span> 
     </span>
    </p>
   </div>
   <div class='ocr_carea' id='block_1_26' title="bbox 1760 1103 3341 1177">
    <p class='ocr_par' dir='ltr' id='par_1_26' title="bbox 1760 1103 3341 1177">
     <span class='ocr_line' id='line_1_26' title="bbox 1760 1103 3341 1177; baseline 0.005 -21"><span class='ocrx_word' id='word_1_172' title='bbox 1760 1112 1957 1157; x_wconf 79' lang='lat' dir='ltr'><strong>nostra:</strong></span> <span class='ocrx_word' id='word_1_173' title='bbox 1988 1103 2214 1167; x_wconf 84' lang='lat' dir='ltr'><strong>semina,</strong></span> <span class='ocrx_word' id='word_1_174' title='bbox 2246 1118 2365 1173; x_wconf 78' lang='lat' dir='ltr'><strong>qua:</strong></span> <span class='ocrx_word' id='word_1_175' title='bbox 2399 1103 2566 1173; x_wconf 82' lang='lat' dir='ltr'><strong>ipsius</strong></span> <span class='ocrx_word' id='word_1_176' title='bbox 2596 1103 2803 1157; x_wconf 86' lang='lat' dir='ltr'><strong>Domini</strong></span> <span class='ocrx_word' id='word_1_177' title='bbox 2850 1120 3033 1175; x_wconf 75' lang='lat' dir='ltr'><strong>sermo</strong></span> <span class='ocrx_word' id='word_1_178' title='bbox 3082 1108 3170 1167; x_wconf 90' lang='lat' dir='ltr'><strong>vel</strong></span> <span class='ocrx_word' id='word_1_179' title='bbox 3214 1121 3341 1177; x_wconf 51' lang='lat' dir='ltr'><strong>appr</strong></span> 
     </span>
    </p>
   </div>
   <div class='ocr_carea' id='block_1_27' title="bbox 1758 1196 3341 1269">
    <p class='ocr_par' dir='ltr' id='par_1_27' title="bbox 1758 1196 3341 1269">
     <span class='ocr_line' id='line_1_27' title="bbox 1758 1196 3341 1269; baseline 0.003 -20"><span class='ocrx_word' id='word_1_180' title='bbox 1758 1197 2019 1250; x_wconf 73' lang='lat' dir='ltr'><strong>Stotorum</strong></span> <span class='ocrx_word' id='word_1_181' title='bbox 2049 1196 2295 1251; x_wconf 83' lang='lat' dir='ltr'><strong>doctrina</strong></span> <span class='ocrx_word' id='word_1_182' title='bbox 2320 1197 2577 1264; x_wconf 76' lang='lat' dir='ltr'><strong>jactavit;</strong></span> <span class='ocrx_word' id='word_1_183' title='bbox 2606 1210 2754 1267; x_wconf 68' lang='lat' dir='ltr'><strong>quae,</strong></span> <span class='ocrx_word' id='word_1_184' title='bbox 2773 1199 2986 1269; x_wconf 78' lang='lat' dir='ltr'><strong>quoties</strong></span> <span class='ocrx_word' id='word_1_185' title='bbox 3008 1197 3107 1252; x_wconf 82' lang='lat' dir='ltr'><strong>i-ta</strong></span> <span class='ocrx_word' id='word_1_186' title='bbox 3131 1199 3341 1267; x_wconf 71' lang='lat' dir='ltr'><strong>coutin-</strong></span> 
     </span>
    </p>
   </div>
   <div class='ocr_carea' id='block_1_28' title="bbox 1759 1290 3349 1363">
    <p class='ocr_par' dir='ltr' id='par_1_28' title="bbox 1759 1290 3349 1363">
     <span class='ocr_line' id='line_1_28' title="bbox 1759 1290 3349 1363; baseline 0.003 -22"><span class='ocrx_word' id='word_1_187' title='bbox 1759 1300 1910 1359; x_wconf 89' lang='lat' dir='ltr'><strong>gunt,</strong></span> <span class='ocrx_word' id='word_1_188' title='bbox 1937 1306 2043 1344; x_wconf 91' lang='lat' dir='ltr'><strong>non</strong></span> <span class='ocrx_word' id='word_1_189' title='bbox 2068 1306 2129 1345; x_wconf 86' lang='lat' dir='ltr'><strong>ea</strong></span> <span class='ocrx_word' id='word_1_190' title='bbox 2161 1299 2184 1327; x_wconf 74' lang='grc' dir='ltr'><strong>ο</strong></span> <span class='ocrx_word' id='word_1_191' title='bbox 2214 1303 2367 1345; x_wconf 70' lang='lat' dir='ltr'><strong>terra:</strong></span> <span class='ocrx_word' id='word_1_192' title='bbox 2389 1304 2509 1357; x_wconf 78' lang='lat' dir='ltr'><strong>quae.</strong></span> <span class='ocrx_word' id='word_1_193' title='bbox 2533 1290 2788 1359; x_wconf 82' lang='lat' dir='ltr'><strong>suscepit,</strong></span> <span class='ocrx_word' id='word_1_194' title='bbox 2812 1290 2906 1353; x_wconf 80' lang='lat' dir='ltr'><strong>sed</strong></span> <span class='ocrx_word' id='word_1_195' title='bbox 2928 1290 3033 1363; x_wconf 80' lang='lat' dir='ltr'><strong>alia</strong></span> <span class='ocrx_word' id='word_1_196' title='bbox 3058 1292 3349 1359; x_wconf 71' lang='lat' dir='ltr'><strong>sanctiusa</strong></span> 
     </span>
    </p>
   </div>
   <div class='ocr_carea' id='block_1_29' title="bbox 1759 1366 3347 1459">
    <p class='ocr_par' dir='ltr' id='par_1_29' title="bbox 1759 1366 3347 1459">
     <span class='ocr_line' id='line_1_29' title="bbox 1759 1366 3347 1459; baseline -0.001 -23"><span class='ocrx_word' id='word_1_197' title='bbox 1759 1392 2132 1453; x_wconf 90' lang='lat' dir='ltr'><strong>corrumpunt.</strong></span> <span class='ocrx_word' id='word_1_198' title='bbox 2180 1382 2319 1437; x_wconf 80' lang='lat' dir='ltr'><strong>Nihil</strong></span> <span class='ocrx_word' id='word_1_199' title='bbox 2356 1394 2549 1438; x_wconf 65' lang='lat' dir='ltr'><strong>vestrae</strong></span> <span class='ocrx_word' id='word_1_200' title='bbox 2587 1382 2822 1459; x_wconf 79' lang='lat' dir='ltr'><strong>simplici</strong></span> <span class='ocrx_word' id='word_1_201' title='bbox 2862 1383 2987 1443; x_wconf 88' lang='lat' dir='ltr'><strong>ﬁdei</strong></span> <span class='ocrx_word' id='word_1_202' title='bbox 3016 1384 3208 1457; x_wconf 78' lang='lat' dir='ltr'><strong>messis</strong></span> <span class='ocrx_word' id='word_1_203' title='bbox 3237 1366 3347 1453; x_wconf 33' lang='lat' dir='ltr'><strong>Dos.</strong></span> 
     </span>
    </p>
   </div>
   <div class='ocr_carea' id='block_1_30' title="bbox 1764 1472 3350 1557">
    <p class='ocr_par' dir='ltr' id='par_1_30' title="bbox 1764 1472 3350 1557">
     <span class='ocr_line' id='line_1_30' title="bbox 1764 1472 3350 1557; baseline 0.001 -27"><span class='ocrx_word' id='word_1_204' title='bbox 1764 1475 1892 1557; x_wconf 89' lang='lat' dir='ltr'><strong>mini</strong></span> <span class='ocrx_word' id='word_1_205' title='bbox 1943 1475 2140 1543; x_wconf 84' lang='lat' dir='ltr'><strong>pOterit</strong></span> <span class='ocrx_word' id='word_1_206' title='bbox 2183 1476 2466 1545; x_wconf 87' lang='lat' dir='ltr'><strong>imputare,</strong></span> <span class='ocrx_word' id='word_1_207' title='bbox 2498 1476 2587 1546; x_wconf 90' lang='lat' dir='ltr'><strong>qui</strong></span> <span class='ocrx_word' id='word_1_208' title='bbox 2634 1475 2685 1533; x_wconf 88' lang='lat' dir='ltr'><strong>in</strong></span> <span class='ocrx_word' id='word_1_209' title='bbox 2739 1472 3031 1549; x_wconf 82' lang='lat' dir='ltr'><strong>Evangelio</strong></span> <span class='ocrx_word' id='word_1_210' title='bbox 3070 1484 3350 1552; x_wconf 64' lang='lat' dir='ltr'><strong>auctorem</strong></span> 
     </span>
    </p>
   </div>
   <div class='ocr_carea' id='block_1_31' title="bbox 1763 1564 3343 1645">
    <p class='ocr_par' dir='ltr' id='par_1_31' title="bbox 1763 1564 3343 1645">
     <span class='ocr_line' id='line_1_31' title="bbox 1763 1564 3343 1645; baseline 0.001 -24"><span class='ocrx_word' id='word_1_211' title='bbox 1763 1569 1985 1645; x_wconf 73' lang='lat' dir='ltr'><strong>zizantze</strong></span> <span class='ocrx_word' id='word_1_212' title='bbox 2018 1568 2379 1637; x_wconf 79' lang='lat' dir='ltr'><strong>interrogatus</strong></span> <span class='ocrx_word' id='word_1_213' title='bbox 2407 1566 2664 1622; x_wconf 90' lang='lat' dir='ltr'><strong>ostendit.</strong></span> <span class='ocrx_word' id='word_1_214' title='bbox 2706 1566 2783 1623; x_wconf 92' lang='lat' dir='ltr'><strong>llli</strong></span> <span class='ocrx_word' id='word_1_215' title='bbox 2826 1575 2935 1641; x_wconf 84' lang='lat' dir='ltr'><strong>tum</strong></span> <span class='ocrx_word' id='word_1_216' title='bbox 2966 1566 3259 1631; x_wconf 83' lang='lat' dir='ltr'><strong>dixerunt:</strong></span> <span class='ocrx_word' id='word_1_217' title='bbox 3286 1564 3343 1629; x_wconf 85' lang='lat' dir='ltr'><strong>lu</strong></span> 
     </span>
    </p>
   </div>
   <div class='ocr_carea' id='block_1_32' title="bbox 1762 1657 3354 1737">
    <p class='ocr_par' dir='ltr' id='par_1_32' title="bbox 1762 1657 3354 1737">
     <span class='ocr_line' id='line_1_32' title="bbox 1762 1657 3354 1737; baseline -0.003 -20"><span class='ocrx_word' id='word_1_218' title='bbox 1762 1662 1907 1717; x_wconf 90' lang='lat' dir='ltr'><strong>bono</strong></span> <span class='ocrx_word' id='word_1_219' title='bbox 1935 1663 2139 1715; x_wconf 84' lang='lat' dir='ltr'><strong>semine</strong></span> <span class='ocrx_word' id='word_1_220' title='bbox 2170 1660 2313 1719; x_wconf 88' lang='lat' dir='ltr'><strong>unde</strong></span> <span class='ocrx_word' id='word_1_221' title='bbox 2346 1659 2544 1713; x_wconf 82' lang='lat' dir='ltr'><strong>zizania</strong></span> <span class='ocrx_word' id='word_1_222' title='bbox 2583 1657 2745 1737; x_wconf 80' lang='lat' dir='ltr'><strong>(Ibid.</strong></span> <span class='ocrx_word' id='word_1_223' title='bbox 2776 1659 2905 1737; x_wconf 41' lang='lat'><strong>27).?</strong></span> <span class='ocrx_word' id='word_1_224' title='bbox 2940 1673 3041 1721; x_wconf 82' lang='lat' dir='ltr'><strong>nos</strong></span> <span class='ocrx_word' id='word_1_225' title='bbox 3077 1658 3354 1729; x_wconf 45' lang='lat' dir='ltr'><strong>dicamus”</strong></span> 
     </span>
    </p>
   </div>
   <div class='ocr_carea' id='block_1_33' title="bbox 100 1741 3346 1825">
    <p class='ocr_par' dir='ltr' id='par_1_33' title="bbox 100 1741 3346 1825">
     <span class='ocr_line' id='line_1_33' title="bbox 100 1741 3346 1825; baseline 0.001 -26"><span class='ocrx_word' id='word_1_226' title='bbox 100 1742 497 1811; x_wconf 85' lang='lat' dir='ltr'><strong>triumpharunt.</strong></span> <span class='ocrx_word' id='word_1_227' title='bbox 538 1741 788 1797; x_wconf 72' lang='lat' dir='ltr'><strong>Victores</strong></span> <span class='ocrx_word' id='word_1_228' title='bbox 826 1758 945 1809; x_wconf 87' lang='lat' dir='ltr'><strong>vos,</strong></span> <span class='ocrx_word' id='word_1_229' title='bbox 984 1743 1146 1795; x_wconf 89' lang='lat' dir='ltr'><strong>immo</strong></span> <span class='ocrx_word' id='word_1_230' title='bbox 1182 1744 1483 1796; x_wconf 90' lang='lat' dir='ltr'><strong>communis</strong></span> <span class='ocrx_word' id='word_1_231' title='bbox 1522 1743 1661 1811; x_wconf 75' lang='lat' dir='ltr'><strong>regis</strong></span> <span class='ocrx_word' id='word_1_232' title='bbox 1691 1760 1739 1819; x_wconf 77' lang='grc' dir='ltr'><strong>Β</strong></span> <span class='ocrx_word' id='word_1_233' title='bbox 1768 1751 1820 1806; x_wconf 86' lang='lat' dir='ltr'><strong>lu</strong></span> <span class='ocrx_word' id='word_1_234' title='bbox 1872 1761 2016 1805; x_wconf 86' lang='lat' dir='ltr'><strong>tanto</strong></span> <span class='ocrx_word' id='word_1_235' title='bbox 2065 1765 2229 1819; x_wconf 85' lang='lat' dir='ltr'><strong>regno</strong></span> <span class='ocrx_word' id='word_1_236' title='bbox 2275 1748 2394 1803; x_wconf 89' lang='lat' dir='ltr'><strong>ﬁdei</strong></span> <span class='ocrx_word' id='word_1_237' title='bbox 2445 1748 2585 1802; x_wconf 89' lang='lat' dir='ltr'><strong>unde</strong></span> <span class='ocrx_word' id='word_1_238' title='bbox 2630 1748 2887 1825; x_wconf 74' lang='lat' dir='ltr'><strong>perﬁdia?</strong></span> <span class='ocrx_word' id='word_1_239' title='bbox 2940 1749 3346 1825; x_wconf 68' lang='lat' dir='ltr'><strong>Respondemus</strong></span> 
     </span>
    </p>
   </div>
   <div class='ocr_carea' id='block_1_34' title="bbox 52 1833 1657 1904">
    <p class='ocr_par' dir='ltr' id='par_1_34' title="bbox 52 1833 1657 1904">
     <span class='ocr_line' id='line_1_34' title="bbox 52 1833 1657 1904; baseline -0.002 -16"><span class='ocrx_word' id='word_1_240' title='bbox 52 1840 59 1857; x_wconf 87' lang='lat'><strong>‘</strong></span> <span class='ocrx_word' id='word_1_241' title='bbox 101 1835 155 1889; x_wconf 85' lang='lat' dir='ltr'><strong>de</strong></span> <span class='ocrx_word' id='word_1_242' title='bbox 179 1834 329 1888; x_wconf 84' lang='lat' dir='ltr'><strong>bOSte</strong></span> <span class='ocrx_word' id='word_1_243' title='bbox 356 1833 632 1887; x_wconf 78' lang='lat' dir='ltr'><strong>victoriam</strong></span> <span class='ocrx_word' id='word_1_244' title='bbox 661 1833 900 1902; x_wconf 87' lang='lat' dir='ltr'><strong>loquitur</strong></span> <span class='ocrx_word' id='word_1_245' title='bbox 933 1843 1191 1904; x_wconf 85' lang='lat' dir='ltr'><strong>tyrannus</strong></span> <span class='ocrx_word' id='word_1_246' title='bbox 1218 1833 1501 1897; x_wconf 79' lang='lat' dir='ltr'><strong>exclusus;</strong></span> <span class='ocrx_word' id='word_1_247' title='bbox 1531 1834 1657 1891; x_wconf 85' lang='lat' dir='ltr'><strong>vieit</strong></span> 
     </span>
    </p>
   </div>
   <div class='ocr_carea' id='block_1_35' title="bbox 102 1923 1653 1994">
    <p class='ocr_par' dir='ltr' id='par_1_35' title="bbox 102 1923 1653 1994">
     <span class='ocr_line' id='line_1_35' title="bbox 102 1923 1653 1994; baseline -0.003 -15"><span class='ocrx_word' id='word_1_248' title='bbox 102 1928 145 1979; x_wconf 93' lang='lat' dir='ltr'><strong>iu</strong></span> <span class='ocrx_word' id='word_1_249' title='bbox 170 1924 337 1991; x_wconf 86' lang='lat' dir='ltr'><strong>vobis,</strong></span> <span class='ocrx_word' id='word_1_250' title='bbox 369 1924 525 1994; x_wconf 87' lang='lat' dir='ltr'><strong>cujus</strong></span> <span class='ocrx_word' id='word_1_251' title='bbox 564 1925 764 1978; x_wconf 90' lang='lat' dir='ltr'><strong>incerta</strong></span> <span class='ocrx_word' id='word_1_252' title='bbox 798 1923 912 1976; x_wconf 90' lang='lat' dir='ltr'><strong>ﬁeri</strong></span> <span class='ocrx_word' id='word_1_253' title='bbox 943 1924 1193 1978; x_wconf 81' lang='lat' dir='ltr'><strong>divinitas</strong></span> <span class='ocrx_word' id='word_1_254' title='bbox 1223 1926 1527 1994; x_wconf 87' lang='lat' dir='ltr'><strong>putabatur.</strong></span> <span class='ocrx_word' id='word_1_255' title='bbox 1555 1924 1653 1979; x_wconf 88' lang='lat' dir='ltr'><strong>Se-</strong></span> 
     </span>
    </p>
   </div>
   <div class='ocr_carea' id='block_1_36' title="bbox 101 2015 1655 2086">
    <p class='ocr_par' dir='ltr' id='par_1_36' title="bbox 101 2015 1655 2086">
     <span class='ocr_line' id='line_1_36' title="bbox 101 2015 1655 2086; baseline 0.001 -17"><span class='ocrx_word' id='word_1_256' title='bbox 101 2027 291 2086; x_wconf 82' lang='lat' dir='ltr'><strong>paretur</strong></span> <span class='ocrx_word' id='word_1_257' title='bbox 328 2024 355 2052; x_wconf 76' lang='grc'>⁸</span> <span class='ocrx_word' id='word_1_258' title='bbox 385 2016 661 2081; x_wconf 83' lang='lat' dir='ltr'><strong>nativitas,</strong></span> <span class='ocrx_word' id='word_1_259' title='bbox 693 2016 1047 2084; x_wconf 67' lang='lat' dir='ltr'><strong>qumstionem</strong></span> <span class='ocrx_word' id='word_1_260' title='bbox 1092 2015 1340 2080; x_wconf 81' lang='lat' dir='ltr'><strong>dixerim,</strong></span> <span class='ocrx_word' id='word_1_261' title='bbox 1368 2031 1526 2085; x_wconf 89' lang='lat' dir='ltr'><strong>quam</strong></span> <span class='ocrx_word' id='word_1_262' title='bbox 1556 2017 1655 2071; x_wconf 85' lang='lat' dir='ltr'><strong>sibi</strong></span> 
     </span>
    </p>
   </div>
   <div class='ocr_carea' id='block_1_37' title="bbox 98 2109 1655 2180">
    <p class='ocr_par' dir='ltr' id='par_1_37' title="bbox 98 2109 1655 2180">
     <span class='ocr_line' id='line_1_37' title="bbox 98 2109 1655 2180; baseline -0.003 -15"><span class='ocrx_word' id='word_1_263' title='bbox 98 2110 441 2180; x_wconf 80' lang='lat' dir='ltr'><strong>Unusquisque</strong></span> <span class='ocrx_word' id='word_1_264' title='bbox 475 2110 613 2163; x_wconf 90' lang='lat' dir='ltr'><strong>bene</strong></span> <span class='ocrx_word' id='word_1_265' title='bbox 638 2109 869 2164; x_wconf 91' lang='lat' dir='ltr'><strong>credens</strong></span> <span class='ocrx_word' id='word_1_266' title='bbox 897 2110 1059 2165; x_wconf 86' lang='lat' dir='ltr'><strong>debet</strong></span> <span class='ocrx_word' id='word_1_267' title='bbox 1085 2109 1401 2179; x_wconf 81' lang='lat' dir='ltr'><strong>simpliciter</strong></span> <span class='ocrx_word' id='word_1_268' title='bbox 1426 2110 1655 2178; x_wconf 90' lang='lat' dir='ltr'><strong>aperire.</strong></span> 
     </span>
    </p>
   </div>
   <div class='ocr_carea' id='block_1_38' title="bbox 97 2200 1660 2269">
    <p class='ocr_par' dir='ltr' id='par_1_38' title="bbox 97 2200 1660 2269">
     <span class='ocr_line' id='line_1_38' title="bbox 97 2200 1660 2269; baseline 0.001 -16"><span class='ocrx_word' id='word_1_269' title='bbox 97 2202 201 2269; x_wconf 82' lang='lat' dir='ltr'><strong>Quis</strong></span> <span class='ocrx_word' id='word_1_270' title='bbox 228 2203 375 2254; x_wconf 89' lang='lat' dir='ltr'><strong>enim</strong></span> <span class='ocrx_word' id='word_1_271' title='bbox 403 2201 471 2255; x_wconf 88' lang='lat' dir='ltr'><strong>ad</strong></span> <span class='ocrx_word' id='word_1_272' title='bbox 503 2217 738 2255; x_wconf 79' lang='lat' dir='ltr'><strong>examen</strong></span> <span class='ocrx_word' id='word_1_273' title='bbox 770 2216 963 2255; x_wconf 85' lang='lat' dir='ltr'><strong>vocare</strong></span> <span class='ocrx_word' id='word_1_274' title='bbox 988 2200 1183 2254; x_wconf 88' lang='lat' dir='ltr'><strong>audeat</strong></span> <span class='ocrx_word' id='word_1_275' title='bbox 1218 2204 1403 2261; x_wconf 81' lang='lat' dir='ltr'><strong>Deum,</strong></span> <span class='ocrx_word' id='word_1_276' title='bbox 1430 2214 1660 2265; x_wconf 80' lang='lat' dir='ltr'><strong>eumque</strong></span> 
     </span>
    </p>
   </div>
   <div class='ocr_carea' id='block_1_39' title="bbox 97 2293 1661 2361">
    <p class='ocr_par' dir='ltr' id='par_1_39' title="bbox 97 2293 1661 2361">
     <span class='ocr_line' id='line_1_39' title="bbox 97 2293 1661 2361; baseline -0.003 -12"><span class='ocrx_word' id='word_1_277' title='bbox 97 2297 341 2349; x_wconf 83' lang='lat' dir='ltr'><strong>discutere</strong></span> <span class='ocrx_word' id='word_1_278' title='bbox 376 2295 608 2361; x_wconf 88' lang='lat' dir='ltr'><strong>qualiter</strong></span> <span class='ocrx_word' id='word_1_279' title='bbox 638 2294 843 2348; x_wconf 90' lang='lat' dir='ltr'><strong>venerit</strong></span> <span class='ocrx_word' id='word_1_280' title='bbox 880 2294 1209 2347; x_wconf 73' lang='lat' dir='ltr'><strong>subvenire?</strong></span> <span class='ocrx_word' id='word_1_281' title='bbox 1241 2293 1357 2347; x_wconf 89' lang='lat' dir='ltr'><strong>Non</strong></span> <span class='ocrx_word' id='word_1_282' title='bbox 1392 2293 1491 2346; x_wconf 78' lang='lat' dir='ltr'><strong>fuit</strong></span> <span class='ocrx_word' id='word_1_283' title='bbox 1524 2293 1661 2347; x_wconf 87' lang='lat' dir='ltr'><strong>dilﬁ-</strong></span> 
     </span>
    </p>
   </div>
   <div class='ocr_carea' id='block_1_40' title="bbox 98 2385 1663 2457">
    <p class='ocr_par' dir='ltr' id='par_1_40' title="bbox 98 2385 1663 2457">
     <span class='ocr_line' id='line_1_40' title="bbox 98 2385 1663 2457; baseline -0.001 -18"><span class='ocrx_word' id='word_1_284' title='bbox 98 2388 176 2441; x_wconf 81' lang='lat' dir='ltr'><strong>cile</strong></span> <span class='ocrx_word' id='word_1_285' title='bbox 202 2385 308 2440; x_wconf 89' lang='lat' dir='ltr'><strong>Deo</strong></span> <span class='ocrx_word' id='word_1_286' title='bbox 340 2400 500 2457; x_wconf 90' lang='lat' dir='ltr'><strong>posse</strong></span> <span class='ocrx_word' id='word_1_287' title='bbox 528 2385 669 2456; x_wconf 81' lang='lat' dir='ltr'><strong>quod</strong></span> <span class='ocrx_word' id='word_1_288' title='bbox 695 2386 882 2452; x_wconf 91' lang='lat' dir='ltr'><strong>voluit,</strong></span> <span class='ocrx_word' id='word_1_289' title='bbox 908 2400 1030 2438; x_wconf 90' lang='lat' dir='ltr'><strong>cum</strong></span> <span class='ocrx_word' id='word_1_290' title='bbox 1055 2385 1303 2457; x_wconf 84' lang='lat' dir='ltr'><strong>dignatus</strong></span> <span class='ocrx_word' id='word_1_291' title='bbox 1331 2395 1413 2439; x_wconf 92' lang='lat' dir='ltr'><strong>est</strong></span> <span class='ocrx_word' id='word_1_292' title='bbox 1436 2386 1663 2438; x_wconf 86' lang='lat' dir='ltr'><strong>liberare</strong></span> 
     </span>
    </p>
   </div>
   <div class='ocr_carea' id='block_1_41' title="bbox 98 2477 1665 2550">
    <p class='ocr_par' dir='ltr' id='par_1_41' title="bbox 98 2477 1665 2550">
     <span class='ocr_line' id='line_1_41' title="bbox 98 2477 1665 2550; baseline -0.003 -15"><span class='ocrx_word' id='word_1_293' title='bbox 98 2481 167 2549; x_wconf 85' lang='lat' dir='ltr'><strong>qui</strong></span> <span class='ocrx_word' id='word_1_294' title='bbox 206 2482 400 2550; x_wconf 89' lang='lat' dir='ltr'><strong>potuit.</strong></span> <span class='ocrx_word' id='word_1_295' title='bbox 436 2479 543 2534; x_wconf 90' lang='lat' dir='ltr'><strong>Sed</strong></span> <span class='ocrx_word' id='word_1_296' title='bbox 578 2479 717 2532; x_wconf 84' lang='lat' dir='ltr'><strong>unde</strong></span> <span class='ocrx_word' id='word_1_297' title='bbox 750 2480 823 2532; x_wconf 92' lang='lat' dir='ltr'><strong>illi</strong></span> <span class='ocrx_word' id='word_1_298' title='bbox 859 2478 1126 2548; x_wconf 89' lang='lat' dir='ltr'><strong>peccatori</strong></span> <span class='ocrx_word' id='word_1_299' title='bbox 1170 2477 1221 2531; x_wconf 95' lang='lat' dir='ltr'><strong>in</strong></span> <span class='ocrx_word' id='word_1_300' title='bbox 1257 2486 1405 2531; x_wconf 92' lang='lat' dir='ltr'><strong>tanta</strong></span> <span class='ocrx_word' id='word_1_301' title='bbox 1436 2477 1665 2546; x_wconf 80' lang='lat' dir='ltr'><strong>caligine</strong></span> 
     </span>
    </p>
   </div>
   <div class='ocr_carea' id='block_1_42' title="bbox 98 2568 1664 2638">
    <p class='ocr_par' dir='ltr' id='par_1_42' title="bbox 98 2568 1664 2638">
     <span class='ocr_line' id='line_1_42' title="bbox 98 2568 1664 2638; baseline -0.003 -11"><span class='ocrx_word' id='word_1_302' title='bbox 98 2588 172 2627; x_wconf 86' lang='lat' dir='ltr'><strong>sua</strong></span> <span class='ocrx_word' id='word_1_303' title='bbox 215 2574 399 2626; x_wconf 86' lang='lat' dir='ltr'><strong>lumen</strong></span> <span class='ocrx_word' id='word_1_304' title='bbox 433 2570 458 2611; x_wconf 74' lang='grc' dir='ltr'>δ</span> <span class='ocrx_word' id='word_1_305' title='bbox 492 2587 596 2625; x_wconf 90' lang='lat' dir='ltr'><strong>non</strong></span> <span class='ocrx_word' id='word_1_306' title='bbox 636 2570 861 2627; x_wconf 68' lang='lat' dir='ltr'><strong>videre?</strong></span> <span class='ocrx_word' id='word_1_307' title='bbox 902 2570 1044 2625; x_wconf 92' lang='lat' dir='ltr'><strong>unde</strong></span> <span class='ocrx_word' id='word_1_308' title='bbox 1083 2571 1311 2624; x_wconf 88' lang='lat' dir='ltr'><strong>terrenis</strong></span> <span class='ocrx_word' id='word_1_309' title='bbox 1354 2568 1573 2638; x_wconf 85' lang='lat' dir='ltr'><strong>argutiis</strong></span> <span class='ocrx_word' id='word_1_310' title='bbox 1613 2570 1664 2623; x_wconf 89' lang='lat' dir='ltr'><strong>in</strong></span> 
     </span>
    </p>
   </div>
   <div class='ocr_carea' id='block_1_43' title="bbox 98 2663 1663 2736">
    <p class='ocr_par' dir='ltr' id='par_1_43' title="bbox 98 2663 1663 2736">
     <span class='ocr_line' id='line_1_43' title="bbox 98 2663 1663 2736; baseline -0.001 -17"><span class='ocrx_word' id='word_1_311' title='bbox 98 2666 451 2736; x_wconf 82' lang='lat' dir='ltr'><strong>superioribus</strong></span> <span class='ocrx_word' id='word_1_312' title='bbox 498 2665 723 2735; x_wconf 87' lang='lat' dir='ltr'><strong>positam</strong></span> <span class='ocrx_word' id='word_1_313' title='bbox 774 2665 1028 2735; x_wconf 81' lang='lat' dir='ltr'><strong>colligere</strong></span> <span class='ocrx_word' id='word_1_314' title='bbox 1076 2663 1399 2718; x_wconf 79' lang='lat' dir='ltr'><strong>veritatem?</strong></span> <span class='ocrx_word' id='word_1_315' title='bbox 1444 2663 1567 2716; x_wconf 77' lang='lat' dir='ltr'><strong>llaec</strong></span> <span class='ocrx_word' id='word_1_316' title='bbox 1612 2663 1663 2717; x_wconf 91' lang='lat' dir='ltr'><strong>in</strong></span> 
     </span>
    </p>
   </div>
   <div class='ocr_carea' id='block_1_44' title="bbox 99 2756 1667 2825">
    <p class='ocr_par' dir='ltr' id='par_1_44' title="bbox 99 2756 1667 2825">
     <span class='ocr_line' id='line_1_44' title="bbox 99 2756 1667 2825; baseline -0.001 -15"><span class='ocrx_word' id='word_1_317' title='bbox 99 2756 304 2812; x_wconf 84' lang='lat' dir='ltr'><strong>tenebris</strong></span> <span class='ocrx_word' id='word_1_318' title='bbox 342 2758 461 2811; x_wconf 90' lang='lat' dir='ltr'><strong>suis</strong></span> <span class='ocrx_word' id='word_1_319' title='bbox 493 2756 678 2811; x_wconf 90' lang='lat' dir='ltr'><strong>videre</strong></span> <span class='ocrx_word' id='word_1_320' title='bbox 711 2772 816 2811; x_wconf 93' lang='lat' dir='ltr'><strong>non</strong></span> <span class='ocrx_word' id='word_1_321' title='bbox 850 2766 1097 2825; x_wconf 89' lang='lat' dir='ltr'><strong>possunt,</strong></span> <span class='ocrx_word' id='word_1_322' title='bbox 1128 2757 1215 2825; x_wconf 92' lang='lat' dir='ltr'><strong>qui</strong></span> <span class='ocrx_word' id='word_1_323' title='bbox 1256 2756 1490 2809; x_wconf 73' lang='lat' dir='ltr'><strong>lucernre</strong></span> <span class='ocrx_word' id='word_1_324' title='bbox 1523 2756 1667 2809; x_wconf 91' lang='lat' dir='ltr'><strong>illius</strong></span> 
     </span>
    </p>
   </div>
   <div class='ocr_carea' id='block_1_45' title="bbox 102 2848 1667 2919">
    <p class='ocr_par' dir='ltr' id='par_1_45' title="bbox 102 2848 1667 2919">
     <span class='ocr_line' id='line_1_45' title="bbox 102 2848 1667 2919; baseline -0.001 -16"><span class='ocrx_word' id='word_1_325' title='bbox 102 2848 290 2903; x_wconf 75' lang='lat' dir='ltr'><strong>verbum</strong></span> <span class='ocrx_word' id='word_1_326' title='bbox 321 2849 597 2913; x_wconf 89' lang='lat' dir='ltr'><strong>nesciunt,</strong></span> <span class='ocrx_word' id='word_1_327' title='bbox 623 2849 764 2919; x_wconf 87' lang='lat' dir='ltr'><strong>quod</strong></span> <span class='ocrx_word' id='word_1_328' title='bbox 787 2864 906 2903; x_wconf 83' lang='lat' dir='ltr'><strong>esse</strong></span> <span class='ocrx_word' id='word_1_329' title='bbox 933 2850 1111 2902; x_wconf 85' lang='lat' dir='ltr'><strong>lumen</strong></span> <span class='ocrx_word' id='word_1_330' title='bbox 1135 2850 1343 2903; x_wconf 83' lang='lat' dir='ltr'><strong>semitis</strong></span> <span class='ocrx_word' id='word_1_331' title='bbox 1366 2850 1477 2902; x_wconf 85' lang='lat' dir='ltr'><strong>suis</strong></span> <span class='ocrx_word' id='word_1_332' title='bbox 1504 2848 1667 2902; x_wconf 82' lang='lat' dir='ltr'><strong>David</strong></span> 
     </span>
    </p>
   </div>
   <div class='ocr_carea' id='block_1_46' title="bbox 100 2937 1668 3011">
    <p class='ocr_par' dir='ltr' id='par_1_46' title="bbox 100 2937 1668 3011">
     <span class='ocr_line' id='line_1_46' title="bbox 100 2937 1668 3011; baseline -0.002 -18"><span class='ocrx_word' id='word_1_333' title='bbox 100 2943 324 3009; x_wconf 80' lang='lat' dir='ltr'><strong>preplteta</strong></span> <span class='ocrx_word' id='word_1_334' title='bbox 389 2949 623 2994; x_wconf 86' lang='lat' dir='ltr'><strong>testatur</strong></span> <span class='ocrx_word' id='word_1_335' title='bbox 678 2937 858 3011; x_wconf 74' lang='lat' dir='ltr'><strong>(Psal.</strong></span> <span class='ocrx_word' id='word_1_336' title='bbox 920 2954 1103 3003; x_wconf 80' lang='lat' dir='ltr'><strong>cxvnt,</strong></span> <span class='ocrx_word' id='word_1_337' title='bbox 1166 2939 1318 3008; x_wconf 78' lang='grc'><strong>105).</strong></span> <span class='ocrx_word' id='word_1_338' title='bbox 1376 2938 1505 2992; x_wconf 90' lang='lat' dir='ltr'><strong>Cum</strong></span> <span class='ocrx_word' id='word_1_339' title='bbox 1562 2954 1668 3007; x_wconf 80' lang='lat' dir='ltr'><strong>quo</strong></span> 
     </span>
    </p>
   </div>
   <div class='ocr_carea' id='block_1_47' title="bbox 104 3031 1667 3103">
    <p class='ocr_par' dir='ltr' id='par_1_47' title="bbox 104 3031 1667 3103">
     <span class='ocr_line' id='line_1_47' title="bbox 104 3031 1667 3103; baseline -0.003 -15"><span class='ocrx_word' id='word_1_340' title='bbox 104 3044 121 3071; x_wconf 70' lang='grc' dir='ltr'>ε</span> <span class='ocrx_word' id='word_1_341' title='bbox 144 3034 560 3103; x_wconf 81' lang='lat' dir='ltr'><strong>psalmigraplto,</strong></span> <span class='ocrx_word' id='word_1_342' title='bbox 585 3044 641 3087; x_wconf 91' lang='lat' dir='ltr'><strong>ut</strong></span> <span class='ocrx_word' id='word_1_343' title='bbox 668 3048 827 3101; x_wconf 85' lang='lat' dir='ltr'><strong>supra</strong></span> <span class='ocrx_word' id='word_1_344' title='bbox 857 3032 1113 3098; x_wconf 72' lang='lat' dir='ltr'><strong>diximus,</strong></span> <span class='ocrx_word' id='word_1_345' title='bbox 1144 3042 1368 3086; x_wconf 88' lang='lat' dir='ltr'><strong>matrem</strong></span> <span class='ocrx_word' id='word_1_346' title='bbox 1401 3031 1667 3084; x_wconf 67' lang='lat' dir='ltr'><strong>ltetantem</strong></span> 
     </span>
    </p>
   </div>
   <div class='ocr_carea' id='block_1_48' title="bbox 1760 1836 3343 1921">
    <p class='ocr_par' dir='ltr' id='par_1_48' title="bbox 1760 1836 3343 1921">
     <span class='ocr_line' id='line_1_48' title="bbox 1760 1836 3343 1921; baseline -0.003 -26"><span class='ocrx_word' id='word_1_347' title='bbox 1760 1850 1936 1895; x_wconf 88' lang='lat' dir='ltr'><strong>tamen</strong></span> <span class='ocrx_word' id='word_1_348' title='bbox 1968 1840 2120 1894; x_wconf 81' lang='lat' dir='ltr'><strong>vobis</strong></span> <span class='ocrx_word' id='word_1_349' title='bbox 2159 1836 2501 1894; x_wconf 84' lang='lat' dir='ltr'><strong>sermonibus</strong></span> <span class='ocrx_word' id='word_1_350' title='bbox 2529 1836 2757 1903; x_wconf 75' lang='lat' dir='ltr'><strong>Christi,</strong></span> <span class='ocrx_word' id='word_1_351' title='bbox 2789 1836 2960 1893; x_wconf 80' lang='lat' dir='ltr'><strong>Homo</strong></span> <span class='ocrx_word' id='word_1_352' title='bbox 2994 1838 3226 1901; x_wconf 74' lang='lat' dir='ltr'><strong>inimicus</strong></span> <span class='ocrx_word' id='word_1_353' title='bbox 3251 1837 3343 1921; x_wconf 58' lang='grc' dir='ltr'><strong>Ιιρς</strong></span> 
     </span>
    </p>
   </div>
   <div class='ocr_carea' id='block_1_49' title="bbox 1759 1929 3325 2013">
    <p class='ocr_par' dir='ltr' id='par_1_49' title="bbox 1759 1929 3325 2013">
     <span class='ocr_line' id='line_1_49' title="bbox 1759 1929 3325 2013; baseline -0.001 -27"><span class='ocrx_word' id='word_1_354' title='bbox 1759 1932 1877 2003; x_wconf 78' lang='lat' dir='ltr'><strong>fecit</strong></span> <span class='ocrx_word' id='word_1_355' title='bbox 1906 1930 2071 2003; x_wconf 86' lang='lat' dir='ltr'><strong>(Ibid.</strong></span> <span class='ocrx_word' id='word_1_356' title='bbox 2117 1929 2235 1999; x_wconf 70' lang='lat'><strong>28).</strong></span> <span class='ocrx_word' id='word_1_357' title='bbox 2278 1929 2522 1997; x_wconf 87' lang='lat' dir='ltr'><strong>Qualiter</strong></span> <span class='ocrx_word' id='word_1_358' title='bbox 2553 1944 2649 1983; x_wconf 87' lang='lat' dir='ltr'><strong>vos</strong></span> <span class='ocrx_word' id='word_1_359' title='bbox 2688 1929 2931 1991; x_wconf 80' lang='lat' dir='ltr'><strong>exercuit</strong></span> <span class='ocrx_word' id='word_1_360' title='bbox 2973 1930 3209 2011; x_wconf 86' lang='lat' dir='ltr'><strong>priorum</strong></span> <span class='ocrx_word' id='word_1_361' title='bbox 3257 1944 3325 2013; x_wconf 60' lang='lat' dir='ltr'><strong>pa</strong></span> 
     </span>
    </p>
   </div>
   <div class='ocr_carea' id='block_1_50' title="bbox 1760 2022 3343 2101">
    <p class='ocr_par' dir='ltr' id='par_1_50' title="bbox 1760 2022 3343 2101">
     <span class='ocr_line' id='line_1_50' title="bbox 1760 2022 3343 2101; baseline -0.001 -21"><span class='ocrx_word' id='word_1_362' title='bbox 1760 2026 1940 2080; x_wconf 70' lang='lat' dir='ltr'><strong>latstra</strong></span> <span class='ocrx_word' id='word_1_363' title='bbox 1976 2025 2291 2091; x_wconf 86' lang='lat' dir='ltr'><strong>doctorum,</strong></span> <span class='ocrx_word' id='word_1_364' title='bbox 2334 2022 2590 2077; x_wconf 80' lang='lat' dir='ltr'><strong>fortitudo</strong></span> <span class='ocrx_word' id='word_1_365' title='bbox 2628 2034 2824 2078; x_wconf 64' lang='lat' dir='ltr'><strong>vestra:</strong></span> <span class='ocrx_word' id='word_1_366' title='bbox 2861 2025 3057 2079; x_wconf 87' lang='lat' dir='ltr'><strong>mentis</strong></span> <span class='ocrx_word' id='word_1_367' title='bbox 3094 2024 3343 2101; x_wconf 50' lang='lat' dir='ltr'><strong>astruxit,</strong></span> 
     </span>
    </p>
   </div>
   <div class='ocr_carea' id='block_1_51' title="bbox 1763 2102 3310 2185">
    <p class='ocr_par' dir='ltr' id='par_1_51' title="bbox 1763 2102 3310 2185">
     <span class='ocr_line' id='line_1_51' title="bbox 1763 2102 3310 2185; baseline -0.003 -15"><span class='ocrx_word' id='word_1_368' title='bbox 1763 2116 1898 2185; x_wconf 74' lang='lat' dir='ltr'><strong>Ipsis</strong></span> <span class='ocrx_word' id='word_1_369' title='bbox 1930 2112 1949 2151; x_wconf 69' lang='grc' dir='ltr'><strong><em>ἲ</em></strong></span> <span class='ocrx_word' id='word_1_370' title='bbox 1979 2114 2304 2185; x_wconf 83' lang='lat' dir='ltr'><strong>agnitionem</strong></span> <span class='ocrx_word' id='word_1_371' title='bbox 2331 2112 2539 2167; x_wconf 89' lang='lat' dir='ltr'><strong>debetis</strong></span> <span class='ocrx_word' id='word_1_372' title='bbox 2567 2111 2722 2182; x_wconf 84' lang='lat' dir='ltr'><strong>hujus</strong></span> <span class='ocrx_word' id='word_1_373' title='bbox 2748 2102 2976 2179; x_wconf 81' lang='lat' dir='ltr'><strong>erroris,</strong></span> <span class='ocrx_word' id='word_1_374' title='bbox 3003 2129 3227 2183; x_wconf 87' lang='lat' dir='ltr'><strong>quorum</strong></span> <span class='ocrx_word' id='word_1_375' title='bbox 3260 2102 3310 2167; x_wconf 87' lang='lat' dir='ltr'><strong>bi</strong></span> 
     </span>
    </p>
   </div>
   <div class='ocr_carea' id='block_1_52' title="bbox 1763 2201 3341 2289">
    <p class='ocr_par' dir='ltr' id='par_1_52' title="bbox 1763 2201 3341 2289">
     <span class='ocr_line' id='line_1_52' title="bbox 1763 2201 3341 2289; baseline 0.001 -30"><span class='ocrx_word' id='word_1_376' title='bbox 1763 2204 2015 2274; x_wconf 85' lang='lat' dir='ltr'><strong>indiguus</strong></span> <span class='ocrx_word' id='word_1_377' title='bbox 2068 2204 2313 2257; x_wconf 84' lang='lat' dir='ltr'><strong>laudibus</strong></span> <span class='ocrx_word' id='word_1_378' title='bbox 2360 2201 2480 2256; x_wconf 75' lang='lat' dir='ltr'><strong>fuit.</strong></span> <span class='ocrx_word' id='word_1_379' title='bbox 2512 2201 2614 2269; x_wconf 85' lang='lat' dir='ltr'><strong>Qui</strong></span> <span class='ocrx_word' id='word_1_380' title='bbox 2648 2204 2781 2257; x_wconf 91' lang='lat' dir='ltr'><strong>bona</strong></span> <span class='ocrx_word' id='word_1_381' title='bbox 2824 2213 2929 2257; x_wconf 87' lang='lat' dir='ltr'><strong>tam</strong></span> <span class='ocrx_word' id='word_1_382' title='bbox 2967 2203 3200 2289; x_wconf 78' lang='lat' dir='ltr'><strong>gloriosa</strong></span> <span class='ocrx_word' id='word_1_383' title='bbox 3249 2201 3341 2279; x_wconf 43' lang='lat' dir='ltr'><strong>de;</strong></span> 
     </span>
    </p>
   </div>
   <div class='ocr_carea' id='block_1_53' title="bbox 1763 2294 3345 2369">
    <p class='ocr_par' dir='ltr' id='par_1_53' title="bbox 1763 2294 3345 2369">
     <span class='ocr_line' id='line_1_53' title="bbox 1763 2294 3345 2369; baseline 0 -18"><span class='ocrx_word' id='word_1_384' title='bbox 1763 2299 1956 2366; x_wconf 83' lang='lat' dir='ltr'><strong>spexit,</strong></span> <span class='ocrx_word' id='word_1_385' title='bbox 2005 2313 2108 2351; x_wconf 92' lang='lat' dir='ltr'><strong>non</strong></span> <span class='ocrx_word' id='word_1_386' title='bbox 2152 2306 2177 2343; x_wconf 73' lang='grc' dir='ltr'><strong>κ</strong></span> <span class='ocrx_word' id='word_1_387' title='bbox 2212 2296 2405 2365; x_wconf 87' lang='lat' dir='ltr'><strong>partim</strong></span> <span class='ocrx_word' id='word_1_388' title='bbox 2456 2294 2718 2348; x_wconf 59' lang='lat' dir='ltr'><strong>columba</strong></span> <span class='ocrx_word' id='word_1_389' title='bbox 2758 2294 3084 2365; x_wconf 83' lang='lat' dir='ltr'><strong>simplicitati</strong></span> <span class='ocrx_word' id='word_1_390' title='bbox 3127 2295 3345 2369; x_wconf 70' lang='lat' dir='ltr'><strong>(Matth.</strong></span> 
     </span>
    </p>
   </div>
   <div class='ocr_carea' id='block_1_54' title="bbox 1762 2386 3085 2459">
    <p class='ocr_par' dir='ltr' id='par_1_54' title="bbox 1762 2386 3085 2459">
     <span class='ocr_line' id='line_1_54' title="bbox 1762 2386 3085 2459; baseline -0.001 -16"><span class='ocrx_word' id='word_1_391' title='bbox 1762 2404 1817 2453; x_wconf 68' lang='grc' dir='ltr'>ι,</span> <span class='ocrx_word' id='word_1_392' title='bbox 1844 2389 1953 2459; x_wconf 77' lang='grc'><strong>16),</strong></span> <span class='ocrx_word' id='word_1_393' title='bbox 1988 2388 2080 2443; x_wconf 90' lang='lat' dir='ltr'><strong>sed</strong></span> <span class='ocrx_word' id='word_1_394' title='bbox 2103 2389 2153 2441; x_wconf 91' lang='lat' dir='ltr'><strong>in</strong></span> <span class='ocrx_word' id='word_1_395' title='bbox 2187 2396 2298 2441; x_wconf 91' lang='lat' dir='ltr'><strong>toto</strong></span> <span class='ocrx_word' id='word_1_396' title='bbox 2327 2386 2532 2439; x_wconf 90' lang='lat' dir='ltr'><strong>studuit</strong></span> <span class='ocrx_word' id='word_1_397' title='bbox 2556 2387 2824 2454; x_wconf 90' lang='lat' dir='ltr'><strong>serpentis</strong></span> <span class='ocrx_word' id='word_1_398' title='bbox 2854 2386 3085 2442; x_wconf 68' lang='lat' dir='ltr'><strong>astutiae.</strong></span> 
     </span>
    </p>
   </div>
   <div class='ocr_carea' id='block_1_55' title="bbox 1835 2478 3332 2550">
    <p class='ocr_par' dir='ltr' id='par_1_55' title="bbox 1835 2478 3332 2550">
     <span class='ocr_line' id='line_1_55' title="bbox 1835 2478 3332 2550; baseline -0.001 -13"><span class='ocrx_word' id='word_1_399' title='bbox 1835 2481 1888 2537; x_wconf 81' lang='lat'><strong>3.</strong></span> <span class='ocrx_word' id='word_1_400' title='bbox 1932 2480 2039 2536; x_wconf 85' lang='lat' dir='ltr'><strong>Nec</strong></span> <span class='ocrx_word' id='word_1_401' title='bbox 2080 2481 2271 2535; x_wconf 91' lang='lat' dir='ltr'><strong>mirum</strong></span> <span class='ocrx_word' id='word_1_402' title='bbox 2318 2478 2360 2532; x_wconf 91' lang='lat' dir='ltr'><strong>si</strong></span> <span class='ocrx_word' id='word_1_403' title='bbox 2407 2493 2598 2547; x_wconf 87' lang='lat' dir='ltr'><strong>parans</strong></span> <span class='ocrx_word' id='word_1_404' title='bbox 2631 2478 2880 2533; x_wconf 91' lang='lat' dir='ltr'><strong>occidere</strong></span> <span class='ocrx_word' id='word_1_405' title='bbox 2911 2479 3186 2550; x_wconf 88' lang='lat' dir='ltr'><strong>simplices</strong></span> <span class='ocrx_word' id='word_1_406' title='bbox 3210 2483 3332 2536; x_wconf 90' lang='lat' dir='ltr'><strong>ani-</strong></span> 
     </span>
    </p>
   </div>
   <div class='ocr_carea' id='block_1_56' title="bbox 1766 2570 3341 2644">
    <p class='ocr_par' dir='ltr' id='par_1_56' title="bbox 1766 2570 3341 2644">
     <span class='ocr_line' id='line_1_56' title="bbox 1766 2570 3341 2644; baseline -0.007 -16"><span class='ocrx_word' id='word_1_407' title='bbox 1766 2589 1904 2640; x_wconf 89' lang='lat' dir='ltr'><strong>mos,</strong></span> <span class='ocrx_word' id='word_1_408' title='bbox 1935 2588 2057 2628; x_wconf 89' lang='lat' dir='ltr'><strong>eum</strong></span> <span class='ocrx_word' id='word_1_409' title='bbox 2107 2570 2389 2626; x_wconf 79' lang='lat' dir='ltr'><strong>suadendo</strong></span> <span class='ocrx_word' id='word_1_410' title='bbox 2426 2583 2646 2626; x_wconf 88' lang='lat' dir='ltr'><strong>secutus</strong></span> <span class='ocrx_word' id='word_1_411' title='bbox 2677 2580 2760 2625; x_wconf 86' lang='lat' dir='ltr'><strong>est</strong></span> <span class='ocrx_word' id='word_1_412' title='bbox 2787 2571 2880 2642; x_wconf 92' lang='lat' dir='ltr'><strong>qui</strong></span> <span class='ocrx_word' id='word_1_413' title='bbox 2910 2573 3186 2628; x_wconf 86' lang='lat' dir='ltr'><strong>suadendo</strong></span> <span class='ocrx_word' id='word_1_414' title='bbox 3228 2575 3341 2644; x_wconf 87' lang='lat' dir='ltr'><strong>pri.</strong></span> 
     </span>
    </p>
   </div>
   <div class='ocr_carea' id='block_1_57' title="bbox 1769 2663 3339 2741">
    <p class='ocr_par' dir='ltr' id='par_1_57' title="bbox 1769 2663 3339 2741">
     <span class='ocr_line' id='line_1_57' title="bbox 1769 2663 3339 2741; baseline 0.001 -22"><span class='ocrx_word' id='word_1_415' title='bbox 1769 2681 1886 2719; x_wconf 92' lang='lat' dir='ltr'><strong>mus</strong></span> <span class='ocrx_word' id='word_1_416' title='bbox 1914 2665 2133 2719; x_wconf 88' lang='lat' dir='ltr'><strong>occidit.</strong></span> <span class='ocrx_word' id='word_1_417' title='bbox 2162 2664 2403 2731; x_wconf 90' lang='lat' dir='ltr'><strong>Denique</strong></span> <span class='ocrx_word' id='word_1_418' title='bbox 2430 2664 2610 2717; x_wconf 87' lang='lat' dir='ltr'><strong>verbis</strong></span> <span class='ocrx_word' id='word_1_419' title='bbox 2637 2664 2785 2717; x_wconf 90' lang='lat' dir='ltr'><strong>illum</strong></span> <span class='ocrx_word' id='word_1_420' title='bbox 2821 2663 3049 2734; x_wconf 84' lang='lat' dir='ltr'><strong>legimus</strong></span> <span class='ocrx_word' id='word_1_421' title='bbox 3088 2666 3339 2741; x_wconf 75' lang='lat' dir='ltr'><strong>decepis-</strong></span> 
     </span>
    </p>
   </div>
   <div class='ocr_carea' id='block_1_58' title="bbox 1769 2752 3340 2826">
    <p class='ocr_par' dir='ltr' id='par_1_58' title="bbox 1769 2752 3340 2826">
     <span class='ocr_line' id='line_1_58' title="bbox 1769 2752 3340 2826; baseline 0.003 -15"><span class='ocrx_word' id='word_1_422' title='bbox 1769 2772 1827 2813; x_wconf 90' lang='lat' dir='ltr'><strong>se</strong></span> <span class='ocrx_word' id='word_1_423' title='bbox 1854 2774 1869 2820; x_wconf 85' lang='lat'><strong>;</strong></span> <span class='ocrx_word' id='word_1_424' title='bbox 1904 2758 1988 2811; x_wconf 92' lang='lat' dir='ltr'><strong>bic</strong></span> <span class='ocrx_word' id='word_1_425' title='bbox 2020 2756 2222 2812; x_wconf 80' lang='lat' dir='ltr'><strong>inferre</strong></span> <span class='ocrx_word' id='word_1_426' title='bbox 2247 2768 2475 2811; x_wconf 86' lang='lat' dir='ltr'><strong>mortem</strong></span> <span class='ocrx_word' id='word_1_427' title='bbox 2507 2757 2718 2811; x_wconf 87' lang='lat' dir='ltr'><strong>nonnisi</strong></span> <span class='ocrx_word' id='word_1_428' title='bbox 2764 2772 2861 2826; x_wconf 83' lang='lat' dir='ltr'><strong>per</strong></span> <span class='ocrx_word' id='word_1_429' title='bbox 2904 2758 3063 2813; x_wconf 88' lang='lat' dir='ltr'><strong>verba</strong></span> <span class='ocrx_word' id='word_1_430' title='bbox 3094 2752 3340 2816; x_wconf 79' lang='lat' dir='ltr'><strong>tentavit.</strong></span> 
     </span>
    </p>
   </div>
   <div class='ocr_carea' id='block_1_59' title="bbox 1769 2836 3343 2924">
    <p class='ocr_par' dir='ltr' id='par_1_59' title="bbox 1769 2836 3343 2924">
     <span class='ocr_line' id='line_1_59' title="bbox 1769 2836 3343 2924; baseline 0.002 -19"><span class='ocrx_word' id='word_1_431' title='bbox 1769 2851 1884 2905; x_wconf 87' lang='lat' dir='ltr'><strong>Non</strong></span> <span class='ocrx_word' id='word_1_432' title='bbox 1932 2861 2108 2905; x_wconf 88' lang='lat' dir='ltr'><strong>tamen</strong></span> <span class='ocrx_word' id='word_1_433' title='bbox 2170 2852 2386 2919; x_wconf 89' lang='lat' dir='ltr'><strong>impune</strong></span> <span class='ocrx_word' id='word_1_434' title='bbox 2440 2866 2598 2903; x_wconf 91' lang='lat' dir='ltr'><strong>suum</strong></span> <span class='ocrx_word' id='word_1_435' title='bbox 2648 2858 2731 2904; x_wconf 90' lang='lat' dir='ltr'><strong>est</strong></span> <span class='ocrx_word' id='word_1_436' title='bbox 2775 2861 2996 2905; x_wconf 88' lang='lat' dir='ltr'><strong>secutus</strong></span> <span class='ocrx_word' id='word_1_437' title='bbox 3041 2836 3343 2924; x_wconf 67' lang='lat' dir='ltr'><strong>auctorem,</strong></span> 
     </span>
    </p>
   </div>
   <div class='ocr_carea' id='block_1_60' title="bbox 1769 2924 3345 3027">
    <p class='ocr_par' dir='ltr' id='par_1_60' title="bbox 1769 2924 3345 3027">
     <span class='ocr_line' id='line_1_60' title="bbox 1769 2924 3345 3027; baseline 0.004 -34"><span class='ocrx_word' id='word_1_438' title='bbox 1769 2943 1981 3013; x_wconf 89' lang='lat' dir='ltr'><strong>quando</strong></span> <span class='ocrx_word' id='word_1_439' title='bbox 2010 2942 2161 2997; x_wconf 69' lang='lat' dir='ltr'><strong>Judte</strong></span> <span class='ocrx_word' id='word_1_440' title='bbox 2190 2936 2735 3011; x_wconf 68' lang='lat' dir='ltr'><strong>episcopatumhejus</strong></span> <span class='ocrx_word' id='word_1_441' title='bbox 2762 2940 2905 2996; x_wconf 84' lang='lat' dir='ltr'><strong>alter</strong></span> <span class='ocrx_word' id='word_1_442' title='bbox 2928 2946 3136 3013; x_wconf 89' lang='lat' dir='ltr'><strong>accepit</strong></span> <span class='ocrx_word' id='word_1_443' title='bbox 3154 2924 3345 3027; x_wconf 56' lang='lat' dir='ltr'><strong>(Aetli,</strong></span> 
     </span>
    </p>
   </div>
   <div class='ocr_carea' id='block_1_61' title="bbox 1770 3036 3353 3108">
    <p class='ocr_par' dir='ltr' id='par_1_61' title="bbox 1770 3036 3353 3108">
     <span class='ocr_line' id='line_1_61' title="bbox 1770 3036 3353 3108; baseline 0.002 -17"><span class='ocrx_word' id='word_1_444' title='bbox 1770 3037 1884 3107; x_wconf 75' lang='grc' dir='ltr'><strong>ΞΟ).</strong></span> <span class='ocrx_word' id='word_1_445' title='bbox 1916 3036 2044 3091; x_wconf 84' lang='lat' dir='ltr'><strong>Jure</strong></span> <span class='ocrx_word' id='word_1_446' title='bbox 2098 3046 2385 3101; x_wconf 87' lang='lat' dir='ltr'><strong>utrumque</strong></span> <span class='ocrx_word' id='word_1_447' title='bbox 2437 3044 2586 3089; x_wconf 90' lang='lat' dir='ltr'><strong>tenet</strong></span> <span class='ocrx_word' id='word_1_448' title='bbox 2631 3050 2736 3090; x_wconf 84' lang='lat' dir='ltr'><strong>una</strong></span> <span class='ocrx_word' id='word_1_449' title='bbox 2782 3036 3085 3103; x_wconf 84' lang='lat' dir='ltr'><strong>sententia;</strong></span> <span class='ocrx_word' id='word_1_450' title='bbox 3123 3040 3247 3108; x_wconf 87' lang='lat' dir='ltr'><strong>quia</strong></span> <span class='ocrx_word' id='word_1_451' title='bbox 3295 3043 3353 3105; x_wconf 33' lang='lat' dir='ltr'><strong>in.</strong></span> 
     </span>
    </p>
   </div>
   <div class='ocr_carea' id='block_1_62' title="bbox 97 3122 3345 3200">
    <p class='ocr_par' dir='ltr' id='par_1_62' title="bbox 97 3122 3345 3200">
     <span class='ocr_line' id='line_1_62' title="bbox 97 3122 3345 3200; baseline 0.002 -21"><span class='ocrx_word' id='word_1_452' title='bbox 97 3127 137 3179; x_wconf 93' lang='lat' dir='ltr'><strong>in</strong></span> <span class='ocrx_word' id='word_1_453' title='bbox 162 3138 359 3180; x_wconf 77' lang='lat' dir='ltr'><strong>uterum</strong></span> <span class='ocrx_word' id='word_1_454' title='bbox 395 3141 580 3192; x_wconf 90' lang='lat' dir='ltr'><strong>suum,</strong></span> <span class='ocrx_word' id='word_1_455' title='bbox 614 3140 777 3194; x_wconf 85' lang='lat' dir='ltr'><strong>quem</strong></span> <span class='ocrx_word' id='word_1_456' title='bbox 804 3124 1084 3193; x_wconf 74' lang='lat' dir='ltr'><strong>dissipatio</strong></span> <span class='ocrx_word' id='word_1_457' title='bbox 1116 3123 1217 3178; x_wconf 88' lang='lat' dir='ltr'><strong>huc</strong></span> <span class='ocrx_word' id='word_1_458' title='bbox 1246 3138 1413 3192; x_wconf 91' lang='lat' dir='ltr'><strong>usque</strong></span> <span class='ocrx_word' id='word_1_459' title='bbox 1444 3122 1664 3176; x_wconf 89' lang='lat' dir='ltr'><strong>ridicula</strong></span> <span class='ocrx_word' id='word_1_460' title='bbox 1696 3136 1740 3198; x_wconf 73' lang='grc' dir='ltr'>ρ</span> <span class='ocrx_word' id='word_1_461' title='bbox 1774 3144 1961 3192; x_wconf 89' lang='lat' dir='ltr'><strong>unum,</strong></span> <span class='ocrx_word' id='word_1_462' title='bbox 1987 3129 2125 3181; x_wconf 91' lang='lat' dir='ltr'><strong>sicut</strong></span> <span class='ocrx_word' id='word_1_463' title='bbox 2170 3126 2417 3194; x_wconf 87' lang='lat' dir='ltr'><strong>legimus,</strong></span> <span class='ocrx_word' id='word_1_464' title='bbox 2470 3128 2629 3179; x_wconf 88' lang='lat' dir='ltr'><strong>ambo</strong></span> <span class='ocrx_word' id='word_1_465' title='bbox 2674 3138 3056 3196; x_wconf 90' lang='lat' dir='ltr'><strong>peccavetunt.</strong></span> <span class='ocrx_word' id='word_1_466' title='bbox 3086 3129 3167 3185; x_wconf 89' lang='lat' dir='ltr'><strong>Sit</strong></span> <span class='ocrx_word' id='word_1_467' title='bbox 3217 3131 3345 3200; x_wconf 74' lang='lat' dir='ltr'><strong>licet</strong></span> 
     </span>
    </p>
   </div>
   <div class='ocr_carea' id='block_1_63' title="bbox 96 3218 1665 3291">
    <p class='ocr_par' dir='ltr' id='par_1_63' title="bbox 96 3218 1665 3291">
     <span class='ocr_line' id='line_1_63' title="bbox 96 3218 1665 3291; baseline -0.002 -16"><span class='ocrx_word' id='word_1_468' title='bbox 96 3230 138 3275; x_wconf 85' lang='lat' dir='ltr'><strong>et</strong></span> <span class='ocrx_word' id='word_1_469' title='bbox 178 3223 494 3291; x_wconf 87' lang='lat' dir='ltr'><strong>blasphema</strong></span> <span class='ocrx_word' id='word_1_470' title='bbox 537 3219 807 3283; x_wconf 88' lang='lat' dir='ltr'><strong>turbabat,</strong></span> <span class='ocrx_word' id='word_1_471' title='bbox 850 3220 1086 3273; x_wconf 88' lang='lat' dir='ltr'><strong>reversis</strong></span> <span class='ocrx_word' id='word_1_472' title='bbox 1120 3218 1241 3271; x_wconf 90' lang='lat' dir='ltr'><strong>liliis</strong></span> <span class='ocrx_word' id='word_1_473' title='bbox 1287 3219 1397 3271; x_wconf 86' lang='lat' dir='ltr'><strong>suis</strong></span> <span class='ocrx_word' id='word_1_474' title='bbox 1445 3224 1665 3272; x_wconf 88' lang='lat' dir='ltr'><strong>cantare</strong></span> 
     </span>
    </p>
   </div>
   <div class='ocr_carea' id='block_1_64' title="bbox 94 3310 1663 3385">
    <p class='ocr_par' dir='ltr' id='par_1_64' title="bbox 94 3310 1663 3385">
     <span class='ocr_line' id='line_1_64' title="bbox 94 3310 1663 3385; baseline -0.004 -16"><span class='ocrx_word' id='word_1_475' title='bbox 94 3315 299 3369; x_wconf 84' lang='lat' dir='ltr'><strong>delectat</strong></span> <span class='ocrx_word' id='word_1_476' title='bbox 326 3332 341 3371; x_wconf 89' lang='lat'>:</span> <span class='ocrx_word' id='word_1_477' title='bbox 377 3315 517 3368; x_wconf 86' lang='lat' dir='ltr'><strong>Ecce</strong></span> <span class='ocrx_word' id='word_1_478' title='bbox 543 3331 690 3385; x_wconf 85' lang='lat' dir='ltr'><strong>quam</strong></span> <span class='ocrx_word' id='word_1_479' title='bbox 726 3314 911 3366; x_wconf 85' lang='lat' dir='ltr'><strong>bonum</strong></span> <span class='ocrx_word' id='word_1_480' title='bbox 941 3322 984 3365; x_wconf 86' lang='lat' dir='ltr'><strong>et</strong></span> <span class='ocrx_word' id='word_1_481' title='bbox 1014 3328 1165 3382; x_wconf 83' lang='lat' dir='ltr'><strong>quant</strong></span> <span class='ocrx_word' id='word_1_482' title='bbox 1198 3310 1488 3381; x_wconf 84' lang='lat' dir='ltr'><strong>jucundum</strong></span> <span class='ocrx_word' id='word_1_483' title='bbox 1516 3310 1663 3363; x_wconf 79' lang='lat' dir='ltr'><strong>[tabi-</strong></span> 
     </span>
    </p>
   </div>
   <div class='ocr_carea' id='block_1_65' title="bbox 97 3403 1666 3480">
    <p class='ocr_par' dir='ltr' id='par_1_65' title="bbox 97 3403 1666 3480">
     <span class='ocr_line' id='line_1_65' title="bbox 97 3403 1666 3480; baseline 0 -20"><span class='ocrx_word' id='word_1_484' title='bbox 97 3420 188 3462; x_wconf 84' lang='lat' dir='ltr'><strong>tare</strong></span> <span class='ocrx_word' id='word_1_485' title='bbox 211 3409 399 3480; x_wconf 73' lang='lat' dir='ltr'><strong>fratres</strong></span> <span class='ocrx_word' id='word_1_486' title='bbox 443 3411 495 3461; x_wconf 85' lang='lat' dir='ltr'><strong>in</strong></span> <span class='ocrx_word' id='word_1_487' title='bbox 532 3424 695 3461; x_wconf 88' lang='lat' dir='ltr'><strong>uttunt</strong></span> <span class='ocrx_word' id='word_1_488' title='bbox 726 3406 898 3477; x_wconf 79' lang='lat' dir='ltr'><strong>(Psal.</strong></span> <span class='ocrx_word' id='word_1_489' title='bbox 930 3420 1131 3468; x_wconf 76' lang='lat' dir='ltr'><strong>cxxxu,</strong></span> <span class='ocrx_word' id='word_1_490' title='bbox 1168 3403 1255 3472; x_wconf 70' lang='grc' dir='ltr'><strong>ηε</strong></span> <span class='ocrx_word' id='word_1_491' title='bbox 1286 3403 1666 3473; x_wconf 88' lang='lat' dir='ltr'><strong>Competenler</strong></span> 
     </span>
    </p>
   </div>
   <div class='ocr_carea' id='block_1_66' title="bbox 95 3497 1667 3572">
    <p class='ocr_par' dir='ltr' id='par_1_66' title="bbox 95 3497 1667 3572">
     <span class='ocr_line' id='line_1_66' title="bbox 95 3497 1667 3572; baseline -0.001 -17"><span class='ocrx_word' id='word_1_492' title='bbox 95 3499 191 3556; x_wconf 66' lang='lat' dir='ltr'><strong>haec</strong></span> <span class='ocrx_word' id='word_1_493' title='bbox 216 3518 343 3572; x_wconf 81' lang='lat' dir='ltr'><strong>ergo</strong></span> <span class='ocrx_word' id='word_1_494' title='bbox 379 3503 548 3555; x_wconf 85' lang='lat' dir='ltr'><strong>verba</strong></span> <span class='ocrx_word' id='word_1_495' title='bbox 582 3500 648 3554; x_wconf 90' lang='lat' dir='ltr'><strong>de</strong></span> <span class='ocrx_word' id='word_1_496' title='bbox 679 3516 743 3554; x_wconf 88' lang='lat' dir='ltr'><strong>eo</strong></span> <span class='ocrx_word' id='word_1_497' title='bbox 782 3500 970 3553; x_wconf 81' lang='lat' dir='ltr'><strong>fuerim</strong></span> <span class='ocrx_word' id='word_1_498' title='bbox 1003 3506 1312 3563; x_wconf 67' lang='lat' dir='ltr'><strong>mutuatus;</strong></span> <span class='ocrx_word' id='word_1_499' title='bbox 1354 3497 1484 3551; x_wconf 89' lang='lat' dir='ltr'><strong>mihi</strong></span> <span class='ocrx_word' id='word_1_500' title='bbox 1517 3515 1667 3553; x_wconf 88' lang='lat' dir='ltr'><strong>nam-</strong></span> 
     </span>
    </p>
   </div>
   <div class='ocr_carea' id='block_1_67' title="bbox 94 3590 1662 3667">
    <p class='ocr_par' dir='ltr' id='par_1_67' title="bbox 94 3590 1662 3667">
     <span class='ocr_line' id='line_1_67' title="bbox 94 3590 1662 3667; baseline -0.001 -19"><span class='ocrx_word' id='word_1_501' title='bbox 94 3612 181 3662; x_wconf 89' lang='lat' dir='ltr'><strong>que</strong></span> <span class='ocrx_word' id='word_1_502' title='bbox 203 3611 262 3650; x_wconf 80' lang='lat' dir='ltr'><strong>ex</strong></span> <span class='ocrx_word' id='word_1_503' title='bbox 292 3604 455 3667; x_wconf 88' lang='lat' dir='ltr'><strong>parte</strong></span> <span class='ocrx_word' id='word_1_504' title='bbox 486 3597 743 3660; x_wconf 79' lang='lat' dir='ltr'><strong>maxima,</strong></span> <span class='ocrx_word' id='word_1_505' title='bbox 775 3592 1099 3647; x_wconf 59' lang='lat' dir='ltr'><strong>venerandte</strong></span> <span class='ocrx_word' id='word_1_506' title='bbox 1136 3590 1415 3645; x_wconf 87' lang='lat' dir='ltr'><strong>Trinitatis</strong></span> <span class='ocrx_word' id='word_1_507' title='bbox 1442 3592 1662 3659; x_wconf 79' lang='lat' dir='ltr'><strong>auxilio,</strong></span> 
     </span>
    </p>
   </div>
   <div class='ocr_carea' id='block_1_68' title="bbox 94 3685 1669 3756">
    <p class='ocr_par' dir='ltr' id='par_1_68' title="bbox 94 3685 1669 3756">
     <span class='ocr_line' id='line_1_68' title="bbox 94 3685 1669 3756; baseline -0.002 -15"><span class='ocrx_word' id='word_1_508' title='bbox 94 3686 325 3743; x_wconf 72' lang='lat' dir='ltr'><strong>Ecclesiae</strong></span> <span class='ocrx_word' id='word_1_509' title='bbox 345 3686 681 3743; x_wconf 85' lang='lat' dir='ltr'><strong>universalis</strong></span> <span class='ocrx_word' id='word_1_510' title='bbox 703 3686 938 3756; x_wconf 89' lang='lat' dir='ltr'><strong>quietem</strong></span> <span class='ocrx_word' id='word_1_511' title='bbox 964 3694 1018 3739; x_wconf 84' lang='lat' dir='ltr'><strong>et</strong></span> <span class='ocrx_word' id='word_1_512' title='bbox 1038 3699 1301 3737; x_wconf 90' lang='lat' dir='ltr'><strong>summam</strong></span> <span class='ocrx_word' id='word_1_513' title='bbox 1328 3685 1669 3753; x_wconf 70' lang='lat' dir='ltr'><strong>tirmsentiuni</strong></span> 
     </span>
    </p>
   </div>
   <div class='ocr_carea' id='block_1_69' title="bbox 95 3777 1668 3851">
    <p class='ocr_par' dir='ltr' id='par_1_69' title="bbox 95 3777 1668 3851">
     <span class='ocr_line' id='line_1_69' title="bbox 95 3777 1668 3851; baseline -0.001 -19"><span class='ocrx_word' id='word_1_514' title='bbox 95 3780 283 3835; x_wconf 72' lang='lat' dir='ltr'><strong>vindico</strong></span> <span class='ocrx_word' id='word_1_515' title='bbox 314 3781 666 3851; x_wconf 86' lang='lat' dir='ltr'><strong>gaudiorum,</strong></span> <span class='ocrx_word' id='word_1_516' title='bbox 696 3794 852 3845; x_wconf 89' lang='lat' dir='ltr'><strong>quem</strong></span> <span class='ocrx_word' id='word_1_517' title='bbox 890 3777 995 3831; x_wconf 91' lang='lat' dir='ltr'><strong>huc</strong></span> <span class='ocrx_word' id='word_1_518' title='bbox 1024 3792 1195 3845; x_wconf 86' lang='lat' dir='ltr'><strong>usque</strong></span> <span class='ocrx_word' id='word_1_519' title='bbox 1224 3778 1311 3844; x_wconf 88' lang='lat' dir='ltr'><strong>qui</strong></span> <span class='ocrx_word' id='word_1_520' title='bbox 1340 3777 1668 3831; x_wconf 84' lang='lat' dir='ltr'><strong>scandaliza-</strong></span> 
     </span>
    </p>
   </div>
   <div class='ocr_carea' id='block_1_70' title="bbox 92 3867 1675 3941">
    <p class='ocr_par' dir='ltr' id='par_1_70' title="bbox 92 3867 1675 3941">
     <span class='ocr_line' id='line_1_70' title="bbox 92 3867 1675 3941; baseline -0.001 -15"><span class='ocrx_word' id='word_1_521' title='bbox 92 3874 261 3928; x_wconf 86' lang='lat' dir='ltr'><strong>bantur</strong></span> <span class='ocrx_word' id='word_1_522' title='bbox 310 3873 551 3927; x_wconf 87' lang='lat' dir='ltr'><strong>urebant</strong></span> <span class='ocrx_word' id='word_1_523' title='bbox 591 3869 659 3941; x_wconf 89' lang='grc' dir='ltr'>(ιι</span> <span class='ocrx_word' id='word_1_524' title='bbox 702 3869 821 3924; x_wconf 87' lang='lat' dir='ltr'><strong>Cor.</strong></span> <span class='ocrx_word' id='word_1_525' title='bbox 869 3885 948 3939; x_wconf 73' lang='grc' dir='ltr'>ιι,</span> <span class='ocrx_word' id='word_1_526' title='bbox 980 3867 1097 3939; x_wconf 70' lang='grc'><strong>29),</strong></span> <span class='ocrx_word' id='word_1_527' title='bbox 1146 3878 1199 3922; x_wconf 90' lang='lat' dir='ltr'><strong>et</strong></span> <span class='ocrx_word' id='word_1_528' title='bbox 1249 3868 1529 3922; x_wconf 80' lang='lat' dir='ltr'><strong>infirmitas</strong></span> <span class='ocrx_word' id='word_1_529' title='bbox 1575 3871 1675 3925; x_wconf 85' lang='lat' dir='ltr'><strong>ali-</strong></span> 
     </span>
    </p>
   </div>
   <div class='ocr_carea' id='block_1_71' title="bbox 92 3948 1522 4032">
    <p class='ocr_par' dir='ltr' id='par_1_71' title="bbox 92 3948 1522 4032">
     <span class='ocr_line' id='line_1_71' title="bbox 92 3948 1522 4032; baseline -0.003 -16"><span class='ocrx_word' id='word_1_530' title='bbox 92 3974 395 4032; x_wconf 86' lang='lat' dir='ltr'><strong>quantorum</strong></span> <span class='ocrx_word' id='word_1_531' title='bbox 431 3963 666 4017; x_wconf 81' lang='lat' dir='ltr'><strong>faciebat</strong></span> <span class='ocrx_word' id='word_1_532' title='bbox 695 3962 989 4016; x_wconf 89' lang='lat' dir='ltr'><strong>inﬁrmum.</strong></span> <span class='ocrx_word' id='word_1_533' title='bbox 1348 3948 1369 3960; x_wconf 74' lang='grc'><strong>’</strong></span> <span class='ocrx_word' id='word_1_534' title='bbox 1406 3948 1522 3967; x_wconf 55' lang='grc'><strong>’“’</strong></span> 
     </span>
    </p>
   </div>
   <div class='ocr_carea' id='block_1_72' title="bbox 147 4049 1668 4121">
    <p class='ocr_par' dir='ltr' id='par_1_72' title="bbox 147 4049 1668 4121">
     <span class='ocr_line' id='line_1_72' title="bbox 147 4049 1668 4121; baseline -0.003 -10"><span class='ocrx_word' id='word_1_535' title='bbox 147 4056 194 4111; x_wconf 78' lang='lat'><strong>2.</strong></span> <span class='ocrx_word' id='word_1_536' title='bbox 226 4056 480 4112; x_wconf 76' lang='lat' dir='ltr'><strong>Meminit</strong></span> <span class='ocrx_word' id='word_1_537' title='bbox 505 4054 738 4109; x_wconf 90' lang='lat' dir='ltr'><strong>charitas</strong></span> <span class='ocrx_word' id='word_1_538' title='bbox 761 4064 932 4107; x_wconf 86' lang='lat' dir='ltr'><strong>vestra</strong></span> <span class='ocrx_word' id='word_1_539' title='bbox 967 4051 1106 4121; x_wconf 89' lang='lat' dir='ltr'><strong>apud</strong></span> <span class='ocrx_word' id='word_1_540' title='bbox 1135 4067 1229 4108; x_wconf 88' lang='lat' dir='ltr'><strong>vos</strong></span> <span class='ocrx_word' id='word_1_541' title='bbox 1256 4052 1385 4105; x_wconf 81' lang='lat' dir='ltr'><strong>mihi</strong></span> <span class='ocrx_word' id='word_1_542' title='bbox 1414 4049 1439 4087; x_wconf 72' lang='grc' dir='ltr'>ἀ</span> <span class='ocrx_word' id='word_1_543' title='bbox 1469 4052 1668 4106; x_wconf 88' lang='lat' dir='ltr'><strong>dudum</strong></span> 
     </span>
    </p>
   </div>
   <div class='ocr_carea' id='block_1_73' title="bbox 150 4168 1658 4241">
    <p class='ocr_par' dir='ltr' id='par_1_73' title="bbox 150 4168 1658 4241">
     <span class='ocr_line' id='line_1_73' title="bbox 150 4168 1658 4241; baseline -0.004 -13"><span class='ocrx_word' id='word_1_544' title='bbox 150 4181 174 4209; x_wconf 75' lang='grc'><strong>⁸</strong></span> <span class='ocrx_word' id='word_1_545' title='bbox 210 4172 430 4228; x_wconf 85' lang='lat' dir='ltr'><strong>Labbeo</strong></span> <span class='ocrx_word' id='word_1_546' title='bbox 462 4180 583 4241; x_wconf 89' lang='lat' dir='ltr'><strong>post</strong></span> <span class='ocrx_word' id='word_1_547' title='bbox 612 4171 804 4225; x_wconf 87' lang='lat' dir='ltr'><strong>Baron.</strong></span> <span class='ocrx_word' id='word_1_548' title='bbox 850 4170 1015 4239; x_wconf 80' lang='lat' dir='ltr'><strong>magis</strong></span> <span class='ocrx_word' id='word_1_549' title='bbox 1062 4170 1242 4241; x_wconf 81' lang='lat' dir='ltr'><strong>arrisit</strong></span> <span class='ocrx_word' id='word_1_550' title='bbox 1291 4168 1530 4241; x_wconf 74' lang='lat' dir='ltr'><strong>pravitas,</strong></span> <span class='ocrx_word' id='word_1_551' title='bbox 1576 4186 1658 4223; x_wconf 89' lang='lat' dir='ltr'><strong>re-</strong></span> 
     </span>
    </p>
   </div>
   <div class='ocr_carea' id='block_1_74' title="bbox 86 4239 1656 4311">
    <p class='ocr_par' dir='ltr' id='par_1_74' title="bbox 86 4239 1656 4311">
     <span class='ocr_line' id='line_1_74' title="bbox 86 4239 1656 4311; baseline -0.005 -14"><span class='ocrx_word' id='word_1_552' title='bbox 86 4241 212 4311; x_wconf 80' lang='lat' dir='ltr'><strong>jecm</strong></span> <span class='ocrx_word' id='word_1_553' title='bbox 239 4245 303 4298; x_wconf 85' lang='lat' dir='ltr'><strong>ad</strong></span> <span class='ocrx_word' id='word_1_554' title='bbox 338 4239 499 4297; x_wconf 82' lang='lat' dir='ltr'><strong>oram</strong></span> <span class='ocrx_word' id='word_1_555' title='bbox 532 4244 802 4305; x_wconf 85' lang='lat' dir='ltr'><strong>ualivitus;</strong></span> <span class='ocrx_word' id='word_1_556' title='bbox 828 4242 968 4310; x_wconf 81' lang='lat' dir='ltr'><strong>quod</strong></span> <span class='ocrx_word' id='word_1_557' title='bbox 996 4240 1212 4292; x_wconf 88' lang='lat' dir='ltr'><strong>verbum</strong></span> <span class='ocrx_word' id='word_1_558' title='bbox 1243 4251 1416 4293; x_wconf 75' lang='lat' dir='ltr'><strong>exstat</strong></span> <span class='ocrx_word' id='word_1_559' title='bbox 1446 4239 1497 4311; x_wconf 81' lang='lat' dir='ltr'><strong>in</strong></span> <span class='ocrx_word' id='word_1_560' title='bbox 1528 4254 1656 4311; x_wconf 87' lang='lat' dir='ltr'><strong>mss.</strong></span> 
     </span>
    </p>
   </div>
   <div class='ocr_carea' id='block_1_75' title="bbox 90 4309 1661 4382">
    <p class='ocr_par' dir='ltr' id='par_1_75' title="bbox 90 4309 1661 4382">
     <span class='ocr_line' id='line_1_75' title="bbox 90 4309 1661 4382; baseline -0.004 -15"><span class='ocrx_word' id='word_1_561' title='bbox 90 4309 154 4367; x_wconf 80' lang='lat' dir='ltr'><strong>Eo</strong></span> <span class='ocrx_word' id='word_1_562' title='bbox 188 4326 366 4369; x_wconf 88' lang='lat' dir='ltr'><strong>autem</strong></span> <span class='ocrx_word' id='word_1_563' title='bbox 402 4312 739 4382; x_wconf 82' lang='lat' dir='ltr'><strong>signiﬁcatur</strong></span> <span class='ocrx_word' id='word_1_564' title='bbox 764 4309 989 4376; x_wconf 53' lang='lat' dir='ltr'><strong>quiestiu</strong></span> <span class='ocrx_word' id='word_1_565' title='bbox 1029 4312 1097 4382; x_wconf 87' lang='lat' dir='ltr'><strong>_d_e</strong></span> <span class='ocrx_word' id='word_1_566' title='bbox 1141 4310 1346 4363; x_wconf 83' lang='lat' dir='ltr'><strong>Domini</strong></span> <span class='ocrx_word' id='word_1_567' title='bbox 1371 4309 1661 4382; x_wconf 81' lang='lat' dir='ltr'><strong>nativitate</strong></span> 
     </span>
    </p>
   </div>
   <div class='ocr_carea' id='block_1_76' title="bbox 90 4379 1665 4439">
    <p class='ocr_par' dir='ltr' id='par_1_76' title="bbox 90 4379 1665 4439">
     <span class='ocr_line' id='line_1_76' title="bbox 90 4379 1665 4439; baseline -0.003 -4"><span class='ocrx_word' id='word_1_568' title='bbox 90 4398 142 4435; x_wconf 81' lang='lat' dir='ltr'><strong>ex</strong></span> <span class='ocrx_word' id='word_1_569' title='bbox 168 4385 347 4439; x_wconf 71' lang='lat' dir='ltr'><strong>Maria.</strong></span> <span class='ocrx_word' id='word_1_570' title='bbox 383 4379 502 4439; x_wconf 75' lang='lat' dir='ltr'><strong>Hoc</strong></span> <span class='ocrx_word' id='word_1_571' title='bbox 526 4385 668 4437; x_wconf 89' lang='lat' dir='ltr'><strong>enim</strong></span> <span class='ocrx_word' id='word_1_572' title='bbox 696 4381 797 4435; x_wconf 89' lang='lat' dir='ltr'><strong>sibi</strong></span> <span class='ocrx_word' id='word_1_573' title='bbox 831 4384 976 4436; x_wconf 89' lang='lat' dir='ltr'><strong>vult:</strong></span> <span class='ocrx_word' id='word_1_574' title='bbox 1018 4380 1131 4433; x_wconf 80' lang='lat' dir='ltr'><strong>Non</strong></span> <span class='ocrx_word' id='word_1_575' title='bbox 1163 4379 1501 4434; x_wconf 76' lang='lat' dir='ltr'><strong>nos&#39;detiueat</strong></span> <span class='ocrx_word' id='word_1_576' title='bbox 1530 4381 1665 4431; x_wconf 84' lang='lat' dir='ltr'><strong>nati-</strong></span> 
     </span>
    </p>
   </div>
   <div class='ocr_carea' id='block_1_77' title="bbox 88 4446 1667 4524">
    <p class='ocr_par' dir='ltr' id='par_1_77' title="bbox 88 4446 1667 4524">
     <span class='ocr_line' id='line_1_77' title="bbox 88 4446 1667 4524; baseline -0.001 -19"><span class='ocrx_word' id='word_1_577' title='bbox 88 4456 217 4516; x_wconf 67' lang='grc' dir='ltr'><strong>τὲως,</strong></span> <span class='ocrx_word' id='word_1_578' title='bbox 245 4458 343 4510; x_wconf 74' lang='lat' dir='ltr'><strong>hoc</strong></span> <span class='ocrx_word' id='word_1_579' title='bbox 368 4465 447 4512; x_wconf 76' lang='lat' dir='ltr'><strong>est</strong></span> <span class='ocrx_word' id='word_1_580' title='bbox 467 4455 701 4524; x_wconf 77' lang='lat' dir='ltr'><strong>qtuestt&#39;o,</strong></span> <span class='ocrx_word' id='word_1_581' title='bbox 731 4469 881 4520; x_wconf 86' lang='lat' dir='ltr'><strong>quam</strong></span> <span class='ocrx_word' id='word_1_582' title='bbox 902 4452 1118 4524; x_wconf 78' lang='lat' dir='ltr'><strong>quisque</strong></span> <span class='ocrx_word' id='word_1_583' title='bbox 1138 4452 1261 4524; x_wconf 77' lang='lat' dir='ltr'><strong>bene</strong></span> <span class='ocrx_word' id='word_1_584' title='bbox 1279 4466 1339 4506; x_wconf 80' lang='lat' dir='ltr'><strong>ac</strong></span> <span class='ocrx_word' id='word_1_585' title='bbox 1363 4446 1667 4519; x_wconf 71' lang='lat' dir='ltr'><strong>simpliciter</strong></span> 
     </span>
    </p>
   </div>
   <div class='ocr_carea' id='block_1_78' title="bbox 88 4522 1249 4597">
    <p class='ocr_par' dir='ltr' id='par_1_78' title="bbox 88 4522 1249 4597">
     <span class='ocr_line' id='line_1_78' title="bbox 88 4522 1249 4597; baseline -0.001 -20"><span class='ocrx_word' id='word_1_586' title='bbox 88 4528 277 4597; x_wconf 72' lang='lat' dir='ltr'><strong>credens</strong></span> <span class='ocrx_word' id='word_1_587' title='bbox 304 4522 547 4597; x_wconf 79' lang='lat' dir='ltr'><strong>apertam</strong></span> <span class='ocrx_word' id='word_1_588' title='bbox 575 4542 636 4575; x_wconf 90' lang='lat' dir='ltr'><strong>ac</strong></span> <span class='ocrx_word' id='word_1_589' title='bbox 661 4534 847 4597; x_wconf 72' lang='lat' dir='ltr'><strong>certant</strong></span> <span class='ocrx_word' id='word_1_590' title='bbox 878 4522 1060 4575; x_wconf 83' lang='lat' dir='ltr'><strong>habere</strong></span> <span class='ocrx_word' id='word_1_591' title='bbox 1086 4522 1249 4577; x_wconf 82' lang='lat' dir='ltr'><strong>debet.</strong></span> 
     </span>
    </p>
   </div>
   <div class='ocr_carea' id='block_1_79' title="bbox 148 4595 1057 4663">
    <p class='ocr_par' dir='ltr' id='par_1_79' title="bbox 148 4595 1057 4663">
     <span class='ocr_line' id='line_1_79' title="bbox 148 4595 1057 4663; baseline -0.006 -13"><span class='ocrx_word' id='word_1_592' title='bbox 148 4595 171 4633; x_wconf 70' lang='grc' dir='ltr'>δ</span> <span class='ocrx_word' id='word_1_593' title='bbox 210 4595 645 4663; x_wconf 75' lang='lat' dir='ltr'><strong>Exputtgendum</strong></span> <span class='ocrx_word' id='word_1_594' title='bbox 674 4595 905 4657; x_wconf 83' lang='lat' dir='ltr'><strong>videtur,</strong></span> <span class='ocrx_word' id='word_1_595' title='bbox 935 4608 1057 4645; x_wconf 83' lang='lat' dir='ltr'><strong>non.</strong></span> 
     </span>
    </p>
   </div>
   <div class='ocr_carea' id='block_1_80' title="bbox 149 4663 1663 4734">
    <p class='ocr_par' dir='ltr' id='par_1_80' title="bbox 149 4663 1663 4734">
     <span class='ocr_line' id='line_1_80' title="bbox 149 4663 1663 4734; baseline -0.004 -14"><span class='ocrx_word' id='word_1_596' title='bbox 149 4678 167 4705; x_wconf 74' lang='grc' dir='ltr'>ε</span> <span class='ocrx_word' id='word_1_597' title='bbox 206 4665 263 4720; x_wconf 84' lang='grc' dir='ltr'><strong>1η</strong></span> <span class='ocrx_word' id='word_1_598' title='bbox 313 4668 561 4734; x_wconf 77' lang='lat' dir='ltr'><strong>vulgatis</strong></span> <span class='ocrx_word' id='word_1_599' title='bbox 604 4663 1018 4733; x_wconf 76' lang='lat' dir='ltr'><strong>psalmographo.</strong></span> <span class='ocrx_word' id='word_1_600' title='bbox 1055 4663 1129 4717; x_wconf 82' lang='lat' dir='ltr'><strong>Ex</strong></span> <span class='ocrx_word' id='word_1_601' title='bbox 1170 4676 1299 4717; x_wconf 90' lang='lat' dir='ltr'><strong>mss.</strong></span> <span class='ocrx_word' id='word_1_602' title='bbox 1346 4677 1663 4716; x_wconf 87' lang='lat' dir='ltr'><strong>revocamus</strong></span> 
     </span>
    </p>
   </div>
   <div class='ocr_carea' id='block_1_81' title="bbox 87 4735 1662 4815">
    <p class='ocr_par' dir='ltr' id='par_1_81' title="bbox 87 4735 1662 4815">
     <span class='ocr_line' id='line_1_81' title="bbox 87 4735 1662 4815; baseline -0.002 -26"><span class='ocrx_word' id='word_1_603' title='bbox 87 4738 495 4815; x_wconf 61' lang='lat' dir='ltr'><strong>psalmigrapfto,</strong></span> <span class='ocrx_word' id='word_1_604' title='bbox 552 4737 800 4815; x_wconf 57' lang='lat' dir='ltr'><strong>quodea</strong></span> <span class='ocrx_word' id='word_1_605' title='bbox 850 4735 1319 4815; x_wconf 48' lang='lat' dir='ltr'><strong>ratione-dicitur,</strong></span> <span class='ocrx_word' id='word_1_606' title='bbox 1371 4749 1476 4803; x_wconf 86' lang='lat' dir='ltr'><strong>qua</strong></span> <span class='ocrx_word' id='word_1_607' title='bbox 1530 4738 1662 4815; x_wconf 63' lang='lat' dir='ltr'><strong>intra</strong></span> 
     </span>
    </p>
   </div>
   <div class='ocr_carea' id='block_1_82' title="bbox 88 4803 1667 4877">
    <p class='ocr_par' dir='ltr' id='par_1_82' title="bbox 88 4803 1667 4877">
     <span class='ocr_line' id='line_1_82' title="bbox 88 4803 1667 4877; baseline 0.001 -20"><span class='ocrx_word' id='word_1_608' title='bbox 88 4803 211 4860; x_wconf 83' lang='lat' dir='ltr'><strong>idem</strong></span> <span class='ocrx_word' id='word_1_609' title='bbox 243 4803 516 4877; x_wconf 74' lang='lat' dir='ltr'><strong>propheta</strong></span> <span class='ocrx_word' id='word_1_610' title='bbox 547 4806 889 4877; x_wconf 75' lang='lat' dir='ltr'><strong>hymnidicus,</strong></span> <span class='ocrx_word' id='word_1_611' title='bbox 932 4820 1039 4857; x_wconf 88' lang='lat' dir='ltr'><strong>non</strong></span> <span class='ocrx_word' id='word_1_612' title='bbox 1068 4803 1430 4874; x_wconf 77' lang='lat' dir='ltr'><strong>hyntnodicus,</strong></span> <span class='ocrx_word' id='word_1_613' title='bbox 1474 4805 1667 4874; x_wconf 66' lang='lat' dir='ltr'><strong>praedi-</strong></span> 
     </span>
    </p>
   </div>
   <div class='ocr_carea' id='block_1_83' title="bbox 87 4892 241 4931">
    <p class='ocr_par' dir='ltr' id='par_1_83' title="bbox 87 4892 241 4931">
     <span class='ocr_line' id='line_1_83' title="bbox 87 4892 241 4931; baseline 0.019 -3"><span class='ocrx_word' id='word_1_614' title='bbox 87 4892 241 4931; x_wconf 77' lang='lat' dir='ltr'><strong>catur.</strong></span> 
     </span>
    </p>
   </div>
   <div class='ocr_carea' id='block_1_84' title="bbox 146 4945 991 5015">
    <p class='ocr_par' dir='ltr' id='par_1_84' title="bbox 146 4945 991 5015">
     <span class='ocr_line' id='line_1_84' title="bbox 146 4945 991 5015; baseline -0.002 -15"><span class='ocrx_word' id='word_1_615' title='bbox 146 4946 168 4983; x_wconf 72' lang='grc' dir='ltr'><em>ἀ</em></span> <span class='ocrx_word' id='word_1_616' title='bbox 210 4949 389 5015; x_wconf 78' lang='lat' dir='ltr'><strong>Epist.</strong></span> <span class='ocrx_word' id='word_1_617' title='bbox 417 4947 489 5000; x_wconf 74' lang='grc'><strong>14</strong></span> <span class='ocrx_word' id='word_1_618' title='bbox 512 4961 660 4999; x_wconf 89' lang='lat' dir='ltr'><strong>num.</strong></span> <span class='ocrx_word' id='word_1_619' title='bbox 692 4945 728 4999; x_wconf 87' lang='lat'><strong>5</strong></span> <span class='ocrx_word' id='word_1_620' title='bbox 753 4954 808 5000; x_wconf 93' lang='lat' dir='ltr'><strong>et</strong></span> <span class='ocrx_word' id='word_1_621' title='bbox 837 4959 991 5013; x_wconf 89' lang='lat' dir='ltr'><strong>seqq.</strong></span> 
     </span>
    </p>
   </div>
   <div class='ocr_carea' id='block_1_85' title="bbox 1771 3216 3347 3288">
    <p class='ocr_par' dir='ltr' id='par_1_85' title="bbox 1771 3216 3347 3288">
     <span class='ocr_line' id='line_1_85' title="bbox 1771 3216 3347 3288; baseline 0.003 -15"><span class='ocrx_word' id='word_1_622' title='bbox 1771 3229 1995 3288; x_wconf 84' lang='lat' dir='ltr'><strong>uterque</strong></span> <span class='ocrx_word' id='word_1_623' title='bbox 2021 3227 2145 3272; x_wconf 85' lang='lat' dir='ltr'><strong>ante</strong></span> <span class='ocrx_word' id='word_1_624' title='bbox 2171 3218 2361 3273; x_wconf 90' lang='lat' dir='ltr'><strong>oculos</strong></span> <span class='ocrx_word' id='word_1_625' title='bbox 2392 3225 2607 3272; x_wconf 88' lang='lat' dir='ltr'><strong>nostros</strong></span> <span class='ocrx_word' id='word_1_626' title='bbox 2631 3216 2933 3274; x_wconf 86' lang='lat' dir='ltr'><strong>Salvatoris</strong></span> <span class='ocrx_word' id='word_1_627' title='bbox 2952 3224 3117 3274; x_wconf 83' lang='lat' dir='ltr'><strong>nostri</strong></span> <span class='ocrx_word' id='word_1_628' title='bbox 3140 3223 3347 3277; x_wconf 84' lang='lat' dir='ltr'><strong>calum-</strong></span> 
     </span>
    </p>
   </div>
   <div class='ocr_carea' id='block_1_86' title="bbox 1770 3310 3343 3376">
    <p class='ocr_par' dir='ltr' id='par_1_86' title="bbox 1770 3310 3343 3376">
     <span class='ocr_line' id='line_1_86' title="bbox 1770 3310 3343 3376; baseline 0.002 -10"><span class='ocrx_word' id='word_1_629' title='bbox 1770 3313 1949 3367; x_wconf 81' lang='lat' dir='ltr'><strong>Iiator</strong></span> <span class='ocrx_word' id='word_1_630' title='bbox 1974 3322 2025 3366; x_wconf 92' lang='lat' dir='ltr'><strong>et</strong></span> <span class='ocrx_word' id='word_1_631' title='bbox 2060 3310 2308 3376; x_wconf 82' lang='lat' dir='ltr'><strong>traditur,</strong></span> <span class='ocrx_word' id='word_1_632' title='bbox 2342 3319 2520 3363; x_wconf 88' lang='lat' dir='ltr'><strong>tanten</strong></span> <span class='ocrx_word' id='word_1_633' title='bbox 2548 3310 2855 3366; x_wconf 83' lang='lat' dir='ltr'><strong>deliberare</strong></span> <span class='ocrx_word' id='word_1_634' title='bbox 2886 3312 3111 3369; x_wconf 81' lang='lat' dir='ltr'><strong>difﬁcile</strong></span> <span class='ocrx_word' id='word_1_635' title='bbox 3150 3325 3233 3369; x_wconf 92' lang='lat' dir='ltr'><strong>est</strong></span> <span class='ocrx_word' id='word_1_636' title='bbox 3264 3316 3343 3375; x_wconf 83' lang='lat' dir='ltr'><strong>in-</strong></span> 
     </span>
    </p>
   </div>
   <div class='ocr_carea' id='block_1_87' title="bbox 1771 3403 3344 3481">
    <p class='ocr_par' dir='ltr' id='par_1_87' title="bbox 1771 3403 3344 3481">
     <span class='ocr_line' id='line_1_87' title="bbox 1771 3403 3344 3481; baseline 0.003 -22"><span class='ocrx_word' id='word_1_637' title='bbox 1771 3415 1857 3460; x_wconf 91' lang='lat' dir='ltr'><strong>ter</strong></span> <span class='ocrx_word' id='word_1_638' title='bbox 1916 3405 2279 3459; x_wconf 88' lang='lat' dir='ltr'><strong>discussorem</strong></span> <span class='ocrx_word' id='word_1_639' title='bbox 2340 3403 2636 3458; x_wconf 87' lang='lat' dir='ltr'><strong>nativitatis</strong></span> <span class='ocrx_word' id='word_1_640' title='bbox 2692 3414 2746 3459; x_wconf 91' lang='lat' dir='ltr'><strong>et</strong></span> <span class='ocrx_word' id='word_1_641' title='bbox 2806 3407 2994 3460; x_wconf 88' lang='lat' dir='ltr'><strong>mortis</strong></span> <span class='ocrx_word' id='word_1_642' title='bbox 3042 3416 3344 3481; x_wconf 68' lang='lat' dir='ltr'><strong>auctorem.</strong></span> 
     </span>
    </p>
   </div>
   <div class='ocr_carea' id='block_1_88' title="bbox 1776 3495 3344 3573">
    <p class='ocr_par' dir='ltr' id='par_1_88' title="bbox 1776 3495 3344 3573">
     <span class='ocr_line' id='line_1_88' title="bbox 1776 3495 3344 3573; baseline 0.004 -23"><span class='ocrx_word' id='word_1_643' title='bbox 1776 3496 1926 3552; x_wconf 87' lang='lat' dir='ltr'><strong>Facti</strong></span> <span class='ocrx_word' id='word_1_644' title='bbox 1948 3497 2029 3551; x_wconf 93' lang='lat' dir='ltr'><strong>sui</strong></span> <span class='ocrx_word' id='word_1_645' title='bbox 2070 3495 2326 3550; x_wconf 90' lang='lat' dir='ltr'><strong>videlicet</strong></span> <span class='ocrx_word' id='word_1_646' title='bbox 2360 3510 2583 3549; x_wconf 87' lang='lat' dir='ltr'><strong>vacuum</strong></span> <span class='ocrx_word' id='word_1_647' title='bbox 2626 3497 2805 3551; x_wconf 89' lang='lat' dir='ltr'><strong>statim</strong></span> <span class='ocrx_word' id='word_1_648' title='bbox 2842 3497 3036 3553; x_wconf 84' lang='lat' dir='ltr'><strong>Judam</strong></span> <span class='ocrx_word' id='word_1_649' title='bbox 3072 3504 3344 3573; x_wconf 60' lang='lat' dir='ltr'><strong>timuituit,</strong></span> 
     </span>
    </p>
   </div>
   <div class='ocr_carea' id='block_1_89' title="bbox 1776 3586 3350 3666">
    <p class='ocr_par' dir='ltr' id='par_1_89' title="bbox 1776 3586 3350 3666">
     <span class='ocr_line' id='line_1_89' title="bbox 1776 3586 3350 3666; baseline 0.004 -23"><span class='ocrx_word' id='word_1_650' title='bbox 1776 3591 2036 3659; x_wconf 75' lang='lat' dir='ltr'><strong>prteveuit</strong></span> <span class='ocrx_word' id='word_1_651' title='bbox 2090 3586 2340 3644; x_wconf 59' lang='lat' dir='ltr'><strong>‘exitutu</strong></span> <span class='ocrx_word' id='word_1_652' title='bbox 2398 3589 2581 3643; x_wconf 88' lang='lat' dir='ltr'><strong>traditi</strong></span> <span class='ocrx_word' id='word_1_653' title='bbox 2641 3590 2967 3661; x_wconf 88' lang='lat' dir='ltr'><strong>supplicium</strong></span> <span class='ocrx_word' id='word_1_654' title='bbox 3028 3586 3350 3666; x_wconf 58' lang='lat' dir='ltr'><strong>proditoris:</strong></span> 
     </span>
    </p>
   </div>
   <div class='ocr_carea' id='block_1_90' title="bbox 1771 3682 3349 3768">
    <p class='ocr_par' dir='ltr' id='par_1_90' title="bbox 1771 3682 3349 3768">
     <span class='ocr_line' id='line_1_90' title="bbox 1771 3682 3349 3768; baseline 0.003 -30"><span class='ocrx_word' id='word_1_655' title='bbox 1771 3684 1863 3738; x_wconf 89' lang='lat' dir='ltr'><strong>ille</strong></span> <span class='ocrx_word' id='word_1_656' title='bbox 1891 3683 2073 3737; x_wconf 86' lang='lat' dir='ltr'><strong>statim</strong></span> <span class='ocrx_word' id='word_1_657' title='bbox 2103 3682 2375 3751; x_wconf 88' lang='lat' dir='ltr'><strong>laqueum,</strong></span> <span class='ocrx_word' id='word_1_658' title='bbox 2400 3692 2682 3750; x_wconf 77' lang='lat' dir='ltr'><strong>peceatum</strong></span> <span class='ocrx_word' id='word_1_659' title='bbox 2709 3698 2869 3739; x_wconf 88' lang='lat' dir='ltr'><strong>suum</strong></span> <span class='ocrx_word' id='word_1_660' title='bbox 2899 3682 3205 3751; x_wconf 73' lang='lat' dir='ltr'><strong>confessus.</strong></span> <span class='ocrx_word' id='word_1_661' title='bbox 3233 3686 3349 3768; x_wconf 72' lang='lat' dir='ltr'><strong>ele-</strong></span> 
     </span>
    </p>
   </div>
   <div class='ocr_carea' id='block_1_91' title="bbox 1772 3764 3351 3863">
    <p class='ocr_par' dir='ltr' id='par_1_91' title="bbox 1772 3764 3351 3863">
     <span class='ocr_line' id='line_1_91' title="bbox 1772 3764 3351 3863; baseline 0.004 -32"><span class='ocrx_word' id='word_1_662' title='bbox 1772 3777 1877 3847; x_wconf 88' lang='lat' dir='ltr'><strong>git;</strong></span> <span class='ocrx_word' id='word_1_663' title='bbox 1904 3778 1989 3830; x_wconf 88' lang='lat' dir='ltr'><strong>hic</strong></span> <span class='ocrx_word' id='word_1_664' title='bbox 2020 3777 2312 3846; x_wconf 85' lang='lat' dir='ltr'><strong>impietatis</strong></span> <span class='ocrx_word' id='word_1_665' title='bbox 2338 3776 2631 3846; x_wconf 88' lang='lat' dir='ltr'><strong>pertinacia</strong></span> <span class='ocrx_word' id='word_1_666' title='bbox 2655 3778 2939 3847; x_wconf 86' lang='lat' dir='ltr'><strong>gloriatur.</strong></span> <span class='ocrx_word' id='word_1_667' title='bbox 2967 3776 3077 3835; x_wconf 80' lang='lat' dir='ltr'><strong>Nec</strong></span> <span class='ocrx_word' id='word_1_668' title='bbox 3099 3796 3199 3851; x_wconf 82' lang='lat' dir='ltr'><strong>ego</strong></span> <span class='ocrx_word' id='word_1_669' title='bbox 3228 3764 3351 3863; x_wconf 57' lang='lat' dir='ltr'><strong>per»-</strong></span> 
     </span>
    </p>
   </div>
   <div class='ocr_carea' id='block_1_92' title="bbox 1776 3868 3349 3937">
    <p class='ocr_par' dir='ltr' id='par_1_92' title="bbox 1776 3868 3349 3937">
     <span class='ocr_line' id='line_1_92' title="bbox 1776 3868 3349 3937; baseline 0.003 -13"><span class='ocrx_word' id='word_1_670' title='bbox 1776 3870 1915 3924; x_wconf 67' lang='lat' dir='ltr'><strong>ﬁdite</strong></span> <span class='ocrx_word' id='word_1_671' title='bbox 1958 3869 2086 3924; x_wconf 87' lang='lat' dir='ltr'><strong>huic</strong></span> <span class='ocrx_word' id='word_1_672' title='bbox 2129 3868 2272 3923; x_wconf 90' lang='lat' dir='ltr'><strong>dabo</strong></span> <span class='ocrx_word' id='word_1_673' title='bbox 2319 3884 2517 3925; x_wconf 91' lang='lat' dir='ltr'><strong>nomen</strong></span> <span class='ocrx_word' id='word_1_674' title='bbox 2547 3871 2776 3937; x_wconf 86' lang='lat' dir='ltr'><strong>erroris,</strong></span> <span class='ocrx_word' id='word_1_675' title='bbox 2809 3886 2919 3926; x_wconf 91' lang='lat' dir='ltr'><strong>non</strong></span> <span class='ocrx_word' id='word_1_676' title='bbox 2950 3882 3038 3926; x_wconf 91' lang='lat' dir='ltr'><strong>est</strong></span> <span class='ocrx_word' id='word_1_677' title='bbox 3065 3888 3221 3928; x_wconf 90' lang='lat' dir='ltr'><strong>error</strong></span> <span class='ocrx_word' id='word_1_678' title='bbox 3249 3875 3349 3937; x_wconf 79' lang='lat' dir='ltr'><strong>im-</strong></span> 
     </span>
    </p>
   </div>
   <div class='ocr_carea' id='block_1_93' title="bbox 1774 3958 3348 4039">
    <p class='ocr_par' dir='ltr' id='par_1_93' title="bbox 1774 3958 3348 4039">
     <span class='ocr_line' id='line_1_93' title="bbox 1774 3958 3348 4039; baseline 0.006 -26"><span class='ocrx_word' id='word_1_679' title='bbox 1774 3963 1947 4031; x_wconf 88' lang='lat' dir='ltr'><strong>pietas</strong></span> <span class='ocrx_word' id='word_1_680' title='bbox 1992 3960 2190 4015; x_wconf 84' lang='lat' dir='ltr'><strong>omnis.</strong></span> <span class='ocrx_word' id='word_1_681' title='bbox 2219 3958 2467 4030; x_wconf 90' lang='lat' dir='ltr'><strong>Denique</strong></span> <span class='ocrx_word' id='word_1_682' title='bbox 2512 3961 2730 4029; x_wconf 88' lang='lat' dir='ltr'><strong>quoties</strong></span> <span class='ocrx_word' id='word_1_683' title='bbox 2785 3961 3048 4018; x_wconf 71' lang='lat' dir='ltr'><strong>Ecclesiae</strong></span> <span class='ocrx_word' id='word_1_684' title='bbox 3096 3964 3180 4020; x_wconf 86' lang='lat' dir='ltr'><strong>vel</strong></span> <span class='ocrx_word' id='word_1_685' title='bbox 3231 3967 3348 4039; x_wconf 84' lang='lat' dir='ltr'><strong>ejus</strong></span> 
     </span>
    </p>
   </div>
   <div class='ocr_carea' id='block_1_94' title="bbox 1774 4051 3347 4124">
    <p class='ocr_par' dir='ltr' id='par_1_94' title="bbox 1774 4051 3347 4124">
     <span class='ocr_line' id='line_1_94' title="bbox 1774 4051 3347 4124; baseline 0.006 -18"><span class='ocrx_word' id='word_1_686' title='bbox 1774 4054 1940 4124; x_wconf 90' lang='lat' dir='ltr'><strong>quieti</strong></span> <span class='ocrx_word' id='word_1_687' title='bbox 1970 4053 2215 4107; x_wconf 86' lang='lat' dir='ltr'><strong>diabolus</strong></span> <span class='ocrx_word' id='word_1_688' title='bbox 2260 4051 2473 4107; x_wconf 88' lang='lat' dir='ltr'><strong>invidus</strong></span> <span class='ocrx_word' id='word_1_689' title='bbox 2514 4052 2695 4120; x_wconf 81' lang='lat' dir='ltr'><strong>fuerit,</strong></span> <span class='ocrx_word' id='word_1_690' title='bbox 2725 4055 2865 4109; x_wconf 89' lang='lat' dir='ltr'><strong>intra</strong></span> <span class='ocrx_word' id='word_1_691' title='bbox 2894 4070 3014 4111; x_wconf 90' lang='lat' dir='ltr'><strong>eam</strong></span> <span class='ocrx_word' id='word_1_692' title='bbox 3062 4068 3185 4111; x_wconf 88' lang='lat' dir='ltr'><strong>nata</strong></span> <span class='ocrx_word' id='word_1_693' title='bbox 3217 4072 3347 4121; x_wconf 76' lang='lat' dir='ltr'><strong>con,-</strong></span> 
     </span>
    </p>
   </div>
   <div class='ocr_carea' id='block_1_95' title="bbox 1762 4167 3352 4249">
    <p class='ocr_par' dir='ltr' id='par_1_95' title="bbox 1762 4167 3352 4249">
     <span class='ocr_line' id='line_1_95' title="bbox 1762 4167 3352 4249; baseline 0.004 -27"><span class='ocrx_word' id='word_1_694' title='bbox 1762 4170 1970 4249; x_wconf 78' lang='lat' dir='ltr'><strong>verltis:</strong></span> <span class='ocrx_word' id='word_1_695' title='bbox 1997 4167 2157 4249; x_wconf 77' lang='lat' dir='ltr'><strong>Video</strong></span> <span class='ocrx_word' id='word_1_696' title='bbox 2179 4169 2743 4249; x_wconf 41' lang='lat' dir='ltr'><strong>populum-nostrum...</strong></span> <span class='ocrx_word' id='word_1_697' title='bbox 2769 4173 2821 4226; x_wconf 83' lang='lat' dir='ltr'><strong>iu</strong></span> <span class='ocrx_word' id='word_1_698' title='bbox 2844 4173 3085 4249; x_wconf 76' lang='lat' dir='ltr'><strong>dogmate</strong></span> <span class='ocrx_word' id='word_1_699' title='bbox 3105 4175 3352 4249; x_wconf 63' lang='lat' dir='ltr'><strong>theogno.</strong></span> 
     </span>
    </p>
   </div>
   <div class='ocr_carea' id='block_1_96' title="bbox 1761 4238 3355 4327">
    <p class='ocr_par' dir='ltr' id='par_1_96' title="bbox 1761 4238 3355 4327">
     <span class='ocr_line' id='line_1_96' title="bbox 1761 4238 3355 4327; baseline 0.003 -33"><span class='ocrx_word' id='word_1_700' title='bbox 1761 4243 1853 4327; x_wconf 67' lang='lat' dir='ltr'><strong>site</strong></span> <span class='ocrx_word' id='word_1_701' title='bbox 1889 4238 2179 4327; x_wconf 59' lang='lat' dir='ltr'><strong>ignorantia</strong></span> <span class='ocrx_word' id='word_1_702' title='bbox 2212 4238 2313 4327; x_wconf 72' lang='lat' dir='ltr'><strong>labi</strong></span> <span class='ocrx_word' id='word_1_703' title='bbox 2338 4255 2356 4291; x_wconf 91' lang='lat'><strong><em>:</em></strong></span> <span class='ocrx_word' id='word_1_704' title='bbox 2383 4239 2435 4291; x_wconf 83' lang='lat' dir='ltr'><strong>id</strong></span> <span class='ocrx_word' id='word_1_705' title='bbox 2466 4248 2631 4293; x_wconf 89' lang='lat' dir='ltr'><strong>autem</strong></span> <span class='ocrx_word' id='word_1_706' title='bbox 2660 4258 2765 4327; x_wconf 46' lang='lat' dir='ltr'><strong>rion.</strong></span> <span class='ocrx_word' id='word_1_707' title='bbox 2793 4238 3115 4324; x_wconf 61' lang='lat' dir='ltr'><strong>essecritneu</strong></span> <span class='ocrx_word' id='word_1_708' title='bbox 3142 4238 3355 4327; x_wconf 38' lang='lat' dir='ltr'><strong>populi&quot;</strong></span> 
     </span>
    </p>
   </div>
   <div class='ocr_carea' id='block_1_97' title="bbox 1764 4310 3351 4377">
    <p class='ocr_par' dir='ltr' id='par_1_97' title="bbox 1764 4310 3351 4377">
     <span class='ocr_line' id='line_1_97' title="bbox 1764 4310 3351 4377; baseline 0.004 -11"><span class='ocrx_word' id='word_1_709' title='bbox 1764 4313 1876 4377; x_wconf 74' lang='lat' dir='ltr'><strong>sed,</strong></span> <span class='ocrx_word' id='word_1_710' title='bbox 1902 4320 1957 4363; x_wconf 87' lang='lat' dir='ltr'><strong>ut</strong></span> <span class='ocrx_word' id='word_1_711' title='bbox 2002 4310 2210 4362; x_wconf 74' lang='lat' dir='ltr'><strong>honeste</strong></span> <span class='ocrx_word' id='word_1_712' title='bbox 2250 4310 2501 4369; x_wconf 81' lang='lat' dir='ltr'><strong>dicamus,</strong></span> <span class='ocrx_word' id='word_1_713' title='bbox 2534 4327 2637 4363; x_wconf 83' lang='lat' dir='ltr'><strong>non</strong></span> <span class='ocrx_word' id='word_1_714' title='bbox 2675 4310 2913 4366; x_wconf 72' lang='lat' dir='ltr'><strong>habuisse</strong></span> <span class='ocrx_word' id='word_1_715' title='bbox 2952 4323 3086 4367; x_wconf 86' lang='lat' dir='ltr'><strong>retro</strong></span> <span class='ocrx_word' id='word_1_716' title='bbox 3122 4310 3351 4371; x_wconf 53' lang='lat' dir='ltr'><strong>doctore}</strong></span> 
     </span>
    </p>
   </div>
   <div class='ocr_carea' id='block_1_98' title="bbox 1764 4379 3362 4456">
    <p class='ocr_par' dir='ltr' id='par_1_98' title="bbox 1764 4379 3362 4456">
     <span class='ocr_line' id='line_1_98' title="bbox 1764 4379 3362 4456; baseline 0.003 -22"><span class='ocrx_word' id='word_1_717' title='bbox 1764 4390 1966 4456; x_wconf 59' lang='lat' dir='ltr'><strong>tempus</strong></span> <span class='ocrx_word' id='word_1_718' title='bbox 1992 4379 2393 4456; x_wconf 71' lang='lat' dir='ltr'><strong>accurate_vobis</strong></span> <span class='ocrx_word' id='word_1_719' title='bbox 2421 4382 2665 4456; x_wconf 71' lang='lat' dir='ltr'><strong>dogmata</strong></span> <span class='ocrx_word' id='word_1_720' title='bbox 2704 4383 3109 4441; x_wconf 66' lang='lat' dir='ltr'><strong>demonstrandi.</strong></span> <span class='ocrx_word' id='word_1_721' title='bbox 3153 4387 3362 4456; x_wconf 16' lang='lat' dir='ltr'><strong>Iniqua?</strong></span> 
     </span>
    </p>
   </div>
   <div class='ocr_carea' id='block_1_99' title="bbox 1765 4451 3354 4522">
    <p class='ocr_par' dir='ltr' id='par_1_99' title="bbox 1765 4451 3354 4522">
     <span class='ocr_line' id='line_1_99' title="bbox 1765 4451 3354 4522; baseline 0.001 -15"><span class='ocrx_word' id='word_1_722' title='bbox 1765 4451 1999 4522; x_wconf 44' lang='lat' dir='ltr'><strong>Cyr&#39;tllus</strong></span> <span class='ocrx_word' id='word_1_723' title='bbox 2029 4451 2186 4517; x_wconf 79' lang='lat' dir='ltr'><strong>epist.</strong></span> <span class='ocrx_word' id='word_1_724' title='bbox 2220 4451 2253 4504; x_wconf 91' lang='lat'><strong>8</strong></span> <span class='ocrx_word' id='word_1_725' title='bbox 2288 4451 2536 4522; x_wconf 79' lang='lat' dir='ltr'><strong>apposite</strong></span> <span class='ocrx_word' id='word_1_726' title='bbox 2566 4451 2681 4522; x_wconf 57' lang='lat' dir='ltr'><strong>tunc</strong></span> <span class='ocrx_word' id='word_1_727' title='bbox 2710 4456 3087 4511; x_wconf 85' lang='lat' dir='ltr'><strong>animadvertit</strong></span> <span class='ocrx_word' id='word_1_728' title='bbox 3127 4475 3141 4510; x_wconf 89' lang='lat'><strong>:</strong></span> <span class='ocrx_word' id='word_1_729' title='bbox 3182 4451 3354 4521; x_wconf 49' lang='lat' dir='ltr'><strong>Nam.</strong></span> 
     </span>
    </p>
   </div>
   <div class='ocr_carea' id='block_1_100' title="bbox 1766 4518 3351 4594">
    <p class='ocr_par' dir='ltr' id='par_1_100' title="bbox 1766 4518 3351 4594">
     <span class='ocr_line' id='line_1_100' title="bbox 1766 4518 3351 4594; baseline 0.005 -19"><span class='ocrx_word' id='word_1_730' title='bbox 1766 4518 1888 4593; x_wconf 76' lang='lat' dir='ltr'><strong>quid</strong></span> <span class='ocrx_word' id='word_1_731' title='bbox 1910 4521 2226 4592; x_wconf 82' lang='lat' dir='ltr'><strong>eloquentior</strong></span> <span class='ocrx_word' id='word_1_732' title='bbox 2252 4530 2322 4594; x_wconf 82' lang='lat' dir='ltr'><strong>est</strong></span> <span class='ocrx_word' id='word_1_733' title='bbox 2350 4518 2591 4594; x_wconf 62' lang='lat' dir='ltr'><strong>Joanne}</strong></span> <span class='ocrx_word' id='word_1_734' title='bbox 2613 4520 2883 4594; x_wconf 84' lang='lat' dir='ltr'><strong>Numquid</strong></span> <span class='ocrx_word' id='word_1_735' title='bbox 2907 4526 3123 4594; x_wconf 69' lang='lat' dir='ltr'><strong>aqualis</strong></span> <span class='ocrx_word' id='word_1_736' title='bbox 3159 4518 3237 4581; x_wconf 69' lang='lat' dir='ltr'><strong>rei</strong></span> <span class='ocrx_word' id='word_1_737' title='bbox 3263 4546 3351 4584; x_wconf 77' lang='lat' dir='ltr'><strong>sa-</strong></span> 
     </span>
    </p>
   </div>
   <div class='ocr_carea' id='block_1_101' title="bbox 1688 4584 3361 4679">
    <p class='ocr_par' dir='ltr' id='par_1_101' title="bbox 1688 4584 3361 4679">
     <span class='ocr_line' id='line_1_101' title="bbox 1688 4584 3361 4679; baseline 0.005 -34"><span class='ocrx_word' id='word_1_738' title='bbox 1688 4584 1740 4645; x_wconf 86' lang='lat' dir='ltr'><strong>D</strong></span> <span class='ocrx_word' id='word_1_739' title='bbox 1766 4584 1985 4674; x_wconf 68' lang='lat' dir='ltr'><strong>pientior</strong></span> <span class='ocrx_word' id='word_1_740' title='bbox 2005 4584 2088 4679; x_wconf 68' lang='lat' dir='ltr'><strong>est</strong></span> <span class='ocrx_word' id='word_1_741' title='bbox 2111 4594 2253 4673; x_wconf 76' lang='lat' dir='ltr'><strong>beato</strong></span> <span class='ocrx_word' id='word_1_742' title='bbox 2292 4591 2503 4673; x_wconf 72' lang='lat' dir='ltr'><strong>Attico?</strong></span> <span class='ocrx_word' id='word_1_743' title='bbox 2540 4590 2709 4673; x_wconf 68' lang='lat' dir='ltr'><strong>Intmo</strong></span> <span class='ocrx_word' id='word_1_744' title='bbox 2736 4584 2853 4648; x_wconf 65' lang='lat' dir='ltr'><strong>v&#39;ero</strong></span> <span class='ocrx_word' id='word_1_745' title='bbox 2884 4584 2977 4679; x_wconf 52' lang='lat' dir='ltr'><strong>cur:</strong></span> <span class='ocrx_word' id='word_1_746' title='bbox 3010 4598 3225 4679; x_wconf 59' lang='lat' dir='ltr'><strong>ingenue</strong></span> <span class='ocrx_word' id='word_1_747' title='bbox 3250 4616 3316 4679; x_wconf 69' lang='lat' dir='ltr'><strong>uo</strong></span> <span class='ocrx_word' id='word_1_748' title='bbox 3338 4620 3361 4678; x_wconf 65' lang='grc' dir='ltr'><strong>ιι</strong></span> 
     </span>
    </p>
   </div>
   <div class='ocr_carea' id='block_1_102' title="bbox 1767 4658 3360 4738">
    <p class='ocr_par' dir='ltr' id='par_1_102' title="bbox 1767 4658 3360 4738">
     <span class='ocr_line' id='line_1_102' title="bbox 1767 4658 3360 4738; baseline 0.004 -21"><span class='ocrx_word' id='word_1_749' title='bbox 1767 4658 2020 4738; x_wconf 77' lang='lat' dir='ltr'><strong>agnoscit,</strong></span> <span class='ocrx_word' id='word_1_750' title='bbox 2054 4663 2339 4716; x_wconf 79' lang='lat' dir='ltr'><strong>doctrinam</strong></span> <span class='ocrx_word' id='word_1_751' title='bbox 2366 4679 2418 4715; x_wconf 83' lang='lat' dir='ltr'><strong>se</strong></span> <span class='ocrx_word' id='word_1_752' title='bbox 2454 4663 2717 4738; x_wconf 71' lang='lat' dir='ltr'><strong>invenisse</strong></span> <span class='ocrx_word' id='word_1_753' title='bbox 2746 4658 3089 4738; x_wconf 40' lang='lat' dir='ltr'><strong>peregrinam-</strong></span> <span class='ocrx_word' id='word_1_754' title='bbox 3104 4658 3360 4738; x_wconf 52' lang='lat' dir='ltr'><strong>planeqité</strong></span> 
     </span>
    </p>
   </div>
   <div class='ocr_carea' id='block_1_103' title="bbox 1769 4733 3353 4808">
    <p class='ocr_par' dir='ltr' id='par_1_103' title="bbox 1769 4733 3353 4808">
     <span class='ocr_line' id='line_1_103' title="bbox 1769 4733 3353 4808; baseline 0.003 -20"><span class='ocrx_word' id='word_1_755' title='bbox 1769 4737 2086 4808; x_wconf 70' lang='lat' dir='ltr'><strong>inusitatattt,</strong></span> <span class='ocrx_word' id='word_1_756' title='bbox 2116 4749 2231 4808; x_wconf 77' lang='lat' dir='ltr'><strong>qute</strong></span> <span class='ocrx_word' id='word_1_757' title='bbox 2256 4746 2363 4800; x_wconf 69' lang='lat' dir='ltr'><strong>prta</strong></span> <span class='ocrx_word' id='word_1_758' title='bbox 2387 4733 2824 4808; x_wconf 44' lang='lat' dir='ltr'><strong>nummum</strong></span> <span class='ocrx_word' id='word_1_759' title='bbox 2852 4733 3133 4808; x_wconf 68' lang='lat' dir='ltr'><strong>majoribus</strong></span> <span class='ocrx_word' id='word_1_760' title='bbox 3162 4733 3353 4808; x_wconf 57' lang='lat' dir='ltr'><strong>tto‘sii‘is</strong></span> 
     </span>
    </p>
   </div>
   <div class='ocr_carea' id='block_1_104' title="bbox 1770 4801 3365 4928">
    <p class='ocr_par' dir='ltr' id='par_1_104' title="bbox 1770 4801 3365 4928">
     <span class='ocr_line' id='line_1_104' title="bbox 1770 4801 3365 4928; baseline 0.004 -70"><span class='ocrx_word' id='word_1_761' title='bbox 1770 4806 1825 4928; x_wconf 51' lang='lat' dir='ltr'><strong>in</strong></span> <span class='ocrx_word' id='word_1_762' title='bbox 1852 4804 2279 4928; x_wconf 44' lang='grc' dir='ltr'><strong>ηέὲιέέἷαιξεειαϋε</strong></span> <span class='ocrx_word' id='word_1_763' title='bbox 2310 4812 2398 4857; x_wconf 87' lang='lat' dir='ltr'><strong>aut</strong></span> <span class='ocrx_word' id='word_1_764' title='bbox 2426 4802 2657 4873; x_wconf 77' lang='lat' dir='ltr'><strong>ﬁdelium</strong></span> <span class='ocrx_word' id='word_1_765' title='bbox 2683 4806 2890 4861; x_wconf 66' lang='lat' dir='ltr'><strong>cutibus</strong></span> <span class='ocrx_word' id='word_1_766' title='bbox 2919 4801 3124 4879; x_wconf 61' lang='lat' dir='ltr'><strong>cognita</strong></span> <span class='ocrx_word' id='word_1_767' title='bbox 3154 4810 3253 4881; x_wconf 79' lang='lat' dir='ltr'><strong>fuit</strong></span> 
     </span>
     <span class='ocr_line' id='line_1_105' title="bbox 1810 4894 2084 4928; baseline 0 0"><span class='ocrx_word' id='word_1_768' title='bbox 1810 4894 1873 4928; x_wconf 83' lang='lat' dir='ltr'><strong>DD</strong></span> <span class='ocrx_word' id='word_1_769' title='bbox 2073 4916 2084 4928; x_wconf 88' lang='lat'><strong>.</strong></span> 
     </span>
    </p>
   </div>
   <div class='ocr_carea' id='block_1_105' title="bbox 1771 4893 3353 5023">
    <p class='ocr_par' dir='ltr' id='par_1_105' title="bbox 1771 4893 3353 5023">
     <span class='ocr_line' id='line_1_106' title="bbox 1771 4893 3353 5023; baseline 0.004 -24"><span class='ocrx_word' id='word_1_770' title='bbox 1771 4893 2397 5015; x_wconf 44' lang='lat' dir='ltr'><strong>“ﬁrmator-ﬁgendum</strong></span> <span class='ocrx_word' id='word_1_771' title='bbox 2444 4944 2723 5011; x_wconf 81' lang='lat' dir='ltr'><strong>duximus,</strong></span> <span class='ocrx_word' id='word_1_772' title='bbox 2773 4960 2894 5002; x_wconf 88' lang='lat' dir='ltr'><strong>cum</strong></span> <span class='ocrx_word' id='word_1_773' title='bbox 2926 4947 3197 5005; x_wconf 72' lang='lat' dir='ltr'><strong>obtineret</strong></span> <span class='ocrx_word' id='word_1_774' title='bbox 3234 4956 3353 5023; x_wconf 75' lang='lat' dir='ltr'><strong>par-</strong></span> 
     </span>
    </p>
   </div>
   <div class='ocr_carea' id='block_1_106' title="bbox 148 5014 1903 5086">
    <p class='ocr_par' dir='ltr' id='par_1_106' title="bbox 148 5014 1903 5086">
     <span class='ocr_line' id='line_1_107' title="bbox 148 5014 1903 5086; baseline -0.001 -14"><span class='ocrx_word' id='word_1_775' title='bbox 148 5027 171 5055; x_wconf 80' lang='grc'>⁶</span> <span class='ocrx_word' id='word_1_776' title='bbox 208 5014 371 5083; x_wconf 83' lang='lat' dir='ltr'><strong>Lab.,</strong></span> <span class='ocrx_word' id='word_1_777' title='bbox 426 5032 529 5069; x_wconf 77' lang='lat' dir='ltr'><strong>neu</strong></span> <span class='ocrx_word' id='word_1_778' title='bbox 564 5032 624 5069; x_wconf 85' lang='lat' dir='ltr'><strong>ea</strong></span> <span class='ocrx_word' id='word_1_779' title='bbox 661 5032 762 5086; x_wconf 82' lang='lat' dir='ltr'><strong>qua</strong></span> <span class='ocrx_word' id='word_1_780' title='bbox 803 5026 972 5081; x_wconf 84' lang='lat' dir='ltr'><strong>terra;</strong></span> <span class='ocrx_word' id='word_1_781' title='bbox 1015 5014 1238 5081; x_wconf 87' lang='lat' dir='ltr'><strong>Baron.,</strong></span> <span class='ocrx_word' id='word_1_782' title='bbox 1284 5030 1386 5068; x_wconf 84' lang='lat' dir='ltr'><strong>non</strong></span> <span class='ocrx_word' id='word_1_783' title='bbox 1434 5030 1495 5068; x_wconf 83' lang='lat' dir='ltr'><strong>ea</strong></span> <span class='ocrx_word' id='word_1_784' title='bbox 1536 5024 1672 5069; x_wconf 84' lang='lat' dir='ltr'><strong>terra</strong></span> <span class='ocrx_word' id='word_1_785' title='bbox 1747 5026 1903 5086; x_wconf 38' lang='lat' dir='ltr'><strong>stem.</strong></span> 
     </span>
    </p>
   </div>
   <div class='ocr_carea' id='block_1_107' title="bbox 86 5086 1673 5156">
    <p class='ocr_par' dir='ltr' id='par_1_107' title="bbox 86 5086 1673 5156">
     <span class='ocr_line' id='line_1_108' title="bbox 86 5086 1673 5156; baseline -0.001 -15"><span class='ocrx_word' id='word_1_786' title='bbox 86 5104 202 5155; x_wconf 74' lang='lat' dir='ltr'><strong>qtae.</strong></span> <span class='ocrx_word' id='word_1_787' title='bbox 240 5091 322 5143; x_wconf 79' lang='lat' dir='ltr'><strong>Ex</strong></span> <span class='ocrx_word' id='word_1_788' title='bbox 361 5103 497 5141; x_wconf 87' lang='lat' dir='ltr'><strong>mss.</strong></span> <span class='ocrx_word' id='word_1_789' title='bbox 545 5086 653 5140; x_wconf 88' lang='lat' dir='ltr'><strong>ﬁde</strong></span> <span class='ocrx_word' id='word_1_790' title='bbox 697 5088 1048 5143; x_wconf 88' lang='lat' dir='ltr'><strong>restituimus.</strong></span> <span class='ocrx_word' id='word_1_791' title='bbox 1098 5103 1199 5139; x_wconf 85' lang='lat' dir='ltr'><strong>non</strong></span> <span class='ocrx_word' id='word_1_792' title='bbox 1230 5102 1288 5139; x_wconf 87' lang='lat' dir='ltr'><strong>ea</strong></span> <span class='ocrx_word' id='word_1_793' title='bbox 1335 5097 1499 5151; x_wconf 69' lang='lat' dir='ltr'><strong>terrm,</strong></span> <span class='ocrx_word' id='word_1_794' title='bbox 1530 5086 1673 5156; x_wconf 87' lang='lat' dir='ltr'><strong>quod</strong></span> 
     </span>
    </p>
   </div>
   <div class='ocr_carea' id='block_1_108' title="bbox 90 5156 1675 5227">
    <p class='ocr_par' dir='ltr' id='par_1_108' title="bbox 90 5156 1675 5227">
     <span class='ocr_line' id='line_1_109' title="bbox 90 5156 1675 5227; baseline 0.001 -19"><span class='ocrx_word' id='word_1_795' title='bbox 90 5159 265 5213; x_wconf 79' lang='lat' dir='ltr'><strong>referri</strong></span> <span class='ocrx_word' id='word_1_796' title='bbox 292 5172 482 5226; x_wconf 83' lang='lat' dir='ltr'><strong>potest</strong></span> <span class='ocrx_word' id='word_1_797' title='bbox 513 5158 580 5210; x_wconf 85' lang='lat' dir='ltr'><strong>ad</strong></span> <span class='ocrx_word' id='word_1_798' title='bbox 610 5156 902 5227; x_wconf 72' lang='lat' dir='ltr'><strong>superfusa.</strong></span> <span class='ocrx_word' id='word_1_799' title='bbox 934 5156 1164 5210; x_wconf 73' lang='lat' dir='ltr'><strong>Nitiilior</strong></span> <span class='ocrx_word' id='word_1_800' title='bbox 1205 5168 1345 5210; x_wconf 89' lang='lat' dir='ltr'><strong>esset</strong></span> <span class='ocrx_word' id='word_1_801' title='bbox 1385 5158 1545 5209; x_wconf 81' lang='lat' dir='ltr'><strong>lectio</strong></span> <span class='ocrx_word' id='word_1_802' title='bbox 1582 5159 1675 5209; x_wconf 74' lang='lat' dir='ltr'><strong>ltu-</strong></span> 
     </span>
    </p>
   </div>
   <div class='ocr_carea' id='block_1_109' title="bbox 84 5227 1675 5297">
    <p class='ocr_par' dir='ltr' id='par_1_109' title="bbox 84 5227 1675 5297">
     <span class='ocr_line' id='line_1_110' title="bbox 84 5227 1675 5297; baseline -0.001 -17"><span class='ocrx_word' id='word_1_803' title='bbox 84 5228 304 5296; x_wconf 87' lang='lat' dir='ltr'><strong>jusmodi</strong></span> <span class='ocrx_word' id='word_1_804' title='bbox 333 5248 349 5283; x_wconf 87' lang='lat'><strong>:</strong></span> <span class='ocrx_word' id='word_1_805' title='bbox 384 5227 513 5282; x_wconf 82' lang='lat' dir='ltr'><strong>Non</strong></span> <span class='ocrx_word' id='word_1_806' title='bbox 538 5246 597 5280; x_wconf 83' lang='lat' dir='ltr'><strong>ea</strong></span> <span class='ocrx_word' id='word_1_807' title='bbox 632 5240 818 5280; x_wconf 89' lang='lat' dir='ltr'><strong>terram</strong></span> <span class='ocrx_word' id='word_1_808' title='bbox 847 5242 963 5297; x_wconf 70' lang='lat' dir='ltr'><strong>qua</strong></span> <span class='ocrx_word' id='word_1_809' title='bbox 994 5229 1233 5297; x_wconf 74' lang='lat' dir='ltr'><strong>suscepit,</strong></span> <span class='ocrx_word' id='word_1_810' title='bbox 1263 5228 1354 5281; x_wconf 84' lang='lat' dir='ltr'><strong>sed</strong></span> <span class='ocrx_word' id='word_1_811' title='bbox 1380 5228 1481 5279; x_wconf 79' lang='lat' dir='ltr'><strong>alia</strong></span> <span class='ocrx_word' id='word_1_812' title='bbox 1512 5229 1557 5280; x_wconf 84' lang='lat' dir='ltr'><strong>ci</strong></span> <span class='ocrx_word' id='word_1_813' title='bbox 1584 5243 1675 5281; x_wconf 76' lang='lat' dir='ltr'><strong>eu-</strong></span> 
     </span>
    </p>
   </div>
   <div class='ocr_carea' id='block_1_110' title="bbox 88 5307 675 5367">
    <p class='ocr_par' dir='ltr' id='par_1_110' title="bbox 88 5307 675 5367">
     <span class='ocr_line' id='line_1_111' title="bbox 88 5307 675 5367; baseline -0.003 -14"><span class='ocrx_word' id='word_1_814' title='bbox 88 5307 281 5367; x_wconf 72' lang='lat' dir='ltr'><strong>perfusa</strong></span> <span class='ocrx_word' id='word_1_815' title='bbox 305 5307 675 5367; x_wconf 80' lang='lat' dir='ltr'><strong>corrumpunt.</strong></span> 
     </span>
    </p>
   </div>
   <div class='ocr_carea' id='block_1_111' title="bbox 152 5368 1675 5438">
    <p class='ocr_par' dir='ltr' id='par_1_111' title="bbox 152 5368 1675 5438">
     <span class='ocr_line' id='line_1_112' title="bbox 152 5368 1675 5438; baseline -0.001 -14"><span class='ocrx_word' id='word_1_816' title='bbox 152 5368 169 5406; x_wconf 70' lang='grc' dir='ltr'>ί</span> <span class='ocrx_word' id='word_1_817' title='bbox 210 5373 448 5424; x_wconf 82' lang='lat' dir='ltr'><strong>Scilicet</strong></span> <span class='ocrx_word' id='word_1_818' title='bbox 485 5370 702 5428; x_wconf 81' lang='lat' dir='ltr'><strong>Joanni.</strong></span> <span class='ocrx_word' id='word_1_819' title='bbox 751 5370 929 5423; x_wconf 83' lang='lat' dir='ltr'><strong>Attico</strong></span> <span class='ocrx_word' id='word_1_820' title='bbox 977 5380 1136 5436; x_wconf 84' lang='lat' dir='ltr'><strong>atque</strong></span> <span class='ocrx_word' id='word_1_821' title='bbox 1184 5368 1412 5433; x_wconf 91' lang='lat' dir='ltr'><strong>Sisinio,</strong></span> <span class='ocrx_word' id='word_1_822' title='bbox 1447 5384 1675 5438; x_wconf 88' lang='lat' dir='ltr'><strong>quorum</strong></span> 
     </span>
    </p>
   </div>
   <div class='ocr_carea' id='block_1_112' title="bbox 85 5438 1676 5508">
    <p class='ocr_par' dir='ltr' id='par_1_112' title="bbox 85 5438 1676 5508">
     <span class='ocr_line' id='line_1_113' title="bbox 85 5438 1676 5508; baseline 0 -15"><span class='ocrx_word' id='word_1_823' title='bbox 85 5438 361 5495; x_wconf 78' lang='lat' dir='ltr'><strong>Nestorius</strong></span> <span class='ocrx_word' id='word_1_824' title='bbox 387 5440 640 5508; x_wconf 72' lang='lat' dir='ltr'><strong>indignus</strong></span> <span class='ocrx_word' id='word_1_825' title='bbox 668 5455 972 5503; x_wconf 86' lang='lat' dir='ltr'><strong>successor,</strong></span> <span class='ocrx_word' id='word_1_826' title='bbox 1002 5457 1159 5493; x_wconf 73' lang='grc' dir='ltr'>θιιειιιι</span> <span class='ocrx_word' id='word_1_827' title='bbox 1202 5444 1449 5494; x_wconf 79' lang='lat' dir='ltr'><strong>laudibus</strong></span> <span class='ocrx_word' id='word_1_828' title='bbox 1482 5443 1676 5508; x_wconf 60' lang='lat' dir='ltr'><strong>quibus</strong></span> 
     </span>
    </p>
   </div>
   <div class='ocr_carea' id='block_1_113' title="bbox 88 5510 1675 5575">
    <p class='ocr_par' dir='ltr' id='par_1_113' title="bbox 88 5510 1675 5575">
     <span class='ocr_line' id='line_1_114' title="bbox 88 5510 1675 5575; baseline 0.003 -14"><span class='ocrx_word' id='word_1_829' title='bbox 88 5513 150 5564; x_wconf 89' lang='lat' dir='ltr'><strong>illi</strong></span> <span class='ocrx_word' id='word_1_830' title='bbox 177 5511 459 5566; x_wconf 77' lang='lat' dir='ltr'><strong>celebrati</strong></span> <span class='ocrx_word' id='word_1_831' title='bbox 488 5519 611 5563; x_wconf 80' lang='lat' dir='ltr'><strong>sunt</strong></span> <span class='ocrx_word' id='word_1_832' title='bbox 648 5512 896 5575; x_wconf 71' lang='lat' dir='ltr'><strong>indiguus</strong></span> <span class='ocrx_word' id='word_1_833' title='bbox 934 5514 1048 5564; x_wconf 73' lang='lat' dir='ltr'><strong>fuit.</strong></span> <span class='ocrx_word' id='word_1_834' title='bbox 1086 5510 1209 5564; x_wconf 82' lang='lat' dir='ltr'><strong>Illos</strong></span> <span class='ocrx_word' id='word_1_835' title='bbox 1239 5522 1412 5563; x_wconf 63' lang='lat' dir='ltr'><strong>tamen</strong></span> <span class='ocrx_word' id='word_1_836' title='bbox 1448 5518 1591 5563; x_wconf 80' lang='lat' dir='ltr'><strong>Velut</strong></span> <span class='ocrx_word' id='word_1_837' title='bbox 1623 5512 1675 5565; x_wconf 92' lang='lat' dir='ltr'><strong>in</strong></span> 
     </span>
    </p>
   </div>
   <div class='ocr_carea' id='block_1_114' title="bbox 86 5583 1677 5651">
    <p class='ocr_par' dir='ltr' id='par_1_114' title="bbox 86 5583 1677 5651">
     <span class='ocr_line' id='line_1_115' title="bbox 86 5583 1677 5651; baseline 0.001 -18"><span class='ocrx_word' id='word_1_838' title='bbox 86 5584 395 5637; x_wconf 80' lang='lat' dir='ltr'><strong>erudiendis</strong></span> <span class='ocrx_word' id='word_1_839' title='bbox 434 5583 643 5650; x_wconf 87' lang='lat' dir='ltr'><strong>populis</strong></span> <span class='ocrx_word' id='word_1_840' title='bbox 674 5583 1003 5651; x_wconf 75' lang='lat' dir='ltr'><strong>negligentes</strong></span> <span class='ocrx_word' id='word_1_841' title='bbox 1041 5597 1103 5635; x_wconf 79' lang='lat' dir='ltr'><strong>ac.</strong></span> <span class='ocrx_word' id='word_1_842' title='bbox 1137 5583 1356 5635; x_wconf 85' lang='lat' dir='ltr'><strong>desides</strong></span> <span class='ocrx_word' id='word_1_843' title='bbox 1387 5584 1470 5634; x_wconf 85' lang='lat' dir='ltr'><strong>ltic</strong></span> <span class='ocrx_word' id='word_1_844' title='bbox 1505 5584 1677 5636; x_wconf 82' lang='lat' dir='ltr'><strong>haere-</strong></span> 
     </span>
    </p>
   </div>
   <div class='ocr_carea' id='block_1_115' title="bbox 84 5652 1675 5723">
    <p class='ocr_par' dir='ltr' id='par_1_115' title="bbox 84 5652 1675 5723">
     <span class='ocr_line' id='line_1_116' title="bbox 84 5652 1675 5723; baseline 0.003 -20"><span class='ocrx_word' id='word_1_845' title='bbox 84 5655 283 5708; x_wconf 83' lang='lat' dir='ltr'><strong>siarcba</strong></span> <span class='ocrx_word' id='word_1_846' title='bbox 313 5655 473 5723; x_wconf 84' lang='lat' dir='ltr'><strong>apud</strong></span> <span class='ocrx_word' id='word_1_847' title='bbox 498 5653 633 5707; x_wconf 76' lang='lat' dir='ltr'><strong>Mar.</strong></span> <span class='ocrx_word' id='word_1_848' title='bbox 657 5654 872 5707; x_wconf 76' lang='lat' dir='ltr'><strong>Mercat.</strong></span> <span class='ocrx_word' id='word_1_849' title='bbox 895 5656 1023 5706; x_wconf 89' lang='lat' dir='ltr'><strong>edit.</strong></span> <span class='ocrx_word' id='word_1_850' title='bbox 1052 5652 1232 5706; x_wconf 81' lang='lat' dir='ltr'><strong>Baluz.</strong></span> <span class='ocrx_word' id='word_1_851' title='bbox 1260 5668 1376 5721; x_wconf 85' lang='lat' dir='ltr'><strong>pag.</strong></span> <span class='ocrx_word' id='word_1_852' title='bbox 1405 5653 1512 5707; x_wconf 72' lang='grc'><strong>210</strong></span> <span class='ocrx_word' id='word_1_853' title='bbox 1541 5653 1675 5707; x_wconf 91' lang='lat' dir='ltr'><strong>edit.</strong></span> 
     </span>
    </p>
   </div>
   <div class='ocr_carea' id='block_1_116' title="bbox 86 5724 1677 5794">
    <p class='ocr_par' dir='ltr' id='par_1_116' title="bbox 86 5724 1677 5794">
     <span class='ocr_line' id='line_1_117' title="bbox 86 5724 1677 5794; baseline 0.001 -17"><span class='ocrx_word' id='word_1_854' title='bbox 86 5724 237 5779; x_wconf 73' lang='lat' dir='ltr'><strong>(iam.</strong></span> <span class='ocrx_word' id='word_1_855' title='bbox 286 5732 451 5794; x_wconf 72' lang='lat' dir='ltr'><strong>part.</strong></span> <span class='ocrx_word' id='word_1_856' title='bbox 493 5739 531 5778; x_wconf 88' lang='grc' dir='ltr'><strong>ιι</strong></span> <span class='ocrx_word' id='word_1_857' title='bbox 570 5740 687 5793; x_wconf 73' lang='lat' dir='ltr'><strong>pag.</strong></span> <span class='ocrx_word' id='word_1_858' title='bbox 728 5724 839 5780; x_wconf 90' lang='lat' dir='ltr'><strong>8et</strong></span> <span class='ocrx_word' id='word_1_859' title='bbox 867 5725 1148 5794; x_wconf 80' lang='lat' dir='ltr'><strong>9cu|pare</strong></span> <span class='ocrx_word' id='word_1_860' title='bbox 1190 5740 1296 5779; x_wconf 89' lang='lat' dir='ltr'><strong>non</strong></span> <span class='ocrx_word' id='word_1_861' title='bbox 1337 5736 1556 5780; x_wconf 85' lang='lat' dir='ltr'><strong>veretur</strong></span> <span class='ocrx_word' id='word_1_862' title='bbox 1595 5725 1677 5779; x_wconf 79' lang='lat' dir='ltr'><strong>bis</strong></span> 
     </span>
    </p>
   </div>
   <div class='ocr_carea' id='block_1_117' title="bbox 1850 5085 3365 5162">
    <p class='ocr_par' dir='ltr' id='par_1_117' title="bbox 1850 5085 3365 5162">
     <span class='ocr_line' id='line_1_118' title="bbox 1850 5085 3365 5162; baseline 0.007 -23"><span class='ocrx_word' id='word_1_863' title='bbox 1850 5085 1882 5126; x_wconf 76' lang='lat' dir='ltr'><strong>ll</strong></span> <span class='ocrx_word' id='word_1_864' title='bbox 1913 5087 2111 5140; x_wconf 87' lang='lat' dir='ltr'><strong>Baron.</strong></span> <span class='ocrx_word' id='word_1_865' title='bbox 2142 5087 2442 5162; x_wconf 73' lang='lat' dir='ltr'><strong>suppressit</strong></span> <span class='ocrx_word' id='word_1_866' title='bbox 2472 5090 2603 5162; x_wconf 80' lang='lat' dir='ltr'><strong>ejus.</strong></span> <span class='ocrx_word' id='word_1_867' title='bbox 2630 5088 2952 5144; x_wconf 86' lang='lat' dir='ltr'><strong>Addendum</strong></span> <span class='ocrx_word' id='word_1_868' title='bbox 2986 5092 3166 5162; x_wconf 90' lang='lat' dir='ltr'><strong>potius</strong></span> <span class='ocrx_word' id='word_1_869' title='bbox 3190 5104 3245 5147; x_wconf 81' lang='lat' dir='ltr'><strong>ut</strong></span> <span class='ocrx_word' id='word_1_870' title='bbox 3268 5092 3365 5162; x_wconf 78' lang='lat' dir='ltr'><strong>vel</strong></span> 
     </span>
    </p>
   </div>
   <div class='ocr_carea' id='block_1_118' title="bbox 1779 5154 3352 5230">
    <p class='ocr_par' dir='ltr' id='par_1_118' title="bbox 1779 5154 3352 5230">
     <span class='ocr_line' id='line_1_119' title="bbox 1779 5154 3352 5230; baseline 0.004 -19"><span class='ocrx_word' id='word_1_871' title='bbox 1779 5160 1944 5211; x_wconf 79' lang='lat' dir='ltr'><strong>instar</strong></span> <span class='ocrx_word' id='word_1_872' title='bbox 1973 5170 2099 5211; x_wconf 91' lang='lat' dir='ltr'><strong>ante</strong></span> <span class='ocrx_word' id='word_1_873' title='bbox 2128 5172 2308 5230; x_wconf 86' lang='lat' dir='ltr'><strong>vocem</strong></span> <span class='ocrx_word' id='word_1_874' title='bbox 2334 5154 2510 5221; x_wconf 64' lang='lat' dir='ltr'><strong>Judte&#39;,</strong></span> <span class='ocrx_word' id='word_1_875' title='bbox 2547 5161 2649 5212; x_wconf 88' lang='lat' dir='ltr'><strong>hoc</strong></span> <span class='ocrx_word' id='word_1_876' title='bbox 2680 5172 2763 5213; x_wconf 83' lang='lat' dir='ltr'><strong>eSt</strong></span> <span class='ocrx_word' id='word_1_877' title='bbox 2792 5177 2808 5215; x_wconf 89' lang='lat'><strong>:</strong></span> <span class='ocrx_word' id='word_1_878' title='bbox 2840 5154 3106 5230; x_wconf 78' lang='lat' dir='ltr'><strong>siqttldem</strong></span> <span class='ocrx_word' id='word_1_879' title='bbox 3150 5166 3221 5217; x_wconf 91' lang='lat' dir='ltr'><strong>uti</strong></span> <span class='ocrx_word' id='word_1_880' title='bbox 3256 5158 3352 5220; x_wconf 62' lang='grc' dir='ltr'><strong>,ἰαὶ</strong></span> 
     </span>
    </p>
   </div>
   <div class='ocr_carea' id='block_1_119' title="bbox 1780 5228 3352 5303">
    <p class='ocr_par' dir='ltr' id='par_1_119' title="bbox 1780 5228 3352 5303">
     <span class='ocr_line' id='line_1_120' title="bbox 1780 5228 3352 5303; baseline 0.006 -23"><span class='ocrx_word' id='word_1_881' title='bbox 1780 5231 1864 5303; x_wconf 61' lang='lat' dir='ltr'><strong>the</strong></span> <span class='ocrx_word' id='word_1_882' title='bbox 1913 5230 2087 5303; x_wconf 74' lang='lat' dir='ltr'><strong>locum</strong></span> <span class='ocrx_word' id='word_1_883' title='bbox 2130 5228 2351 5303; x_wconf 80' lang='lat' dir='ltr'><strong>sortitus</strong></span> <span class='ocrx_word' id='word_1_884' title='bbox 2400 5236 2485 5280; x_wconf 88' lang='lat' dir='ltr'><strong>est</strong></span> <span class='ocrx_word' id='word_1_885' title='bbox 2531 5230 2807 5303; x_wconf 75' lang='lat' dir='ltr'><strong>Mattltias,</strong></span> <span class='ocrx_word' id='word_1_886' title='bbox 2860 5228 2931 5285; x_wconf 79' lang='lat' dir='ltr'><strong>ita</strong></span> <span class='ocrx_word' id='word_1_887' title='bbox 2985 5237 3352 5303; x_wconf 85' lang='lat' dir='ltr'><strong>episc0patnm</strong></span> 
     </span>
    </p>
   </div>
   <div class='ocr_carea' id='block_1_120' title="bbox 1780 5297 3341 5366">
    <p class='ocr_par' dir='ltr' id='par_1_120' title="bbox 1780 5297 3341 5366">
     <span class='ocr_line' id='line_1_121' title="bbox 1780 5297 3341 5366; baseline 0.002 -14"><span class='ocrx_word' id='word_1_888' title='bbox 1780 5300 2011 5354; x_wconf 73' lang='lat' dir='ltr'><strong>Nestorti</strong></span> <span class='ocrx_word' id='word_1_889' title='bbox 2039 5297 2391 5352; x_wconf 74' lang='lat' dir='ltr'><strong>Maximianus</strong></span> <span class='ocrx_word' id='word_1_890' title='bbox 2421 5299 2653 5366; x_wconf 76' lang='lat' dir='ltr'><strong>aCCepit.</strong></span> <span class='ocrx_word' id='word_1_891' title='bbox 2792 5297 2796 5298; x_wconf 20' lang='grc' dir='ltr'><em>ν</em></span> <span class='ocrx_word' id='word_1_892' title='bbox 3021 5297 3036 5303; x_wconf 68' lang='grc'><em>’</em></span> <span class='ocrx_word' id='word_1_893' title='bbox 3174 5297 3187 5302; x_wconf 73' lang='grc'><em>’</em></span> <span class='ocrx_word' id='word_1_894' title='bbox 3338 5300 3341 5303; x_wconf 72' lang='grc'><em>’</em></span> 
     </span>
    </p>
   </div>
   <div class='ocr_carea' id='block_1_121' title="bbox 1860 5369 3359 5438">
    <p class='ocr_par' dir='ltr' id='par_1_121' title="bbox 1860 5369 3359 5438">
     <span class='ocr_line' id='line_1_122' title="bbox 1860 5369 3359 5438; baseline 0.007 -16"><span class='ocrx_word' id='word_1_895' title='bbox 1860 5370 1875 5406; x_wconf 77' lang='grc' dir='ltr'>ί</span> <span class='ocrx_word' id='word_1_896' title='bbox 1915 5373 2061 5435; x_wconf 74' lang='lat' dir='ltr'><strong>Apud</strong></span> <span class='ocrx_word' id='word_1_897' title='bbox 2098 5369 2319 5435; x_wconf 69' lang='lat' dir='ltr'><strong>Durum,</strong></span> <span class='ocrx_word' id='word_1_898' title='bbox 2353 5370 2567 5420; x_wconf 73' lang='lat' dir='ltr'><strong>exitium</strong></span> <span class='ocrx_word' id='word_1_899' title='bbox 2607 5370 2731 5423; x_wconf 75' lang='lat' dir='ltr'><strong>oris.</strong></span> <span class='ocrx_word' id='word_1_900' title='bbox 2768 5371 2921 5438; x_wconf 79' lang='lat' dir='ltr'><strong>Apud</strong></span> <span class='ocrx_word' id='word_1_901' title='bbox 2968 5371 3130 5438; x_wconf 89' lang='lat' dir='ltr'><strong>Lab.,</strong></span> <span class='ocrx_word' id='word_1_902' title='bbox 3164 5370 3359 5432; x_wconf 60' lang='lat' dir='ltr'><strong>ebrium</strong></span> 
     </span>
    </p>
   </div>
   <div class='ocr_carea' id='block_1_122' title="bbox 1783 5439 3352 5507">
    <p class='ocr_par' dir='ltr' id='par_1_122' title="bbox 1783 5439 3352 5507">
     <span class='ocr_line' id='line_1_123' title="bbox 1783 5439 3352 5507; baseline 0.004 -15"><span class='ocrx_word' id='word_1_903' title='bbox 1783 5441 2042 5501; x_wconf 84' lang='lat' dir='ltr'><strong>tradituri,</strong></span> <span class='ocrx_word' id='word_1_904' title='bbox 2074 5440 2349 5507; x_wconf 90' lang='lat' dir='ltr'><strong>quomodo</strong></span> <span class='ocrx_word' id='word_1_905' title='bbox 2379 5449 2432 5491; x_wconf 90' lang='lat' dir='ltr'><strong>et</strong></span> <span class='ocrx_word' id='word_1_906' title='bbox 2470 5441 2521 5491; x_wconf 93' lang='lat' dir='ltr'><strong>in</strong></span> <span class='ocrx_word' id='word_1_907' title='bbox 2563 5456 2666 5492; x_wconf 91' lang='lat' dir='ltr'><strong>ms.</strong></span> <span class='ocrx_word' id='word_1_908' title='bbox 2698 5439 2857 5495; x_wconf 89' lang='lat' dir='ltr'><strong>Colb.</strong></span> <span class='ocrx_word' id='word_1_909' title='bbox 2886 5443 3117 5507; x_wconf 83' lang='lat' dir='ltr'><strong>primqu</strong></span> <span class='ocrx_word' id='word_1_910' title='bbox 3148 5444 3352 5500; x_wconf 79' lang='lat' dir='ltr'><strong>fereba-</strong></span> 
     </span>
    </p>
   </div>
   <div class='ocr_carea' id='block_1_123' title="bbox 1783 5510 3352 5589">
    <p class='ocr_par' dir='ltr' id='par_1_123' title="bbox 1783 5510 3352 5589">
     <span class='ocr_line' id='line_1_124' title="bbox 1783 5510 3352 5589; baseline 0.003 -26"><span class='ocrx_word' id='word_1_911' title='bbox 1783 5522 1895 5589; x_wconf 79' lang='lat' dir='ltr'><strong>tur;</strong></span> <span class='ocrx_word' id='word_1_912' title='bbox 1928 5511 2020 5563; x_wconf 80' lang='lat' dir='ltr'><strong>sed</strong></span> <span class='ocrx_word' id='word_1_913' title='bbox 2066 5510 2271 5589; x_wconf 78' lang='lat' dir='ltr'><strong>in__|t_oc_</strong></span> <span class='ocrx_word' id='word_1_914' title='bbox 2328 5522 2480 5563; x_wconf 87' lang='lat' dir='ltr'><strong>recte</strong></span> <span class='ocrx_word' id='word_1_915' title='bbox 2525 5511 2783 5564; x_wconf 84' lang='lat' dir='ltr'><strong>secundis</strong></span> <span class='ocrx_word' id='word_1_916' title='bbox 2815 5517 2972 5589; x_wconf 50' lang='lat' dir='ltr'><strong>Euris</strong></span> <span class='ocrx_word' id='word_1_917' title='bbox 3000 5510 3352 5589; x_wconf 33' lang='lat' dir='ltr'><strong>-restitnt&#39;u’tii‘,</strong></span> 
     </span>
    </p>
   </div>
   <div class='ocr_carea' id='block_1_124' title="bbox 1780 5580 3365 5655">
    <p class='ocr_par' dir='ltr' id='par_1_124' title="bbox 1780 5580 3365 5655">
     <span class='ocr_line' id='line_1_125' title="bbox 1780 5580 3365 5655; baseline 0.004 -20"><span class='ocrx_word' id='word_1_918' title='bbox 1780 5584 1972 5635; x_wconf 75' lang='lat' dir='ltr'><strong>exitum</strong></span> <span class='ocrx_word' id='word_1_919' title='bbox 2025 5580 2228 5648; x_wconf 78' lang='lat' dir='ltr'><strong>traditi,</strong></span> <span class='ocrx_word' id='word_1_920' title='bbox 2260 5584 2362 5635; x_wconf 88' lang='lat' dir='ltr'><strong>hoc</strong></span> <span class='ocrx_word' id='word_1_921' title='bbox 2390 5591 2495 5649; x_wconf 81' lang='lat' dir='ltr'><strong>est,</strong></span> <span class='ocrx_word' id='word_1_922' title='bbox 2531 5591 2763 5635; x_wconf 83' lang='lat' dir='ltr'><strong>mortem</strong></span> <span class='ocrx_word' id='word_1_923' title='bbox 2809 5580 3015 5637; x_wconf 67' lang='lat' dir='ltr'><strong>Ohfisti</strong></span> <span class='ocrx_word' id='word_1_924' title='bbox 3052 5580 3151 5655; x_wconf 58' lang='lat' dir='ltr'><strong>qui7</strong></span> <span class='ocrx_word' id='word_1_925' title='bbox 3185 5580 3365 5643; x_wconf 48' lang='lat' dir='ltr'><strong>tradi?</strong></span> 
     </span>
    </p>
   </div>
   <div class='ocr_carea' id='block_1_125' title="bbox 1784 5661 2036 5707">
    <p class='ocr_par' dir='ltr' id='par_1_125' title="bbox 1784 5661 2036 5707">
     <span class='ocr_line' id='line_1_126' title="bbox 1784 5661 2036 5707; baseline -0.008 0"><span class='ocrx_word' id='word_1_926' title='bbox 1784 5661 1868 5707; x_wconf 91' lang='lat' dir='ltr'><strong>tus</strong></span> <span class='ocrx_word' id='word_1_927' title='bbox 1898 5661 2036 5707; x_wconf 83' lang='lat' dir='ltr'><strong>erat.</strong></span> 
     </span>
    </p>
   </div>
  </div>
