3976 6336
589 277 687 341 sst
729 257 732 260 ’

1411 277 1810 341 C(ELESTINI
1852 282 1866 335 |
1909 277 2111 337 PAPE
2156 281 2513 340 EPISTULA:
2557 283 2644 340 ΕΤ
2689 281 3031 340 DECRETA.

587 375 757 450 tentio
786 407 991 450 satvam
1029 395 1275 450 servavit
1330 393 1501 462 ipsius
1550 392 1870 446 certaminis
1917 406 2162 446 causam.
2195 398 2248 456 Α
2275 395 2382 450 bat.
2420 395 2649 450 llerbam
2696 394 2960 451 mortiferi
3019 395 3280 466 graminis
3321 394 3628 462 borruistis,
3679 397 3832 466 sepsi-

589 498 610 525 ‘
641 491 755 556 Quo
788 489 1105 559 proﬁciebat
1138 489 1244 543 iste
1297 487 1605 550 conﬂictus,
1633 503 1739 555 quo
1791 485 2164 550 laborabatur,

584 588 772 634 nonut
800 579 1062 650 religione
1108 581 1229 650 quis
1276 581 1540 645 vinceret,
1573 581 1668 634 sed
1720 587 1774 632 ut
1827 578 1942 646 ipsa
1974 579 2166 647 religio

585 673 937 728 vinceretur?
965 673 1287 728 Meministis
1315 683 1464 728 certe
1495 673 1635 745 ejus,
1669 673 1792 744 quia
1826 687 2052 729 necesse
2080 681 2168 729 est

579 768 916 832 meminisse,
947 766 974 806 ι)
1005 767 1380 836 blasphetnim.

648 855 704 912 4.
731 857 837 913 Sed
881 859 991 928 jam
1038 859 1368 914 oblivionem
1405 870 1673 914 tantorum
1730 861 1995 914 malorum
2038 861 2164 914 volo

576 951 780 1004 Sanctis
807 951 1075 1005 mentibus
1109 951 1448 1018 imperatam.
1480 953 1555 1006 Ex
1588 953 1784 1006 animis
1813 952 2039 1006 tollatur
2071 949 2161 1020 qui

577 1041 830 1096 sublatus
867 1053 950 1096 est
981 1043 1186 1105 oculis;
1223 1043 1462 1107 tollatur,
1493 1044 1734 1114 inquam,
1765 1045 1854 1114 qui
1897 1046 1975 1098 sic
2003 1058 2162 1097 voca-

577 1143 660 1187 tus
688 1143 771 1188 est
801 1149 1108 1201 prmcursor
1151 1133 1371 1189 interni.
1413 1135 1609 1189 llabuit
1666 1137 1886 1190 crebras
1939 1135 2163 1190 sinister

575 1223 903 1292 praedicator
931 1224 1189 1291 insidias,
1223 1225 1458 1280 tetendit
1497 1241 1680 1280 arcani
1714 1242 1873 1280 suum
1909 1226 2161 1296 frequen-

575 1326 675 1379 ter,
708 1325 767 1371 ut
805 1317 1054 1387 legimus,
1084 1327 1136 1373 et
1180 1333 1276 1372 ore
1307 1333 1409 1371 suo
1440 1319 1643 1387 spicula
1688 1330 1952 1373 venenata
1981 1320 2156 1387 jacta-

574 1409 651 1462 vit
681 1407 800 1481 (Ps.
835 1426 887 1479 x,
915 1409 1001 1480 3);
1048 1410 1319 1465 neminem
1369 1419 1544 1465 tamen
1591 1423 1775 1465 vestro
1824 1413 1875 1466 in
1931 1427 2158 1467 numero

573 1517 733 1572 quem
766 1501 950 1557 feriret
974 1502 1180 1557 invenit
1209 1520 1222 1556 :
1269 1513 1470 1558 retorta
1501 1505 1552 1557 in
1585 1519 1645 1558 se
1685 1505 1796 1559 tela
1850 1505 2154 1569 redierunt,

575 1608 857 1664 postquam
903 1593 1164 1664 sagittare
1215 1594 1268 1648 in
1321 1595 1555 1649 obscuro
1597 1605 1776 1651 rectos
1838 1597 2004 1652 corde
2047 1612 2155 1652 non

573 1687 740 1756 patuit
765 1686 976 1758 (Ibid);
1003 1698 1058 1743 et
1089 1688 1222 1742 nihil
1251 1690 1302 1743 itt
1330 1689 1470 1743 ﬁlios
1501 1690 1638 1744 lucis
1671 1691 1824 1744 licuit
1855 1689 1967 1744 ﬁlio
1999 1702 2149 1745 tene-

2272 486 2370 541 stis
2414 503 2574 543 aures
2617 499 2826 542 vestras
2873 488 3043 558 spinis
3069 486 3262 560 (Eccli.
3307 503 3500 553 xxvttt,
3555 486 3674 562 28),
3704 485 3834 547 fnec

2272 579 2504 649 linguam
2543 596 2772 648 nequam
2818 581 3068 649 potuistis
3098 581 3305 636 audire.
3338 581 3454 637 Non
3494 597 3626 653 ergo
3661 598 3834 652 perve-

2269 671 2344 724 nit
2367 670 2433 724 ad
2460 687 2677 726 sensum
2703 672 2845 741 quod
2870 672 3096 727 oﬂ'endit
3115 673 3390 740 auditum;
3415 689 3515 730 nec
3540 675 3831 730 interiorem

2268 761 2428 817 ferire
2470 766 2664 832 potuit,
2717 764 2860 833 quod
2903 767 3145 820 exterior
3198 781 3303 820 non
3355 768 3580 837 recepit.
3630 765 3834 823 Vitasﬁs

2264 871 2388 909 eum
2413 857 2802 924 eni,quantum
2835 857 3214 923 didicimus,ct
3248 858 3299 913 in
3329 858 3522 914 faciem
3554 860 3831 914 reSIitistis.

2267 947 2488 1002 Vitastis
2515 965 2672 1019 quem
2702 965 2731 1003 a
2758 954 3016 1005 memoria
3065 951 3227 1020 digna
3267 963 3456 1006 sancta
3484 952 3832 1008 Alexandrina

2264 1037 2531 1106 Ecclesia,
2558 1041 2852 1096 secundum
2897 1043 3037 1097 benti
3070 1042 3220 1098 Pauli
3254 1046 3486 1114 apostoli
3527 1044 3832 1101 sententiam

2267 1126 2400 1198 (Tit.
2437 1145 2516 1195 ttt,
2546 1130 2656 1199 10),
2683 1131 2794 1200 jam
2827 1135 3038 1186 sciretis
3067 1148 3189 1188 esse
3216 1143 3242 1179 κ
3270 1145 3600 1205 correptum.

2335 1221 2386 1274 7.
2419 1220 2650 1289 Legistis
2699 1237 2960 1293 namque,
2995 1234 3052 1278 et
3110 1227 3426 1281 memoriter
3473 1227 3584 1294 jam
3629 1228 3830 1295 tenetis,

2261 1311 2584 1379 sacerdotis,
2611 1313 2713 1368 hoc
2736 1327 2816 1368 est
2850 1314 3126 1378 catholici,
3160 1317 3224 1370 ad
3264 1318 3408 1372 hunc
3433 1319 3631 1388 scripta
3659 1320 3830 1375 docto-

2260 1403 2357 1468 ris,
2388 1405 2583 1474 quibus
2625 1422 2747 1460 eum
2794 1408 2868 1461 ita
2913 1419 3247 1477 correptum,
3282 1419 3338 1464 ut
3371 1411 3530 1466 vellet
3574 1427 3693 1467 esse
3719 1427 3832 1467 cor-

2263 1507 2492 1560 rectum,
2523 1498 2724 1552 studuit
2758 1517 2768 1552 :
2798 1499 2946 1553 nisus
2977 1510 3058 1556 est
3093 1501 3360 1558 labentem
3395 1519 3651 1560 remeare
3671 1506 3827 1560 colle-

2257 1601 2400 1656 gam,
2434 1593 2672 1658 porrexit
2697 1591 2970 1646 dexteram
2997 1593 3298 1663 magisterii
3329 1595 3432 1657 Sui,
3453 1597 3505 1650 in
3535 1613 3640 1652 uno
3655 1599 3828 1654 volens

2259 1680 2502 1748 plurimis
2558 1684 2872 1742 subvenire.
2930 1685 3260 1742 Pchellebat
3328 1693 3568 1745 animum
3642 1694 3830 1748 veteris

569 1779 809 1836 brarum.
836 1785 964 1849 Quae
995 1797 1093 1835 nos
1123 1781 1190 1835 de
1215 1781 1370 1836 vobis
1402 1782 1455 1835 in
1498 1782 1642 1836 bello
1675 1783 1934 1836 intestino
1960 1785 2152 1852 positis

2259 1772 2580 1841 sacerdotis,
2609 1773 2635 1809 ιι
2669 1778 2812 1845 quod
2840 1786 2992 1831 nutat
3017 1779 3302 1848 episcopus
3334 1783 3488 1836 ruina
3519 1783 3824 1840 multorum.

565 1887 698 1927 cura
736 1882 897 1942 atque
925 1872 1234 1927 sollicitudo
1263 1884 1390 1928 tunc
1421 1874 1642 1928 habuit?
1685 1875 1740 1928 In
1786 1875 2004 1929 modum
2037 1877 2152 1930 dic-

565 1978 684 2020 rutn
716 1965 967 2019 duximus
995 1972 1203 2033 noctes,
1234 1969 1356 2035 quia
1390 1967 1588 2019 talibus
1615 1968 1794 2020 causis
1825 1982 1985 2021 omne
2011 1977 2148 2022 tem-

563 2072 666 2129 pus
694 2066 980 2127 angustum
1017 2068 1124 2126 est,
1157 2075 1260 2114 non
1294 2060 1484 2114 oculos
1530 2074 1722 2113 somno
1750 2059 2150 2114 declinavimus

561 2152 850 2222 inquietos.
873 2151 1044 2220 Quem
1075 2151 1218 2206 enim
1241 2167 1455 2222 raperet
1480 2153 1704 2207 dilectio
1724 2153 2051 2216 dormiendi,
2073 2155 2153 2209 sic

561 2245 820 2312 vigilante
848 2253 1090 2312 raptore,
1128 2254 1150 2282 ε
1184 2245 1580 2299 nesciebamus.
1616 2245 1750 2313 Quis
1781 2246 1922 2300 intra
1969 2247 2154 2302 caulas

567 2335 751 2403 timor,
781 2346 985 2406 quanta
1015 2337 1154 2389 intra
1184 2347 1336 2405 septa
1362 2334 1615 2400 formido,
1651 2341 1868 2406 quoties
1899 2338 2149 2407 luporum

558 2424 587 2466 δ
609 2429 783 2484 vicina
813 2430 1022 2484 esuries
1048 2431 1214 2484 multo
1245 2431 1436 2485 circuit
1465 2431 1636 2494 aditu,
1665 2433 1859 2500 qml‘rll
1884 2433 2147 2500 praedam,

557 2524 712 2578 saevit
743 2532 800 2578 et
825 2525 1136 2578 absentibus
1195 2525 1394 2579 minata
1442 2525 1779 2594 perniciem?
1805 2526 2015 2592 Quanta
2063 2527 2150 2581 hic

561 2630 658 2685 pro
686 2630 781 2670 sua
810 2617 1063 2672 cautione
1096 2617 1253 2672 laude
1296 2633 1429 2687 grex
1479 2617 1671 2688 dignus
1713 2627 1820 2687 est,
1851 2633 2009 2688 quem
2041 2634 2150 2674 non

555 2710 734 2779 attigit
765 2723 952 2764 secum
981 2722 1168 2780 raptor
1200 2709 1483 2764 inclusus?

628 2800 682 2855 5.
710 2801 860 2855 Patet
885 2816 1044 2856 causa
1087 2802 1327 2856 tuitionis
1355 2803 1600 2871 hujusce,
1635 2803 1687 2857 in
1716 2816 1906 2874 aperto
1949 2813 2032 2859 est
2057 2806 2147 2875 qui

557 2892 816 2947 restiterit
848 2893 1086 2948 inimico.
1121 2893 1492 2964 lntelligamus
1522 2905 1577 2950 et
1623 2895 1890 2951 fateamur
1933 2912 2146 2963 omnes,

554 2985 697 3054 quod
729 3000 823 3040 vos
853 2986 944 3040 ille
969 2995 1171 3040 tutatus
1201 2995 1287 3040 est
1318 2997 1526 3056 pastor,
1550 2990 1638 3058 qui
1675 2989 1725 3042 itt
1763 2989 2058 3059 Evangelio
2089 3003 2148 3043 se

553 3077 681 3132 dicit
728 3093 851 3132 esse
896 3089 1164 3148 pastorem
1202 3076 1388 3150 (Joan.
1443 3096 1497 3145 x,
1533 3079 1620 3151 ll)
1650 3098 1661 3132 :
1694 3079 1868 3146 all‘uit,
1897 3096 1995 3135 nec
2049 3095 2146 3136 vos

2258 1863 2398 1932 Egit,
2429 1867 2570 1919 sicut
2597 1869 2856 1936 scriptum
2885 1879 2989 1934 est,
3022 1870 3037 1906 ί
3077 1870 3420 1927 benediﬂum
3463 1889 3599 1943 opus
3628 1875 3826 1930 Domini

2255 1953 2567 2024 diligenter.
2601 1955 2656 2010 ltt
2691 1959 2839 2013 nullo
2862 1961 2910 2014 ei
2940 1959 3120 2016 ollicio
3143 1963 3373 2032 apostoli
3403 1965 3485 2018 vir
3510 1967 3827 2035 apostolicus

2255 2048 2469 2104 deluit:
2512 2052 2844 2118 obsecravit,
2881 2053 3186 2120 admonuit,
3239 2057 3542 2126 increpavit
3588 2059 3674 2128 (ιι
3703 2059 3825 2116 Tim.

2255 2157 2327 2207 tv,
2351 2141 2433 2212 ‘2).
2468 2143 2532 2197 Et
2556 2143 2644 2199 ille
2666 2145 2829 2214 quiin
2872 2145 3194 2211 profundum
3229 2148 3687 2218 blasphemiarum
3711 2168 3822 2208 sua-

2255 2250 2373 2289 rum
2420 2237 2660 2305 pondere
2705 2251 3067 2306 mergeretur,
3100 2242 3231 2295 tanti
3273 2243 3371 2297 viri
3418 2245 3716 2300 doctrinam
3748 2262 3826 2302 rec

2255 2342 2446 2391 nuens,
2475 2339 2528 2383 et
2577 2330 2778 2384 abusus
2821 2331 3056 2395 hortatu,
3083 2333 3274 2388 docilis
3321 2350 3442 2389 esse
3487 2337 3683 2402 noluit,
3713 2353 3825 2393 cum

2253 2418 2449 2474 doctor
2477 2436 2599 2476 esse
2640 2437 2746 2476 non
2779 2432 2981 2492 posset.
3019 2425 3140 2494 Egit
3186 2425 3396 2494 injuriis
3428 2435 3673 2483 tenacem
3702 2429 3826 2484 recti

2255 2515 2628 2583 perversitatis
2659 2526 2918 2571 assertor.
2942 2517 3219 2572 Gloriatur
3248 2519 3393 2586 hinc,
3429 2536 3526 2575 nec
3551 2523 3826 2576 contrista-

2254 2617 2338 2662 tus
2367 2617 2450 2662 est
2479 2609 2663 2670 frater,
2695 2625 2876 2663 secum
2905 2620 3159 2680 reputans
3181 2613 3323 2682 quod
3354 2617 3546 2668 merito
3577 2615 3682 2670 sibi
3708 2630 3827 2670 con-

2251 2713 2413 2753 servo
2461 2715 2568 2753 non
2647 2710 2921 2770 parceret,
2978 2701 3066 2772 qui
3112 2718 3212 2757 suo
3263 2705 3482 2758 domino
3529 2705 3823 2775 demgaret.

2252 2790 2510 2846 Inventus
2533 2802 2615 2846 est
2660 2807 2756 2862 per
2779 2793 3116 2864 diligentiam
3160 2797 3253 2852 ille
3285 2797 3351 2852 de
3378 2799 3673 2870 Evangelio
3701 2799 3825 2872 frugi

2251 2885 2393 2939 ﬁlius
2420 2896 2470 2940 et
2499 2886 2752 2955 providus
2777 2903 2966 2942 servus
2988 2887 3202 2960 (Matth.
3232 2892 3382 2962 xxv).
3412 2891 3546 2946 Nam
3575 2903 3630 2948 ct
3653 2903 3823 2962 pater-

2251 2994 2374 3033 nam
2402 2981 2633 3034 servavit
2664 2982 3044 3047 substantiam,
3077 2992 3131 3038 et
3157 2985 3312 3038 ausit
3341 3001 3632 3040 numerum
3668 2989 3824 3042 talen-

2251 3083 2452 3128 torum.
2482 3073 2591 3128 Nec
2621 3073 2924 3144 duplicasse
2947 3092 3096 3143 eum,
3128 3077 3224 3132 sed
3258 3081 3652 3146 tnultiplicasse
3679 3080 3818 3135 dixe-

553 3168 792 3224 deseruit
822 3171 909 3241 qui
959 3149 1266 3240 patiebatur
1294 3172 1348 3226 in
1399 3174 1571 3226 vobis.
1602 3149 1663 3227 in
1715 3173 1855 3228 hunc
1910 3190 2142 3245 namque
2169 3149 2214 3211 Ο
2248 3169 2347 3222 Tim
2372 3177 2598 3232 sortem.
2629 3183 2787 3238 quem
2822 3167 3100 3224 Videamus
3130 3169 3294 3225 eliam
3336 3171 3494 3242 lotrge
3531 3171 3719 3242 p0sitls
3746 3172 3823 3242 pio

553 3262 884 3332 qttotidianis
913 3265 1213 3319 acuebatur
1239 3266 1415 3335 lingua
1452 3266 1828 3334 blasphemiis,
1864 3267 1916 3320 in
1962 3267 2138 3335 ipsum

554 3355 746 3410 dentes
777 3371 902 3410 suos
927 3358 1122 3424 impius
1157 3365 1418 3410 tractator
1450 3357 1697 3411 armnbat
1734 3375 1745 3410 :
1781 3359 1928 3412 inani
1961 3371 2139 3413 tamen

552 3461 770 3517 semper
811 3449 998 3504 elusus
1030 3458 1114 3504 est
1141 3465 1348 3514 morsu,
1379 3450 1595 3519 quando
1627 3451 1871 3520 ejusdem
1905 3455 2139 3522 pastoris

552 3543 697 3610 virga
735 3556 830 3595 vos
859 3542 1237 3597 consolabatur
1267 3553 1320 3597 et
1354 3543 1575 3598 baculus
1607 3543 1728 3615 (Ps.
1753 3561 1891 3614 xxtt,
1928 3547 2012 3617 4),
2046 3549 2133 3603 cui

551 3647 771 3702 gregem
814 3648 968 3686 suum
1017 3635 1176 3688 etiam
1214 3634 1540 3702 pascendum
1590 3636 1812 3692 tradidit
1863 3638 2036 3694 iturus
2065 3639 2132 3694 ad

553 3724 744 3778 caelum
769 3720 985 3795 (Joann.
1019 3741 1126 3787 ut.
1161 3725 1272 3794 15).

619 3816 673 3870 6.
705 3815 829 3871 Hcce
853 3817 1005 3872 VObiS
1039 3819 1142 3872 huc
1173 3834 1346 3888 usque
1376 3837 1480 3874 non
1517 3830 1723 3875 mutata
1757 3832 1883 3877 sunt
1915 3838 2134 3893 pascua,

547 3909 750 3964 eisdem
787 3911 996 3980 pabulis
1025 3913 1156 3967 estis
1189 3912 1418 3982 impleti,
1451 3915 1752 3982 apostolico
1802 3930 1900 3969 vos
1945 3917 2135 3972 docto-

549 4018 636 4057 res
668 4012 721 4058 et
749 4005 833 4072 pio
861 4020 1076 4074 semper
1107 4021 1360 4060 sermone
1399 4019 1680 4078 paverunt.
1727 4009 1924 4064 Verum
1975 4012 2133 4066 noxia

547 4092 722 4147 luerat
753 4111 849 4163 pro
891 4095 1198 4151 salubribus
1240 4097 1376 4151 cibis
1419 4112 1541 4152 esca
1573 4101 1879 4170 supposita,
1911 4102 2130 4170 quando

544 4184 887 4241 adversarius
955 4189 1314 4243 esurientibus
1377 4193 1660 4246 animabus
1705 4194 1901 4248 mixtas
1953 4193 2136 4263 Spinas

544 4278 769 4334 ﬂoribus
794 4289 817 4316 ο
847 4280 1155 4336 exhibebat.
1190 4281 1300 4336 Nec
1358 4293 1536 4337 tamen
1573 4285 1717 4337 fraus
1767 4287 1863 4340 ista
1923 4287 2136 4358 decepit

545 4385 664 4434 vos,
699 4371 790 4440 qui
812 4371 1016 4426 Christi
1043 4375 1235 4428 suavis
1263 4360 1400 4427 odor
1421 4377 1551 4430 estis
1582 4377 1631 4430 in
1665 4376 1892 4430 Domino
1923 4378 1984 4448 (ll
2010 4377 2130 4434 Cor.

542 4474 605 4531 tt,
643 4461 754 4532 l5),
787 4472 1070 4532 postquam
1095 4464 1247 4520 vobis
1272 4466 1427 4535 longe
1457 4466 1602 4520 aliud
1634 4469 1766 4522 oluit
1787 4484 1946 4538 quam
1978 4471 2122 4526 sole-

617 4652 642 4713 _'
680 4643 832 4698 Colb.
860 4659 987 4706 ms.,
1019 4660 1110 4708 pro
1139 4661 1242 4712 quo
1264 4645 1412 4713 ﬁebat
1442 4646 1555 4698 iste.

616 4711 644 4750 δ
685 4713 829 4768 idem
856 4715 1026 4769 codex
1060 4711 1401 4784 blaQspltemii;
1428 4725 1482 4770 et
1512 4717 1755 4782 inferius,
1783 4718 2127 4790 blasphemia-

543 4801 658 4838 ηιηι
683 4801 838 4837 ειιονιι
847 4802 912 4836 m.

615 4865 640 4927 εξ
670 4853 940 4927 [neodem
977 4869 1100 4918 ms.,
1131 4856 1358 4909 sciamus
1381 4859 1494 4927 quis
1523 4858 1678 4910 intra.

617 4920 642 4960 ἀ
680 4925 840 4998 _I~Zditi,
863 4927 1057 4998 jejuna
1095 4929 1284 4980 esuries
1319 4920 1484 4980 multa
1529 4929 1734 4990 circuit,
1769 4931 1914 4986 aditu
1943 4935 2131 4998 qtta'rit

547 4995 811 5066 pra'dant;
843 4995 950 5047 titut
979 4997 1173 5049 Baron.
1215 5015 1226 5048 :
1264 4998 1422 5051 Struit
1451 5013 1493 5048 tl
1520 5001 1806 5053 absentibus
1829 4995 2126 5058 inconsum-

546 5080 680 5118 mota
728 5067 998 5130 pernicies.
1032 5066 1396 5135 Castigatttttr,
1433 5086 1498 5122 cx
1535 5072 1636 5124 lide
1671 5087 1771 5125 nis.
1799 5071 1936 5126 Coll)
1971 5117 1986 5141 ,
2023 5079 2125 5130 hoc

549 5151 754 5216 tantum
785 5149 1038 5216 excepto,
1064 5141 1202 5216 quod
1235 5141 1391 5216 ineo
1413 5151 1615 5216 exstat
1640 5145 1834 5216 minata
1871 5148 2116 5216 pernicie.

618 5217 641 5246 °
667 5209 871 5286 Alludit
895 5208 1228 5286 Cuslcstinus
1250 5211 1314 5262 ad
1347 5212 1670 5286 eloquentia:
1709 5208 1894 5283 llorcs',
1925 5219 2122 5286 quibus

544 5279 822 5335 Nestorius
855 5279 1124 5332 lia-resms
1149 5279 1333 5344 spinas
1356 5281 1712 5336 adtnisct-hat.

617 5348 635 5387 τ
667 5351 864 5404 BarOn.
883 5367 895 5402 :
916 5348 997 5404 Ne
1019 5351 1252 5422 linguam
1282 5369 1494 5421 nequam
1523 5356 1834 5409 rolnissetis.
1864 5357 1979 5412 Non
2008 5357 2122 5411 dis-

545 5422 772 5494 pliceret
827 5439 1043 5494 nec...
1078 5423 1332 5475 voluistis.
1389 5426 1723 5494 Quamquam
1782 5427 1922 5483 haud
1982 5429 2123 5485 male

541 5492 744 5545 dit-itur
769 5510 859 5545 nec
882 5493 1148 5559 potuistis,
1185 5510 1280 5558 pro
1313 5509 1403 5545 nec
1433 5492 1773 5552 sustinuistis.

616 5572 641 5611 κ
671 5567 723 5616 in
754 5564 1333 5635 vulgatis,correctnm.
1357 5565 1687 5618 Concinntus
1718 5571 1767 5620 in
1803 5584 1902 5624 ms.
1937 5571 2119 5635 Colh.,

539 5646 848 5706 correptum,
875 5636 1079 5688 scilicet
1101 5634 1170 5688 ab
1194 5635 1556 5690 Alexandrina
1588 5639 1851 5703 Ecclesia,
1879 5643 1964 5694 cui
1991 5634 2133 5696 nunc

539 5705 869 5759 ticali-stititts
900 5707 1110 5780 tribuit,
1159 5707 1298 5775 quod
1343 5706 1581 5776 Cyrillus
1644 5709 1760 5776 ejus
1812 5711 2127 5780 cpiscopus,

539 5787 868 5839 congregata
896 5776 1138 5840 svuodo.
1172 5789 1363 5833 contra
1409 5789 1719 5834 nascentem
1755 5776 2134 5842 Neétorii'hte?

2248 3259 2434 3316 fenore
2480 3261 2817 3316 subvenisse.
2847 3261 2892 3316 Ο
2931 3272 3133 3316 sanctae
3181 3263 3586 3331 prtcdicationis
3638 3266 3820 3320 usura!

2245 3354 2417 3420 Quam
2444 3355 2529 3409 hic
2557 3356 2784 3426 gratiam
2831 3363 2959 3408 ante
2988 3369 3335 3411 communem
3385 3355 3676 3412 Dominum
3711 3356 3821 3413 ﬁdei

2245 3453 2549 3522 negotiator
2589 3450 2848 3515 inveniet,
2883 3450 2972 3519 qui
3020 3461 3241 3519 propter
3278 3451 3583 3505 animarum
3615 3451 3814 3505 lucrum

2245 3543 2522 3612 negotium
2556 3550 2612 3597 et
2635 3541 2745 3596 illic
2775 3542 3038 3604 exercuit,
3072 3540 3162 3594 ubi
3190 3539 3204 3591 i
3243 3541 3383 3596 alter
3415 3541 3822 3611 accepittNon-

2241 3650 2309 3690 ne
2343 3633 2427 3688 hic
2477 3635 2673 3689 merito
2728 3649 2754 3685 a
2806 3633 3198 3702 patrel’amilias
3227 3635 3505 3688 auditurus
3532 3645 3635 3702 est,
3659 3635 3816 3706 Euge,

2242 3743 2382 3783 serve
2432 3729 2558 3780 bone
2620 3735 2667 3780 et
2717 3726 2913 3796 ﬁdelis,
2944 3727 3082 3779 intra
3122 3728 3175 3780 in
3214 3727 3462 3799 gaudium
3509 3727 3705 3782 domini
3755 3729 3821 3782 tui

2245 3819 2456 3892 (.llattlt.
2494 3835 2616 3880 xxv,
2648 3818 2741 3882 21,
2773 3817 2908 3888 ἳῖγὶ
2935 3817 3062 3872 Htrc
3109 3817 3233 3873 huic
3259 3828 3573 3888 competunt
3611 3818 3705 3890 qui
3734 3817 3818 3874 illa

2241 3926 2458 3981 quoque
2481 3927 2600 3979 qum
2623 3909 2745 3962 aliis
2774 3918 2899 3962 sunt
2926 3910 3217 3962 commissa
3249 3910 3508 3964 servavit.

2315 4003 2369 4057 8.
2394 4001 2531 4070 Quid
2566 4001 2656 4055 ille
2687 3999 2968 4054 auditurus
3007 4011 3110 4070 est,
3130 4000 3327 4071 quidve
3357 4001 3621 4064 dicturus,
3649 4016 3765 4056 cum
3789 4017 3814 4054 ι

2239 4111 2299 4149 se
2345 4096 2649 4149 commissa:
2697 4094 2802 4147 sibi
2860 4093 2935 4148 rei
2980 4095 3120 4147 ratio
3146 4093 3615 4164 requiretur,qui,
3644 4095 3815 4165 utique

2239 4185 2526 4243 involvitur
2549 4195 2721 4250 reatu,
2741 4186 2954 4240 etiamsi
2978 4187 3133 4240 vobis
3161 4201 3257 4256 per
3277 4187 3412 4242 alios
3439 4187 3663 4257 perditis
3679 4197 3816 4244 esset

2238 4281 2354 4351 ipse
2383 4277 2862 4334 servatuslNostis
2885 4280 3145 4348 proiecto,
3169 4293 3268 4346 pro
3288 4288 3470 4335 vestra
3496 4282 3806 4343 eruditione,

2238 4392 2357 4445 qua:
2405 4388 2564 4442 pinna
2605 4373 2940 4443 negligentes
2988 4382 3206 4428 maneat
3253 4373 3593 4440 sacerdotes,
3628 4376 3811 4446 quippe

2239 4483 2375 4540 quos
2406 4467 2700 4537 Apostolus
2738 4480 2971 4535 praeesse
3001 4467 3162 4520 etiam
3204 4465 3456 4522 domibus
3485 4468 3600 4524 suis
3638 4468 3814 4539 jubeat

2153 4651 2393 4719 Dresim
2425 4649 2663 4718 scripsit,
2710 4666 2936 4721 qumque
2977 4652 3046 4707 ob
3093 4653 3145 4707 id
3202 4651 3412 4709 facinus
3465 4658 3722 4712 memoria
3757 4667 3809 4712 et

2241 4721 2399 4775 laude
2424 4722 2578 4782 digna
2613 4722 2956 4788 prmdicatur.

2315 4789 2340 4828 ιι
2363 4790 2516 4864 Coth.
2552 4806 2656 4844 ms.
2679 4811 2690 4844 :
2712 4795 2860 4856 Quod
2887 4803 3047 4847 mutat
3067 4796 3339 4864 episcopus
3363 4797 3594 4852 ruinam.
3617 4798 3768 4854 Forte
3792 4818 3803 4853 :

2241 4863 2394 4938 Quod
2432 4873 2575 4915 nutat
2624 4864 2894 4932 cpiscopus
2939 4866 2990 4919 in
3032 4863 3257 4920 ruinam.
3281 4866 3514 4938 Cyrillus
3543 4885 3684 4924 anno
3709 4871 3808 4926 412

2236 4935 2525 5001 episcOpus
2572 4945 2811 4998 creatus,
2843 4951 3008 5000 ~anno
3056 4938 3187 5000 ‘29,
3233 4935 3341 5007 quo
3395 4943 3462 4992 ad
3515 4941 3805 4996 Ne~toriunt

2237 5007 2482 5059 scribere
2515 5008 2699 5072 erepit,
2731 5018 2870 5060 vetus
2913 5007 3171 5074 sacerdos,
3207 5012 3516 5078 prmsertim
3564 5012 3807 5067 Nestorio

2237 5085 2604 5140 entnpat‘attts.
2645 5078 2826 5130 vocari
2863 5079 3057 5144 potuit.

2313 5145 2326 5184 ί
2365 5147 2527 5208 Ειιὶιῆ,
2547 5146 2840 5200 benedicant
2862 5165 2881 5213 ;
2905 5150 3098 5203 melius
3129 5165 3233 5204 ms.
3257 5148 3441 5213 Colb.,
3475 5152 3808 5206 benedictum.

2234 5217 2307 5272 Ex
2365 5219 2542 5271 verbis
2591 5215 2834 5272 Jeremiw
2877 5235 3066 5279 XLVIII.
3101 5221 3186 5286 10,
3219 5222 3308 5275 tthi
3342 5225 3642 5276 secundum
3674 5228 3809 5276 auti-

2230 5290 2922 5365 quatnjnternretationem
2957 5293 3205 5365 legimus,
3240 5291 3551 5348 illa/edictus
3572 5297 3661 5364 qui
3691 5298 3810 5365 facit

2232 5375 2359 5436 opus
2388 5359 2596 5412 Domini
2623 5361 2962 5430 negligenter,
2990 5359 3106 5418 hinc
3133 5378 3228 5432 per
3242 5359 3603 5434 antiphrasim
3622 5359 3809 5436 quam-

2231 5431 2354 5484 dant
2389 5440 2514 5482 sunt
2540 5447 2600 5481 ex
2613 5445 2816 5496 pressa.

2307 5503 2322 5551 l
2363 5500 2518 5571 Apud
2551 5501 2770 5565 Baron.,
2800 5503 2885 5556 ubi
2917 5501 3132 5556 talenta.
3164 5502 3363 5559 Verius
3392 5507 3533 5566 apud
3569 5506 3726 5564 Lab..
3760 5519 3810 5558 ut

2234 5572 2286 5644 in
2322 5588 2424 5625 ms.
2450 5571 2633 5644 Colb.,
2659 5572 2744 5644 ubi
2771 5575 2922 5637 alter,
2959 5575 3239 5628 Nestorius
3273 5577 3548 5643 videlicet,
3581 5580 3670 5644 qui
3718 5579 3811 5631 Ec-

2237 5643 2866 5716 clesim_Ctittstatttinop.
2897 5647 3069 5699 l'actns
3101 5645 3417 5714 episcotnts.
3449 5649 3569 5716 ejus
3595 5643 3807 5710 quidem

2235 5713 2491 5788 curandae
2525 5715 2802 5788 negotium
2818 5713 3149 5781 acceperat;
3181 5719 3274 5770 sed
3311 5713 3684 5786 ipsius-curam
3708 5720 3808 5788 Cy-

2241 5785 2395 5839 rillus
2425 5785 2588 5838 variis
2625 5786 2690 5837 ad
2717 5786 2864 5841 illam
2893 5789 3075 5842 missis
3112 5785 3339 5859 scriptis
3357 5805 3424 5846 ac
3463 5792 3654 5848 litteris
3680 5785 3804 5858 egit.
