3976 6336
248 280 348 336 553

528 279 742 337 EPIST.
786 278 953 337 XXV.
993 278 1388 337 C(ELESTINI
1425 281 1631 338 BAPAti
1677 279 1769 337 AD
1806 277 2087 336 CLERUM
2129 275 2220 335 ET
2260 279 2587 339 POPULUM
2627 282 3169 349 CONSTANTINOP.

3408 288 3516 353 554

242 399 526 469 diligenter
547 398 604 471 (ι
633 396 771 452 Tim.
814 414 896 466 tu,
924 396 1002 469 4).
1030 397 1269 468 Denique
1306 397 1422 452 lleli
1444 398 1697 453 sacerdos
1722 411 1817 467 per
1845 399 1899 458 Α
1924 394 2051 464 psit.
2081 394 2213 463 Quis
2234 397 2518 466 petitorem
2544 399 2735 467 synodi
2760 401 2969 473 synodo
2992 403 3237 459 crederet
3268 402 3296 443 ἀ
3328 405 3514 464 afutu-

239 509 297 549 se
327 491 695 563 inculpabilis,
730 491 965 546 divinam
1007 507 1103 561 per
1132 490 1272 547 ﬁlios
1303 491 1534 548 incurrit
1554 491 1817 547 offensam

241 586 282 657 (Ι
311 586 442 659 Reg.
468 587 565 657 Iv).
597 586 1091 656 Oﬁenditpontifex
1120 596 1296 657 pater,
1322 586 1546 642 oﬁ‘endit
1573 596 1819 656 potestas

237 686 290 732 et
313 677 507 747 pietas.
533 676 590 734 Si
620 678 780 748 igitur
811 678 901 733 ille
930 691 1052 733 cum
1082 680 1557 749 prtesumptionem
1585 678 1819 735 ﬁliorum

239 785 344 824 non
375 768 633 837 refrenat,
658 778 683 807 ι
706 769 955 835 incurrit,
977 778 1181 840 quanto
1204 771 1372 841 magis
1400 771 1488 826 hic
1512 771 1819 836 Dominum,

237 863 363 917 dum
413 878 512 918 nec
542 863 643 932 ipsi
692 863 887 932 parcit,
933 862 1340 918 ol'fendit'fNon
1390 865 1533 919 hunc
1579 864 1818 919 desidem

236 971 346 1009 non
388 955 530 1009 hunc
556 954 783 1010 dixerim
831 956 1217 1026 negligentem.
1242 956 1519 1012 ﬂabuistis
1548 955 1819 1011 hominem

233 1047 508 1101 sermonis
537 1047 769 1114 assidui,
799 1055 965 1118 atque
994 1048 1159 1118 (apud
1204 1060 1459 1121 expertos
1495 1050 1711 1121 loquor)
1742 1050 1821 1105 vi-

234 1140 402 1210 gilem
434 1140 787 1209 perditorem.

306 1230 364 1287 9.
394 1232 499 1286 Nec
551 1241 729 1287 tamen
768 1232 956 1288 beatus
1009 1233 1200 1289 Petrus
1248 1234 1528 1303 apostolus
1576 1235 1823 1290 deseruit

233 1331 345 1377 tam
374 1325 612 1394 graviter
650 1324 978 1381 laborantes.
1012 1324 1145 1380 Nam
1187 1341 1310 1381 cum
1337 1327 1576 1397 separari
1602 1327 1707 1382 tale
1738 1327 1821 1382 ul-

232 1433 332 1473 cus
366 1418 434 1473 de
458 1418 825 1475 ecclesiastico
856 1433 1083 1489 corpore
1106 1419 1335 1475 horrens
1358 1419 1611 1476 omnibus
1638 1430 1822 1491 putre-

233 1510 305 1564 do
338 1512 594 1576 suaserit,
618 1528 745 1569 cum
780 1512 929 1568 ferro
957 1512 1254 1570 obtulimus
1282 1525 1336 1570 et
1358 1514 1679 1571 fomentum.
1712 1516 1819 1572 Sed

234 1604 331 1659 ille
376 1604 577 1659 abusus
620 1614 807 1661 nostro
838 1605 1041 1671 studio,
1070 1620 1177 1677 quo
1221 1607 1367 1662 illum
1422 1609 1701 1678 sequimur
1729 1608 1819 1679 qui

232 1711 336 1750 nec
357 1696 426 1752 de
450 1697 660 1766 pusillis
688 1697 924 1767 aliquem
950 1699 1066 1753 vult
1088 1700 1288 1768 perire,
1307 1709 1533 1755 mortem
1560 1700 1818 1757 bdeside-

1923 487 2083 541 rum?
2116 486 2305 543 Pressa
2338 499 2423 545 est
2458 490 2572 545 illic
2603 491 2850 548 falsitatis
2880 495 3070 550 levitas
3098 498 3336 567 pondere
3366 501 3509 555 veri-

1923 580 2071 648 tatis,
2105 595 2205 636 nec
2230 596 2287 636 se
2309 596 2437 638 ausa
2464 593 2550 639 est
2570 584 2768 656 fulgori
2798 587 3120 643 radiantium
3159 592 3509 649 sacerdotum

1922 672 2180 727 latitantis
2220 674 2411 743 perﬁdi
2460 676 2634 745 caligo
2692 680 2943 737 miscere.
3005 682 3204 738 Lucem
3257 688 3508 742 tenebrae

1921 764 2202 835 fugerunt,
2257 767 2380 837 quia
2431 769 2747 825 societatem
2800 774 3028 843 legimus
3086 776 3169 830 his
3228 792 3349 832 esse
3400 794 3510 834 non

1922 872 2086 928 posse
2114 858 2133 927 (
2158 857 2201 912 ll
2222 856 2345 913 Cor.
2369 875 2444 926 vI,
2470 860 2583 933 Η).
2618 863 2848 920 Invicem
2882 881 2942 922 se
2982 870 3253 923 contraria
3294 885 3510 940 semper

1923 953 2221 1010 oﬁ‘endunt.
2253 954 2355 1011 Ubi
2387 966 2470 1012 est
2491 958 2633 1027 quod
2660 960 2762 1015 sibi
2786 961 2987 1017 dictum
3018 971 3122 1030 est,
3152 964 3295 1035 quod
3325 966 3511 1036 loque-

1923 1055 2075 1101 retur
2103 1048 2155 1102 in
2178 1047 2408 1115 lumine,
2437 1059 2492 1104 et
2518 1064 2681 1120 supra
2710 1060 2873 1120 tecta,
2906 1056 3051 1124 quod
3084 1056 3296 1113 audiret
3330 1058 3381 1111 in
3413 1074 3513 1111 au-

1924 1140 2093 1208 ribus,
2119 1141 2443 1210 prtedicaret
2461 1142 2677 1213 (Matth.
2703 1160 2759 1208 x,
2782 1145 2903 1210 27)?
2919 1146 3022 1202 Sed
3051 1156 3073 1185 ·
3096 1149 3299 1205 idcirco
3318 1152 3511 1206 volens

1923 1245 2166 1302 prmsens
2190 1234 2379 1303 latere,
2412 1245 2465 1290 ut
2498 1235 2777 1292 ferendam
2806 1242 3133 1296 sententiam
3158 1246 3506 1313 verecundia,

1918 1323 2194 1395 iudicante
2243 1328 2599 1395 conscientia,
2631 1331 2974 1399 praeveniret.
3024 1331 3323 1389 Lucernam
3354 1350 3507 1391 suam

1923 1433 2020 1475 cur
2046 1420 2215 1473 voluit
2243 1418 2445 1477 habere
2492 1421 2592 1476 sub
2623 1422 2804 1478 modio
2835 1422 3052 1491 (Matth.
3080 1426 3271 1493 v.15),
3302 1429 3349 1483 si
3393 1445 3511 1484 eam

1926 1510 2067 1566 bene
2104 1512 2329 1581 putabat
2365 1515 2692 1569 accensam?
2721 1515 2860 1571 Toto
2890 1528 3078 1573 sancto
3108 1522 3399 1575 conventui
3425 1522 3508 1577 ln-

1923 1616 2050 1659 cere
2089 1604 2291 1671 debuit,
2321 1613 2381 1659 ut
2406 1606 2609 1662 habere
2640 1610 2819 1664 lumen
2854 1612 3099 1665 omnium
3136 1613 3337 1669 lumine
3381 1631 3509 1683 pro-

1924 1695 2162 1751 baretur.
2194 1698 2311 1753 Non
2342 1700 2479 1755 fallit
2508 1700 2691 1757 divina
2712 1706 3002 1772 sententia,
3032 1710 3286 1775 quoniam
3317 1710 3408 1779 qui
3449 1710 3504 1765 in

230 1800 385 1845 ratus
408 1791 630 1862 optavit.
657 1791 901 1862 Denique
924 1802 980 1848 et
1004 1792 1327 1849 medicinam
1347 1810 1628 1864 respuens,
1655 1796 1821 1866 elegit
1850 1787 1898 1848 B
1926 1790 2164 1845 tenebris
2190 1800 2337 1862 sunt,
2363 1795 2541 1849 lucem
2576 1796 2763 1853 videre
2792 1814 2899 1853 non
2942 1810 3167 1869 possunt
3195 1800 3377 1871 (Joan.
3406 1819 3504 1871 xu,

231 1882 443 1937 abscidi
476 1883 635 1938 :tulit
667 1884 735 1939 de
766 1900 825 1939 se
853 1885 1231 1954 apostolicum,
1261 1887 1348 1942 vel
1392 1887 1495 1943 hoc
1537 1889 1817 1945 nobiscum

239 1976 508 2043 sentiens,
556 1976 671 2046 ipse
714 1976 1002 2045 judicium,
1056 1987 1119 2033 ut
1161 1980 1535 2036 abscideretur
1574 1982 1663 2052 qui
1722 1998 1818 2038 nos

230 2068 592 2123 contristabat
612 2067 756 2140 (Gal.
777 2085 830 2134 v,
851 2069 963 2141 1‘2),
986 2078 1043 2126 et
1069 2071 1282 2127 volebat
1301 2082 1620 2129 convertere
1644 2074 1818 2130 Evan-

227 2160 432 2230 geliutu
464 2160 664 2216 Christi
696 2160 841 2231 (Gal.
876 2178 916 2229 I,
949 2160 1024 2233 7).
1059 2162 1217 2220 Nulla
1249 2180 1347 2221 suo
1377 2166 1510 2221 vitio
1538 2168 1817 2238 languenti

228 2252 465 2321 medico,
500 2262 558 2309 ut
600 2254 854 2320 diximus,
895 2266 1011 2312 arte
1048 2257 1337 2315 defuimus.
1362 2259 1478 2315 Non
1506 2260 1703 2317 factum
1735 2272 1818 2318 est

231 2352 439 2400 nostra:
485 2345 761 2401 celeritate
810 2350 1096 2403 sententiae
1153 2358 1210 2404 ut
1256 2361 1399 2407 esset
1448 2352 1601 2409 nobis
1642 2354 1820 2423 publi-

228 2450 405 2491 canus
431 2446 523 2491 aut
546 2437 793 2493 ethnicus
822 2437 1039 2511 (Matth.
1066 2456 1221 2508 xvuI,
1256 2441 1369 2513 17).
1405 2442 1621 2499 Scimus
1648 2445 1819 2515 quali-

227 2537 312 2585 ter
360 2538 416 2585 et
456 2531 665 2601 quoties
710 2530 810 2586 hos
855 2532 944 2602 qui
990 2534 1057 2588 ad
1112 2534 1228 2589 haec
1259 2535 1503 2605 tendunt,
1540 2537 1818 2608 Scriptura

224 2620 420 2689 iubeat
446 2622 724 2677 conveniri
752 2621 917 2693 (Ibid.
942 2624 1056 2694 15),
1083 2625 1223 2694 quod
1249 2642 1393 2683 nunc
1423 2643 1636 2699 quoque
1661 2630 1817 2687 vide.

230 2723 319 2767 tur
349 2714 654 2784 impletum.
675 2714 968 2771 Dicendum
994 2716 1227 2788 denique
1248 2718 1448 2775 adhuc.
1472 2720 1623 2776 Tunc
1654 2722 1819 2779 frater

228 2806 461 2864 fratrem
506 2810 806 2877 admonuit,
835 2810 1033 2867 dehinc
1079 2813 1328 2883 pertinax
1385 2830 1494 2871 uno
1535 2825 1592 2872 et
1619 2816 1814 2886 altero,

229 2899 407 2955 immo
438 2912 459 2939 ε
493 2902 665 2957 multo
694 2910 831 2959 teste
874 2915 1177 2961 conventus
1202 2916 1306 2976 est,
1332 2918 1727 2979 consequenter
1751 2912 1819 2966 ab

228 2995 486 3049 universa
533 2995 799 3062 Ecclesia,
848 3006 1034 3055 nostro
1088 3014 1306 3071 quoque
1350 3017 1605 3059 sermone
1628 3020 1816 3061 corre-

227 3095 380 3155 ptus.
408 3086 550 3141 Nihil
581 3102 951 3160 praecoquum,
979 3091 1113 3147 nihil
1153 3092 1209 3148 in
1250 3093 1353 3149 hoc
1383 3095 1593 3166 egimus
1627 3098 1817 3153 imma-

228 3186 436 3245 turum,
470 3194 631 3249 quem
657 3180 926 3237 diuturnas
954 3184 1361 3241 constitutionis
1397 3197 1643 3244 servatus
1680 3190 1814 3245 ordo

226 3270 533 3327 damnavit.
563 3272 679 3328 Non
731 3278 1004 3344 potuimus
1053 3276 1194 3332 ultra
1234 3277 1480 3345 diﬁerre;
1536 3296 1625 3348 ne,
1677 3283 1816 3338 sicut

228 3366 495 3434 scriptum
524 3374 631 3431 est,
655 3380 774 3420 cum
804 3366 1016 3423 furante
1036 3382 1256 3426 currere
1282 3370 1585 3441 videamur,
1616 3384 1814 3431 etcum

225 3456 481 3511 adultero
528 3456 650 3512 fidei
679 3466 918 3513 nostram
950 3474 1153 3529 ponere
1193 3463 1497 3531 portionem
1522 3464 1641 3538 (Ps.
1667 3482 1813 3534 thx,

223 3548 342 3617 20),
376 3550 619 3604 maxime
664 3552 878 3620 quando
924 3552 1113 3607 oculus
1158 3554 1530 3611 scandalizans
1560 3557 1816 3627 jubeatur

226 3640 435 3696 auferri
464 3640 682 3709 (Matth.
716 3660 769 3711 v,
793 3642 908 3712 29).
937 3643 1019 3699 Ad
1042 3645 1161 3701 hazc
1188 3647 1279 3703 ille
1301 3652 1624 3719 compendio
1656 3654 1814 3711 toties

223 3732 406 3787 oblata
440 3732 702 3799 remedia,
735 3749 984 3805 campum
1027 3736 1097 3791 ad
1126 3747 1401 3795 certamen
1434 3744 1702 3813 exposcit,
1727 3760 1817 3800 sa-

224 3827 504 3882 cerdotale
528 3829 764 3898 postulat
792 3830 881 3891 cui
904 3844 1011 3885 non
1038 3840 1157 3887 erat
1178 3833 1536 3891 interfuturus
1558 3852 1811 3907 examen;

222 3921 507 3991 egreditur
538 3921 605 3977 ad
629 3921 827 3978 bellum
857 3934 1160 3981 castrorum
1199 3927 1306 3983 dux
1336 3929 1546 3986 hostem
1592 3933 1811 4003 profes-

224 4028 339 4084 sus,
379 4024 438 4071 et
467 4014 661 4071 doctor
690 4015 818 4072 ﬁdei
848 4029 1036 4073 contra
1064 4019 1224 4075 ﬁdem
1255 4031 1476 4092 portans
1511 4040 1659 4080 arma
1690 4042 1815 4096 per-

223 4108 393 4175 ﬁdiae,
434 4124 559 4165 cum
614 4124 722 4165 nou
770 4118 877 4165 tam
927 4110 1207 4181 profectus
1261 4129 1420 4185 quam
1473 4115 1687 4174 videtur
1716 4136 1812 4176 ex-

219 4202 434 4272 pulsus.

292 4294 389 4350 10.
418 4293 535 4349 Non
562 4310 751 4366 quaero
779 4297 957 4367 qualia
984 4306 1114 4355 tunc
1135 4299 1202 4355 ad
1227 4301 1518 4358 Dominum
1562 4312 1806 4359 nostrum

218 4398 344 4443 vota
410 4387 653 4454 fudistis,
709 4404 830 4445 cum
887 4392 1068 4446 exitus
1120 4392 1313 4449 doceat
1359 4395 1485 4466 quid
1524 4398 1806 4465 potueritis

216 4491 433 4550 Optare.
458 4480 570 4537 Nec
588 4496 686 4537 nos
706 4492 976 4552 gestarum
992 4500 1172 4540 rerum
1188 4488 1387 4556 putetis
1414 4489 1651 4562 ignaros,
1670 4508 1805 4563 qua-

1925 1882 2051 1955 55).
2083 1884 2278 1940 Mansit
2304 1885 2675 1956 absconditus,
2707 1898 2766 1945 ut
2790 1892 3011 1948 vitando
3034 1894 3371 1951 sacerdotale
3396 1896 3511 1951 col-

1920 1974 2142 2046 legium,
2201 1978 2317 2047 ipse
2356 1982 2697 2037 renuntiaret
2739 1984 2969 2053 quodam
3028 1987 3189 2041 modo
3237 1988 3507 2059 dignitati.

1922 2068 2013 2127 Sic
2043 2085 2103 2125 se
2133 2072 2227 2127 ille
2258 2072 2461 2142 primus
2497 2073 2662 2129 homo
2704 2076 2873 2131 Adam
2900 2081 3106 2147 peccati
3138 2079 3222 2134 sui
3252 2082 3505 2137 conscius

1921 2170 2047 2216 ante
2072 2160 2266 2217 faciem
2304 2163 2515 2219 Domini
2560 2170 2737 2221 nudus
2765 2169 3001 2223 occuluit
3036 2169 3187 2242 (Gen.
3220 2188 3296 2240 III,
3325 2173 3379 2244 8)
3412 2192 3423 2227 :
3454 2185 3509 2232 et

1921 2256 2014 2324 qui
2054 2270 2161 2310 non
2196 2257 2247 2310 in
2272 2271 2418 2322 eum,
2452 2257 2546 2313 sed
2569 2258 2622 2312 in
2656 2260 2775 2329 ejus
2797 2262 3051 2316 mandata
3081 2275 3384 2334 peccasset,
3415 2282 3506 2323 ex-

1921 2346 2066 2415 pavit
2097 2346 2245 2401 illam
2276 2362 2439 2417 quam
2470 2359 2879 2421 contempserat
2902 2368 3114 2423 vocem,
3149 2366 3204 2412 et
3246 2358 3501 2415 timorem

1924 2437 2183 2509 deceptus
2212 2440 2463 2508 incurrit,
2514 2452 2799 2513 postquam
2844 2445 3204 2516 simplicitatis
3249 2450 3504 2508 ﬁduciam

1921 2531 2051 2585 vitio
2079 2532 2544 2601 praevaricationis
2568 2535 2772 2590 amisit.
2811 2534 2831 2575 ί
2864 2536 2981 2593 Non
3012 2540 3136 2596 facit
3164 2541 3414 2600 dubitare
3438 2545 3509 2601 de

1919 2622 2145 2678 crimine
2197 2623 2470 2680 confessio
2516 2626 2867 2697 latebrarum,
2904 2645 3064 2687 nemo
3114 2648 3175 2689 se
3224 2635 3275 2689 in
3326 2638 3510 2693 causis

1920 2715 2173 2786 gravibus
2197 2716 2515 2774 innocenter
2540 2718 2843 2776 abscondit.
2875 2722 2967 2777 Sic
2988 2739 3117 2795 ergo
3140 2726 3285 2783 illius
3306 2739 3508 2783 nostra:

1921 2809 2113 2863 mortis
2158 2811 2419 2878 auctoris,
2465 2810 2685 2881 perdito
2739 2814 2965 2869 honoris
3008 2825 3060 2871 et
3105 2818 3291 2887 gloria:
3342 2822 3511 2876 vesti-

1924 2909 2129 2971 mento,
2156 2911 2375 2958 secutus
2420 2904 2751 2973 exemplum,
2776 2908 2971 2963 merito
3013 2909 3115 2963 hoc
3165 2925 3284 2965 cum
3332 2913 3509 2982 primo

1922 2991 2141 3048 homine
2170 2993 2341 3049 Adam
2369 2994 2578 3063 fecerit,
2601 2996 2693 3062 qui
2738 2996 3002 3053 Deitatem
3050 3000 3180 3055 Atla:
3226 3004 3509 3062 novissimi

1921 3084 2001 3139 sic
2044 3086 2282 3155 negavit.
2307 3086 2422 3141 Non
2460 3087 2557 3142 fuit
2583 3096 2709 3143 ante
2738 3091 2926 3146 oculos
2965 3101 3237 3149 tantorum
3293 3099 3508 3153 vexatio

1842 3172 1889 3239 C
1919 3178 2285 3244 sacerdotum,
2309 3195 2417 3234 non
2444 3192 2831 3251 congregatum
2875 3198 2942 3238 ex
2972 3186 3119 3239 omni
3151 3201 3287 3256 pene
3318 3190 3507 3246 mundi

1919 3277 2069 3339 parte
2099 3270 2594 3337 concilium;afuit
2638 3275 2707 3329 ab
2755 3274 2862 3341 his,
2887 3291 3009 3330 cum
3041 3277 3235 3346 quibus
3282 3295 3341 3336 se
3382 3297 3505 3339 esse

1917 3364 2172 3421 nesciret.

1993 3460 2083 3514 11.
2120 3458 2260 3527 Quid
2295 3459 2371 3514 illi
2404 3460 2604 3528 profuit
2632 3459 2735 3516 hoc
2759 3461 3005 3518 vitasse?
3026 3464 3293 3535 Refugere
3338 3467 3507 3524 voluit

1917 3566 2057 3622 quos
2088 3551 2326 3621 effugere
2351 3568 2458 3606 non
2487 3551 2740 3607 dabatur.
2771 3553 2885 3620 Qua
2919 3554 3063 3609 enim
3094 3557 3302 3611 ratione
3334 3561 3505 3627 possit

1915 3644 2166 3711 evadere,
2190 3652 2552 3715 persequente
2574 3658 2639 3699 eo
2661 3644 2746 3699 cui
2774 3660 2834 3700 se
2863 3646 3046 3700 nullus
3070 3647 3393 3705 abscondit?
3421 3653 3503 3707 An

1914 3741 2039 3810 quia
2068 3738 2265 3794 talibus
2296 3738 2458 3793 sociis
2488 3753 2620 3793 usus
2660 3748 2761 3807 est,
2790 3738 2908 3794 sine
2946 3750 3167 3809 peccatu
3213 3758 3272 3799 se
3319 3744 3505 3799 existi-

1918 3844 2092 3895 mans,
2129 3844 2329 3899 negare
2358 3835 2386 3875 Ι
2413 3827 2662 3898 dignatus
2689 3839 2772 3884 est
2817 3830 2960 3899 quod
3008 3831 3275 3902 Propheta
3304 3834 3504 3889 clama-

1915 3926 2008 3992 vit,
2038 3925 2153 3990 Quo
2180 3924 2265 3978 ibo
2294 3941 2325 3978 a
2345 3925 2477 3994 {acie
2499 3933 2605 3991 tua,
2641 3926 2771 3979 etab
2795 3925 3000 3996 Spiritu
3024 3939 3111 3982 tuo
3138 3947 3236 3997 quo
3267 3932 3503 4001 fugiam?

1916 4019 1978 4074 Si
2032 4018 2308 4073 escendero
2348 4018 2402 4071 in
2443 4017 2646 4083 caelum,
2680 4026 2735 4071 tu
2782 4020 2854 4072 ibi
2881 4035 2974 4084 es;
3021 4022 3065 4075 si
3101 4023 3407 4077 dcscendero
3447 4028 3499 4080 in

1912 4113 2196 4182 infernum,
2230 4120 2285 4164 tu
2334 4109 2458 4163 ades
2492 4108 2608 4180 (Ps.
2640 4125 2910 4179 CXXXVIII,
2947 4112 3001 4178 7,
3048 4114 3123 4181 8).
3166 4113 3258 4169 Ille
3300 4118 3497 4172 clamat

1913 4204 2177 4259 latebram
2202 4203 2316 4257 suis
2332 4201 2525 4257 deesse
2552 4205 2803 4271 peccatis,
2829 4219 2926 4259 nec
2949 4220 2977 4258 a
2996 4206 3105 4259 Deo
3130 4223 3289 4276 posse
3306 4211 3493 4266 celari.

1911 4297 2007 4353 ille
2037 4297 2181 4353 enim
2230 4295 2431 4351 fatetur
2461 4294 2664 4365 ubique
2695 4308 3042 4366 praesentem,
3072 4317 3234 4371 quem
3281 4302 3368 4358 hic
3400 4320 3493 4361 co-

1912 4401 2073 4449 natur
2099 4405 2347 4446 asserere
2374 4390 2515 4444 intra
2543 4399 2757 4444 uterum
2783 4390 3019 4447 defuisse
3050 4406 3382 4465 susceptum.

1986 4485 2074 4540 12.
2102 4483 2344 4537 Tandem
2402 4481 2457 4536 in
2508 4481 2881 4537 sacerdotibus
2921 4484 3034 4539 suis
3081 4496 3321 4557 sanctus,
3353 4491 3496 4546 sicut

216 4587 341 4628 rum
371 4574 527 4629 nobis
550 4574 798 4630 ordinem
821 4578 988 4631 sancti
1008 4554 1199 4635 fratris
1216 4582 1387 4636 nostri
1410 4554 1596 4654 Dyrilli
1619 4554 1809 4642 relatio

1922 4591 2150 4646 semper,
2181 4574 2415 4644 Spiritus
2456 4572 2667 4643 vivens,
2713 4588 2847 4627 unus
2891 4577 2943 4628 in
2996 4576 3245 4631 omnibus
3282 4582 3494 4648 statuit,

213 4664 502 4735 patefecit.
536 4664 832 4722 Admonuit
863 4669 1161 4740 hominem,
1204 4687 1365 4742 quem
1398 4689 1544 4729 nunc
1588 4676 1811 4734 inexcu-

214 4757 451 4814 sabilem
481 4757 687 4814 faceret
709 4773 776 4814 ex
804 4774 957 4816 more
994 4763 1302 4832 conventio,
1334 4764 1530 4822 adesse
1555 4778 1805 4828 contem-

291 4949 319 4975 ³
352 4936 575 5007 Supple,
607 4935 874 5002 offensam.

289 5008 321 5047 δ
355 5009 583 5073 Baron.,
616 5008 939 5083 desperatus.
963 5008 1281 5083 Colbertino
1310 5026 1439 5078 ms.,
1462 5015 1551 5083 qui
1599 5015 1686 5071 hic
1712 5018 1810 5072 ob-

214 5081 493 5137 litteratus
544 5087 651 5146 est,
695 5094 794 5133 nos
840 5079 1148 5146 deﬁciente,
1173 5079 1496 5138 revocamus
1546 5101 1613 5141 ex
1670 5087 1803 5143 Lab.

214 5152 569 5225 Qesideratur.
599 5165 733 5225 _q_u0_
770 5150 940 5225 verbo
982 5150 1309 5225 Ctelestinus
1361 5164 1565 5225 quanto
1614 5158 1804 5214 salutis

211 5220 459 5278 Nestorii
492 5221 673 5275 studio
704 5220 962 5291 flagrabat
993 5224 1267 5293 exprimit.

296 5304 319 5329 ε
358 5293 522 5355 Εόίιί,
546 5294 798 5365 simultis
818 5294 1052 5365 testibus.
1082 5294 1394 5365 Elegantius
1418 5312 1520 5353 ms.
1553 5297 1802 5365 Colb.,et

214 5366 394 5439 multo
420 5364 951 5439 teste.__Praascriptas
991 5380 1019 5418 a
1054 5364 1281 5422 Domino
1310 5371 1673 5439 correptionis
1709 5364 1798 5427 re-

212 5438 384 5506 gulas
413 5450 544 5506 erga
567 5433 882 5489 Nestorium
915 5444 1156 5491 servatas
1198 5453 1320 5493 esse
1352 5442 1436 5494 hic
1474 5433 1799 5497 leestinus

213 5505 483 5560 nstendit.
514 5505 776 5571 Quocirca
819 5506 1064 5573 inferius,
1096 5509 1215 5563 loco
1264 5511 1526 5565 diuturna:
1557 5516 1802 5565 constitu-

215 5578 409 5641 tionis,
440 5578 723 5630 mallemus
758 5578 945 5632 divinis
970 5581 1376 5647 constitutionis;
1405 5583 1532 5636 licet
1566 5583 1651 5638 hic
1680 5584 1801 5639 Cte-

213 5649 456 5724 lestinus
509 5648 885 5724 iis__oecu_rrat
936 5651 1026 5721 qui
1079 5649 1383 5707 Nestorium
1460 5668 1801 5724 praepropere

214 5719 539 5777 damnatum
568 5718 913 5773 dictitabant.

290 5785 329 5840 ᾧ
356 5787 436 5848 Ita
463 5790 698 5861 pingitur
740 5791 840 5845 hoc
870 5794 1091 5850 verbum
1130 5796 1185 5853 in
1216 5810 1318 5854 ms.
1353 5796 1536 5866 Colb.,
1578 5812 1714 5869 non,
1740 5807 1802 5856 ut

505 5884 782 5950 Panos.
824 5882 906 5951 Ι..

1915 4669 2060 4742 quod
2128 4666 2378 4722 omnibus
2444 4664 2776 4722 subveniret.
2833 4665 2983 4721 Nulla
3044 4668 3111 4722 de
3163 4672 3495 4745 putredine,

1918 4767 2062 4823 nulla
2093 4765 2159 4818 de
2192 4761 2415 4817 vulnere
2443 4769 2701 4815 nascente
2749 4760 3009 4831 suscepit,
3034 4760 3156 4832 quia
3205 4763 3497 4836 diligenter

1915 4946 1970 5001 in
1999 4940 2252 5011 vulgatis,
2275 4937 2592 5011 obfuturum.
2629 4936 2719 5011 Sic
2757 4948 2822 5011 _et
2870 4938 3007 4994 infra
3051 4942 3186 5011 afuit
3215 4942 3268 4997 in
3308 4946 3498 5003 eodem

1912 5008 2109 5073 codice
2131 5011 2487 5082 legitur,_non
2526 5008 2710 5078 abfuit.
2751 5009 2954 5082 Deinde
2985 5012 3035 5065 in
3069 5008 3328 5082 vulgatis,
3370 5018 3498 5073 Per.

1913 5088 2058 5142 culsa
2087 5080 2535 5152 est.Conciunius
2566 5088 2745 5133 autem
2774 5081 3057 5138 inlaudato
3081 5080 3290 5152 codice,
3310 5080 3498 5145 Pressa

1910 5170 2007 5221 est,
2034 5156 2156 5226 quia
2187 5151 2445 5226 ponderis
2478 5152 2755 5226 proprium
2785 5165 2868 5226 est
2895 5169 3165 5223 premere.

1985 5220 2008 5267 oi
2050 5220 2229 5296 Ἀρι]ἀέ
2266 5220 2505 5296 B_aron.t
2539 5220 2648 5296 sed
2698 5222 2743 5274 si
2784 5220 2999 5296 idcirco.
3034 5226 3298 5296 integrior
3345 5230 3498 5289 ﬁeret

1908 5292 2173 5354 sententia
2217 5294 2270 5347 in
2298 5294 2441 5347 hunc
2482 5292 2697 5346 modum
2728 5310 2739 5344 :
2776 5292 2895 5370 Nisi
2943 5292 3341 5370 idcirco'voluit
3373 5319 3489 5370 pra:-

1905 5388 2021 5424 seus
2077 5370 2237 5421 latere
2261 5404 2299 5429 ,.
2338 5372 2393 5416 ut
2438 5404 2450 5417 .
2491 5403 2505 5418 .
2548 5404 2561 5417 .
2614 5367 2955 5435 prevenirct;
3011 5368 3269 5423 lucernam
3351 5367 3497 5427 suam
3536 5374 3539 5379 ’

1905 5450 2204 5576 cuc’giitiii,
2238 5506 2380 5561 Nam
2410 5506 2537 5578 facit
2569 5521 2589 5561 :
2618 5505 2965 5575 corriguntur
3015 5508 3337 5566 auctoritate
3386 5531 3493 5572 ms.

1906 5582 2128 5709 C(alb-Sic
2157 5666 2257 5706 ms.
2301 5652 2455 5728 Colb.
2489 5652 2575 5728 ριΔ
2592 5648 2745 5728 editi,
2778 5648 3080 5721 indignatus
3102 5658 3212 5719 est;
3240 5663 3296 5708 et
3342 5671 3493 5728 mox,

1906 5726 1969 5782 ab
2000 5736 2230 5797 aspectu,
2266 5739 2364 5793 pro
2390 5725 2453 5777 ab
2480 5720 2703 5793 Spiritu.

2860 5888 2941 5952 18
