3976 6336
476 297 582 353 555

794 295 1008 354 EPIST.
1047 294 1217 352 XXV.
1259 291 1658 351 C(EL'ESTINI
1695 288 1898 348 PAPJE
1932 287 2030 346 AD

2155 288 2349 349 EBUM
2385 288 2478 347 ET
2514 287 2842 348 POPIJLUM
2879 286 3424 350 CONSTANTINOP.

3640 295 3742 353 556

475 423 805 485 amputatum
851 426 955 484 est,
1003 417 1148 486 quod
1191 431 1381 471 manus
1407 423 1436 454 ι
1460 412 1696 483 Spiritus
1725 411 1848 466 talis
1873 409 2049 466 absci—
2070 413 2125 472 Λ
2151 409 2361 480 positus
2390 379 2533 463 inter
2571 416 2842 464 tormenta
2892 409 3166 480 cognovit,
3197 421 3359 480 quem
3403 410 3494 466 hic
3535 411 3738 482 positus

476 507 576 564 dit.
604 507 774 578 Ejicc,
803 510 977 580 inquit
1004 510 1285 574 Salomon,
1317 508 1383 562 de
1406 506 1624 561 concilio
1653 504 2049 572 contentioruin,

475 613 523 656 et
551 603 683 658 exiet
726 619 844 658 cum
882 604 974 658 illo
1021 603 1282 658 discordia
1309 601 1496 674 (Prov.
1526 615 1666 665 χιιι,
1699 597 1812 669 10).
1860 599 2053 656 Secum

474 697 792 754 scandalum
839 711 999 754 suum
1051 696 1196 767 quod
1250 695 1533 764 intulerat,
1579 693 1897 763 amputavit,
1925 691 2052 762 quia

477 790 620 859 apud
649 806 745 844 vos
780 790 926 862 quod
953 788 981 830 δ
1004 791 1306 856 invenerat,
1338 788 1440 845 hoc
1483 787 1719 857 reliquit.
1749 786 1866 842 Non
1898 794 2054 856 pote-

473 892 578 946 rat,
609 882 866 952 loquente
917 884 1147 939 Domino
1197 883 1432 955 (Matth.
1471 899 1568 950 xv,
1615 882 1727 954 15),
1789 881 2056 937 erailieari

474 974 733 1044 plantatio
759 991 926 1045 quam
946 976 1288 1046 plantaverat
1317 977 1496 1044 l'ater,
1517 984 1572 1030 et
1592 989 1711 1045 qua:
1734 977 1789 1029 in
1812 987 1882 1032 eo
1920 974 2055 1029 ube-

476 1081 592 1122 rem
641 1065 877 1122 fructum
928 1067 1250 1136 probaretur
1299 1067 1518 1124 atl'erre.
1552 1067 1802 1124 Servavit
1843 1066 2055 1121 vineam

471 1169 624 1211 Suam
675 1157 934 1213 Dominus
973 1157 1141 1213 Israel
1189 1158 1407 1226 (domus
1447 1157 1570 1229 ejus
1612 1154 1752 1230 (ιω.
1790 1173 1846 1226 v,
1879 1157 1938 1227 7)
1968 1165 2059 1212 est

473 1248 630 1304 vinea
663 1250 924 1322 Domini),
955 1258 1013 1307 et
1037 1250 1164 1307 ideo
1190 1250 1496 1306 mirandum
1536 1265 1646 1306 non
1669 1260 1774 1317 est,
1804 1252 1849 1306 si
1881 1250 2056 1306 furem

474 1340 668 1398 domus
696 1343 813 1412 ejus
837 1343 1036 1405 evasit,
1062 1343 1216 1413 cujus
1245 1344 1476 1414 legimus
1518 1358 1622 1400 nec
1662 1342 1906 1398 dormi-re
1957 1357 2058 1399 nec

471 1433 767 1490 dormitare
795 1437 1072 1491 custodem
1100 1433 1277 1507 (Peril.
1308 1451 1433 1502 cxx,
1463 1435 1548 1504 4).

544 1527 636 1583 15.
677 1526 817 1594 Quid
858 1536 982 1598 aget
1028 1528 1223 1596 impius
1269 1525 1552 1596 pertinax?
1591 1525 1730 1595 Quid
1775 1526 1876 1583 sibi
1918 1526 2056 1598 spei,

471 1619 600 1692 quid
631 1621 930 1688 permansit
958 1619 1178 1676 auxilii?
1207 1619 1323 1676 Non
1355 1620 1518 1676 habet
1540 1620 1722 1677 locum
1744 1623 1938 1688 venite,
1971 1622 2060 1678 cui

469 1712 731 1782 scriptum
760 1712 902 1783 quod
942 1728 1044 1768 nec
1086 1712 1176 1769 hic
1211 1729 1314 1770 me
1348 1713 1403 1770 iu
1447 1715 1623 1770 lutum
1651 1715 1821 1784 possit
1856 1714 2056 1784 ignosci

2155 501 2210 557 in
2240 500 2457 577 honori;
2475 500 2725 557 nescivit.

2227 591 2314 649 16.
2347 593 2542 652 Nonne
2580 596 2683 648 hoc
2715 593 2845 648 illud
2873 603 2981 660 est,
3023 593 3094 649 Et
3135 593 3288 650 Imm
3317 611 3432 651 cum
3460 597 3514 650 in
3546 597 3739 655 honore

2153 695 2304 751 esset,
2332 701 2439 740 non
2459 687 2734 752 intellexit,
2763 697 3094 758 comparatus
3123 697 3198 742 ert
3217 690 3470 762 jumentir
3493 689 3742 757 insipien-

2153 778 2290 833 tibus
2332 777 2506 847 (Psal.
2540 794 2730 843 xum,
2766 780 2901 848 ιδῃ
2928 779 3066 849 Quid
3118 791 3203 836 est
3245 783 3392 838 aliud
3437 784 3744 840 intellectus

2159 877 2183 908 ⁶
2209 877 2267 926 et
2287 870 2574 940 judicium,
2617 871 2723 926 nisi
2751 873 2892 927 scire
2933 872 3254 942 sapientiam
3294 885 3350 931 et
3375 875 3739 944 disciplinam,

2155 973 2214 1020 et
2239 964 2544 1034 intelligere
2567 965 2735 1020 verba
2772 965 3072 1036 prudentiae
3100 965 3283 1036 (Prov.
3330 981 3371 1035 ι,
3396 967 3476 1033 5).
3517 967 3616 1024 llla
3661 979 3744 1025 est

2156 1069 2284 1110 vera
2313 1056 2574 1125 sapientia
2608 1071 2752 1127 quat,
2807 1059 2930 1126 ipso
2967 1057 3262 1116 Salomone
3303 1060 3539 1128 dicente,
3573 1061 3642 1116 de
3673 1063 3744 1118 ti-

2157 1162 2310 1202 more
2343 1148 2550 1202 Domini
2580 1150 2745 1205 sumit
2764 1149 3045 1205 exordium
3079 1149 3248 1223 (Ibid.
3271 1152 3350 1224 7),
3377 1169 3544 1224 quam
3578 1167 3639 1209 se
3664 1156 3746 1210 in-

2157 1247 2242 1297 ter
2273 1241 2545 1312 perfectos
2573 1242 2717 1314 loqui
2744 1243 2938 1299 beatus
2962 1246 3256 1314 Apostolus
3290 1246 3524 1302 afﬁrmat
3554 1248 3596 1318 (l
3620 1249 3742 1307 Cor.

2158 1351 2220 1404 Il,
2246 1337 2324 1410 6),
2353 1354 2516 1409 quam
2543 1356 2656 1396 non
2695 1349 2801 1396 tam
2831 1356 2996 1412 grave
3036 1351 3122 1399 est
3159 1343 3304 1414 quod
3334 1360 3453 1401 eam
3487 1357 3618 1402 tunc
3647 1349 3748 1402 rui-

2159 1431 2305 1486 nime
2345 1432 2576 1488 mundus
2611 1434 2855 1502 agnovit,
2897 1447 3058 1504 quam
3098 1435 3242 1502 quod
3283 1453 3428 1492 nunc
3453 1441 3747 1508 episcopus

2158 1522 2444 1594 ignoravit.
2496 1525 2608 1580 Hoc
2650 1526 2772 1581 loco
2808 1535 2930 1582 utar
2967 1528 3180 1584 Domini
3230 1533 3402 1585 uosui
3448 1546 3547 1601 per
3593 1530 3747 1588 Iere-

2160 1619 2323 1672 miam
2351 1620 2730 1674 seruioiiibus:
2764 1619 2998 1676 Cultores
3028 1624 3152 1694 tegis
3181 1633 3304 1678 mere
3329 1626 3622 1680 nescierunt
3643 1643 3744 1697 me,

2159 1719 2210 1765 et
2256 1712 2688 1784 prophetalibus
2751 1714 3070 1784 iniquitatem
3121 1715 3387 1786 prophetis
3439 1715 3747 1788 plauserunt

473 1803 691 1876 (Matth.
725 1820 819 1870 xu,
862 1803 978 1873 59.).
1026 1803 1320 1860 lnclinatur
1363 1805 1540 1860 omnis
1581 1804 1792 1870 elatus;
1841 1815 2052 1868 contra,
2084 1802 2134 1863 B
2159 1803 2394 1858 manibus
2423 1802 2868 1878 mordatcrUer.
2897 1820 2956 1870 rt,
2985 1807 3078 1876 8);
3105 1816 3160 1861 et
3188 1821 3285 1875 per
3308 1807 3560 1864 eumdem
3581 1809 3747 1866 alibi:

469 1895 852 1965 exultationem
889 1895 1029 1964 parit
1066 1893 1342 1951 humilitas
1383 1894 1672 1950 christiana
1696 1938 1712 1963 ,
1757 1896 1879 1966 quia
1914 1897 2057 1952 hunc

469 1987 588 2055 ipse
608 1987 700 2057 qui
725 2002 886 2057 supra
916 2002 1038 2043 eum
1059 1987 1370 2058 requiescit,
1402 1988 1608 2044 exultat
1635 1987 1771 2062 (lea.
1796 2004 1942 2054 vat,
1973 1989 2054 2061 2).

469 2073 620 2132 Elius
646 2094 743 2148 per
766 2077 1082 2148 pmpltetam
1109 2079 1270 2134 verba
1296 2067 1420 2136 sunt
1444 2098 1459 2133 :
1492 2079 1620 2136 Non
1646 2081 1848 2136 habitat
1872 2083 1923 2136 in
1954 2099 2058 2136 me-

473 2169 561 2221 tn'o
587 2171 768 2222 domus
794 2185 917 2223 mea:
940 2171 1134 2237 faciens
1154 2172 1445 2240 superbiant
1467 2171 1640 2244 (Prol.
1665 2188 1718 2238 c,
1743 2175 1822 2244 7),
1843 2175 1934 2244 qui
1963 2189 2057 2243 per

470 2257 789 2328 Apostolum
833 2261 1101 2330 promittit
1144 2276 1205 2316 se
1253 2262 1472 2316 srultam
1513 2264 1696 2318 mundi
1736 2266 2053 2334 sapientiam

458 2352 806 2428 perditurum
836 2353 880 2425 (Ι
906 2353 1027 2408 Cor.
1050 2368 1092 2420 ι,
1125 2353 1238 2424 19).
1269 2354 1467 2410 Audiat
1501 2371 1644 2412 nunc
1665 2372 1695 2412 a
1727 2359 1880 2412 nobis
1910 2357 2054 2428 quod

441 2427 669 2520 )Paulus
694 2458 820 2503 tunc
843 2457 1032 2503 etcum
1061 2449 1384 2518 praedicaret
1406 2449 1609 2504 audivit
1633 2468 1647 2504 :
1678 2450 1759 2506 Ad
1789 2451 2052 2505 insaniam

439 2529 449 2594 ἶ
471 2541 759 2596 multarum
783 2543 1026 2611 pervenit
1049 2542 1242 2598 itinere
1271 2542 1570 2598 litterarum
1599 2542 1737 2615 (Act.
1764 2559 1911 2610 nrt,
1933 2542 2049 2612 24).

467 2632 624 2687 Absit
646 2645 823 2688 tamen
850 2635 920 2687 ab
952 2649 1016 2689 eo
1046 2633 1202 2703 hujus
1232 2635 1560 2704 exemplum.
1585 2633 1702 2690 Non
1729 2635 1873 2688 enim
1907 2634 2054 2704 quod

466 2725 535 2780 de
563 2726 786 2782 doctore
828 2728 1031 2782 dictant
1061 2735 1164 2791 est,
1206 2727 1400 2797 dignus
1447 2737 1530 2782 est
1558 2728 1747 2784 audire
1777 2728 2048 2784 indoctus.

464 2816 571 2872 Cur
602 2829 862 2885 praeterea
906 2831 1100 2874 contra
1130 2834 1230 2874 vas
1271 2819 1607 2890 aliject'tonis,
1641 2836 1738 2876 vas
1763 2820 2052 2876 electionis

461 2925 720 2966 vocemus
760 2913 814 2967 in
856 2912 1122 2980 medium,
1159 2927 1282 2969 cum
1326 2912 1394 2966 ad
1428 2913 1862 2983 exprobrantium
1906 2915 2049 2968 hunc

459 3005 548 3058 ille
567 3004 816 3070 sufﬁciat,
843 3020 1002 3074 quem
1034 3005 1085 3058 in
1109 3019 1269 3060 cruce
1292 3020 1414 3061 cum
1440 3005 1657 3060 Christo
1689 3013 1810 3074 post
1837 3007 2050 3060 scelera

458 3104 606 3152 milia
645 3097 964 3166 pendentem
1007 3095 1159 3167 (Luc.
1206 3113 1363 3164 xum,
1408 3096 1504 3166 Ω)
1544 3097 1794 3166 supplicii
1834 3098 2046 3153 benefi-

2159 1894 2466 1951 Sacerdotes
2487 1897 2588 1950 mei
2614 1897 3039 1966 sacrificaverunt
3066 1900 3194 1952 milii
3220 1900 3356 1969 ﬁcte.

2229 1985 2318 2040 15.
2349 1984 2609 2042 Utehatur
2631 1999 2807 2042 tamen
2829 1989 3143 2044 defensione
3169 1997 3226 2044 et
3249 1990 3407 2045 laude
3429 1993 3742 2062 gentilium,

2156 2075 2470 2144 episcopum
2501 2080 2663 2132 talem
2706 2095 2997 2149 numquam
3033 2079 3199 2136 fuisse
3227 2085 3560 2138 testantium.
3609 2085 3749 2142 Vere

2156 2167 2275 2225 [nec
2313 2180 2370 2226 et
2397 2172 2746 2240 probabiliter
2793 2174 3171 2244 loquebantur.
3212 2173 3344 2229 Nam
3385 2177 3603 2246 quando
3649 2194 3747 2248 po-

2157 2263 2256 2317 tuit
2284 2263 2574 2333 episcopus
2613 2264 2870 2332 inveniri,
2901 2267 2990 2335 qui
3027 2266 3365 2322 Christianus
3395 2284 3518 2324 esse
3561 2271 3745 2325 nesci-

2155 2355 2278 2410 ret?
2305 2354 2434 2410 ldeo
2476 2364 2653 2410 tamen
2687 2354 2984 2412 ‘iuimies
3023 2373 3144 2413 esse
3187 2359 3444 2428 probatus
3469 2369 3575 2428 est,
3625 2362 3747 2431 quia

2154 2461 2448 2518 numquam
2486 2449 2776 2518 displicent
2815 2449 3063 2506 hostibus
3092 2454 3415 2520 proditores.

2227 2541 2315 2597 16.
2348 2543 2660 2599 Audivinius
2693 2545 2834 2600 hunc
2855 2557 3102 2615 agentem
3133 2555 3320 2601 contra
3350 2547 3525 2618 legem
3558 2556 3618 2604 et
3643 2548 3747 2604 ini-

2152 2650 2314 2706 quum
2361 2634 2531 2706 (Ρεαλ.
2585 2651 2720 2701 axx,
2756 2635 2814 2707 l)
2859 2652 2980 2708 quae
3025 2639 3133 2692 sint
3176 2639 3366 2693 solatia
3423 2649 3744 2710 prosecuta.

2150 2729 2452 2784 Adfuerunt
2493 2731 2632 2783 inter
2658 2732 2814 2795 alios,
2859 2747 2960 2786 nec
2987 2733 3343 2789 deseruerunt
3390 2750 3512 2790 eum
3557 2735 3746 2791 lee-

2151 2821 2338 2885 stiani,
2383 2822 2680 2891 iniquitatis
2721 2822 2990 2892 Operarii,
3045 2839 3183 2895 quos
3233 2826 3528 2896 liymuidici
3569 2827 3747 2885 nostri

2151 2913 2495 2982 prosequitur
2523 2913 2810 2968 triariil‘esta
2841 2917 3105 2970 sententia
3132 2933 3144 2968 :
3167 2917 3280 2985 jam
3304 2917 3505 2972 dudum
3539 2919 3747 2987 quippe

2149 3002 2354 3058 inimici
2385 3004 2479 3058 Dei
2503 3014 2529 3052 tt
2568 3005 2974 3076 disperguntur,
3019 3015 3076 3061 et
3104 3001 3449 3079 pereunti'qni
3495 3023 3743 3076 cperan-

2152 3107 2237 3152 tur
2265 3099 2601 3166 iniquitatem
2650 3099 2825 3170 (Paul.
2855 3115 2965 3166 ποι,
2999 3099 3113 3170 10),
3150 3101 3282 3172 (ac),
3312 3102 3454 3156 sicut
3482 3103 3629 3156 idem
3664 3103 3747 3157 di-

458 3193 598 3249 cium
625 3191 752 3246 fecit
790 3192 1074 3246 Dominum
1104 3191 1384 3247 conﬁteri?
1408 3190 1501 3248 Sui
1533 3191 1602 3246 ab
1629 3206 1695 3247 eo
1723 3192 2040 3246 memoriam
2070 3179 2115 3244 C
2145 3192 2238 3259 cit,
2281 3193 2428 3247 velut
2474 3193 2653 3248 cibum
2687 3195 2842 3260 panis
2881 3195 3090 3262 plebem
3134 3194 3468 3249 Dominieam
3510 3196 3744 3251 devora-

455 3275 633 3354 poscit
659 3284 713 3339 in
755 3298 963 3353 regno;
992 3284 1094 3338 hoc
1132 3284 1282 3339 brevi
1308 3298 1564 3339 sermone
1595 3284 1752 3339 diluit
1780 3285 2040 3353 quidquid

455 3373 694 3440 admisit,
719 3376 1036 3428 criminibus
1065 3384 1366 3444 temporum
1391 3375 1652 3443 teruporis
1681 3386 1882 3444 puncto
1913 3377 2042 3430 sub-

436 3469 698 3552 lveniens.
727 3467 838 3523 Nec
875 3478 1114 3522 moratur
1141 3469 1422 3538 praemium
1447 3469 1792 3522 conﬁtentem
1818 3485 1834 3525 :
1857 3471 2038 3524 statim

444 3557 570 3631 'ejus
623 3561 993 3616 remuneratio
1041 3569 1095 3615 et
1131 3560 1462 3616 vicissitudo.
1514 3560 1814 3630 Respondit
1854 3564 1942 3632 qui
1977 3564 2041 3618 ll-

449 3654 646 3710 benter
687 3655 887 3724 excipit
939 3655 1071 3709 hora
1098 3653 1166 3708 ad
1207 3669 1272 3710 se
1304 3670 1642 3724 quacumque
1670 3670 1988 3710 conversum
2020 3673 2036 3711 :

432 3747 681 3814 'Mecum,
709 3749 900 3819 inquit.
941 3749 1040 3802 eris
1066 3749 1120 3802 in
1148 3748 1390 3818 paradiso
1415 3746 1580 3820 (Ibid.
1619 3749 1730 3816 45).
1767 3749 2039 3805 Prumittit

450 3842 503 3899 ei
531 3845 762 3898 futuram
791 3845 1134 3911 societatem,
1162 3844 1252 3913 qui
1282 3859 1465 3900 secum
1502 3845 1788 3914 prementia
1826 3855 2039 3913 patere-

452 3946 562 3990 tur.
597 3935 674 3990 Ad
699 3936 960 4004 justitiam
988 3936 1151 3990 corde
1173 3936 1486 4000 credulitas,
1527 3936 1593 3990 ad
1627 3935 1854 3990 salutem
1901 3936 2037 3989 laeta

449 4036 534 4082 est
563 4028 611 4081 ei
647 4042 738 4082 ore
763 4027 1035 4082 confessio
1062 4029 1239 4099 (Rom.
1274 4044 1334 4094 it,
1373 4029 1482 4098 ω).
1517 4029 1834 4084 Exclamare
1867 4027 1956 4081 hic
1980 4025 2033 4082 in

449 4127 596 4174 tanta
625 4121 1006 4176 contrarietate
1036 4137 1215 4176 rerum
1248 4122 1450 4191 pariter
1486 4133 1542 4176 et
1563 4121 1693 4176 ﬂere
1730 4120 1990 4174 debemus
2017 4136 2033 4173 :

447 4210 602 4267 nefas
632 4222 744 4279 est,
793 4212 897 4267 hoc
934 4213 1249 4283 episcopum
1288 4223 1310 4253 ε
1343 4213 1663 4281 perdidisse,
1713 4211 1854 4280 quod
1897 4211 2035 4266 latro

445 4302 622 4372 potuit
653 4305 913 4359 invenire.
945 4304 988 4358 Ο
1017 4305 1139 4360 lidei
1178 4314 1234 4359 et
1262 4307 1502 4375 perﬁdia:
1544 4304 1860 4374 prmmiumi
1891 4319 1922 4356 ο
1942 4302 2034 4371 ju-

447 4395 586 4450 dicia
615 4397 709 4451 Dei
740 4397 966 4468 aliyssus
1006 4399 1172 4453 multa
1208 4399 1384 4468 (Psal.
1425 4414 1596 4465 xxxv,
1619 4397 1709 4469 7)!
1746 4399 1906 4454 Latro
1940 4411 2031 4466 pa-

446 4485 690 4539 radisum
717 4488 934 4552 meruit,
960 4498 1015 4544 et
1040 4489 1296 4544 sacerdos
1318 4490 1592 4546 exsilium.
1621 4489 1926 4544 Habeamus
1949 4500 2034 4543 ta-

2143 3283 2272 3338 bam
2299 3282 2473 3355 (Psal.
2501 3284 2718 3356 mne).
2751 3286 2946 3340 Habuit
2968 3301 3095 3356 ergo
3120 3301 3303 3341 secum
3332 3287 3416 3341 sui
3450 3288 3744 3359 magistros

2142 3376 2348 3440 exsilii,
2396 3376 2579 3430 habuit
2616 3377 2839 3446 hujusce
2885 3378 2964 3432 rei
3011 3379 3278 3447 perfectos
3309 3380 3413 3433 tiro
3455 3380 3736 3437 doctores.

2141 3465 2276 3522 Nam
2314 3483 2570 3536 separare
2595 3469 2816 3524 diftieile
2863 3480 2946 3525 est
2987 3485 3122 3539 quos
3161 3471 3364 3526 seelera
3395 3473 3510 3526 sola
3541 3472 3742 3542 junxe~

2140 3569 2287 3623 runt,
2317 3561 2440 3626 quia
2474 3560 2678 3629 majore
2718 3560 2952 3631 ligantur
2986 3562 3190 3629 glutino
3221 3563 3419 3616 {tndem
3453 3563 3739 3621 vitiorum.

2141 3651 2274 3718 Quis
2305 3659 2486 3705 tamen
2517 3654 2711 3706 horum
2753 3652 2876 3706 linis
2916 3653 3038 3707 est?
3069 3669 3262 3722 nempe
3291 3655 3378 3708 ille
3408 3669 3568 3724 quem
3605 3657 3740 3726 legi-

2139 3758 2260 3799 mus
2288 3760 2301 3796 :
2333 3743 2564 3797 Irritarit
2593 3746 2645 3798 in
2673 3742 2765 3798 illo
2794 3744 3067 3811 Dominus,
3103 3753 3149 3798 et
3179 3755 3334 3798 erunt
3361 3756 3474 3815 post
3499 3745 3615 3800 lucc
3641 3749 3739 3801 de-

2139 3835 2363 3890 cidentes
2409 3838 2518 3890 sine
2555 3837 2748 3892 honore
2784 3838 2838 3891 in
2884 3839 3199 3892 corrimrtelia
3237 3839 3371 3892 inter
3399 3851 3640 3895 mortuas
3685 3843 3737 3896 in

2137 3938 2392 3984 clamant
2416 3927 2572 3997 (Sep.
2601 3944 2673 3996 tv,
2707 3929 2815 4000 19).
2838 3931 2945 3986 Sed
2963 3931 3320 3999 quid-diutius
3339 3932 3739 3987 inmorantur!

2136 4019 2434 4076 Fastidium
2456 4021 2862 4088 lorsitad'aeiet
2883 4037 3072 4077 sermo.
3089 4023 3374 4091 prolixior:
3391 4023 3736 4080 dimittamus

2137 4114 2922 4181 mortuossepelirecmortnos
2949 4128 3077 4170 suos
3107 4115 3323 4186 (Matth.
3351 4130 3465 4178 vui,
3495 4115 3619 4186 2‘2).

2207 4208 2296 4262 17.
2326 4207 2520 4262 Audite
2562 4222 2704 4262 nunc
2739 4219 2794 4262 et
2821 4209 2998 4278 capite
3036 4207 3297 4276 simplicis
3328 4209 3486 4263 verba
3535 4209 3733 4264 docto-

2134 4295 2291 4366 rish;
2320 4299 2505 4355 nudize
2531 4299 2602 4354 ab
2637 4314 2704 4356 eo
2741 4313 2861 4370 qua:
2902 4315 2933 4355 a
2981 4299 3278 4369 majoribus
3313 4300 3512 4354 nostris
3540 4302 3731 4356 nobis-

2133 4407 2257 4448 cum
2289 4394 2497 4462 positus
2525 4392 2840 4464 frequenter
2863 4392 3105 4457 audivit;
3130 4391 3310 4446 audite
3337 4400 3484 4446 certe
3501 4405 3730 4461 semper

2133 4485 2337 4554 audita,
2382 4501 2482 4543 nec
2531 4487 2712 4542 studio
2753 4485 3010 4542 novitatis
3053 4486 3291 4540 iuventa.
3319 4484 3517 4540 Nostro
3564 4485 3730 4541 vobis

448 4578 828 4650 metr-hujusce
867 4581 948 4637 rei
979 4577 1006 4620 ἀ
1037 4581 1332 4640 admonere
1363 4583 1716 4653 interpretes.
1756 4584 1910 4640 llune
1936 4581 2034 4640 ille
2059 4573 2112 4636 D
2137 4577 2376 4652 loquitur
2405 4595 2504 4636 ore
2535 4581 2764 4652 collega,
2791 4578 2920 4651 quia
2944 4593 3048 4635 una
3078 4579 3215 4635 ﬁdes
3241 4592 3462 4634 necesse
3490 4586 3580 4634 est
3601 4579 3728 4634 uni-

519 4798 628 4882 ςιιη
675 4799 927 4870 vulgatis,
959 4799 1239 4873 spiritalis.
1293 4801 1362 4856 Et
1391 4801 1478 4856 hic
1505 4810 1752 4857 uosuum
1784 4815 1887 4858 ms.
1937 4817 2027 4859 se-

521 4886 684 4924 1111111⁸.

521 4886 684 4924 1111111⁸.

448 4885 543 5012 qui)
573 4941 680 5012 llne
721 4948 826 5004 est,
867 4938 1188 4994 catholicam
1230 4940 1536 4996 doctrinam.
1571 4959 1680 5012 qua
1707 4943 2025 4997 deecssores

448 5010 592 5064 imus
643 5009 1266 5081 Constantinojiolitanos
1313 5009 1662 5081 imbuerant,
1713 5016 1783 5070 ab
1837 5029 2025 5069 eorum

445 5081 640 5135 animis
670 5080 878 5135 auferre
906 5096 1008 5134 non
1044 5084 1235 5149 putuit.
1627 5147 1630 5150 ί

520 5159 543 5188 ε
568 5151 729 5206 Eiliti.
760 5159 880 5225 Vltor:
913 5153 1227 5222 epimpnm,
1277 5155 1412 5221 quod
1460 5156 1594 5209 latro
1637 5157 1799 5219 potuit
1838 5155 1917 5225 (ut
1953 5155 2020 5210 ad

449 5237 615 5290 swig.
645 5222 813 5289 petiit)
845 5241 942 5274 non
966 5225 1223 5288 invenire;
1251 5237 1621 5280 restaurantur
1643 5244 1708 5281 ex
1744 5222 2020 5280 ..πεζοι-ιι).

449 5292 614 5345 Porro
647 5293 876 5356 perdidit
907 5293 1183 5348 Nestorius
1214 5297 1515 5358 paradisum
1545 5300 1614 5350 ob
1646 5299 2014 5364 pertinaciam,

447 5378 602 5432 quiem
637 5364 839 5417 invenit
869 5366 1005 5418 latro
1041 5381 1133 5432 per
1163 5365 1556 5435 pmuitentiam.
1589 5369 1720 5421 Tum
1760 5370 1847 5422 Dei
1876 5369 2020 5435 judi-

445 5449 522 5486 cta
557 5435 778 5488 miratus
807 5435 1149 5501 (Imiesrinns,
1200 5453 1261 5490 ea
1313 5442 1362 5488 in
1396 5441 1675 5504 utriusque
1715 5455 1872 5492 causa
1911 5455 2017 5493 non

446 5504 513 5556 ita
546 5507 754 5578 occulta
795 5523 913 5560 esse
954 5510 1214 5578 agnoscit,
1251 5518 1306 5560 ut
1338 5511 1548 5561 illorum
1579 5513 1740 5564 lateat
1767 5511 2014 5578 :equitas,

441 5575 894 5696 Cllll}thsl0l'lUS
950 5577 1153 5647 perﬁde
1195 5591 1352 5648 neget
1405 5583 1548 5650 quod
1599 5581 1734 5636 latro
1785 5575 2018 5636 ﬁdeliter

443 5658 572 5696 οῖ’(ὶὶ
608 5657 744 5696 elur.

443 5646 744 5713 proﬁtetur.

511 5710 540 5754 δ
566 5715 637 5768 Ita
685 5733 784 5793 rus.
831 5719 983 5772 Colb.
1024 5721 1091 5772 At
1134 5719 1286 5785 editi,
1318 5721 1559 5775 [tabernas
1605 5731 1771 5776 tamen
1803 5722 2018 5793 hujusce

440 5795 521 5857 ηε
542 5799 702 5859 veros
745 5789 1069 5849 interuretes.
1114 5793 1362 5850 Nostram
1408 5793 1690 5857 lectionem
1734 5789 2020 5851 commode

2128 4815 2210 4857 src
2230 4799 2532 4868 intelligere
2552 4807 2666 4866 est;
2695 4815 2796 4856 nec
2819 4795 2962 4855 desit
2983 4798 3141 4855 nobis
3163 4800 3304 4855 ratio
3324 4816 3482 4871 quam
3507 4802 3588 4857 rei
3617 4801 3720 4858 hu-

2123 4873 2288 4944 jusce
2311 4874 2808 4944 interpretationem
2837 4873 3208 4941 querentibus
3236 4887 3611 4943 suggeramus.

2203 4942 2408 5016 fColb.
2444 4957 2571 5016 ms._,
2606 4943 2898 5016 intellectus
2928 4945 2980 4996 in
3001 4945 3284 5016 judicium.

2202 5010 2222 5051 ί
2252 5013 2661 5069 lteStitueudmu
2692 5014 2922 5075 videtur.
2954 5010 3176 5068 inimicis
3213 5016 3308 5068 istc
3339 5015 3587 5078 probatur
3615 5025 3712 5069 ut.

2127 5084 2221 5140 Sic.
2255 5082 2580 5139 Cinlestinns
2612 5084 2828 5138 inanem
2864 5086 3114 5152 gloriam.
3148 5100 3306 5153 quam
3336 5086 3480 5139 forte
3519 5083 3718 5140 Nesto-

2126 5158 2240 5210 rius
2269 5155 2370 5207 sibi
2415 5155 2556 5220 apud
2594 5156 2840 5209 ethnicos
2868 5156 3083 5210 dicendi
3128 5155 3384 5210 facilitate
3425 5171 3715 5222 Compara-

2125 5236 2232 5288 rat,
2260 5234 2415 5278 acute
2436 5227 2706 5294 suggillat,
2741 5241 2932 5293 nempe
2959 5228 3091 5280 nihil
3116 5229 3312 5280 mirum
3338 5241 3460 5280 esse
3479 5227 3524 5279 si
3555 5227 3714 5280 illiri—

2126 5299 2314 5350 stianae
2341 5295 2612 5363 religionis
2653 5298 2895 5366 proditor
2921 5294 3055 5368 ejus'
3077 5298 3314 5352 inimicis
3339 5298 3567 5367 placeat,
3596 5299 3709 5352 eis-

2125 5383 2229 5438 que
2260 5369 2514 5434 probatus
2538 5370 2630 5423 sit.

2196 5447 2224 5486 ε
2248 5438 2558 5494 Umlestiaui
2587 5438 2838 5494 videlicet
2867 5454 2931 5494 ac
2959 5437 3252 5508 Pelagiani,
3281 5453 3509 5506 quorum
3541 5437 3710 5494 duces

2122 5513 2299 5566 Varias
2339 5512 2546 5577 experti
2579 5520 2704 5563 sum
2741 5511 3135 5579 dispersiones,
3162 5525 3295 5581 quas
3322 5510 3457 5565 Mar.
3489 5511 3703 5564 Merea—

2122 5589 2208 5635 tor
2236 5582 2288 5634 iu
2311 5581 2740 5635 Commonitorio
2766 5592 3004 5636 enarrat.

2191 5647 2224 5689 ιι
2249 5651 2558 5724 Maximiani
2593 5665 2781 5708 recens
2807 5654 2990 5721 electi,
3016 5651 3180 5724 cujus
3195 5650 3451 5710 doctrina
3471 5665 3578 5709 non
3606 5664 3704 5707 In-

2121 5733 2328 5794 specta,
2353 5733 2409 5780 et
2433 5722 2723 5780 laudabilis
2751 5728 2878 5781 vlta.
