3976 6336
245 273 348 332 551

562 269 839 330 NOTITIA
877 272 1106 341 RELlQ.
1146 269 1586 330 SCRIPTOBUM
1625 269 1796 344 QUIE
1835 273 1930 331 AD
1967 269 2449 334 C(ELESTINUM
2487 273 2510 334 1
2547 275 2782 336 PAPAM
2824 279 3196 335 ATTINENT.

3421 281 3524 342 553

244 401 323 448 ter
350 390 702 462 pradicetur.
733 388 848 446 Non
881 389 969 445 hic
1001 391 1052 445 in
1080 391 1201 458 ejus
1234 405 1466 460 persona
1495 389 1727 461 alicujus
1754 400 1831 447 te;
1858 395 1907 453 Α
1935 391 2062 445 lium
2113 392 2380 465 faligaflc;
2427 392 2679 465 labantia,
2725 393 2976 452 hortante
3023 395 3307 467 prttpltrta,
3357 413 3527 469 genua

244 487 556 545 stiinonium
587 497 892 554 mutuatur;
922 504 950 544 a
983 487 1139 542 nobis
1166 488 1325 542 da:us
1354 497 1457 551 est,
1501 489 1590 557 qui
1621 500 1703 543 est
1725 489 1834 544 ele-

243 589 362 637 etus
392 597 459 636 ex
490 582 711 637 nostris.
744 579 863 638 Non
894 591 978 636 est
1005 582 1332 651 incognitus,
1364 597 1470 635 non
1495 582 1714 637 aliunde
1742 581 1836 636 de-

243 673 471 740 ductus;
502 674 764 728 habuistis
805 655 1131 728 laudabilem
1183 673 1250 728 de
1296 675 1554 744 praesenti
1578 677 1605 711 ‘
1629 675 1835 744 judicio
1862 719 1883 740 ,

242 781 362 822 suo.
393 765 558 821 Fama
589 766 794 822 dudum
825 767 1037 837 decepit
1065 768 1340 822 absentes.
1371 768 1527 823 Plura
1564 767 1631 823 de
1660 783 1728 822 eo
1759 769 1836 822 lo-

243 863 332 931 qui
363 861 546 916 cantio
578 870 684 930 est,
719 861 844 931 quia
873 871 1039 931 opera
1073 875 1402 932 supervacua
1429 869 1534 927 est,
1567 868 1692 917 nota
1719 862 1836 915 lau-

242 953 390 1009 dare.
425 953 579 1010 Nunc
619 963 798 1009 tamen
827 969 924 1008 vos
969 955 1170 1011 nostris
1212 955 1447 1026 propriis
1491 955 1839 1011 sermonibus

241 1045 401 1103 decet
428 1061 624 1103 cavere
652 1048 1040 1103 commonitos.

313 1140 404 1195 18.
448 1138 620 1194 Nemo
667 1140 719 1194 in
769 1139 925 1194 vobis
965 1139 1097 1194 illud
1135 1140 1343 1211 quatiat
1397 1138 1834 1211 fundamentum,

241 1231 386 1302 quod
419 1231 572 1286 ﬁrma
617 1240 768 1302 petra
812 1242 867 1287 et
907 1231 1185 1301 angularis
1225 1233 1358 1301 lapis
1390 1232 1480 1287 ille
1509 1234 1836 1288 construxit.

241 1324 534 1382 Edificate
576 1338 743 1395 super
787 1326 890 1380 hoc
919 1325 1174 1380 catholici
1203 1326 1345 1395 quod
1392 1325 1604 1381 soletis.
1642 1326 1841 1382 Didici-

238 1421 336 1476 mis
367 1421 500 1492 quid
529 1418 602 1475 sit
637 1421 1080 1489 superaedilieare
1117 1421 1263 1489 quod
1293 1419 1482 1475 ardeat
1511 1421 1528 1487 (
1555 1421 1575 1474 l
1605 1420 1721 1475 Cor.
1755 1435 1836 1491 Ill,

240 1515 302 1569 11
354 1517 524 1585 seq.);
586 1516 690 1570 hoc
743 1513 1074 1569 detrimento
1131 1513 1261 1568 illud
1316 1513 1649 1583 pensabitur,
1713 1529 1838 1569 cum

245 1621 414 1677 opera
459 1606 795 1678 singulorum
846 1607 1078 1675 probare
1123 1607 1352 1676 coeperit
1397 1607 1536 1676 ignis
1586 1622 1836 1664 examen.

239 1697 466 1756 Gaudeo
495 1715 590 1756 vos
622 1698 975 1754 fundamento
1008 1697 1134 1754 huic
1175 1712 1281 1754 non
1312 1699 1588 1769 stipulam,
1630 1713 1738 1755 non
1769 1701 1836 1755 li-

1937 485 2381 558 roboreutur;qui
2404 488 2590 560 pusilli
2617 500 2736 544 sunt
2767 492 2961 560 animo,
2996 492 3350 546 convalescant
3385 491 3524 566 (lsa.

1939 597 2104 647 xxxv,
2134 581 2221 653 4).
2270 584 2465 638 Noster
2502 581 2753 641 Salvator
2786 587 3067 657 apparuit;
3111 587 3352 643 ostendit
3382 586 3529 643 falsi-

1941 676 2037 729 tati
2088 675 2232 729 Deus
2263 676 2387 745 quid
2433 677 2503 731 sit
2543 678 2761 748 pulsare
2805 688 2862 736 et
2906 682 3177 737 incessere
3223 685 3526 750 veritatem,

1940 778 2223 839 postquam
2265 771 2368 825 sibi
2395 775 2764 828 controversia
2795 774 2920 830 inde
2952 776 3091 831 facta”
3118 786 3203 832 est
3235 776 3377 831 unde
3403 779 3500 832 sub

1937 862 2108 918 venit.
2144 862 2320 929 Unde,
2369 863 2463 917 ﬁlii
2494 864 2826 931 charissimi,
2859 875 3176 937 permanete
3205 869 3257 922 in
3284 883 3408 924 eum
3441 872 3530 939 qui

1940 963 2048 1025 est,
2092 964 2147 1011 nt
2182 955 2414 1011 vincatis
2441 957 2495 1010 in
2528 957 2701 1013 vobis.
2733 959 2791 1013 in
2826 959 2946 1029 ipso
2975 965 3142 1016 sensu
3172 969 3227 1016 et
3257 964 3309 1017 in
3342 964 3528 1017 eadem

1939 1049 2206 1105 sententia
2248 1056 2422 1105 estote
2468 1048 2691 1119 perfecti
2743 1049 2932 1122 (lCor.
2974 1065 3017 1118 ι,
3049 1051 3172 1125 10);
3222 1060 3283 1109 ut
3320 1069 3350 1108 a
3393 1053 3534 1109 Filio

1941 1139 2198 1206 hominis,
2229 1155 2352 1195 eum
2383 1140 2592 1195 venerit
2617 1140 2672 1194 in
2714 1141 3001 1211 majestate
3042 1149 3162 1209 sua,
3206 1159 3311 1199 non
3343 1143 3534 1199 audia-

1939 1233 2028 1298 tis,
2059 1231 2320 1286 Discedite
2347 1248 2380 1286 α
2423 1247 2503 1286 me
2526 1231 2812 1299 maledicti,
2845 1232 2964 1298 sed,
3019 1230 3218 1301 Venite,
3257 1232 3531 1302 benedicti,

1939 1326 2161 1397 possitis
2187 1324 2374 1380 audire
2405 1324 2615 1396 (.ilatttt.
2655 1339 2782 1392 xxv,
2816 1317 2911 1393 Si,
2939 1321 3056 1399 Al).
3097 1325 3313 1383 Maneat
3345 1327 3534 1385 haedos

1938 1422 2158 1492 repulsa
2189 1419 2432 1477 venturi.
2464 1421 2571 1476 Vos
2595 1420 2732 1476 tales
2757 1422 3008 1479 volumus
3038 1421 3296 1489 inveniri,
3329 1432 3386 1477 ut
3412 1437 3538 1480 eum

1939 1510 1995 1567 in
2026 1512 2150 1583 igne
2172 1520 2318 1567 stent
2348 1512 2547 1582 abjecti
2579 1526 2608 1567 a
2639 1513 2900 1579 sinistris,
2923 1529 3022 1570 vos
3053 1529 3085 1571 a
3107 1513 3314 1571 destris
3345 1513 3541 1571 invitet

1942 1601 2010 1657 ad
2042 1617 2287 1673 regnum.
2315 1602 2433 1657 Non
2465 1603 2854 1673 exspectabitis
2879 1614 2937 1660 ut
2961 1613 3202 1677 paretur,
3237 1604 3381 1674 quod
3409 1604 3541 1660 olim

1942 1707 2041 1751 vos
2071 1705 2130 1750 ut
2160 1697 2400 1767 regnetis
2436 1705 2736 1766 exspectat.
2781 1699 3086 1770 Anguttam
3135 1713 3280 1755 nunc
3324 1706 3540 1769 portam

242 1804 370 1865 ειη,
406 1809 511 1847 non
564 1791 774 1861 fenum,
820 1793 916 1848 sed
952 1792 1072 1846 illas
1105 1792 1431 1863 imposuisse
1459 1792 1679 1848 divitias
1707 1807 1839 1863 quas
1871 1793 1918 1859 Β
1946 1788 2264 1846 festinanter
2292 1790 2489 1844 intrate
2514 1789 2730 1863 (Matth.
2753 1807 2850 1858 vn,
2886 1791 2998 1863 15),
3031 1797 3158 1864 quze‘
3185 1805 3282 1848 eos
3325 1792 3539 1863 accepit

251 1888 676 1942 architectorum
709 1887 1034 1956 sapientium
1068 1897 1334 1958 prince-pta
1369 1888 1697 1943 mandabant
1737 1889 1837 1942 im-

243 1980 395 2049 poni.
432 1980 577 2034 Bene
621 1979 945 2046 manebitis;
971 1979 1095 2047 quia
1129 1991 1234 2034 tam
1275 1980 1508 2036 sollicite
1540 1979 1838 2037 fabricatis.

247 2072 631 2128 ilabitacuium
685 2081 942 2143 magnum
995 2073 1129 2128 tales
1169 2073 1492 2144 pollicentur
1539 2090 1839 2145 expensas:

238 2173 395 2232 mro,
430 2177 658 2237 argento
682 2177 735 2221 et
765 2168 1032 2237 lapidibus
1061 2168 1312 2238 pretiosis
1343 2169 1492 2222 illam
1530 2169 1687 2224 vobis
1716 2183 1838 2238 qua:

241 2259 502 2313 testiumri
551 2273 656 2314 non
701 2267 898 2328 potest,
939 2260 1255 2316 construitis
1294 2261 1651 2316 mansionem.
1681 2260 1842 2315 Nullo

239 2354 424 2424 pretio
450 2363 703 2409 taxantur
728 2365 954 2421 aeterna,
974 2357 1172 2426 quippe
1194 2371 1313 2426 qua:
1341 2371 1447 2411 non
1482 2355 1702 2426 injuria,
1735 2370 1842 2410 non

239 2454 515 2502 vetustate
546 2449 858 2515 solvuntur,
891 2463 1013 2519 qua:
1041 2448 1152 2519 jam
1180 2448 1247 2502 ab
1279 2447 1621 2503 institutione
1658 2447 1842 2502 mundi

239 2539 400 2614 fustis
432 2541 692 2596 Dominus
718 2542 1062 2612 prmpdravit.
1090 2540 1462 2612 Confertentur
1490 2555 1675 2595 manus
1706 2539 1840 2611 ﬁde-

309 2717 341 2744 ι
363 2707 476 2762 Hoc
507 2716 614 2776 est,
648 2722 716 2762 eo
749 2706 957 2777 judicio
987 2705 1130 2774 quod
1153 2705 1228 2777 de
1265 2705 1386 2775 ipso
1421 2703 1713 2777 praesentia
1741 2717 1838 2758 sua

242 2778 400 2835 vobis
443 2792 612 2850 noto,
654 2775 762 2834 non
805 2776 1262 2849 quemadmodum
1311 2777 1378 2834 de
1422 2775 1674 2832 Nestorio
1713 2789 1842 2829 nus-

1945 1899 2082 1956 quos
2104 1899 2394 1955 numquam
2419 1885 2652 1954 spatiosa
2683 1886 3030 1942 invenerunt.

2018 1977 2108 2034 l9.
2142 1978 2269 2033 llaec
2310 1977 2587 2033 dilectioni
2627 1988 2822 2035 vestrae
2870 1995 2970 2050 pro
3016 1980 3204 2036 laetitia
3243 1979 3546 2036 catholico-

1947 2087 2065 2129 rum
2095 2073 2237 2127 dieta
2269 2072 2542 2128 sufﬁciant
2573 2090 2585 2126 :
2616 2089 2737 2143 qua:
2776 2075 2977 2144 saepius
3008 2089 3297 2130 recensere
3326 2089 3422 2129 vos
3445 2071 3544 2128 vo-

1948 2163 2149 2229 lumus,
2216 2173 2275 2218 ut
2331 2163 2605 2234 triumpho
2655 2165 2779 2220 lidei
2825 2169 3184 2237 gratulantes,
3227 2166 3542 2236 intelligatis

1949 2258 2118 2314 Deum
2162 2258 2445 2314 charitatis
2493 2266 2542 2312 et
2587 2258 2734 2327 pacis
2775 2273 2899 2315 esse
2947 2261 3229 2316 nobiscum
3276 2258 3542 2333 (Philipp.

1947 2363 2023 2420 tv,
2054 2350 2135 2422 9).
2171 2349 2306 2404 Data
2331 2348 2358 2388 δ
2389 2349 2565 2406 idibus
2591 2349 2798 2406 Martiis
2824 2352 3012 2410 Flavio
3045 2353 3205 2411 Aetio
3247 2361 3305 2410 et
3335 2353 3550 2410 Valerio

1948 2444 2080 2500 viris
2114 2443 2434 2499 clarissimis
2460 2444 2805 2501 consulibus.

1946 2716 2120 2773 quam
2139 2699 2258 2773 viso
2285 2713 2351 2773 ac
2379 2700 2496 2754 sola
2535 2699 2679 2773 fama
2705 2699 2932 2772 cognito
2962 2674 3185 2758 tulistis.

2021 2770 2049 2811 δ
2074 2771 2250 2828 Martii
2282 2769 2351 2828 15
2375 2787 2504 2828 ann.
2526 2769 2655 2829 452.

253 2901 3548 2947 ’,Ψ-Μ

1392 3047 2426 3162 APPENDIX.

241 3365 586 3430 ΒΟΤΙΤΙΑ
629 3358 1156 3438 RELIQUORUM
1199 3353 1704 3421 SCRIPTORUM
1749 3349 1934 3425 QUZE
1981 3349 2089 3410 AD
2133 3347 2689 3414 COELESTINUM
2731 3351 2759 3413 Ι
2803 3352 3076 3416 PAPAM
3119 3356 3551 3424 ATTINENT.

476 3511 504 3586 ᾗ
536 3511 575 3567 1.
604 3508 855 3584 Epistolte
881 3507 948 3561 ad
981 3506 1312 3561 Cwlestinum
1341 3504 1634 3558 attinenles.

318 3606 376 3660 1.
413 3606 679 3658 Antonius
713 3603 929 3672 quidam
976 3600 1044 3654 ab
1091 3599 1390 3670 Augustino
1445 3594 1849 3649 Fussalensium

244 3701 531 3758 instituus
563 3698 869 3770 cpi-copiis,
923 3704 1105 3764 postea
1150 3695 1213 3748 de
1259 3690 1572 3746 intolerabili
1621 3690 1853 3742 domina-

241 3794 424 3859 tione,
472 3791 536 3846 de
578 3792 776 3863 rapinis
817 3798 866 3843 et
909 3789 1122 3843 diversis
1169 3783 1578 3858 oppressionibus
1627 3782 1850 3854 (leest.

239 3887 404 3956 epist.
434 3885 488 3950 1,
523 3901 577 3940 n.
606 3886 665 3954 li)
694 3900 722 3936 a
753 3882 1060 3936 c.t5tell:tnis
1092 3891 1146 3933 et
1178 3880 1315 3932 illius
1348 3877 1580 3948 regionis
1622 3875 1850 3929 homini—

241 3977 354 4032 bus
383 3986 690 4040 arcuSnIus,
721 3972 1238 4042 episcopalijndieio
1282 3971 1362 4042 sic
1401 3971 1685 4023 damnatus
1731 3974 1852 4030 est,

242 4081 306 4126 ut
339 4069 392 4124 ei
418 4082 726 4122 servaretur
758 4067 930 4122 ilOllOl'
956 4035 1445 4135 Cplscltpnlllsfscd
1473 4063 1589 4131 ejus
1617 4061 1855 4132 regimen

243 4169 304 4216 et.
337 4161 736 4214 administratio
787 4172 1107 4227 negaretur;
1142 4172 1204 4210 ac
1249 4170 1508 4225 prtezerea
1555 4154 1859 4223 priVaretnr

240 4252 663 4317 communione,
683 4251 856 4305 donec
871 4250 1044 4304 ablata
1071 4249 1395 4302 restituisset
1421 4245 1585 4318 (Ibid.
1614 4260 1754 4298 nam.
1777 4242 1856 4314 ϐ).

243 4343 398 4399 Iluic
439 4344 644 4412 judicio
690 4343 920 4411 primum
967 4341 1276 4394 consentire
1307 4343 1452 4392 visus
1484 4350 1602 4403 est;
1635 4340 1770 4391 adeo
1804 4344 1863 4390 ut

241 4439 527 4494 mStimalo
551 4439 750 4492 damno
780 4436 920 4508 quod
954 4435 1370 4490 Fussalensibus
1399 4433 1673 4498 intulerat,
1704 4447 1860 4498 sepo-

1881 3504 1927 3567 C
2027 3491 2083 3551 2'.
2117 3496 2323 3552 Eodem
2356 3505 2599 3568 tempore
2636 3497 2776 3569 apud
2813 3497 3166 3558 Caelestinum
3199 3518 3326 3560 cum
3367 3507 3556 3579 Augu-

1954 3591 2098 3646 stino
2129 3592 2540 3662 expostularnnt
2564 3592 2936 3661 Fussalenses,
2961 3600 3107 3665 quod
3125 3596 3398 3668 juniorem
3427 3601 3559 3657 ado-

1954 3683 2249 3740 lescentem
2281 3699 2381 3740 nec
2406 3685 2536 3740 satis
2563 3688 2842 3754 probatum
2872 3687 2974 3742 sibi
2999 3696 3206 3746 temere
3231 3685 3562 3762 praaposuisn

1955 3786 2077 3843 set,
2126 3786 2288 3848 atque
2346 3785 2406 3832 ut
2449 3778 2517 3831 ab
2564 3777 2681 3849 ejus
2732 3779 3104 3849 inquietudine
3154 3783 3555 3854 liberarentur,

1955 3867 2233 3926 Ccelestini
2264 3887 2420 3944 opem
2448 3872 2605 3927 enixe
2626 3873 3012 3943 implorabant.
3039 3876 3256 3932 Illorum
3281 3879 3560 3948 querimo-

1957 3964 2100 4018 niam
2134 3979 2342 4032 aequam
2381 3979 2506 4020 esse
2532 3965 2862 4019 confirmans
2891 3965 3243 4036 Augustinus,
3278 3968 3352 4022 ita
3382 3969 3561 4026 (Scele-

1957 4059 2157 4114 stinum
2206 4058 2540 4129 alloquitur:
2592 4057 2773 4131 Neque
2817 4055 3226 4116 Fussalensibus
3252 4078 3556 4130 succenseo,

1957 4153 2079 4223 quia
2095 4152 2296 4218 justam
2322 4151 2386 4204 de
2410 4167 2489 4204 me
2513 4154 2885 4221 querimoniam
2915 4154 3155 4224 ingerunt
3182 4155 3395 4211 auribus
3433 4157 3559 4223 tuis,

1959 4240 2097 4310 quod
2124 4243 2197 4295 eis
2235 4241 2491 4296 hominem
2530 4243 2766 4296 nondum
2806 4241 2934 4297 mihi
2977 4247 3282 4314 probatum,
3334 4249 3564 4303 nondum

1960 4336 2142 4388 saltent
2168 4345 2314 4388 (etate
2343 4335 2626 4402 firmatum,
2655 4352 2689 4388 a
2712 4352 2814 4406 quo
2851 4339 2926 4390 sic
2961 4337 3305 4409 afﬂigerentur
3329 4381 3346 4407 ,
3389 4342 3562 4410 inﬂixi

1964 4426 2130 4497 (Ibid.
2152 4442 2293 4480 num.
2316 4426 2395 4494 9).
2420 4425 2588 4496 Quam
2612 4425 2682 4481 ob
2709 4441 2924 4483 causam
2950 4430 3089 4484 idem
3117 4433 3237 4502 pius
3261 4440 3414 4500 pater
3434 4450 3563 4505 sup-

242 4531 432 4588 suerit
459 4531 686 4599 solidos,
719 4546 826 4600 quo
862 4530 1176 4585 communio
1225 4529 1320 4597 ipsi
1371 4527 1711 4582 redderetur.
1755 4525 1862 4580 Sed
1965 4519 2191 4590 pliCibUS
2237 4535 2424 4574 00mm
2476 4519 2726 4590 PTCCibUS
2769 4523 3066 4592 adiungens
3096 4538 3244 4591 5035.
3274 4527 3386 4581 ait:
3422 4525 3565 4583 Sub-

245 4639 389 4681 mox
419 4624 757 4679 Valentinum
802 4625 1057 4678 Baianum
1098 4622 1406 4692 episcopum
1453 4619 1714 4675 Numidia:
1758 4621 1866 4688 pri-
1963 4614 2078 4668 υϐηἱ
2121 4611 2448 4681 hominum:
2493 4629 2641 4685 οΡευι
2682 4623 2823 4670 Nam
2870 4616 2926 4670 ίη
2971 4615 3165 4672 (Παγίδα
3211 4621 3567 4678 Misericordia

243 4724 458 4771 malem
480 4756 496 4780 ,
530 4731 559 4768 a
590 4731 695 4786 quo
724 4714 896 4769 fuerat
921 4714 1217 4777 ordinatus,
1252 4713 1475 4775 induxit,
1511 4723 1566 4765 ut
1587 4728 1706 4765 eum
1730 4710 1865 4764 velut
1965 4708 2126 4760 multo
2153 4707 2354 4760 avidius
2383 4723 2536 4778 quam
2573 4707 2661 4762 ille
2691 4708 3004 4782 (Antonius)
3030 4713 3386 4782 poscentibus,
3416 4733 3448 4769 α
3472 4732 3566 4771 cu-

243 4808 407 4861 omui
436 4808 587 4860 modo
615 4807 936 4876 inculpatum
973 4823 1122 4875 papa:
1166 4803 1440 4877 Bonifacio
1487 4803 1867 4857 commendaret
1960 4803 2049 4872 jus
2080 4801 2426 4873 inquietudine
2456 4801 2746 4856 desiderant
2775 4800 3007 4858 liberari.
3043 4804 3106 4859 Et
3141 4805 3284 4862 hunc
3321 4807 3564 4865 lib-cllum

241 4897 432 4969 (Ibid.
463 4918 604 4954 num.
638 4899 718 4970 9).
766 4899 916 4955 Tunc
961 4898 1268 4955 Bonifacius
1312 4900 1477 4954 missa
1524 4898 1577 4953 in
1629 4897 1862 4954 Africam
1890 4893 2262 4956 DCtelesuno
2290 4909 2414 4950 cum
2444 4893 2714 4950 Valentini
2742 4903 2798 4950 et
2833 4897 3121 4968 Augustini
3166 4898 3363 4958 litteris
3410 4901 3567 4958 obla-

241 4991 491 5062 epistola
511 5033 527 5057 ,
579 4991 816 5046 absolvit
863 4991 1078 5061 quidem
1109 4990 1426 5060 Antonium,
1458 4990 1554 5044 sed
1583 5005 1649 5044 ea
1677 4989 1864 5044 condi-

240 5087 448 5151 tione,
474 5087 518 5140 si
543 5085 778 5141 ordinem
805 5101 981 5139 rerum
1005 5085 1225 5156 ﬁdeliter
1251 5083 1492 5138 indicavit
1523 5081 1572 5156 (Ι
1583 5081 1687 5136 bid.
1717 5099 1861 5136 num.

240 5177 340 5248 ει).
378 5177 498 5233 Mox
523 5193 554 5234 e
580 5178 686 5233 vita
715 5178 963 5248 migravit
984 5175 1313 5231 Bonifacius.
1337 5175 1443 5231 Sed
1465 5172 1728 5232 Numidia:
1753 5174 1868 5238 epi-

240 5271 444 5340 seopi,
476 5271 708 5342 acceptis
743 5271 886 5326 illius
912 5271 1129 5336 litteris,
1161 5269 1352 5340 majori
1396 5283 1620 5324 numero
1663 5282 1865 5323 conve-

245 5374 492 5421 nerunt.
523 5366 658 5420 Tum
683 5366 798 5430 ipse
820 5365 1019 5436 primas
1042 5361 1383 5430 Valentinus,
1406 5362 1536 5418 visis
1559 5361 1728 5433 gestis
1750 5359 1866 5425 qui-

243 5459 372 5516 bus
433 5459 566 5528 juste
614 5461 901 5515 damnatus
962 5459 1134 5514 fuerat
1184 5457 1491 5525 Antonius,
1540 5455 1864 5511 sententiam

245 5565 485 5612 mutare
514 5573 616 5611 non
646 5555 966 5626 dedignatus
993 5597 1008 5622 ,
1045 5547 1304 5610 Bonifacii
1349 5551 1648 5608 successori
1690 5547 1870 5604 Coele-

241 5648 428 5706 stino
453 5664 623 5704 rerum
652 5649 897 5704 ordinem
937 5647 1146 5702 fidelius
1193 5645 1464 5701 indicavit.
1513 5641 1641 5699 Haec
1689 5652 1869 5696 autem

245 5740 544 5798 Valentini
579 5744 644 5800 ad
678 5743 1026 5799 Caelestinum
1057 5740 1250 5796 relatio
1281 5754 1388 5793 una
1418 5754 1540 5794 cum
1585 5735 1873 5806 Augustini

245 5833 340 5892 ad
373 5836 620 5893 eumdem
651 5855 843 5909 papam
874 5836 1102 5906 epistola
1134 5834 1276 5890 haud
1311 5834 1472 5889 dubie
1498 5831 1660 5887 missa
1690 5839 1794 5886 est.

1965 4997 2077 5045 tum
2107 4987 2400 5046 credimus.

2036 5081 2092 5138 3.
2128 5082 2237 5138 lloc
2264 5081 2535 5151 exemplo,
2563 5095 2673 5152 quo
2702 5082 2968 5138 Antonius
2993 5083 3276 5157 episcopus
3304 5086 3358 5142 in
3385 5087 3568 5146 Africa

1967 5173 2296 5242 damnatus,
2353 5174 2420 5229 ad
2473 5172 2774 5231 Romanum
2831 5177 3140 5246 pontificem
3208 5183 3567 5251 provocavit,

1969 5282 2146 5338 neque
2190 5267 2608 5337 appellationem
2653 5268 2793 5324 illius
2842 5270 3050 5326 irritam
3099 5272 3373 5328 duxerunt
3425 5273 3566 5343 Afri,

1973 5359 2268 5430 probarunt
2294 5357 2457 5415 iidem
2487 5359 2756 5432 episcopi,
2788 5377 2950 5432 quam
2977 5362 3190 5418 sincere
3220 5363 3269 5418 id
3299 5364 3443 5433 quod
3475 5365 3570 5420 de-

1973 5453 2138 5508 cretis
2168 5467 2199 5508 a
2227 5451 2446 5507 Zosimo
2477 5453 2655 5509 missis
2685 5454 2752 5511 de
2793 5454 3245 5526 appellationibus
3281 5456 3571 5528 episcopo-

1973 5559 2094 5602 rum
2120 5545 2568 5614 constituebatur,
2592 5554 2905 5601 servaturos
2922 5559 2986 5602 se
3011 5560 3134 5602 esse
3165 5545 3395 5615 professi
3420 5559 3567 5615 sunt,

1975 5639 2152 5712 quoad
2189 5638 2404 5695 decreta
2437 5637 2528 5695 illa
2556 5637 2774 5696 Niczena
2816 5653 2924 5694 non
2952 5653 3075 5696 esse
3103 5639 3207 5696 sibi
3237 5641 3572 5701 constitisset

1974 5732 2237 5806 (Bonifac.
2271 5732 2420 5800 epist.
2450 5731 2504 5799 5,
2537 5749 2591 5786 n.
2623 5733 2703 5802 5).
2732 5732 2951 5788 Antonii
2979 5733 3178 5804 quippe
3211 5748 3374 5791 causa
3403 5734 3570 5790 Bonis

1973 5821 2120 5884 facio
2143 5827 2395 5899 pontifice
2422 5836 2600 5896 empta
2646 5836 2752 5883 est.
2798 5826 2917 5884 Afri
2963 5838 3143 5884 autem
3192 5836 3322 5884 tunc
3363 5839 3574 5885 tantum
