3976 6336
506 229 614 291 569

1401 230 1494 286 AD
1529 230 1762 288 OPERA
1799 231 2198 291 C(ELESTINI
2237 233 2257 290 Ι
2295 235 2500 294 PAPE
2539 234 2908 293 APPENDIX.

3669 241 3756 300 560

501 348 810 406 authentica
855 356 1182 420 receperunt
1227 347 1570 405 Nicaenorum
1611 365 1875 405 canonum
1903 365 2093 406 exem-
2120 355 2176 416 Α
2199 352 2574 407 accusabatur.
2602 351 2711 407 Cur
2736 362 2916 408 autem
2940 353 3174 424 virgines
3196 355 3248 410 in
3275 355 3631 412 Orientalibus
3657 372 3757 427 par-

498 440 692 512 plaria,
728 457 850 497 cum
882 441 1023 498 idem
1055 440 1292 512 pontifex
1322 444 1506 498 vivere
1531 442 1711 498 desiit.

567 532 624 589 4.
654 533 806 590 Circa
836 534 978 590 idem
1024 543 1269 604 tempus,
1321 534 1610 590 Caelestius
1659 535 1783 590 novi
1829 536 2094 604 pontiﬁcis

498 625 786 682 deludeudi
815 641 911 695 spe
937 635 1146 696 captus,
1175 626 1467 682 CoeleStino
1499 642 1687 698 preces
1713 627 1937 694 obtulit,
1970 629 2092 699 qui-

497 718 600 774 bus
641 717 969 772 audientiam
1014 718 1131 788 ejus
1169 720 1475 790 expetebat.
1505 719 1610 776 Sed
1647 720 1877 790 prudens
1912 720 2091 790 ponti-

495 812 589 868 fex
630 813 994 882 impudentem
1043 828 1108 868 ac
1155 814 1482 881 pertinacem
1534 813 1847 870 baereticum
1899 813 2093 868 audire

493 904 834 974 dedignatus,
866 920 987 961 eum
1021 904 1185 960 totius
1213 905 1376 960 Italiae
1423 906 1620 961 ﬁnibus
1659 906 1875 963 extrudi
1904 906 2086 976 jussit.

490 997 636 1052 Istud
664 997 897 1066 Prosper
927 998 1023 1052 lib.
1059 1009 1242 1052 contra
1265 999 1457 1054 Collat.
1481 1016 1526 1052 c.
1553 999 1617 1052 ‘21
1644 1017 1696 1053 η.
1723 999 1791 1055 58
1815 1000 2091 1055 memoriae

486 1090 726 1163 prodidit
777 1090 860 1148 bis
904 1092 1120 1147 verbis:
1182 1091 1501 1148 Venerabilis
1547 1095 1805 1148 memoria:
1855 1096 2090 1165 pontifex

488 1183 812 1253 Caelestinus,
843 1186 928 1240 cui
950 1186 1019 1239 ad
1046 1185 1316 1239 catholicae
1337 1183 1588 1242 Ecclesia:
1608 1188 1906 1259 prmsidium
1928 1190 2088 1242 multa

484 1279 743 1333 Dominus
769 1280 953 1349 gratia:
977 1295 1086 1335 sua:
1114 1280 1251 1334 dona
1281 1278 1497 1354 largitus
1520 1289 1614 1346 est,
1639 1282 1805 1336 sciens
1830 1282 2087 1337 damnatis

483 1389 588 1426 non
621 1389 832 1428 examen
853 1373 1073 1444 judicii,
1104 1373 1193 1428 sed
1241 1372 1407 1427 solum
1450 1373 1764 1444 paenitentiae
1805 1372 2084 1427 remedium

482 1481 592 1520 esse
611 1465 980 1536 praestandum,
1005 1465 1298 1522 Calestium
1317 1467 1461 1537 quasi
1493 1484 1594 1521 non
1621 1467 1850 1521 discusso
1881 1468 2084 1538 negotio

481 1558 800 1613 audientiam
843 1560 1227 1629 postulantem,
1276 1561 1433 1614 totius
1479 1557 1653 1614 Italiae
1697 1561 1884 1630 ﬁnibus
1922 1563 2084 1634 jussit

478 1651 710 1704 extrudi.
737 1649 878 1704 Adeo
907 1660 955 1705 et
977 1668 1343 1720 prcecessorum
1365 1668 1576 1706 suorum
1597 1661 1789 1707 statuta
1811 1663 1855 1707 et
1879 1653 2082 1708 decreta

2201 442 2342 498 tibus
2362 444 2666 498 constitutae
2687 443 2948 500 adversus
2968 461 3088 500 eum
3113 445 3343 501 Romani
3369 449 3625 516 poutiticis
3642 449 3756 517 judi-

2198 537 2340 594 cium
2372 537 2712 606 implorarint
2735 578 2749 604 ,
2781 554 2886 592 non
2918 540 3022 593 alia
3054 541 3269 595 videtur
3299 541 3464 597 fuisse
3495 559 3640 597 causa
3674 525 3756 599 nisi

2196 630 2338 700 quod
2369 629 2643 686 Danielem
2671 631 2724 686 in
2755 631 2955 686 Gallias
2986 631 3188 701 fugisse
3219 633 3522 688 audierant.
3560 635 3755 692 Libellos

2195 720 2318 776 illos
2349 738 2510 795 nuper
2541 732 2824 794 acceperat
2851 724 3197 791 C(elestiuus,
3223 741 3344 780 cum
3382 727 3641 782 Danielem
3671 729 3756 784 ilo-

2194 829 2336 869 mam
2380 817 2601 887 perduci
2640 831 2699 872 se
2721 816 2970 886 jussisse,
3009 829 3171 888 atque
3200 818 3338 873 hunc
3371 820 3534 890 jussis
3565 823 3754 877 necdum

2195 908 2463 978 paruisse,
2493 910 2727 979 epistula
2753 912 2787 965 4
2815 910 2943 966 Julii
2967 911 3039 965 25
3069 911 3176 975 die,
3207 912 3332 966 anni
3357 911 3464 968 428
3489 914 3604 968 data
3621 914 3758 985 signi-

2193 998 2336 1056 ﬁcat.
2373 1002 2448 1055 Ex
2477 1017 2583 1072 quo
2613 1003 2823 1058 libellos
2854 1003 2974 1058 illos
3005 1019 3102 1059 nec
3136 1005 3306 1060 multo
3331 1017 3477 1073 ante,
3513 1023 3604 1061 nec
3625 1008 3758 1078 longe

2191 1105 2310 1162 post
2339 1097 2463 1148 anni
2496 1095 2601 1150 428
2625 1097 2770 1151 initia
2796 1097 3134 1166 conscriptos
3159 1099 3321 1153 fuisse
3345 1101 3627 1170 colligitur.
3653 1103 3757 1157 Cm-

2190 1186 2416 1241 lestinus
2446 1203 2635 1242 eorum
2665 1189 2972 1258 apograpba
3000 1206 3120 1246 cum
3152 1190 3380 1261 epistola
3423 1205 3608 1264 quarta
3650 1194 3753 1248 mit-

2191 1287 2309 1334 tens
2340 1279 2393 1334 in
2425 1280 2623 1336 Gallias
2651 1283 2716 1335 ad
2748 1284 3030 1353 episc0pos
3059 1300 3152 1354 per
3179 1287 3485 1354 provincias
3511 1286 3753 1342 Viennen-

2187 1389 2301 1430 sem
2325 1383 2380 1429 et
2399 1375 2802 1430 Narbonensem
2825 1377 3168 1440 constitutas,
3195 1379 3513 1432 eorumdem
3539 1388 3753 1448 autogra-

2185 1467 2293 1536 pha
2323 1466 2376 1521 in
2409 1467 2625 1522 scriniis
2654 1469 2969 1538 apostolicae
2997 1469 3143 1524 sedis
3173 1469 3393 1525 recondi
3428 1471 3647 1525 curavit.

2257 1561 2310 1616 8.
2344 1561 2644 1630 Antequam
2685 1571 2867 1617 autem
2915 1577 2976 1616 ea
3027 1562 3096 1616 de
3141 1578 3302 1616 causa
3345 1561 3661 1619 leestinus
3701 1566 3756 1619 ad

2183 1668 2310 1709 mox
2335 1653 2511 1709 dictos
2537 1655 2825 1724 episcopos
2851 1654 3135 1726 scriberet,
3162 1656 3229 1709 ad
3265 1656 3567 1710 Patroclum
3599 1657 3758 1711 Arela-

478 1742 752 1812 synodalia
797 1739 1166 1798 inviolabiliter
1207 1747 1459 1799 servanda
1513 1746 1787 1812 censebat;
1836 1755 1892 1800 ut
1937 1747 2075 1816 quod
2107 1735 2155 1795 Β
2185 1756 2390 1802 tensem
2418 1747 2710 1803 antistitem
2745 1762 2839 1818 per
2866 1747 3220 1802 Fortunatum
3249 1747 3631 1802 subdiaconum
3669 1747 3756 1803 mi-

478 1836 633 1892 semel
660 1846 915 1894 memerat
939 1837 1165 1908 abscidi,
1206 1856 1524 1911 nequaquam
1569 1841 1860 1896 admitteret
1903 1849 2073 1895 retra-

477 1934 630 1986 clari.

547 2028 600 2083 5.
635 2029 821 2085 Fultus
850 2038 967 2086 erat
990 2030 1319 2086 leestinus
1348 2046 1453 2086 non
1483 2039 1690 2086 tantum
1719 2032 2068 2088 decessorum

475 2135 698 2176 suorum
729 2137 792 2177 ac
822 2121 1150 2193 synodorum
1181 2123 1419 2191 statutis,
1451 2124 1546 2179 sed
1583 2132 1639 2179 et
1684 2125 2072 2193 imperatorum

474 2214 782 2284 praeceptis,
811 2223 870 2268 ut
917 2214 1019 2270 hac
1066 2214 1363 2270 severitate
1408 2229 1528 2270 cum
1580 2213 1840 2271 Coelestio
1887 2224 2073 2285 ageret

473 2305 696 2377 (Baron.
727 2307 794 2361 ad
821 2323 944 2362 ann.
974 2305 1113 2376 420,
1146 2324 1200 2362 η.
1229 2307 1266 2361 2
1294 2318 1349 2362 et
1383 2304 1462 2377 3).
1492 2306 1610 2362 Jam
1639 2308 1781 2362 enim
1817 2306 1886 2362 ab
1927 2322 2070 2364 anno

472 2398 573 2454 481
599 2396 945 2456 Constantius
973 2401 1267 2472 imperator
1299 2400 1588 2456 Volusiano
1616 2402 1872 2470 praelecto
1897 2399 2070 2456 lee-

471 2493 634 2547 stium
670 2509 738 2548 ex
783 2491 929 2550 Urbe
976 2493 1102 2562 pelli
1147 2495 1425 2564 conceptis
1472 2493 1651 2550 verbis
1695 2492 2065 2549 mandaverat.

471 2582 708 2655 Indeque
734 2585 918 2641 statim
952 2585 1130 2641 edicto
1174 2584 1550 2656 praefectorum
1595 2587 1848 2655 praetorio
1894 2585 2072 2642 fuerat

469 2677 770 2732 submotus.
802 2676 1003 2733 Verum
1029 2678 1295 2733 exsdncto
1326 2677 1597 2733 Bonifacio
1640 2678 1864 2733 Romam
1906 2693 2068 2748 repe-

475 2783 589 2828 tere
615 2786 723 2827 non
749 2771 973 2842 veritus,
1000 2773 1197 2829 meruit
1224 2779 1283 2829 ut
1303 2773 1462 2828 etiam
1493 2773 1653 2828 totius
1680 2772 1846 2828 italiae
1873 2773 2071 2828 ﬁnibus

473 2864 869 2922 excluderetur.
899 2865 1051 2920 Tunc
1079 2865 1385 2921 convolavit
1412 2867 1954 2937 Constantinopolim,
1980 2867 2070 2923 ubi

473 2961 698 3027 aditum,
721 2975 828 3032 quo
849 2961 902 3016 in
931 2962 1158 3032 gratiam
1190 2971 1243 3017 et
1268 2962 1559 3018 amicitiam
1587 2961 1816 3018 Nestorii
1849 2977 1908 3018 se
1934 2961 2070 3017 insi-

473 3063 682 3115 nuaret.
715 3061 905 3110 nactus
933 3063 1015 3109 est
1039 3052 1361 3110 faciliorem.
1388 3053 1454 3108 Et
1477 3053 1544 3107 ab
1565 3068 1631 3109 eo
1657 3052 1874 3123 quidem
1907 3053 2071 3109 veluti

2180 1848 2325 1895 serat
2355 1838 2562 1894 litteras
2595 1837 2787 1912 (Epist.
2818 1838 2874 1907 4,
2907 1857 2960 1893 n.
2995 1838 3073 1908 5),
3107 1840 3299 1910 quibus
3339 1839 3616 1894 Danielem
3659 1839 3754 1895 Ro-

2180 1947 2324 1986 mam
2354 1930 2612 1986 destinari
2659 1931 3034 2002 praecipiebat,
3085 1933 3175 1987 ubi
3223 1933 3268 1986 si
3318 1947 3430 1987 suae
3477 1933 3752 1990 conﬁderet

2176 2026 2550 2090 conscientiae,
2583 2025 2793 2095 objecta
2822 2025 3055 2081 dilueret
3086 2025 3336 2090 crimina,
3368 2033 3423 2079 et
3455 2026 3523 2078 ab
3563 2040 3755 2080 accusa-

2176 2117 2386 2172 toribus
2427 2117 2542 2186 ejus
2594 2117 2918 2186 postulatum
2966 2117 3280 2186 apostolicae
3329 2116 3475 2172 sedis
3516 2116 3753 2186 judicium

2181 2225 2290 2267 non
2319 2210 2636 2266 declinaret.
2663 2211 2812 2266 Tunc
2839 2226 2966 2267 vero
2990 2209 3266 2265 Danielem
3297 2211 3609 2280 episcopum
3635 2210 3757 2264 ordi-

2183 2303 2301 2358 nari
2343 2302 2586 2372 contigit,
2617 2303 2720 2358 hoc
2749 2312 2831 2358 est
2861 2316 2927 2357 eo
2953 2301 3240 2357 intervallo
3268 2301 3408 2371 quod
3433 2301 3484 2356 in
3514 2302 3757 2371 perferen-

2174 2394 2259 2450 dis
2289 2395 2483 2450 litteris
2510 2395 2704 2465 quibus
2733 2395 2875 2450 idem
2903 2394 3092 2449 Daniel
3125 2393 3192 2448 ad
3223 2393 3509 2448 dicendam
3553 2409 3754 2449 causam

2176 2486 2486 2556 vocabatur,
2511 2487 2843 2542 Fortunatus
2861 2485 3224 2543 subdiaconus
3249 2486 3597 2556 interposuit.
3624 2485 3759 2542 Unde

2173 2591 2230 2640 et
2259 2582 2395 2638 hanc
2419 2582 2706 2652 epistolam
2751 2584 2818 2638 ad
2870 2582 3218 2649 Patroclum,
3269 2582 3498 2653 epistola
3544 2584 3608 2650 4,
3655 2599 3760 2653 qua:

2176 2691 2362 2731 mense
2386 2675 2526 2731 Julio
2562 2678 2684 2731 anni
2725 2675 2834 2731 428
2872 2675 3240 2746 consignatur,
3266 2684 3321 2730 et
3350 2677 3402 2729 in
3431 2689 3538 2745 qua
3567 2690 3762 2730 memo-

2176 2780 2322 2826 ratur
2349 2770 2586 2826 Danielis
2611 2753 2879 2827 ordinatio
2899 2816 2914 2840 ,
2943 2770 3222 2842 aliquanto
3271 2769 3601 2824 anteriorem
3653 2783 3761 2826 esse

2175 2864 2365 2934 liquet.

2254 2957 2311 3012 9.
2353 2955 2561 3012 Eodem
2589 2970 2736 3011 anno
2762 2955 2889 3022 428,
2919 2970 3105 3011 mense
3135 2955 3661 3026 Aprili,'secundum
3684 2955 3762 3009 Li-

2176 3049 2427 3105 beratum
2459 3049 2674 3120 quidem
2728 3049 2904 3116 primo
2954 3048 3044 3104 die
3074 3089 3090 3115 ,
3145 3047 3442 3104 secundum
3492 3048 3761 3104 Socratem

470 3147 714 3203 veritatis
744 3146 999 3203 defensor
1034 3145 1315 3217 epistolam
1369 3147 1566 3202 meruit
1609 3147 2026 3202 consolatoriam
2056 3188 2071 3213 ,
2103 3126 2151 3192 C
2181 3151 2361 3196 autem
2395 3139 2631 3206 decimo,
2662 3139 2943 3196 Nestorius
2970 3139 3328 3196 Antiocheam
3359 3140 3616 3195 Ecclesiae
3646 3155 3760 3209 pre-

471 3254 631 3310 quam
658 3239 856 3295 Marius
885 3239 1150 3296 Mercator
1172 3238 1439 3295 latinitate
1459 3239 1680 3296 donavit
1706 3237 1873 3311 (Mar.
1903 3237 2070 3297 Merc.

467 3334 591 3386 edit.
622 3331 806 3387 Batus.
836 3350 891 3404 p.
923 3333 1070 3403 151).

536 3427 589 3481 6.
619 3425 868 3495 Apiarius
896 3424 1168 3483 Siccensis
1195 3425 1457 3481 Ecclesiae
1484 3425 1768 3496 presbyter
1791 3469 1806 3493 ,
1854 3424 2073 3480 Bonifa-

464 3518 549 3574 cio
581 3517 832 3588 pontiﬁce
859 3518 915 3573 in
950 3517 1200 3574 Africano
1228 3519 1460 3573 concilio
1487 3533 1516 3572 a
1555 3517 1795 3574 Siccensi
1829 3519 2068 3574 Ecclesia

465 3613 538 3667 ita
570 3619 810 3667 remotus
835 3620 940 3677 est,
970 3620 1026 3667 ut
1054 3611 1295 3666 Faustini
1344 3610 1658 3681 apostolica:
1707 3611 1852 3667 sedis
1905 3612 2070 3683 legati

465 3720 626 3775 opera
661 3713 904 3761 servatus
931 3705 981 3760 ei
1011 3705 1081 3758 sit
1108 3703 1280 3760 honor
1310 3705 1669 3776 presbyterii,
1703 3715 1866 3776 atque
1895 3705 2022 3760 alibi
2049 3747 2064 3770 ,

465 3797 785 3869 ubicumque
811 3797 972 3854 vellet
1005 3799 1087 3853 vel
1114 3806 1315 3868 posset,
1338 3797 1538 3870 gradus
1561 3799 1642 3853 sui
1669 3813 1894 3852 munere
1916 3797 2067 3867 fungi

464 3893 786 3959 permissum
817 3893 918 3962 ipsi
947 3892 1124 3948 fuerit.
1159 3891 1399 3948 Subinde
1427 3907 1619 3948 rursus
1646 3891 1714 3948 de
1741 3891 2065 3947 immanibus

460 3983 676 4055 flagitiis
704 4000 734 4039 a
763 3984 1129 4040 Thabracenis
1172 3996 1456 4042 accusatus
1480 4027 1495 4054 ,
1541 3986 1774 4056 ideoque
1823 3999 2064 4040 commu-

459 4078 619 4133 nione
648 4079 912 4148 privatus,
936 4077 1162 4133 Romam
1194 4079 1452 4150 confugit.
1486 4079 1622 4134 Tum
1655 4078 1798 4149 ipsi,
1846 4087 2064 4150 aposto-

459 4171 617 4226 licam
665 4172 850 4226 sedem
898 4172 1199 4242 appellasse
1247 4188 1306 4228 se
1335 4173 1635 4239 mentienti,
1669 4174 1828 4242 paulo
1853 4169 2062 4226 facilius

457 4261 780 4320 leestinus
823 4262 982 4318 ﬁdem
1035 4265 1258 4331 habuit,
1305 4265 1586 4334 alteraque
1630 4274 1782 4335 parte
1824 4265 2063 4320 inaudita

456 4357 891 4413 communionem
923 4357 1174 4413 reddidit.
1218 4358 1327 4413 Res
1373 4368 1551 4414 tamen
1594 4369 1774 4430 gestas
1821 4358 2062 4429 ignorari

457 4451 525 4504 ab
555 4450 699 4505 Afris
743 4451 931 4506 nolens
968 4452 1012 4505 is
1045 4466 1200 4520 papa,
1237 4452 1446 4507 litteras
1475 4451 1544 4506 ad
1567 4467 1660 4507 eos
1692 4467 1788 4522 per
1820 4452 2055 4508 Leonem

2177 3235 2366 3304 sbyter
2391 3233 2443 3287 in
2467 3233 2785 3304 episcopum
2807 3230 3458 3302 Constantinopolitanum
3490 3239 3762 3302 cooptatus

2176 3336 2232 3384 et
2260 3327 2539 3383 ordinatus
2569 3325 2694 3382 fuit.
2725 3327 3090 3382 Ordinationis
3117 3327 3234 3396 ejus
3255 3327 3447 3382 relatio
3471 3326 3540 3381 ab
3562 3327 3762 3396 episco-

2176 3425 2258 3492 pis
2290 3424 2380 3492 qui
2410 3423 2459 3478 ei
2490 3420 2849 3478 interfuerant
2879 3421 2944 3477 ad
2984 3422 3341 3478 Caelestinum
3372 3422 3535 3476 missa
3567 3430 3668 3476 est.
3703 3419 3764 3476 Et

2173 3517 2226 3572 in
2251 3533 2313 3574 ea
2338 3514 2558 3588 quidem
2581 3522 2787 3570 tantum
2812 3514 3065 3571 Nestorio
3089 3515 3394 3570 tribuebant
3419 3513 3502 3568 illi
3525 3513 3762 3583 episcopi

2173 3611 2571 3674 testimonium,
2594 3619 2878 3678 quantum,
2903 3609 3076 3678 inquit
3097 3606 3419 3664 leestinus
3448 3605 3646 3678 (Epist.
3674 3605 3760 3670 15,

2173 3722 2224 3759 n.
2260 3708 2280 3760 1
2311 3705 2367 3775 ),
2420 3704 2836 3760 desiderabatur
2871 3705 2920 3759 ei
2969 3705 3054 3772 qui
3090 3703 3153 3758 ad
3185 3704 3416 3758 alienam
3465 3702 3760 3757 Ecclesiam

2169 3799 2463 3869 regendam
2492 3799 2714 3854 aliunde
2745 3799 3150 3853 accersebatur.

2244 3893 2334 3948 10.
2377 3893 2706 3948 leestinus
2737 3891 3010 3962 episc0pis
3041 3893 3130 3960 qui
3160 3888 3265 3945 sibi
3295 3889 3361 3945 de
3389 3888 3648 3944 Nestorio
3677 3903 3758 3944 re-

2167 4000 2296 4040 cens
2320 3986 2495 4041 electo
2521 3985 2856 4056 gratulantes
2878 3984 3230 4054 scripserant,
3264 3983 3445 4038 statim
3486 3981 3761 4052 rescripsit

2169 4077 2360 4149 (Epist.
2397 4076 2484 4144 15,
2515 4095 2570 4132 n.
2601 4080 2701 4148 2),
2757 4079 2946 4147 eisque
2986 4093 3045 4132 se
3084 4086 3394 4130 mutuorum
3444 4075 3758 4144 gaudiorum

2167 4170 2482 4240 participem
2506 4169 2780 4237 ostendit,
2811 4169 3043 4223 innuens
3071 4178 3246 4222 tamen
3279 4181 3383 4222 non
3421 4166 3756 4236 probandam

2165 4263 2339 4320 fuisse
2392 4264 2699 4334 presbyteri
2751 4279 2817 4319 ex
2874 4263 3047 4316 aliena
3101 4262 3330 4316 ecclesia
3384 4259 3756 4322 eleCtionem,

2163 4359 2268 4413 nisi
2295 4358 2409 4414 haec
2435 4358 2739 4428 disciplinae
2769 4356 2997 4412 offensio
3026 4355 3187 4411 electi
3218 4355 3412 4411 merito
3437 4367 3734 4424 compeusa

2163 4462 2338 4509 retur.

459 4540 834 4614 presbyterum
865 4542 1029 4608 misit,
1047 4516 1255 4613 quibus
1283 4558 1343 4599 se
1367 4544 1437 4600 de
1468 4545 1669 4614 Apiarii
1693 4516 1930 4600 adventu
1959 4547 2057 4600 ad-
2084 4516 2139 4576 D
2236 4546 2325 4601 11.
2366 4547 2465 4601 Hic
2492 4546 2718 4602 tacenda
2747 4561 2855 4601 non
2885 4554 2967 4600 est
3003 4545 3176 4600 sancti
3207 4543 3463 4600 Germani
3512 4539 3756 4612 episcopi

462 4633 680 4688 modum
708 4633 944 4688 laetatum
965 4632 1132 4689 fuisse
1153 4641 1398 4697 testatus,
1424 4652 1545 4691 eum
1570 4652 1598 4689 a
1617 4651 1675 4692 se
1692 4640 2059 4697 communioni

458 4725 765 4780 restitutum
791 4740 911 4782 esse
938 4725 1293 4797 signiﬁcabat.
1326 4727 1537 4784 Exinde
1563 4727 1823 4783 Faustino
1862 4730 2058 4788 Poten-

459 4820 584 4874 tinae
633 4818 865 4874 civitatis
894 4820 1151 4890 episcopo
1179 4836 1241 4876 ac
1272 4821 1414 4876 sedis
1445 4822 1753 4891 apostolicae
1786 4822 1962 4894 legato
2000 4827 2052 4880 in

455 4912 686 4970 Africam
705 4914 950 4970 redeunti
975 4915 1229 4985 Apiarius
1250 4931 1309 4971 se
1329 4916 1650 4986 adiungens,
1677 4932 1870 4972 novum
1899 4920 2053 4975 Afro-

455 5021 569 5059 rum
595 5005 854 5075 judicium
881 5007 1066 5062 subiit.
1100 5007 1246 5063 Afris
1285 5017 1464 5062 autem
1495 5023 1620 5062 mox
1664 5008 1823 5064 dictae
1872 5010 2049 5068 Coele-

450 5097 578 5151 stini
621 5098 812 5154 litterae
857 5100 1016 5170 paulo
1056 5109 1182 5155 ante
1227 5099 1454 5155 redditae
1482 5109 1627 5167 sunt,
1659 5117 1817 5171 quam
1850 5103 1950 5173 ipsi
1981 5106 2048 5161 de

447 5189 653 5258 Apiarii
675 5206 836 5247 causa
857 5191 1033 5248 eidem
1055 5205 1208 5262 papae
1229 5190 1615 5260 rescriberent,
1639 5191 1882 5264 adeoque
1903 5195 2044 5251 circa

447 5281 650 5334 exitum
680 5282 805 5335 anni
841 5280 967 5337 425.

517 5373 570 5426 7.
607 5371 689 5426 Es.
717 5371 939 5429 Oriente
976 5388 1192 5444 quoque
1229 5372 1556 5429 leestinus
1591 5374 1908 5432 relationem
1945 5393 2042 5434 seu

445 5465 656 5522 libellos
704 5470 912 5539 accepit
961 5467 1273 5524 monialium
1318 5469 1576 5524 adversus
1612 5470 1910 5541 Danielem,
1953 5476 2044 5544 qui

445 5560 833 5614 monasterium
877 5563 1117 5629 ipsarum
1157 5567 1404 5616 tenuerat
1433 5560 1629 5632 (Epist.
1656 5563 1712 5631 4,
1744 5581 1796 5618 n.
1826 5567 1852 5620 1
1884 5575 1932 5619 et
1960 5563 2040 5637 9).

444 5649 539 5704 His
571 5652 625 5706 in
656 5653 849 5709 libellis
881 5657 1066 5710 Daniel
1094 5656 1163 5710 de
1192 5655 1408 5710 nefariis
1438 5655 1672 5726 ﬂagitiis,
1705 5673 1767 5713 ac
1797 5661 2042 5716 nomina-

407 5743 546 5848 ’ρῳ
568 5746 714 5816 quod
741 5763 1019 5807 sacrarum
1043 5753 1314 5824 virginum
1343 5753 1552 5816 incestu
1585 5754 1821 5826 pollutus
1855 5767 2039 5830 esset,

2163 4639 2655 4695 Antissiodorensis
2675 4636 3288 4710 in_Britanniasflegalio,
3305 4636 3372 4690 de
3395 4651 3498 4703 qua
3521 4635 3754 4701 Prosper

2160 4732 2215 4787 in
2247 4732 2517 4788 Chronico
2559 4731 2625 4786 ad
2668 4747 2868 4786 annum
2910 4731 3016 4786 429
3044 4729 3184 4784 istud
3217 4730 3495 4783 memoriae
3527 4724 3740 4780 manda.

2158 4825 2234 4878 vit
2262 4841 2274 4876 :
2305 4825 2550 4894 Agricola
2581 4823 2927 4894 Pelagianus,
2961 4821 3228 4877 Seueriani
3255 4818 3536 4890 Pelagiani
3573 4817 3712 4886 ﬁlius
3733 4854 3750 4881 ,

2158 4919 2420 4974 Ecclesias
2449 4919 2714 4974 Hibernia:
2741 4921 2994 4990 dogmatis
3016 4920 3097 4972 sui
3121 4919 3475 4971 insinuatione
3499 4914 3749 4979 corrupit.

2159 5015 2270 5071 Sed
2297 5016 2497 5070 actione
2529 5013 2764 5068 Palladii
2790 5014 2993 5067 diaconi
3031 5030 3165 5085 papa
3198 5010 3499 5066 Caelestinus
3529 5007 3746 5062 Germa-

2157 5124 2280 5162 num
2310 5107 2807 5162 Antissiodorensem
2847 5106 3143 5174 episcOpum
3169 5105 3274 5158 vice
3312 5120 3409 5157 sua
3441 5102 3612 5165 mittit,
3671 5103 3751 5160 ut,

2156 5202 2440 5256 deturbatis
2467 5201 2719 5254 haereticis
2745 5243 2758 5266 ,
2807 5199 3088 5253 Britannos
3119 5199 3186 5252 ad
3230 5197 3546 5251 catholicam
3591 5191 3748 5263 ﬁdem

2153 5295 2368 5366 dirigat.
2419 5293 2626 5363 Quippe
2673 5292 3023 5347 Caelestinum
3056 5290 3328 5346 Germano
3375 5290 3544 5344 vicem
3593 5295 3748 5340 suam

2153 5389 2270 5442 sine
2297 5389 2502 5457 scripto
2529 5384 2869 5441 commisisse
2889 5426 2904 5451 ,
2935 5396 3026 5438 aut
3060 5383 3202 5438 hunc
3229 5383 3346 5438 sine
3377 5382 3516 5436 illius
3548 5374 3751 5434 litteris

2149 5477 2204 5531 in
2239 5477 2547 5532 Britannias
2584 5476 2886 5546 profectum
2917 5491 3038 5531 esse
3077 5475 3198 5546 quis
3240 5474 3340 5529 sibi
3379 5463 3753 5543 persuadeat?

2147 5570 2336 5641 Neque
2383 5571 2466 5624 bis
2513 5569 2666 5624 stetit
2694 5569 3068 5634 leestinus;
3121 5567 3215 5622 sed
3261 5566 3500 5622 Palladio
3541 5557 3753 5617 Scouis

2148 5664 2401 5719 ordinato
2428 5663 2707 5733 episcopo,
2739 5662 2917 5717 ellecit
2949 5671 3006 5716 ut
3032 5661 3084 5716 in
3113 5659 3302 5714 insulis
3337 5660 3443 5714 illis
3472 5655 3602 5710 ﬁdes
3635 5663 3751 5705 non

2147 5757 2310 5816 modo
2342 5768 2660 5828 purgaretur
2688 5756 2757 5814 ab
2782 5756 3002 5831 haeresi,
3034 5755 3128 5814 sed
3154 5756 3324 5814 etiam
3350 5753 3507 5810 latius
3536 5755 3758 5838 ρεοριῖ
