  <div class='ocr_page' id='page_1' title='image "/cluster/home/n/w/nwhite01/storage/ocr_20150623/50/hvd.32044015471550/286.png"; bbox 0 0 3976 6336; ppageno 0'>
   <div class='ocr_carea' id='block_1_1' title="bbox 246 364 323 423">
    <p class='ocr_par' dir='ltr' id='par_1_1' title="bbox 246 364 323 423">
     <span class='ocr_line' id='line_1_1' title="bbox 246 364 323 423; baseline -0.078 0"><span class='ocrx_word' id='word_1_1' title='bbox 246 364 323 423; x_wconf 72' lang='lat'><strong><em>561</em></strong></span> 
     </span>
    </p>
   </div>
   <div class='ocr_carea' id='block_1_2' title="bbox 523 338 3141 410">
    <p class='ocr_par' dir='ltr' id='par_1_2' title="bbox 523 338 3141 410">
     <span class='ocr_line' id='line_1_2' title="bbox 523 338 3141 410; baseline -0.001 -7"><span class='ocrx_word' id='word_1_2' title='bbox 523 342 798 402; x_wconf 84' lang='lat' dir='ltr'><strong><em>NOTITIA</em></strong></span> <span class='ocrx_word' id='word_1_3' title='bbox 837 341 1066 410; x_wconf 82' lang='lat' dir='ltr'><strong><em>RELIQ.</em></strong></span> <span class='ocrx_word' id='word_1_4' title='bbox 1108 340 1547 400; x_wconf 84' lang='lat' dir='ltr'><strong><em>SCRIPTORUM</em></strong></span> <span class='ocrx_word' id='word_1_5' title='bbox 1588 338 1752 408; x_wconf 57' lang='lat' dir='ltr'><strong><em>QUJE</em></strong></span> <span class='ocrx_word' id='word_1_6' title='bbox 1792 340 1883 395; x_wconf 84' lang='lat' dir='ltr'><strong><em>AD</em></strong></span> <span class='ocrx_word' id='word_1_7' title='bbox 1922 339 2399 401; x_wconf 82' lang='lat' dir='ltr'><strong><em>COELESTINUM</em></strong></span> <span class='ocrx_word' id='word_1_8' title='bbox 2439 344 2460 399; x_wconf 92' lang='lat' dir='ltr'><strong><em>l</em></strong></span> <span class='ocrx_word' id='word_1_9' title='bbox 2500 342 2734 403; x_wconf 82' lang='lat' dir='ltr'><strong>PAPAM</strong></span> <span class='ocrx_word' id='word_1_10' title='bbox 2770 344 3141 403; x_wconf 83' lang='grc' dir='ltr'><strong><em>ΑΤΤῙΝΕΝΤ.</em></strong></span> 
     </span>
    </p>
   </div>
   <div class='ocr_carea' id='block_1_3' title="bbox 3363 350 3469 407">
    <p class='ocr_par' dir='ltr' id='par_1_3' title="bbox 3363 350 3469 407">
     <span class='ocr_line' id='line_1_3' title="bbox 3363 350 3469 407; baseline -0.038 0"><span class='ocrx_word' id='word_1_11' title='bbox 3363 350 3469 407; x_wconf 70' lang='lat'><strong><em>56!</em></strong></span> 
     </span>
    </p>
   </div>
   <div class='ocr_carea' id='block_1_4' title="bbox 243 458 3471 552">
    <p class='ocr_par' dir='ltr' id='par_1_4' title="bbox 243 458 3471 552">
     <span class='ocr_line' id='line_1_4' title="bbox 243 458 3471 552; baseline -0.004 -17"><span class='ocrx_word' id='word_1_12' title='bbox 243 462 447 552; x_wconf 69' lang='lat' dir='ltr'><strong><em>geretur.</em></strong></span> <span class='ocrx_word' id='word_1_13' title='bbox 476 465 587 533; x_wconf 86' lang='lat' dir='ltr'><strong><em>Qua</em></strong></span> <span class='ocrx_word' id='word_1_14' title='bbox 634 462 687 515; x_wconf 93' lang='lat' dir='ltr'><strong><em>in</em></strong></span> <span class='ocrx_word' id='word_1_15' title='bbox 726 476 786 516; x_wconf 91' lang='lat' dir='ltr'><strong><em>re</em></strong></span> <span class='ocrx_word' id='word_1_16' title='bbox 822 459 1062 515; x_wconf 86' lang='lat' dir='ltr'><strong><em>studium</em></strong></span> <span class='ocrx_word' id='word_1_17' title='bbox 1097 460 1211 530; x_wconf 87' lang='lat' dir='ltr'><strong><em>ejus</em></strong></span> <span class='ocrx_word' id='word_1_18' title='bbox 1243 460 1472 530; x_wconf 86' lang='lat' dir='ltr'><strong><em>Prosper</em></strong></span> <span class='ocrx_word' id='word_1_19' title='bbox 1500 458 1607 514; x_wconf 58' lang='lat' dir='ltr'><strong><em>libi</em></strong></span> <span class='ocrx_word' id='word_1_20' title='bbox 1628 460 1776 513; x_wconf 69' lang='lat' dir='ltr'><strong><em>com.</em></strong></span> <span class='ocrx_word' id='word_1_21' title='bbox 1804 465 1860 526; x_wconf 75' lang='grc' dir='ltr'><strong>Α</strong></span> <span class='ocrx_word' id='word_1_22' title='bbox 1882 469 2109 534; x_wconf 86' lang='lat' dir='ltr'><strong><em>tempore</em></strong></span> <span class='ocrx_word' id='word_1_23' title='bbox 2126 478 2226 533; x_wconf 90' lang='lat' dir='ltr'><strong><em>quo</em></strong></span> <span class='ocrx_word' id='word_1_24' title='bbox 2263 462 2334 516; x_wconf 87' lang='lat' dir='ltr'><strong><em>ad</em></strong></span> <span class='ocrx_word' id='word_1_25' title='bbox 2369 464 2548 534; x_wconf 76' lang='lat' dir='ltr'><strong><em>fratris</em></strong></span> <span class='ocrx_word' id='word_1_26' title='bbox 2580 473 2743 518; x_wconf 78' lang='lat' dir='ltr'><strong><em>nostri</em></strong></span> <span class='ocrx_word' id='word_1_27' title='bbox 2783 463 2991 520; x_wconf 87' lang='lat' dir='ltr'><strong><em>Tuentii</em></strong></span> <span class='ocrx_word' id='word_1_28' title='bbox 3015 464 3251 521; x_wconf 76' lang='lat' dir='ltr'><strong><em>dedimus</em></strong></span> <span class='ocrx_word' id='word_1_29' title='bbox 3280 469 3471 535; x_wconf 83' lang='lat' dir='ltr'><strong><em>scripta</em></strong></span> 
     </span>
    </p>
   </div>
   <div class='ocr_carea' id='block_1_5' title="bbox 242 552 1786 626">
    <p class='ocr_par' dir='ltr' id='par_1_5' title="bbox 242 552 1786 626">
     <span class='ocr_line' id='line_1_5' title="bbox 242 552 1786 626; baseline -0.012 -3"><span class='ocrx_word' id='word_1_30' title='bbox 242 569 407 626; x_wconf 78' lang='lat' dir='ltr'><strong><em>Collat.</em></strong></span> <span class='ocrx_word' id='word_1_31' title='bbox 436 576 480 615; x_wconf 90' lang='lat' dir='ltr'><strong><em>c.</em></strong></span> <span class='ocrx_word' id='word_1_32' title='bbox 511 554 569 609; x_wconf 63' lang='grc'><strong>91</strong></span> <span class='ocrx_word' id='word_1_33' title='bbox 623 570 675 608; x_wconf 89' lang='lat' dir='ltr'><strong><em>n.</em></strong></span> <span class='ocrx_word' id='word_1_34' title='bbox 711 554 781 608; x_wconf 84' lang='grc'><strong><em>58</em></strong></span> <span class='ocrx_word' id='word_1_35' title='bbox 822 553 1004 607; x_wconf 88' lang='lat' dir='ltr'><strong><em>laudat</em></strong></span> <span class='ocrx_word' id='word_1_36' title='bbox 1034 554 1117 607; x_wconf 87' lang='lat' dir='ltr'><strong><em>his</em></strong></span> <span class='ocrx_word' id='word_1_37' title='bbox 1148 553 1331 608; x_wconf 83' lang='lat' dir='ltr'><strong><em>verbis</em></strong></span> <span class='ocrx_word' id='word_1_38' title='bbox 1361 571 1372 605; x_wconf 86' lang='lat'><strong>:</strong></span> <span class='ocrx_word' id='word_1_39' title='bbox 1413 552 1521 606; x_wconf 82' lang='lat' dir='ltr'><strong><em>Nec</em></strong></span> <span class='ocrx_word' id='word_1_40' title='bbox 1554 555 1667 605; x_wconf 67' lang='lat' dir='ltr'><strong><em>vero</em></strong></span> <span class='ocrx_word' id='word_1_41' title='bbox 1706 567 1786 605; x_wconf 87' lang='lat' dir='ltr'><strong><em>se-</em></strong></span> 
     </span>
    </p>
   </div>
   <div class='ocr_carea' id='block_1_6' title="bbox 241 644 1787 737">
    <p class='ocr_par' dir='ltr' id='par_1_6' title="bbox 242 644 1787 734">
     <span class='ocr_line' id='line_1_6' title="bbox 242 644 1787 734; baseline -0.012 -17"><span class='ocrx_word' id='word_1_42' title='bbox 242 667 389 734; x_wconf 86' lang='lat' dir='ltr'><strong><em>qniore</em></strong></span> <span class='ocrx_word' id='word_1_43' title='bbox 414 668 529 709; x_wconf 86' lang='lat' dir='ltr'><strong><em>cura</em></strong></span> <span class='ocrx_word' id='word_1_44' title='bbox 555 648 616 703; x_wconf 88' lang='lat' dir='ltr'><strong><em>ab</em></strong></span> <span class='ocrx_word' id='word_1_45' title='bbox 645 649 741 702; x_wconf 82' lang='lat' dir='ltr'><strong><em>hoc</em></strong></span> <span class='ocrx_word' id='word_1_46' title='bbox 770 648 949 703; x_wconf 87' lang='lat' dir='ltr'><strong><em>eodem</em></strong></span> <span class='ocrx_word' id='word_1_47' title='bbox 980 648 1154 701; x_wconf 88' lang='lat' dir='ltr'><strong><em>morbo</em></strong></span> <span class='ocrx_word' id='word_1_48' title='bbox 1188 647 1544 717; x_wconf 84' lang='lat' dir='ltr'><strong><em>(Pelagiano)</em></strong></span> <span class='ocrx_word' id='word_1_49' title='bbox 1574 644 1787 700; x_wconf 89' lang='lat' dir='ltr'><strong><em>Britan-</em></strong></span> 
     </span>
    </p>
   </div>
   <div class='ocr_carea' id='block_1_7' title="bbox 240 738 1787 813">
    <p class='ocr_par' dir='ltr' id='par_1_7' title="bbox 240 738 1787 813">
     <span class='ocr_line' id='line_1_7' title="bbox 240 738 1787 813; baseline -0.01 -6"><span class='ocrx_word' id='word_1_50' title='bbox 240 759 332 813; x_wconf 78' lang='lat' dir='ltr'><strong><em>nias</em></strong></span> <span class='ocrx_word' id='word_1_51' title='bbox 358 743 601 807; x_wconf 79' lang='lat' dir='ltr'><strong><em>liberavit;</em></strong></span> <span class='ocrx_word' id='word_1_52' title='bbox 627 742 833 813; x_wconf 84' lang='lat' dir='ltr'><strong><em>quando</em></strong></span> <span class='ocrx_word' id='word_1_53' title='bbox 857 740 1106 812; x_wconf 88' lang='lat' dir='ltr'><strong><em>quosdam</em></strong></span> <span class='ocrx_word' id='word_1_54' title='bbox 1132 740 1371 793; x_wconf 86' lang='lat' dir='ltr'><strong><em>inimicos</em></strong></span> <span class='ocrx_word' id='word_1_55' title='bbox 1392 740 1592 809; x_wconf 78' lang='lat' dir='ltr'><strong><em>gratiae,</em></strong></span> <span class='ocrx_word' id='word_1_56' title='bbox 1619 738 1787 792; x_wconf 86' lang='lat' dir='ltr'><strong><em>solum</em></strong></span> 
     </span>
    </p>
   </div>
   <div class='ocr_carea' id='block_1_8' title="bbox 240 829 1788 911">
    <p class='ocr_par' dir='ltr' id='par_1_8' title="bbox 240 829 1788 911">
     <span class='ocr_line' id='line_1_8' title="bbox 240 829 1788 911; baseline -0.014 -7"><span class='ocrx_word' id='word_1_57' title='bbox 240 862 326 904; x_wconf 71' lang='lat' dir='ltr'><strong><em>suae</em></strong></span> <span class='ocrx_word' id='word_1_58' title='bbox 350 836 549 911; x_wconf 75' lang='lat' dir='ltr'><strong><em>originis</em></strong></span> <span class='ocrx_word' id='word_1_59' title='bbox 574 841 881 904; x_wconf 88' lang='lat' dir='ltr'><strong><em>occupantes</em></strong></span> <span class='ocrx_word' id='word_1_60' title='bbox 904 873 918 897; x_wconf 98' lang='lat'><strong><em>,</em></strong></span> <span class='ocrx_word' id='word_1_61' title='bbox 952 832 1105 885; x_wconf 89' lang='lat' dir='ltr'><strong><em>etiam</em></strong></span> <span class='ocrx_word' id='word_1_62' title='bbox 1144 831 1207 884; x_wconf 92' lang='lat' dir='ltr'><strong><em>ab</em></strong></span> <span class='ocrx_word' id='word_1_63' title='bbox 1233 830 1328 884; x_wconf 91' lang='lat' dir='ltr'><strong><em>illo</em></strong></span> <span class='ocrx_word' id='word_1_64' title='bbox 1356 840 1545 884; x_wconf 88' lang='lat' dir='ltr'><strong><em>secreto</em></strong></span> <span class='ocrx_word' id='word_1_65' title='bbox 1572 829 1788 884; x_wconf 74' lang='lat' dir='ltr'><strong><em>exclusit</em></strong></span> 
     </span>
    </p>
   </div>
   <div class='ocr_carea' id='block_1_9' title="bbox 240 922 1788 999">
    <p class='ocr_par' dir='ltr' id='par_1_9' title="bbox 240 922 1788 999">
     <span class='ocr_line' id='line_1_9' title="bbox 240 922 1788 999; baseline -0.012 -6"><span class='ocrx_word' id='word_1_66' title='bbox 240 936 423 999; x_wconf 82' lang='lat' dir='ltr'><strong><em>Oceani,</em></strong></span> <span class='ocrx_word' id='word_1_67' title='bbox 457 940 499 984; x_wconf 87' lang='lat' dir='ltr'><strong><em>et</em></strong></span> <span class='ocrx_word' id='word_1_68' title='bbox 528 928 764 982; x_wconf 88' lang='lat' dir='ltr'><strong><em>ordinato</em></strong></span> <span class='ocrx_word' id='word_1_69' title='bbox 797 926 990 981; x_wconf 75' lang='lat' dir='ltr'><strong><em>Scottis</em></strong></span> <span class='ocrx_word' id='word_1_70' title='bbox 1021 925 1310 994; x_wconf 89' lang='lat' dir='ltr'><strong><em>(Palladio)</em></strong></span> <span class='ocrx_word' id='word_1_71' title='bbox 1342 925 1581 994; x_wconf 88' lang='lat' dir='ltr'><strong><em>episcopo</em></strong></span> <span class='ocrx_word' id='word_1_72' title='bbox 1606 966 1621 989; x_wconf 95' lang='lat'><strong><em>,</em></strong></span> <span class='ocrx_word' id='word_1_73' title='bbox 1664 922 1788 975; x_wconf 87' lang='lat' dir='ltr'><strong><em>dum</em></strong></span> 
     </span>
    </p>
   </div>
   <div class='ocr_carea' id='block_1_10' title="bbox 238 1015 1791 1087">
    <p class='ocr_par' dir='ltr' id='par_1_10' title="bbox 238 1015 1791 1087">
     <span class='ocr_line' id='line_1_10' title="bbox 238 1015 1791 1087; baseline -0.008 -8"><span class='ocrx_word' id='word_1_74' title='bbox 238 1033 491 1087; x_wconf 84' lang='lat' dir='ltr'><strong><em>Romanam</em></strong></span> <span class='ocrx_word' id='word_1_75' title='bbox 533 1018 757 1071; x_wconf 78' lang='lat' dir='ltr'><strong><em>insulam</em></strong></span> <span class='ocrx_word' id='word_1_76' title='bbox 806 1018 971 1071; x_wconf 87' lang='lat' dir='ltr'><strong><em>studet</em></strong></span> <span class='ocrx_word' id='word_1_77' title='bbox 1018 1031 1222 1069; x_wconf 88' lang='lat' dir='ltr'><strong><em>servare</em></strong></span> <span class='ocrx_word' id='word_1_78' title='bbox 1266 1016 1612 1081; x_wconf 81' lang='lat' dir='ltr'><strong><em>catholicam,</em></strong></span> <span class='ocrx_word' id='word_1_79' title='bbox 1670 1015 1791 1085; x_wconf 76' lang='lat' dir='ltr'><strong><em>fecit</em></strong></span> 
     </span>
    </p>
   </div>
   <div class='ocr_carea' id='block_1_11' title="bbox 236 1108 1053 1176">
    <p class='ocr_par' dir='ltr' id='par_1_11' title="bbox 236 1108 1053 1176">
     <span class='ocr_line' id='line_1_11' title="bbox 236 1108 1053 1176; baseline -0.017 -1"><span class='ocrx_word' id='word_1_80' title='bbox 236 1122 363 1176; x_wconf 85' lang='lat' dir='ltr'><strong><em>etiam</em></strong></span> <span class='ocrx_word' id='word_1_81' title='bbox 392 1111 653 1167; x_wconf 79' lang='lat' dir='ltr'><strong><em>barbaram</em></strong></span> <span class='ocrx_word' id='word_1_82' title='bbox 689 1108 1053 1162; x_wconf 73' lang='lat' dir='ltr'><strong><em>Christianam.</em></strong></span> 
     </span>
    </p>
   </div>
   <div class='ocr_carea' id='block_1_12' title="bbox 296 1198 1788 1269">
    <p class='ocr_par' dir='ltr' id='par_1_12' title="bbox 296 1198 1788 1269">
     <span class='ocr_line' id='line_1_12' title="bbox 296 1198 1788 1269; baseline -0.007 -5"><span class='ocrx_word' id='word_1_83' title='bbox 296 1208 372 1264; x_wconf 69' lang='grc' dir='ltr'><strong>η.</strong></span> <span class='ocrx_word' id='word_1_84' title='bbox 403 1202 700 1265; x_wconf 83' lang='lat' dir='ltr'><strong><em>Nestorius,</em></strong></span> <span class='ocrx_word' id='word_1_85' title='bbox 723 1200 849 1253; x_wconf 92' lang='lat' dir='ltr'><strong><em>dum</em></strong></span> <span class='ocrx_word' id='word_1_86' title='bbox 875 1215 1066 1255; x_wconf 88' lang='lat' dir='ltr'><strong><em>novam</em></strong></span> <span class='ocrx_word' id='word_1_87' title='bbox 1091 1214 1154 1253; x_wconf 90' lang='lat' dir='ltr'><strong><em>ac</em></strong></span> <span class='ocrx_word' id='word_1_88' title='bbox 1182 1213 1489 1267; x_wconf 84' lang='lat' dir='ltr'><strong><em>perversam</em></strong></span> <span class='ocrx_word' id='word_1_89' title='bbox 1512 1198 1788 1269; x_wconf 84' lang='lat' dir='ltr'><strong><em>publicare</em></strong></span> 
     </span>
    </p>
   </div>
   <div class='ocr_carea' id='block_1_13' title="bbox 234 1290 1789 1372">
    <p class='ocr_par' dir='ltr' id='par_1_13' title="bbox 234 1290 1789 1372">
     <span class='ocr_line' id='line_1_13' title="bbox 234 1290 1789 1372; baseline -0.004 -20"><span class='ocrx_word' id='word_1_90' title='bbox 234 1308 485 1372; x_wconf 79' lang='lat' dir='ltr'><strong><em>aggressus</em></strong></span> <span class='ocrx_word' id='word_1_91' title='bbox 507 1300 591 1347; x_wconf 91' lang='lat' dir='ltr'><strong><em>est</em></strong></span> <span class='ocrx_word' id='word_1_92' title='bbox 612 1292 935 1359; x_wconf 91' lang='lat' dir='ltr'><strong><em>doctrinam,</em></strong></span> <span class='ocrx_word' id='word_1_93' title='bbox 965 1292 1165 1345; x_wconf 89' lang='lat' dir='ltr'><strong><em>multos</em></strong></span> <span class='ocrx_word' id='word_1_94' title='bbox 1186 1290 1408 1345; x_wconf 76' lang='lat' dir='ltr'><strong><em>oﬁendit</em></strong></span> <span class='ocrx_word' id='word_1_95' title='bbox 1428 1300 1537 1344; x_wconf 90' lang='lat' dir='ltr'><strong><em>tam</em></strong></span> <span class='ocrx_word' id='word_1_96' title='bbox 1559 1292 1789 1346; x_wconf 85' lang='lat' dir='ltr'><strong><em>clericos</em></strong></span> 
     </span>
    </p>
   </div>
   <div class='ocr_carea' id='block_1_14' title="bbox 235 1384 1788 1466">
    <p class='ocr_par' dir='ltr' id='par_1_14' title="bbox 235 1384 1788 1466">
     <span class='ocr_line' id='line_1_14' title="bbox 235 1384 1788 1466; baseline -0.005 -19"><span class='ocrx_word' id='word_1_97' title='bbox 235 1408 369 1466; x_wconf 89' lang='lat' dir='ltr'><strong><em>quam</em></strong></span> <span class='ocrx_word' id='word_1_98' title='bbox 390 1388 547 1442; x_wconf 86' lang='lat' dir='ltr'><strong><em>laicos</em></strong></span> <span class='ocrx_word' id='word_1_99' title='bbox 569 1385 659 1456; x_wconf 85' lang='lat' dir='ltr'><strong><em>qui</em></strong></span> <span class='ocrx_word' id='word_1_100' title='bbox 685 1384 786 1454; x_wconf 85' lang='lat' dir='ltr'><strong><em>ipsi</em></strong></span> <span class='ocrx_word' id='word_1_101' title='bbox 808 1385 1263 1439; x_wconf 89' lang='lat' dir='ltr'><strong><em>contradicerent.</em></strong></span> <span class='ocrx_word' id='word_1_102' title='bbox 1294 1384 1363 1439; x_wconf 88' lang='lat' dir='ltr'><strong><em>Et</em></strong></span> <span class='ocrx_word' id='word_1_103' title='bbox 1386 1385 1550 1439; x_wconf 88' lang='lat' dir='ltr'><strong><em>laicos</em></strong></span> <span class='ocrx_word' id='word_1_104' title='bbox 1572 1384 1788 1454; x_wconf 85' lang='lat' dir='ltr'><strong><em>quidem</em></strong></span> 
     </span>
    </p>
   </div>
   <div class='ocr_carea' id='block_1_15' title="bbox 234 1476 1793 1547">
    <p class='ocr_par' dir='ltr' id='par_1_15' title="bbox 234 1476 1793 1547">
     <span class='ocr_line' id='line_1_15' title="bbox 234 1476 1793 1547; baseline -0.009 -4"><span class='ocrx_word' id='word_1_105' title='bbox 234 1482 602 1547; x_wconf 89' lang='lat' dir='ltr'><strong><em>communione,</em></strong></span> <span class='ocrx_word' id='word_1_106' title='bbox 636 1480 863 1533; x_wconf 87' lang='lat' dir='ltr'><strong><em>clericos</em></strong></span> <span class='ocrx_word' id='word_1_107' title='bbox 892 1488 1072 1533; x_wconf 86' lang='lat' dir='ltr'><strong><em>autem</em></strong></span> <span class='ocrx_word' id='word_1_108' title='bbox 1098 1477 1267 1547; x_wconf 80' lang='lat' dir='ltr'><strong><em>gradu</em></strong></span> <span class='ocrx_word' id='word_1_109' title='bbox 1299 1492 1397 1531; x_wconf 91' lang='lat' dir='ltr'><strong><em>suo</em></strong></span> <span class='ocrx_word' id='word_1_110' title='bbox 1425 1476 1679 1545; x_wconf 83' lang='lat' dir='ltr'><strong><em>privavit.</em></strong></span> <span class='ocrx_word' id='word_1_111' title='bbox 1713 1477 1793 1532; x_wconf 85' lang='lat' dir='ltr'><strong><em>Ac</em></strong></span> 
     </span>
    </p>
   </div>
   <div class='ocr_carea' id='block_1_16' title="bbox 234 1568 1792 1639">
    <p class='ocr_par' dir='ltr' id='par_1_16' title="bbox 234 1568 1792 1639">
     <span class='ocr_line' id='line_1_16' title="bbox 234 1568 1792 1639; baseline -0.006 -8"><span class='ocrx_word' id='word_1_112' title='bbox 234 1575 402 1633; x_wconf 87' lang='lat' dir='ltr'><strong><em>deinde</em></strong></span> <span class='ocrx_word' id='word_1_113' title='bbox 429 1573 491 1625; x_wconf 89' lang='lat' dir='ltr'><strong><em>ad</em></strong></span> <span class='ocrx_word' id='word_1_114' title='bbox 517 1569 871 1626; x_wconf 64' lang='lat' dir='ltr'><strong><em>Caelestinum</em></strong></span> <span class='ocrx_word' id='word_1_115' title='bbox 904 1570 1104 1638; x_wconf 89' lang='lat' dir='ltr'><strong><em>scripta</em></strong></span> <span class='ocrx_word' id='word_1_116' title='bbox 1133 1569 1366 1639; x_wconf 88' lang='lat' dir='ltr'><strong><em>epistola</em></strong></span> <span class='ocrx_word' id='word_1_117' title='bbox 1394 1610 1408 1635; x_wconf 94' lang='lat'><strong><em>,</em></strong></span> <span class='ocrx_word' id='word_1_118' title='bbox 1442 1570 1543 1623; x_wconf 93' lang='lat' dir='ltr'><strong><em>hoc</em></strong></span> <span class='ocrx_word' id='word_1_119' title='bbox 1575 1569 1624 1624; x_wconf 90' lang='lat' dir='ltr'><strong><em>ei</em></strong></span> <span class='ocrx_word' id='word_1_120' title='bbox 1654 1568 1792 1623; x_wconf 90' lang='lat' dir='ltr'><strong><em>indi-</em></strong></span> 
     </span>
    </p>
   </div>
   <div class='ocr_carea' id='block_1_17' title="bbox 235 1661 1790 1735">
    <p class='ocr_par' dir='ltr' id='par_1_17' title="bbox 235 1661 1790 1735">
     <span class='ocr_line' id='line_1_17' title="bbox 235 1661 1790 1735; baseline -0.006 -10"><span class='ocrx_word' id='word_1_121' title='bbox 235 1683 337 1726; x_wconf 76' lang='lat' dir='ltr'><strong><em>care</em></strong></span> <span class='ocrx_word' id='word_1_122' title='bbox 362 1664 653 1721; x_wconf 79' lang='lat' dir='ltr'><strong><em>festinavit.</em></strong></span> <span class='ocrx_word' id='word_1_123' title='bbox 683 1663 945 1732; x_wconf 83' lang='lat' dir='ltr'><strong><em>Epistolae</em></strong></span> <span class='ocrx_word' id='word_1_124' title='bbox 976 1662 1135 1732; x_wconf 89' lang='lat' dir='ltr'><strong><em>hujus</em></strong></span> <span class='ocrx_word' id='word_1_125' title='bbox 1178 1664 1427 1718; x_wconf 87' lang='lat' dir='ltr'><strong><em>meminit</em></strong></span> <span class='ocrx_word' id='word_1_126' title='bbox 1460 1661 1692 1735; x_wconf 87' lang='lat' dir='ltr'><strong><em>Cyrillus</em></strong></span> <span class='ocrx_word' id='word_1_127' title='bbox 1738 1664 1790 1716; x_wconf 93' lang='lat' dir='ltr'><strong><em>in</em></strong></span> 
     </span>
    </p>
   </div>
   <div class='ocr_carea' id='block_1_18' title="bbox 232 1754 1789 1826">
    <p class='ocr_par' dir='ltr' id='par_1_18' title="bbox 232 1754 1789 1826">
     <span class='ocr_line' id='line_1_18' title="bbox 232 1754 1789 1826; baseline -0.004 -10"><span class='ocrx_word' id='word_1_128' title='bbox 232 1777 286 1817; x_wconf 91' lang='lat' dir='ltr'><strong><em>eo</em></strong></span> <span class='ocrx_word' id='word_1_129' title='bbox 307 1758 492 1826; x_wconf 90' lang='lat' dir='ltr'><strong><em>scripto</em></strong></span> <span class='ocrx_word' id='word_1_130' title='bbox 521 1770 633 1826; x_wconf 91' lang='lat' dir='ltr'><strong><em>quo</em></strong></span> <span class='ocrx_word' id='word_1_131' title='bbox 661 1756 981 1810; x_wconf 86' lang='lat' dir='ltr'><strong><em>sententiam</em></strong></span> <span class='ocrx_word' id='word_1_132' title='bbox 1012 1755 1264 1810; x_wconf 76' lang='lat' dir='ltr'><strong><em>Nestorio</em></strong></span> <span class='ocrx_word' id='word_1_133' title='bbox 1293 1754 1596 1819; x_wconf 84' lang='lat' dir='ltr'><strong><em>denuntiat,</em></strong></span> <span class='ocrx_word' id='word_1_134' title='bbox 1628 1770 1789 1825; x_wconf 91' lang='lat' dir='ltr'><strong><em>quam</em></strong></span> 
     </span>
    </p>
   </div>
   <div class='ocr_carea' id='block_1_19' title="bbox 1890 557 3473 630">
    <p class='ocr_par' dir='ltr' id='par_1_19' title="bbox 1890 557 3473 630">
     <span class='ocr_line' id='line_1_19' title="bbox 1890 557 3473 630; baseline 0.004 -19"><span class='ocrx_word' id='word_1_135' title='bbox 1890 574 2210 630; x_wconf 83' lang='lat' dir='ltr'><strong><em>responsum.</em></strong></span> <span class='ocrx_word' id='word_1_136' title='bbox 2237 557 2368 612; x_wconf 90' lang='lat' dir='ltr'><strong><em>Cum</em></strong></span> <span class='ocrx_word' id='word_1_137' title='bbox 2400 570 2577 614; x_wconf 87' lang='lat' dir='ltr'><strong><em>autem</em></strong></span> <span class='ocrx_word' id='word_1_138' title='bbox 2606 561 2865 615; x_wconf 90' lang='lat' dir='ltr'><strong><em>Tuentius</em></strong></span> <span class='ocrx_word' id='word_1_139' title='bbox 2894 560 2984 615; x_wconf 90' lang='lat' dir='ltr'><strong><em>ille</em></strong></span> <span class='ocrx_word' id='word_1_140' title='bbox 3011 575 3116 616; x_wconf 91' lang='lat' dir='ltr'><strong><em>non</em></strong></span> <span class='ocrx_word' id='word_1_141' title='bbox 3150 560 3284 615; x_wconf 85' lang='lat' dir='ltr'><strong><em>alius</em></strong></span> <span class='ocrx_word' id='word_1_142' title='bbox 3312 563 3379 617; x_wconf 88' lang='lat' dir='ltr'><strong><em>ab</em></strong></span> <span class='ocrx_word' id='word_1_143' title='bbox 3404 577 3473 618; x_wconf 91' lang='lat' dir='ltr'><strong><em>eo</em></strong></span> 
     </span>
    </p>
   </div>
   <div class='ocr_carea' id='block_1_20' title="bbox 1891 651 3475 723">
    <p class='ocr_par' dir='ltr' id='par_1_20' title="bbox 1891 651 3475 723">
     <span class='ocr_line' id='line_1_20' title="bbox 1891 651 3475 723; baseline 0.004 -17"><span class='ocrx_word' id='word_1_144' title='bbox 1891 665 2012 706; x_wconf 90' lang='lat' dir='ltr'><strong><em>esse</em></strong></span> <span class='ocrx_word' id='word_1_145' title='bbox 2029 651 2277 706; x_wconf 89' lang='lat' dir='ltr'><strong><em>videatur</em></strong></span> <span class='ocrx_word' id='word_1_146' title='bbox 2297 667 2455 723; x_wconf 87' lang='lat' dir='ltr'><strong><em>quem</em></strong></span> <span class='ocrx_word' id='word_1_147' title='bbox 2481 653 2729 709; x_wconf 87' lang='lat' dir='ltr'><strong><em>Zosimus</em></strong></span> <span class='ocrx_word' id='word_1_148' title='bbox 2752 655 2909 723; x_wconf 89' lang='lat' dir='ltr'><strong><em>epist.</em></strong></span> <span class='ocrx_word' id='word_1_149' title='bbox 2941 655 2994 721; x_wconf 73' lang='grc'><strong><em>4,</em></strong></span> <span class='ocrx_word' id='word_1_150' title='bbox 3022 671 3077 710; x_wconf 94' lang='lat' dir='ltr'><strong><em>n.</em></strong></span> <span class='ocrx_word' id='word_1_151' title='bbox 3099 655 3155 721; x_wconf 76' lang='grc'><strong><em>4,</em></strong></span> <span class='ocrx_word' id='word_1_152' title='bbox 3184 670 3213 710; x_wconf 87' lang='lat' dir='ltr'><strong><em>a</em></strong></span> <span class='ocrx_word' id='word_1_153' title='bbox 3241 656 3475 712; x_wconf 86' lang='lat' dir='ltr'><strong><em>Proculo</em></strong></span> 
     </span>
    </p>
   </div>
   <div class='ocr_carea' id='block_1_21' title="bbox 1891 742 3476 821">
    <p class='ocr_par' dir='ltr' id='par_1_21' title="bbox 1891 742 3476 821">
     <span class='ocr_line' id='line_1_21' title="bbox 1891 742 3476 821; baseline 0.004 -24"><span class='ocrx_word' id='word_1_154' title='bbox 1891 742 2210 799; x_wconf 87' lang='lat' dir='ltr'><strong><em>Massiliensi</em></strong></span> <span class='ocrx_word' id='word_1_155' title='bbox 2249 744 2488 799; x_wconf 81' lang='lat' dir='ltr'><strong><em>antistite</em></strong></span> <span class='ocrx_word' id='word_1_156' title='bbox 2527 745 2833 801; x_wconf 90' lang='lat' dir='ltr'><strong><em>ordinatum</em></strong></span> <span class='ocrx_word' id='word_1_157' title='bbox 2865 745 3095 814; x_wconf 86' lang='lat' dir='ltr'><strong><em>indicat,</em></strong></span> <span class='ocrx_word' id='word_1_158' title='bbox 3127 747 3476 821; x_wconf 87' lang='lat' dir='ltr'><strong><em>presbyteros</em></strong></span> 
     </span>
    </p>
   </div>
   <div class='ocr_carea' id='block_1_22' title="bbox 1892 834 3477 915">
    <p class='ocr_par' dir='ltr' id='par_1_22' title="bbox 1892 834 3477 915">
     <span class='ocr_line' id='line_1_22' title="bbox 1892 834 3477 915; baseline 0.003 -26"><span class='ocrx_word' id='word_1_159' title='bbox 1892 834 2036 905; x_wconf 90' lang='lat' dir='ltr'><strong><em>illos,</em></strong></span> <span class='ocrx_word' id='word_1_160' title='bbox 2068 836 2135 891; x_wconf 91' lang='lat' dir='ltr'><strong><em>de</em></strong></span> <span class='ocrx_word' id='word_1_161' title='bbox 2161 837 2356 915; x_wconf 87' lang='lat' dir='ltr'><strong><em>quibus</em></strong></span> <span class='ocrx_word' id='word_1_162' title='bbox 2387 852 2414 888; x_wconf 88' lang='lat' dir='ltr'><strong><em>a</em></strong></span> <span class='ocrx_word' id='word_1_163' title='bbox 2438 837 2670 892; x_wconf 88' lang='lat' dir='ltr'><strong><em>Tuentio</em></strong></span> <span class='ocrx_word' id='word_1_164' title='bbox 2698 836 3021 894; x_wconf 75' lang='lat' dir='ltr'><strong><em>leestinus</em></strong></span> <span class='ocrx_word' id='word_1_165' title='bbox 3046 840 3323 895; x_wconf 91' lang='lat' dir='ltr'><strong><em>consultus</em></strong></span> <span class='ocrx_word' id='word_1_166' title='bbox 3352 850 3435 896; x_wconf 90' lang='lat' dir='ltr'><strong><em>est</em></strong></span> <span class='ocrx_word' id='word_1_167' title='bbox 3463 882 3477 905; x_wconf 93' lang='lat'><strong><em>,</em></strong></span> 
     </span>
    </p>
   </div>
   <div class='ocr_carea' id='block_1_23' title="bbox 1892 927 3478 1003">
    <p class='ocr_par' dir='ltr' id='par_1_23' title="bbox 1892 927 3478 1003">
     <span class='ocr_line' id='line_1_23' title="bbox 1892 927 3478 1003; baseline 0.006 -23"><span class='ocrx_word' id='word_1_168' title='bbox 1892 927 2085 982; x_wconf 90' lang='lat' dir='ltr'><strong><em>merito</em></strong></span> <span class='ocrx_word' id='word_1_169' title='bbox 2129 942 2445 983; x_wconf 87' lang='lat' dir='ltr'><strong><em>censeamus</em></strong></span> <span class='ocrx_word' id='word_1_170' title='bbox 2492 930 2893 1000; x_wconf 84' lang='lat' dir='ltr'><strong><em>Massilienses,</em></strong></span> <span class='ocrx_word' id='word_1_171' title='bbox 2952 933 3042 1003; x_wconf 88' lang='lat' dir='ltr'><strong><em>qui</em></strong></span> <span class='ocrx_word' id='word_1_172' title='bbox 3091 933 3375 1003; x_wconf 79' lang='lat' dir='ltr'><strong><em>Augustini</em></strong></span> <span class='ocrx_word' id='word_1_173' title='bbox 3408 934 3478 989; x_wconf 90' lang='lat' dir='ltr'><strong><em>de</em></strong></span> 
     </span>
    </p>
   </div>
   <div class='ocr_carea' id='block_1_24' title="bbox 1892 1017 3474 1094">
    <p class='ocr_par' dir='ltr' id='par_1_24' title="bbox 1892 1017 3474 1094">
     <span class='ocr_line' id='line_1_24' title="bbox 1892 1017 3474 1094; baseline 0.005 -24"><span class='ocrx_word' id='word_1_174' title='bbox 1892 1017 2061 1087; x_wconf 83' lang='lat' dir='ltr'><strong><em>gratia</em></strong></span> <span class='ocrx_word' id='word_1_175' title='bbox 2106 1018 2407 1073; x_wconf 87' lang='lat' dir='ltr'><strong><em>doctrinam</em></strong></span> <span class='ocrx_word' id='word_1_176' title='bbox 2448 1028 2576 1075; x_wconf 90' lang='lat' dir='ltr'><strong><em>tunc</em></strong></span> <span class='ocrx_word' id='word_1_177' title='bbox 2606 1021 2780 1091; x_wconf 81' lang='lat' dir='ltr'><strong><em>palam</em></strong></span> <span class='ocrx_word' id='word_1_178' title='bbox 2823 1021 3129 1092; x_wconf 88' lang='lat' dir='ltr'><strong><em>improbare</em></strong></span> <span class='ocrx_word' id='word_1_179' title='bbox 3171 1031 3474 1094; x_wconf 72' lang='lat' dir='ltr'><strong><em>creperum.</em></strong></span> 
     </span>
    </p>
   </div>
   <div class='ocr_carea' id='block_1_25' title="bbox 1892 1109 3473 1185">
    <p class='ocr_par' dir='ltr' id='par_1_25' title="bbox 1892 1109 3473 1185">
     <span class='ocr_line' id='line_1_25' title="bbox 1892 1109 3473 1185; baseline 0.004 -22"><span class='ocrx_word' id='word_1_180' title='bbox 1892 1109 2157 1176; x_wconf 85' lang='lat' dir='ltr'><strong><em>Quocirca</em></strong></span> <span class='ocrx_word' id='word_1_181' title='bbox 2190 1120 2243 1166; x_wconf 91' lang='lat' dir='ltr'><strong><em>et</em></strong></span> <span class='ocrx_word' id='word_1_182' title='bbox 2272 1113 2413 1180; x_wconf 91' lang='lat' dir='ltr'><strong><em>quod</em></strong></span> <span class='ocrx_word' id='word_1_183' title='bbox 2444 1112 2699 1168; x_wconf 91' lang='lat' dir='ltr'><strong><em>Tuentius</em></strong></span> <span class='ocrx_word' id='word_1_184' title='bbox 2728 1115 2981 1184; x_wconf 89' lang='lat' dir='ltr'><strong><em>scripsit,</em></strong></span> <span class='ocrx_word' id='word_1_185' title='bbox 3023 1124 3078 1170; x_wconf 89' lang='lat' dir='ltr'><strong><em>et</em></strong></span> <span class='ocrx_word' id='word_1_186' title='bbox 3104 1116 3245 1185; x_wconf 92' lang='lat' dir='ltr'><strong><em>quod</em></strong></span> <span class='ocrx_word' id='word_1_187' title='bbox 3276 1116 3473 1171; x_wconf 89' lang='lat' dir='ltr'><strong><em>rescri-</em></strong></span> 
     </span>
    </p>
   </div>
   <div class='ocr_carea' id='block_1_26' title="bbox 1893 1205 3480 1274">
    <p class='ocr_par' dir='ltr' id='par_1_26' title="bbox 1893 1205 3480 1274">
     <span class='ocr_line' id='line_1_26' title="bbox 1893 1205 3480 1274; baseline 0.007 -16"><span class='ocrx_word' id='word_1_188' title='bbox 1893 1205 2001 1274; x_wconf 89' lang='lat' dir='ltr'><strong><em>psit</em></strong></span> <span class='ocrx_word' id='word_1_189' title='bbox 2020 1206 2364 1274; x_wconf 84' lang='lat' dir='ltr'><strong><em>Coelestinus,</em></strong></span> <span class='ocrx_word' id='word_1_190' title='bbox 2391 1212 2457 1264; x_wconf 86' lang='lat' dir='ltr'><strong><em>ad</em></strong></span> <span class='ocrx_word' id='word_1_191' title='bbox 2485 1210 2734 1265; x_wconf 91' lang='lat' dir='ltr'><strong><em>eumdem</em></strong></span> <span class='ocrx_word' id='word_1_192' title='bbox 2756 1225 2955 1266; x_wconf 90' lang='lat' dir='ltr'><strong><em>annum</em></strong></span> <span class='ocrx_word' id='word_1_193' title='bbox 2978 1210 3081 1267; x_wconf 74' lang='grc'><strong><em>451</em></strong></span> <span class='ocrx_word' id='word_1_194' title='bbox 3106 1214 3480 1270; x_wconf 82' lang='lat' dir='ltr'><strong><em>existimamus</em></strong></span> 
     </span>
    </p>
   </div>
   <div class='ocr_carea' id='block_1_27' title="bbox 1894 1299 2191 1367">
    <p class='ocr_par' dir='ltr' id='par_1_27' title="bbox 1894 1299 2191 1367">
     <span class='ocr_line' id='line_1_27' title="bbox 1894 1299 2191 1367; baseline 0 -16"><span class='ocrx_word' id='word_1_195' title='bbox 1894 1299 2191 1367; x_wconf 88' lang='lat' dir='ltr'><strong><em>pertinere.</em></strong></span> 
     </span>
    </p>
   </div>
   <div class='ocr_carea' id='block_1_28' title="bbox 1969 1387 3479 1469">
    <p class='ocr_par' dir='ltr' id='par_1_28' title="bbox 1969 1387 3479 1469">
     <span class='ocr_line' id='line_1_28' title="bbox 1969 1387 3479 1469; baseline 0.007 -27"><span class='ocrx_word' id='word_1_196' title='bbox 1969 1387 2055 1442; x_wconf 87' lang='grc'><strong>15.</strong></span> <span class='ocrx_word' id='word_1_197' title='bbox 2100 1389 2233 1443; x_wconf 91' lang='lat' dir='ltr'><strong><em>Dum</em></strong></span> <span class='ocrx_word' id='word_1_198' title='bbox 2262 1389 2535 1460; x_wconf 88' lang='lat' dir='ltr'><strong><em>Ephesina</em></strong></span> <span class='ocrx_word' id='word_1_199' title='bbox 2560 1394 2928 1450; x_wconf 86' lang='lat' dir='ltr'><strong><em>celebraretur</em></strong></span> <span class='ocrx_word' id='word_1_200' title='bbox 2954 1395 3218 1469; x_wconf 79' lang='lat' dir='ltr'><strong><em>synodus,</em></strong></span> <span class='ocrx_word' id='word_1_201' title='bbox 3246 1395 3479 1468; x_wconf 86' lang='lat' dir='ltr'><strong><em>Cyrillus</em></strong></span> 
     </span>
    </p>
   </div>
   <div class='ocr_carea' id='block_1_29' title="bbox 1895 1479 3479 1553">
    <p class='ocr_par' dir='ltr' id='par_1_29' title="bbox 1895 1479 3479 1553">
     <span class='ocr_line' id='line_1_29' title="bbox 1895 1479 3479 1553; baseline 0.007 -20"><span class='ocrx_word' id='word_1_202' title='bbox 1895 1479 2294 1536; x_wconf 83' lang='lat' dir='ltr'><strong><em>Alexandrinus</em></strong></span> <span class='ocrx_word' id='word_1_203' title='bbox 2322 1483 2547 1538; x_wconf 83' lang='lat' dir='ltr'><strong><em>antistes</em></strong></span> <span class='ocrx_word' id='word_1_204' title='bbox 2573 1484 2853 1553; x_wconf 88' lang='lat' dir='ltr'><strong><em>epistolam</em></strong></span> <span class='ocrx_word' id='word_1_205' title='bbox 2882 1486 2946 1541; x_wconf 89' lang='lat' dir='ltr'><strong><em>ad</em></strong></span> <span class='ocrx_word' id='word_1_206' title='bbox 2969 1487 3205 1543; x_wconf 86' lang='lat' dir='ltr'><strong><em>Leonem</em></strong></span> <span class='ocrx_word' id='word_1_207' title='bbox 3237 1496 3361 1543; x_wconf 90' lang='lat' dir='ltr'><strong><em>tunc</em></strong></span> <span class='ocrx_word' id='word_1_208' title='bbox 3389 1504 3479 1543; x_wconf 86' lang='lat' dir='ltr'><strong><em>ar-</em></strong></span> 
     </span>
    </p>
   </div>
   <div class='ocr_carea' id='block_1_30' title="bbox 1896 1571 3478 1645">
    <p class='ocr_par' dir='ltr' id='par_1_30' title="bbox 1896 1571 3478 1645">
     <span class='ocr_line' id='line_1_30' title="bbox 1896 1571 3478 1645; baseline 0.007 -21"><span class='ocrx_word' id='word_1_209' title='bbox 1896 1571 2276 1626; x_wconf 91' lang='lat' dir='ltr'><strong><em>chidiaconum</em></strong></span> <span class='ocrx_word' id='word_1_210' title='bbox 2305 1575 2469 1641; x_wconf 90' lang='lat' dir='ltr'><strong><em>misit,</em></strong></span> <span class='ocrx_word' id='word_1_211' title='bbox 2496 1590 2592 1644; x_wconf 93' lang='lat' dir='ltr'><strong><em>per</em></strong></span> <span class='ocrx_word' id='word_1_212' title='bbox 2616 1577 2787 1645; x_wconf 90' lang='lat' dir='ltr'><strong><em>ipsum</em></strong></span> <span class='ocrx_word' id='word_1_213' title='bbox 2809 1578 3107 1634; x_wconf 68' lang='lat' dir='ltr'><strong><em>Caelestino</em></strong></span> <span class='ocrx_word' id='word_1_214' title='bbox 3127 1578 3478 1643; x_wconf 87' lang='lat' dir='ltr'><strong><em>reddendam,</em></strong></span> 
     </span>
    </p>
   </div>
   <div class='ocr_carea' id='block_1_31' title="bbox 1896 1663 3479 1742">
    <p class='ocr_par' dir='ltr' id='par_1_31' title="bbox 1896 1663 3479 1742">
     <span class='ocr_line' id='line_1_31' title="bbox 1896 1663 3479 1742; baseline 0.008 -26"><span class='ocrx_word' id='word_1_215' title='bbox 1896 1679 1999 1731; x_wconf 89' lang='lat' dir='ltr'><strong><em>qua</em></strong></span> <span class='ocrx_word' id='word_1_216' title='bbox 2039 1663 2352 1719; x_wconf 88' lang='lat' dir='ltr'><strong><em>Juvenalem</em></strong></span> <span class='ocrx_word' id='word_1_217' title='bbox 2383 1666 2854 1740; x_wconf 81' lang='lat' dir='ltr'><strong><em>Jerosolymitanae</em></strong></span> <span class='ocrx_word' id='word_1_218' title='bbox 2888 1671 3141 1726; x_wconf 75' lang='lat' dir='ltr'><strong><em>Ecclesia:</em></strong></span> <span class='ocrx_word' id='word_1_219' title='bbox 3170 1671 3479 1742; x_wconf 86' lang='lat' dir='ltr'><strong><em>episcopum</em></strong></span> 
     </span>
    </p>
   </div>
   <div class='ocr_carea' id='block_1_32' title="bbox 1896 1754 3481 1832">
    <p class='ocr_par' dir='ltr' id='par_1_32' title="bbox 1896 1754 3481 1832">
     <span class='ocr_line' id='line_1_32' title="bbox 1896 1754 3481 1832; baseline 0.007 -25"><span class='ocrx_word' id='word_1_220' title='bbox 1896 1754 1950 1807; x_wconf 92' lang='lat' dir='ltr'><strong><em>in</em></strong></span> <span class='ocrx_word' id='word_1_221' title='bbox 1977 1755 2227 1823; x_wconf 61' lang='lat' dir='ltr'><strong><em>praedicta</em></strong></span> <span class='ocrx_word' id='word_1_222' title='bbox 2251 1758 2459 1829; x_wconf 84' lang='lat' dir='ltr'><strong><em>synodo</em></strong></span> <span class='ocrx_word' id='word_1_223' title='bbox 2484 1759 2785 1815; x_wconf 81' lang='lat' dir='ltr'><strong><em>Palaestinae</em></strong></span> <span class='ocrx_word' id='word_1_224' title='bbox 2812 1763 3103 1832; x_wconf 70' lang='lat' dir='ltr'><strong><em>provincia:</em></strong></span> <span class='ocrx_word' id='word_1_225' title='bbox 3128 1764 3481 1832; x_wconf 90' lang='lat' dir='ltr'><strong><em>principatum</em></strong></span> 
     </span>
    </p>
   </div>
   <div class='ocr_carea' id='block_1_33' title="bbox 232 1848 3482 1927">
    <p class='ocr_par' dir='ltr' id='par_1_33' title="bbox 232 1848 3482 1927">
     <span class='ocr_line' id='line_1_33' title="bbox 232 1848 3482 1927; baseline 0.001 -16"><span class='ocrx_word' id='word_1_226' title='bbox 232 1853 524 1911; x_wconf 73' lang='lat' dir='ltr'><strong><em>leestinus</em></strong></span> <span class='ocrx_word' id='word_1_227' title='bbox 576 1850 839 1905; x_wconf 85' lang='lat' dir='ltr'><strong><em>adversus</em></strong></span> <span class='ocrx_word' id='word_1_228' title='bbox 889 1850 1067 1917; x_wconf 92' lang='lat' dir='ltr'><strong><em>ipsum</em></strong></span> <span class='ocrx_word' id='word_1_229' title='bbox 1100 1849 1317 1903; x_wconf 88' lang='lat' dir='ltr'><strong><em>tulerat.</em></strong></span> <span class='ocrx_word' id='word_1_230' title='bbox 1354 1848 1591 1902; x_wconf 89' lang='lat' dir='ltr'><strong><em>Primum</em></strong></span> <span class='ocrx_word' id='word_1_231' title='bbox 1643 1849 1790 1902; x_wconf 91' lang='lat' dir='ltr'><strong><em>enim</em></strong></span> <span class='ocrx_word' id='word_1_232' title='bbox 1821 1852 1871 1914; x_wconf 86' lang='lat' dir='ltr'><strong>B</strong></span> <span class='ocrx_word' id='word_1_233' title='bbox 1898 1848 2156 1903; x_wconf 87' lang='lat' dir='ltr'><strong><em>ambiisse</em></strong></span> <span class='ocrx_word' id='word_1_234' title='bbox 2182 1894 2195 1915; x_wconf 93' lang='lat'><strong><em>,</em></strong></span> <span class='ocrx_word' id='word_1_235' title='bbox 2250 1860 2410 1919; x_wconf 88' lang='lat' dir='ltr'><strong><em>atque</em></strong></span> <span class='ocrx_word' id='word_1_236' title='bbox 2453 1852 2750 1910; x_wconf 90' lang='lat' dir='ltr'><strong><em>insolentes</em></strong></span> <span class='ocrx_word' id='word_1_237' title='bbox 2792 1871 2953 1911; x_wconf 89' lang='lat' dir='ltr'><strong><em>ausus</em></strong></span> <span class='ocrx_word' id='word_1_238' title='bbox 2994 1872 3088 1927; x_wconf 90' lang='lat' dir='ltr'><strong><em>per</em></strong></span> <span class='ocrx_word' id='word_1_239' title='bbox 3116 1858 3482 1915; x_wconf 88' lang='lat' dir='ltr'><strong><em>commentitia</em></strong></span> 
     </span>
    </p>
   </div>
   <div class='ocr_carea' id='block_1_34' title="bbox 232 1940 1787 2018">
    <p class='ocr_par' dir='ltr' id='par_1_34' title="bbox 232 1940 1787 2018">
     <span class='ocr_line' id='line_1_34' title="bbox 232 1940 1787 2018; baseline -0.006 -13"><span class='ocrx_word' id='word_1_240' title='bbox 232 1951 289 2005; x_wconf 87' lang='lat' dir='ltr'><strong><em>ibi</em></strong></span> <span class='ocrx_word' id='word_1_241' title='bbox 315 1944 586 2018; x_wconf 71' lang='lat' dir='ltr'><strong><em>praemittit</em></strong></span> <span class='ocrx_word' id='word_1_242' title='bbox 613 1962 625 1996; x_wconf 91' lang='lat'>:</span> <span class='ocrx_word' id='word_1_243' title='bbox 663 1943 939 2009; x_wconf 78' lang='lat' dir='ltr'><strong><em>Omnibus,</em></strong></span> <span class='ocrx_word' id='word_1_244' title='bbox 972 1944 1057 2011; x_wconf 89' lang='lat' dir='ltr'><strong><em>qui</em></strong></span> <span class='ocrx_word' id='word_1_245' title='bbox 1085 1959 1117 1996; x_wconf 91' lang='lat' dir='ltr'><strong><em>a</em></strong></span> <span class='ocrx_word' id='word_1_246' title='bbox 1144 1952 1233 1995; x_wconf 86' lang='lat' dir='ltr'><strong><em>tua</em></strong></span> <span class='ocrx_word' id='word_1_247' title='bbox 1258 1943 1540 1996; x_wconf 86' lang='lat' dir='ltr'><strong><em>reverentia</em></strong></span> <span class='ocrx_word' id='word_1_248' title='bbox 1582 1942 1651 2013; x_wconf 92' lang='lat'><strong><em>(0</em></strong></span> <span class='ocrx_word' id='word_1_249' title='bbox 1678 1940 1787 1996; x_wconf 89' lang='lat' dir='ltr'><strong><em>Ne-</em></strong></span> 
     </span>
    </p>
   </div>
   <div class='ocr_carea' id='block_1_35' title="bbox 230 2034 1791 2109">
    <p class='ocr_par' dir='ltr' id='par_1_35' title="bbox 230 2034 1791 2109">
     <span class='ocr_line' id='line_1_35' title="bbox 230 2034 1791 2109; baseline -0.006 -12"><span class='ocrx_word' id='word_1_250' title='bbox 230 2041 367 2109; x_wconf 85' lang='lat' dir='ltr'><strong><em>stori)</em></strong></span> <span class='ocrx_word' id='word_1_251' title='bbox 396 2038 623 2107; x_wconf 74' lang='lat' dir='ltr'><strong><em>separati</em></strong></span> <span class='ocrx_word' id='word_1_252' title='bbox 652 2046 767 2090; x_wconf 86' lang='lat' dir='ltr'><strong><em>sunt</em></strong></span> <span class='ocrx_word' id='word_1_253' title='bbox 796 2044 1009 2108; x_wconf 88' lang='lat' dir='ltr'><strong><em>prapter</em></strong></span> <span class='ocrx_word' id='word_1_254' title='bbox 1040 2035 1195 2105; x_wconf 83' lang='lat' dir='ltr'><strong><em>[idem</em></strong></span> <span class='ocrx_word' id='word_1_255' title='bbox 1220 2076 1235 2101; x_wconf 94' lang='lat'><strong><em>,</em></strong></span> <span class='ocrx_word' id='word_1_256' title='bbox 1276 2035 1354 2088; x_wconf 82' lang='lat' dir='ltr'><strong><em>vel</em></strong></span> <span class='ocrx_word' id='word_1_257' title='bbox 1384 2034 1603 2105; x_wconf 86' lang='lat' dir='ltr'><strong><em>depositi</em></strong></span> <span class='ocrx_word' id='word_1_258' title='bbox 1627 2076 1642 2099; x_wconf 93' lang='lat'><strong><em>,</em></strong></span> <span class='ocrx_word' id='word_1_259' title='bbox 1687 2043 1791 2087; x_wconf 88' lang='lat' dir='ltr'><strong><em>tam</em></strong></span> 
     </span>
    </p>
   </div>
   <div class='ocr_carea' id='block_1_36' title="bbox 232 2127 1791 2202">
    <p class='ocr_par' dir='ltr' id='par_1_36' title="bbox 232 2127 1791 2202">
     <span class='ocr_line' id='line_1_36' title="bbox 232 2127 1791 2202; baseline -0.004 -14"><span class='ocrx_word' id='word_1_260' title='bbox 232 2135 354 2189; x_wconf 86' lang='lat' dir='ltr'><strong><em>laicis</em></strong></span> <span class='ocrx_word' id='word_1_261' title='bbox 379 2146 529 2202; x_wconf 91' lang='lat' dir='ltr'><strong><em>quam</em></strong></span> <span class='ocrx_word' id='word_1_262' title='bbox 562 2130 761 2183; x_wconf 84' lang='lat' dir='ltr'><strong><em>clericis</em></strong></span> <span class='ocrx_word' id='word_1_263' title='bbox 802 2129 1242 2183; x_wconf 81' lang='lat' dir='ltr'><strong><em>communicantes</em></strong></span> <span class='ocrx_word' id='word_1_264' title='bbox 1272 2144 1466 2182; x_wconf 85' lang='lat' dir='ltr'><strong><em>sumus.</em></strong></span> <span class='ocrx_word' id='word_1_265' title='bbox 1495 2127 1791 2196; x_wconf 86' lang='lat' dir='ltr'><strong><em>Statimque</em></strong></span> 
     </span>
    </p>
   </div>
   <div class='ocr_carea' id='block_1_37' title="bbox 230 2223 1794 2295">
    <p class='ocr_par' dir='ltr' id='par_1_37' title="bbox 230 2223 1794 2295">
     <span class='ocr_line' id='line_1_37' title="bbox 230 2223 1794 2295; baseline -0.007 -10"><span class='ocrx_word' id='word_1_266' title='bbox 230 2227 455 2295; x_wconf 83' lang='lat' dir='ltr'><strong><em>subjicit:</em></strong></span> <span class='ocrx_word' id='word_1_267' title='bbox 492 2224 610 2278; x_wconf 86' lang='lat' dir='ltr'><strong><em>Nec</em></strong></span> <span class='ocrx_word' id='word_1_268' title='bbox 644 2226 780 2279; x_wconf 87' lang='lat' dir='ltr'><strong><em>enim</em></strong></span> <span class='ocrx_word' id='word_1_269' title='bbox 810 2239 1011 2292; x_wconf 70' lang='lat' dir='ltr'><strong><em>aequum</em></strong></span> <span class='ocrx_word' id='word_1_270' title='bbox 1049 2230 1125 2277; x_wconf 80' lang='lat' dir='ltr'><strong><em>est</em></strong></span> <span class='ocrx_word' id='word_1_271' title='bbox 1170 2240 1252 2277; x_wconf 89' lang='lat' dir='ltr'><strong><em>eos</em></strong></span> <span class='ocrx_word' id='word_1_272' title='bbox 1301 2223 1387 2290; x_wconf 87' lang='lat' dir='ltr'><strong><em>qui</em></strong></span> <span class='ocrx_word' id='word_1_273' title='bbox 1427 2233 1566 2274; x_wconf 88' lang='lat' dir='ltr'><strong><em>recta</em></strong></span> <span class='ocrx_word' id='word_1_274' title='bbox 1616 2237 1794 2292; x_wconf 85' lang='lat' dir='ltr'><strong><em>sapere</em></strong></span> 
     </span>
    </p>
   </div>
   <div class='ocr_carea' id='block_1_38' title="bbox 231 2313 1795 2384">
    <p class='ocr_par' dir='ltr' id='par_1_38' title="bbox 231 2313 1795 2384">
     <span class='ocr_line' id='line_1_38' title="bbox 231 2313 1795 2384; baseline -0.005 -10"><span class='ocrx_word' id='word_1_275' title='bbox 231 2331 428 2384; x_wconf 87' lang='lat' dir='ltr'><strong><em>norunt,</em></strong></span> <span class='ocrx_word' id='word_1_276' title='bbox 482 2318 589 2371; x_wconf 84' lang='lat' dir='ltr'><strong><em>tuis</em></strong></span> <span class='ocrx_word' id='word_1_277' title='bbox 628 2316 961 2371; x_wconf 88' lang='lat' dir='ltr'><strong><em>condemnari</em></strong></span> <span class='ocrx_word' id='word_1_278' title='bbox 990 2316 1288 2381; x_wconf 86' lang='lat' dir='ltr'><strong><em>sententiis,</em></strong></span> <span class='ocrx_word' id='word_1_279' title='bbox 1327 2329 1451 2377; x_wconf 77' lang='lat' dir='ltr'><strong><em>QUIA</em></strong></span> <span class='ocrx_word' id='word_1_280' title='bbox 1482 2329 1620 2382; x_wconf 84' lang='lat' dir='ltr'><strong><em>TIBI,</em></strong></span> <span class='ocrx_word' id='word_1_281' title='bbox 1669 2313 1795 2366; x_wconf 87' lang='lat' dir='ltr'><strong><em>bene</em></strong></span> 
     </span>
    </p>
   </div>
   <div class='ocr_carea' id='block_1_39' title="bbox 231 2408 1791 2484">
    <p class='ocr_par' dir='ltr' id='par_1_39' title="bbox 231 2408 1791 2484">
     <span class='ocr_line' id='line_1_39' title="bbox 231 2408 1791 2484; baseline -0.005 -17"><span class='ocrx_word' id='word_1_282' title='bbox 231 2414 463 2484; x_wconf 79' lang='lat' dir='ltr'><strong><em>facientes,</em></strong></span> <span class='ocrx_word' id='word_1_283' title='bbox 493 2424 981 2465; x_wconf 78' lang='lat' dir='ltr'><strong><em>CONTRADIXERUNT</em></strong></span> <span class='ocrx_word' id='word_1_284' title='bbox 1005 2425 1021 2474; x_wconf 90' lang='lat'><strong>;</strong></span> <span class='ocrx_word' id='word_1_285' title='bbox 1053 2408 1148 2462; x_wconf 84' lang='lat' dir='ltr'><strong><em>hoc</em></strong></span> <span class='ocrx_word' id='word_1_286' title='bbox 1179 2409 1312 2462; x_wconf 82' lang='lat' dir='ltr'><strong><em>enim</em></strong></span> <span class='ocrx_word' id='word_1_287' title='bbox 1339 2408 1577 2461; x_wconf 86' lang='lat' dir='ltr'><strong><em>indicasti</em></strong></span> <span class='ocrx_word' id='word_1_288' title='bbox 1606 2409 1659 2459; x_wconf 84' lang='lat' dir='ltr'><strong><em>in</em></strong></span> <span class='ocrx_word' id='word_1_289' title='bbox 1688 2408 1791 2477; x_wconf 86' lang='lat' dir='ltr'><strong><em>epi-</em></strong></span> 
     </span>
    </p>
   </div>
   <div class='ocr_carea' id='block_1_40' title="bbox 229 2500 1797 2575">
    <p class='ocr_par' dir='ltr' id='par_1_40' title="bbox 229 2500 1797 2575">
     <span class='ocr_line' id='line_1_40' title="bbox 229 2500 1797 2575; baseline -0.006 -14"><span class='ocrx_word' id='word_1_290' title='bbox 229 2507 342 2561; x_wconf 89' lang='lat' dir='ltr'><strong><em>stola</em></strong></span> <span class='ocrx_word' id='word_1_291' title='bbox 368 2520 475 2575; x_wconf 76' lang='lat' dir='ltr'><strong><em>qua:</em></strong></span> <span class='ocrx_word' id='word_1_292' title='bbox 502 2506 707 2574; x_wconf 87' lang='lat' dir='ltr'><strong><em>scripta</em></strong></span> <span class='ocrx_word' id='word_1_293' title='bbox 732 2513 805 2557; x_wconf 85' lang='lat' dir='ltr'><strong><em>est</em></strong></span> <span class='ocrx_word' id='word_1_294' title='bbox 837 2521 870 2555; x_wconf 92' lang='lat' dir='ltr'><strong><em>a</em></strong></span> <span class='ocrx_word' id='word_1_295' title='bbox 896 2511 943 2557; x_wconf 91' lang='lat' dir='ltr'><strong><em>te</em></strong></span> <span class='ocrx_word' id='word_1_296' title='bbox 978 2502 1045 2555; x_wconf 88' lang='lat' dir='ltr'><strong><em>ad</em></strong></span> <span class='ocrx_word' id='word_1_297' title='bbox 1078 2518 1278 2573; x_wconf 75' lang='lat' dir='ltr'><strong><em>magna:</em></strong></span> <span class='ocrx_word' id='word_1_298' title='bbox 1320 2503 1498 2556; x_wconf 62' lang='lat' dir='ltr'><strong><em>Romae</em></strong></span> <span class='ocrx_word' id='word_1_299' title='bbox 1532 2500 1797 2554; x_wconf 86' lang='lat' dir='ltr'><strong><em>sanctissi-</em></strong></span> 
     </span>
    </p>
   </div>
   <div class='ocr_carea' id='block_1_41' title="bbox 232 2593 1793 2667">
    <p class='ocr_par' dir='ltr' id='par_1_41' title="bbox 232 2593 1793 2667">
     <span class='ocr_line' id='line_1_41' title="bbox 232 2593 1793 2667; baseline -0.003 -16"><span class='ocrx_word' id='word_1_300' title='bbox 232 2615 351 2653; x_wconf 88' lang='lat' dir='ltr'><strong><em>mum</em></strong></span> <span class='ocrx_word' id='word_1_301' title='bbox 397 2597 755 2667; x_wconf 77' lang='lat' dir='ltr'><strong><em>coepismpum</em></strong></span> <span class='ocrx_word' id='word_1_302' title='bbox 807 2605 1040 2649; x_wconf 86' lang='lat' dir='ltr'><strong><em>nostrum</em></strong></span> <span class='ocrx_word' id='word_1_303' title='bbox 1092 2593 1444 2649; x_wconf 82' lang='lat' dir='ltr'><strong><em>Caelestinum.</em></strong></span> <span class='ocrx_word' id='word_1_304' title='bbox 1511 2594 1672 2661; x_wconf 80' lang='lat' dir='ltr'><strong><em>Atqui</em></strong></span> <span class='ocrx_word' id='word_1_305' title='bbox 1728 2607 1793 2647; x_wconf 80' lang='lat' dir='ltr'><strong><em>ex</em></strong></span> 
     </span>
    </p>
   </div>
   <div class='ocr_carea' id='block_1_42' title="bbox 229 2686 1794 2760">
    <p class='ocr_par' dir='ltr' id='par_1_42' title="bbox 229 2686 1794 2760">
     <span class='ocr_line' id='line_1_42' title="bbox 229 2686 1794 2760; baseline -0.005 -14"><span class='ocrx_word' id='word_1_306' title='bbox 229 2690 486 2760; x_wconf 86' lang='lat' dir='ltr'><strong><em>epistolis,</em></strong></span> <span class='ocrx_word' id='word_1_307' title='bbox 556 2698 849 2758; x_wconf 81' lang='lat' dir='ltr'><strong><em>antequam</em></strong></span> <span class='ocrx_word' id='word_1_308' title='bbox 921 2687 1061 2742; x_wconf 91' lang='lat' dir='ltr'><strong><em>istud</em></strong></span> <span class='ocrx_word' id='word_1_309' title='bbox 1105 2688 1340 2758; x_wconf 77' lang='lat' dir='ltr'><strong><em>Cyrillus</em></strong></span> <span class='ocrx_word' id='word_1_310' title='bbox 1402 2686 1702 2752; x_wconf 89' lang='lat' dir='ltr'><strong><em>scriberet,</em></strong></span> <span class='ocrx_word' id='word_1_311' title='bbox 1766 2699 1794 2738; x_wconf 87' lang='lat' dir='ltr'><strong><em>a</em></strong></span> 
     </span>
    </p>
   </div>
   <div class='ocr_carea' id='block_1_43' title="bbox 230 2776 1790 2845">
    <p class='ocr_par' dir='ltr' id='par_1_43' title="bbox 230 2776 1790 2845">
     <span class='ocr_line' id='line_1_43' title="bbox 230 2776 1790 2845; baseline -0.004 -7"><span class='ocrx_word' id='word_1_312' title='bbox 230 2784 453 2839; x_wconf 89' lang='lat' dir='ltr'><strong><em>Nestorio</em></strong></span> <span class='ocrx_word' id='word_1_313' title='bbox 482 2781 547 2835; x_wconf 89' lang='lat' dir='ltr'><strong><em>ad</em></strong></span> <span class='ocrx_word' id='word_1_314' title='bbox 588 2782 937 2836; x_wconf 63' lang='lat' dir='ltr'><strong><em>Caelestinum</em></strong></span> <span class='ocrx_word' id='word_1_315' title='bbox 981 2780 1181 2845; x_wconf 75' lang='lat' dir='ltr'><strong><em>missis,</em></strong></span> <span class='ocrx_word' id='word_1_316' title='bbox 1213 2780 1346 2832; x_wconf 89' lang='lat' dir='ltr'><strong><em>duas</em></strong></span> <span class='ocrx_word' id='word_1_317' title='bbox 1378 2787 1582 2832; x_wconf 87' lang='lat' dir='ltr'><strong><em>tantum</em></strong></span> <span class='ocrx_word' id='word_1_318' title='bbox 1634 2776 1790 2831; x_wconf 85' lang='lat' dir='ltr'><strong><em>habe-</em></strong></span> 
     </span>
    </p>
   </div>
   <div class='ocr_carea' id='block_1_44' title="bbox 230 2871 1799 2944">
    <p class='ocr_par' dir='ltr' id='par_1_44' title="bbox 230 2871 1799 2944">
     <span class='ocr_line' id='line_1_44' title="bbox 230 2871 1799 2944; baseline -0.005 -14"><span class='ocrx_word' id='word_1_319' title='bbox 230 2891 357 2940; x_wconf 90' lang='lat' dir='ltr'><strong><em>mus,</em></strong></span> <span class='ocrx_word' id='word_1_320' title='bbox 387 2876 436 2929; x_wconf 92' lang='lat' dir='ltr'><strong><em>in</em></strong></span> <span class='ocrx_word' id='word_1_321' title='bbox 466 2873 670 2944; x_wconf 86' lang='lat' dir='ltr'><strong><em>quibus</em></strong></span> <span class='ocrx_word' id='word_1_322' title='bbox 700 2874 986 2928; x_wconf 70' lang='lat' dir='ltr'><strong><em>haereticus</em></strong></span> <span class='ocrx_word' id='word_1_323' title='bbox 1014 2872 1107 2927; x_wconf 91' lang='lat' dir='ltr'><strong><em>ille</em></strong></span> <span class='ocrx_word' id='word_1_324' title='bbox 1139 2873 1206 2927; x_wconf 89' lang='lat' dir='ltr'><strong><em>de</em></strong></span> <span class='ocrx_word' id='word_1_325' title='bbox 1244 2873 1307 2926; x_wconf 92' lang='lat' dir='ltr'><strong><em>iis</em></strong></span> <span class='ocrx_word' id='word_1_326' title='bbox 1337 2872 1426 2940; x_wconf 88' lang='lat' dir='ltr'><strong><em>qui</em></strong></span> <span class='ocrx_word' id='word_1_327' title='bbox 1458 2871 1555 2924; x_wconf 89' lang='lat' dir='ltr'><strong><em>sibi</em></strong></span> <span class='ocrx_word' id='word_1_328' title='bbox 1586 2880 1799 2925; x_wconf 88' lang='lat' dir='ltr'><strong><em>contra-</em></strong></span> 
     </span>
    </p>
   </div>
   <div class='ocr_carea' id='block_1_45' title="bbox 232 2962 1799 3032">
    <p class='ocr_par' dir='ltr' id='par_1_45' title="bbox 232 2962 1799 3032">
     <span class='ocr_line' id='line_1_45' title="bbox 232 2962 1799 3032; baseline -0.003 -11"><span class='ocrx_word' id='word_1_329' title='bbox 232 2967 483 3029; x_wconf 88' lang='lat' dir='ltr'><strong><em>dicebant,</em></strong></span> <span class='ocrx_word' id='word_1_330' title='bbox 513 2967 608 3020; x_wconf 86' lang='lat' dir='ltr'><strong><em>vel</em></strong></span> <span class='ocrx_word' id='word_1_331' title='bbox 644 2981 673 3019; x_wconf 89' lang='lat' dir='ltr'><strong><em>a</em></strong></span> <span class='ocrx_word' id='word_1_332' title='bbox 705 2966 1107 3029; x_wconf 87' lang='lat' dir='ltr'><strong><em>communione,</em></strong></span> <span class='ocrx_word' id='word_1_333' title='bbox 1138 2964 1224 3018; x_wconf 87' lang='lat' dir='ltr'><strong><em>vel</em></strong></span> <span class='ocrx_word' id='word_1_334' title='bbox 1256 2979 1283 3017; x_wconf 88' lang='lat' dir='ltr'><strong><em>a</em></strong></span> <span class='ocrx_word' id='word_1_335' title='bbox 1316 2964 1449 3017; x_wconf 92' lang='lat' dir='ltr'><strong><em>cleri</em></strong></span> <span class='ocrx_word' id='word_1_336' title='bbox 1480 2962 1675 3032; x_wconf 85' lang='lat' dir='ltr'><strong><em>gradu,</em></strong></span> <span class='ocrx_word' id='word_1_337' title='bbox 1711 2977 1799 3017; x_wconf 89' lang='lat' dir='ltr'><strong><em>re-</em></strong></span> 
     </span>
    </p>
   </div>
   <div class='ocr_carea' id='block_1_46' title="bbox 231 3054 1800 3113">
    <p class='ocr_par' dir='ltr' id='par_1_46' title="bbox 231 3054 1800 3113">
     <span class='ocr_line' id='line_1_46' title="bbox 231 3054 1800 3113; baseline -0.005 0"><span class='ocrx_word' id='word_1_338' title='bbox 231 3061 368 3113; x_wconf 86' lang='lat' dir='ltr'><strong><em>motis</em></strong></span> <span class='ocrx_word' id='word_1_339' title='bbox 395 3058 604 3112; x_wconf 89' lang='lat' dir='ltr'><strong><em>nullam</em></strong></span> <span class='ocrx_word' id='word_1_340' title='bbox 639 3059 967 3112; x_wconf 83' lang='lat' dir='ltr'><strong><em>mentionem</em></strong></span> <span class='ocrx_word' id='word_1_341' title='bbox 998 3056 1139 3111; x_wconf 82' lang='lat' dir='ltr'><strong><em>facit.</em></strong></span> <span class='ocrx_word' id='word_1_342' title='bbox 1193 3054 1298 3111; x_wconf 89' lang='lat' dir='ltr'><strong><em>Sed</em></strong></span> <span class='ocrx_word' id='word_1_343' title='bbox 1332 3062 1387 3109; x_wconf 90' lang='lat' dir='ltr'><strong><em>et</em></strong></span> <span class='ocrx_word' id='word_1_344' title='bbox 1414 3055 1467 3107; x_wconf 92' lang='lat' dir='ltr'><strong><em>in</em></strong></span> <span class='ocrx_word' id='word_1_345' title='bbox 1497 3068 1681 3109; x_wconf 87' lang='lat' dir='ltr'><strong><em>earum</em></strong></span> <span class='ocrx_word' id='word_1_346' title='bbox 1713 3067 1800 3106; x_wconf 90' lang='lat' dir='ltr'><strong><em>se—</em></strong></span> 
     </span>
    </p>
   </div>
   <div class='ocr_carea' id='block_1_47' title="bbox 229 3145 1795 3219">
    <p class='ocr_par' dir='ltr' id='par_1_47' title="bbox 229 3145 1795 3219">
     <span class='ocr_line' id='line_1_47' title="bbox 229 3145 1795 3219; baseline -0.004 -15"><span class='ocrx_word' id='word_1_347' title='bbox 229 3151 378 3204; x_wconf 88' lang='lat' dir='ltr'><strong><em>cunda</em></strong></span> <span class='ocrx_word' id='word_1_348' title='bbox 406 3149 696 3205; x_wconf 83' lang='lat' dir='ltr'><strong><em>Nestorius</em></strong></span> <span class='ocrx_word' id='word_1_349' title='bbox 724 3166 857 3219; x_wconf 74' lang='lat' dir='ltr'><strong><em>saepe</em></strong></span> <span class='ocrx_word' id='word_1_350' title='bbox 883 3150 994 3219; x_wconf 90' lang='lat' dir='ltr'><strong><em>jam</em></strong></span> <span class='ocrx_word' id='word_1_351' title='bbox 1028 3148 1092 3203; x_wconf 89' lang='lat' dir='ltr'><strong><em>ad</em></strong></span> <span class='ocrx_word' id='word_1_352' title='bbox 1129 3148 1478 3202; x_wconf 83' lang='lat' dir='ltr'><strong><em>Caelestinum</em></strong></span> <span class='ocrx_word' id='word_1_353' title='bbox 1510 3145 1795 3215; x_wconf 85' lang='lat' dir='ltr'><strong><em>scripsisse</em></strong></span> 
     </span>
    </p>
   </div>
   <div class='ocr_carea' id='block_1_48' title="bbox 1895 1939 3483 2019">
    <p class='ocr_par' dir='ltr' id='par_1_48' title="bbox 1895 1939 3483 2019">
     <span class='ocr_line' id='line_1_48' title="bbox 1895 1939 3483 2019; baseline 0.009 -26"><span class='ocrx_word' id='word_1_354' title='bbox 1895 1939 2093 2009; x_wconf 90' lang='lat' dir='ltr'><strong><em>scripta</em></strong></span> <span class='ocrx_word' id='word_1_355' title='bbox 2124 1944 2340 1999; x_wconf 87' lang='lat' dir='ltr'><strong><em>ﬁrmare</em></strong></span> <span class='ocrx_word' id='word_1_356' title='bbox 2362 1946 2707 2003; x_wconf 88' lang='lat' dir='ltr'><strong><em>contendisse</em></strong></span> <span class='ocrx_word' id='word_1_357' title='bbox 2734 1949 3102 2019; x_wconf 85' lang='lat' dir='ltr'><strong><em>signiﬁcabat;</em></strong></span> <span class='ocrx_word' id='word_1_358' title='bbox 3137 1952 3297 2007; x_wconf 90' lang='lat' dir='ltr'><strong><em>simul</em></strong></span> <span class='ocrx_word' id='word_1_359' title='bbox 3321 1952 3483 2007; x_wconf 86' lang='lat' dir='ltr'><strong><em>etiam</em></strong></span> 
     </span>
    </p>
   </div>
   <div class='ocr_carea' id='block_1_49' title="bbox 1896 2033 3483 2109">
    <p class='ocr_par' dir='ltr' id='par_1_49' title="bbox 1896 2033 3483 2109">
     <span class='ocr_line' id='line_1_49' title="bbox 1896 2033 3483 2109; baseline 0.008 -24"><span class='ocrx_word' id='word_1_360' title='bbox 1896 2033 2121 2086; x_wconf 84' lang='lat' dir='ltr'><strong><em>sollicita</em></strong></span> <span class='ocrx_word' id='word_1_361' title='bbox 2152 2049 2300 2103; x_wconf 89' lang='lat' dir='ltr'><strong><em>prece</em></strong></span> <span class='ocrx_word' id='word_1_362' title='bbox 2325 2037 2545 2090; x_wconf 87' lang='lat' dir='ltr'><strong><em>multum</em></strong></span> <span class='ocrx_word' id='word_1_363' title='bbox 2572 2041 2800 2109; x_wconf 84' lang='lat' dir='ltr'><strong><em>poposcit</em></strong></span> <span class='ocrx_word' id='word_1_364' title='bbox 2832 2049 2886 2094; x_wconf 86' lang='lat' dir='ltr'><strong><em>ut</em></strong></span> <span class='ocrx_word' id='word_1_365' title='bbox 2914 2041 3062 2095; x_wconf 88' lang='lat' dir='ltr'><strong><em>nulla</em></strong></span> <span class='ocrx_word' id='word_1_366' title='bbox 3088 2042 3281 2096; x_wconf 80' lang='lat' dir='ltr'><strong><em>illicitis</em></strong></span> <span class='ocrx_word' id='word_1_367' title='bbox 3322 2058 3483 2096; x_wconf 85' lang='lat' dir='ltr'><strong><em>cona-</em></strong></span> 
     </span>
    </p>
   </div>
   <div class='ocr_carea' id='block_1_50' title="bbox 1898 2127 3485 2204">
    <p class='ocr_par' dir='ltr' id='par_1_50' title="bbox 1898 2127 3485 2204">
     <span class='ocr_line' id='line_1_50' title="bbox 1898 2127 3485 2204; baseline 0.006 -27"><span class='ocrx_word' id='word_1_368' title='bbox 1898 2127 2031 2178; x_wconf 84' lang='lat' dir='ltr'><strong><em>tibus</em></strong></span> <span class='ocrx_word' id='word_1_369' title='bbox 2063 2128 2371 2194; x_wconf 78' lang='lat' dir='ltr'><strong><em>prazberetar</em></strong></span> <span class='ocrx_word' id='word_1_370' title='bbox 2399 2128 2658 2200; x_wconf 80' lang='lat' dir='ltr'><strong><em>(Romae)</em></strong></span> <span class='ocrx_word' id='word_1_371' title='bbox 2690 2134 2940 2187; x_wconf 84' lang='lat' dir='ltr'><strong><em>assensio.</em></strong></span> <span class='ocrx_word' id='word_1_372' title='bbox 2987 2134 3133 2188; x_wconf 84' lang='lat' dir='ltr'><strong><em>Hanc</em></strong></span> <span class='ocrx_word' id='word_1_373' title='bbox 3161 2142 3340 2190; x_wconf 89' lang='lat' dir='ltr'><strong><em>autem</em></strong></span> <span class='ocrx_word' id='word_1_374' title='bbox 3370 2136 3485 2204; x_wconf 83' lang='lat' dir='ltr'><strong><em>epi-</em></strong></span> 
     </span>
    </p>
   </div>
   <div class='ocr_carea' id='block_1_51' title="bbox 1897 2222 3484 2297">
    <p class='ocr_par' dir='ltr' id='par_1_51' title="bbox 1897 2222 3484 2297">
     <span class='ocr_line' id='line_1_51' title="bbox 1897 2222 3484 2297; baseline 0.005 -22"><span class='ocrx_word' id='word_1_375' title='bbox 1897 2222 2091 2275; x_wconf 88' lang='lat' dir='ltr'><strong><em>stolam</em></strong></span> <span class='ocrx_word' id='word_1_376' title='bbox 2134 2222 2255 2275; x_wconf 89' lang='lat' dir='ltr'><strong><em>ideo</em></strong></span> <span class='ocrx_word' id='word_1_377' title='bbox 2305 2224 2687 2280; x_wconf 88' lang='lat' dir='ltr'><strong><em>archidiacono</em></strong></span> <span class='ocrx_word' id='word_1_378' title='bbox 2738 2225 3051 2297; x_wconf 87' lang='lat' dir='ltr'><strong><em>inscriptam</em></strong></span> <span class='ocrx_word' id='word_1_379' title='bbox 3082 2241 3201 2282; x_wconf 90' lang='lat' dir='ltr'><strong><em>esse</em></strong></span> <span class='ocrx_word' id='word_1_380' title='bbox 3230 2269 3244 2293; x_wconf 91' lang='lat'><strong><em>,</em></strong></span> <span class='ocrx_word' id='word_1_381' title='bbox 3295 2237 3353 2281; x_wconf 93' lang='lat' dir='ltr'><strong><em>ut</em></strong></span> <span class='ocrx_word' id='word_1_382' title='bbox 3380 2228 3484 2297; x_wconf 89' lang='lat' dir='ltr'><strong><em>ipsi</em></strong></span> 
     </span>
    </p>
   </div>
   <div class='ocr_carea' id='block_1_52' title="bbox 1899 2312 3484 2384">
    <p class='ocr_par' dir='ltr' id='par_1_52' title="bbox 1899 2312 3484 2384">
     <span class='ocr_line' id='line_1_52' title="bbox 1899 2312 3484 2384; baseline 0.006 -20"><span class='ocrx_word' id='word_1_383' title='bbox 1899 2327 2054 2382; x_wconf 82' lang='lat' dir='ltr'><strong><em>papae</em></strong></span> <span class='ocrx_word' id='word_1_384' title='bbox 2086 2312 2428 2382; x_wconf 82' lang='lat' dir='ltr'><strong><em>redderetur,</em></strong></span> <span class='ocrx_word' id='word_1_385' title='bbox 2460 2330 2521 2368; x_wconf 88' lang='lat' dir='ltr'><strong><em>ac</em></strong></span> <span class='ocrx_word' id='word_1_386' title='bbox 2551 2330 2610 2369; x_wconf 90' lang='lat' dir='ltr'><strong><em>re</em></strong></span> <span class='ocrx_word' id='word_1_387' title='bbox 2638 2316 2751 2384; x_wconf 90' lang='lat' dir='ltr'><strong><em>ipsa</em></strong></span> <span class='ocrx_word' id='word_1_388' title='bbox 2781 2317 2827 2370; x_wconf 89' lang='lat' dir='ltr'><strong><em>ei</em></strong></span> <span class='ocrx_word' id='word_1_389' title='bbox 2858 2317 3122 2372; x_wconf 86' lang='lat' dir='ltr'><strong><em>redditam</em></strong></span> <span class='ocrx_word' id='word_1_390' title='bbox 3153 2318 3317 2374; x_wconf 87' lang='lat' dir='ltr'><strong><em>fuisse</em></strong></span> <span class='ocrx_word' id='word_1_391' title='bbox 3343 2320 3484 2374; x_wconf 86' lang='lat' dir='ltr'><strong><em>istud</em></strong></span> 
     </span>
    </p>
   </div>
   <div class='ocr_carea' id='block_1_53' title="bbox 1899 2406 3484 2479">
    <p class='ocr_par' dir='ltr' id='par_1_53' title="bbox 1899 2406 3484 2479">
     <span class='ocr_line' id='line_1_53' title="bbox 1899 2406 3484 2479; baseline 0.006 -24"><span class='ocrx_word' id='word_1_392' title='bbox 1899 2413 2220 2473; x_wconf 87' lang='lat' dir='ltr'><strong><em>argumento</em></strong></span> <span class='ocrx_word' id='word_1_393' title='bbox 2252 2414 2370 2470; x_wconf 89' lang='lat' dir='ltr'><strong><em>est,</em></strong></span> <span class='ocrx_word' id='word_1_394' title='bbox 2408 2406 2551 2474; x_wconf 91' lang='lat' dir='ltr'><strong><em>quod</em></strong></span> <span class='ocrx_word' id='word_1_395' title='bbox 2584 2408 2952 2461; x_wconf 83' lang='lat' dir='ltr'><strong><em>authenticum</em></strong></span> <span class='ocrx_word' id='word_1_396' title='bbox 2982 2409 3099 2478; x_wconf 92' lang='lat' dir='ltr'><strong><em>ejus</em></strong></span> <span class='ocrx_word' id='word_1_397' title='bbox 3123 2410 3400 2479; x_wconf 81' lang='lat' dir='ltr'><strong><em>exemplar</em></strong></span> <span class='ocrx_word' id='word_1_398' title='bbox 3429 2411 3484 2465; x_wconf 91' lang='lat' dir='ltr'><strong><em>in</em></strong></span> 
     </span>
    </p>
   </div>
   <div class='ocr_carea' id='block_1_54' title="bbox 1900 2498 3483 2571">
    <p class='ocr_par' dir='ltr' id='par_1_54' title="bbox 1900 2498 3483 2571">
     <span class='ocr_line' id='line_1_54' title="bbox 1900 2498 3483 2571; baseline 0.006 -21"><span class='ocrx_word' id='word_1_399' title='bbox 1900 2498 2207 2566; x_wconf 79' lang='lat' dir='ltr'><strong><em>apostolicae</em></strong></span> <span class='ocrx_word' id='word_1_400' title='bbox 2228 2499 2374 2553; x_wconf 88' lang='lat' dir='ltr'><strong><em>sedis</em></strong></span> <span class='ocrx_word' id='word_1_401' title='bbox 2396 2501 2598 2554; x_wconf 87' lang='lat' dir='ltr'><strong><em>scrinio</em></strong></span> <span class='ocrx_word' id='word_1_402' title='bbox 2621 2510 2954 2556; x_wconf 90' lang='lat' dir='ltr'><strong><em>asservatum</em></strong></span> <span class='ocrx_word' id='word_1_403' title='bbox 2978 2505 3063 2556; x_wconf 90' lang='lat' dir='ltr'><strong><em>sit.</em></strong></span> <span class='ocrx_word' id='word_1_404' title='bbox 3080 2504 3342 2571; x_wconf 87' lang='lat' dir='ltr'><strong><em>Quocirca</em></strong></span> <span class='ocrx_word' id='word_1_405' title='bbox 3365 2521 3483 2560; x_wconf 90' lang='lat' dir='ltr'><strong><em>cum</em></strong></span> 
     </span>
    </p>
   </div>
   <div class='ocr_carea' id='block_1_55' title="bbox 1900 2590 3485 2666">
    <p class='ocr_par' dir='ltr' id='par_1_55' title="bbox 1900 2590 3485 2666">
     <span class='ocr_line' id='line_1_55' title="bbox 1900 2590 3485 2666; baseline 0.004 -22"><span class='ocrx_word' id='word_1_406' title='bbox 1900 2591 2015 2659; x_wconf 89' lang='lat' dir='ltr'><strong><em>ejus</em></strong></span> <span class='ocrx_word' id='word_1_407' title='bbox 2044 2590 2411 2659; x_wconf 81' lang='lat' dir='ltr'><strong><em>apographum</em></strong></span> <span class='ocrx_word' id='word_1_408' title='bbox 2445 2606 2473 2644; x_wconf 87' lang='lat' dir='ltr'><strong><em>a</em></strong></span> <span class='ocrx_word' id='word_1_409' title='bbox 2506 2593 2734 2646; x_wconf 82' lang='lat' dir='ltr'><strong><em>Maximo</em></strong></span> <span class='ocrx_word' id='word_1_410' title='bbox 2760 2594 3098 2650; x_wconf 76' lang='lat' dir='ltr'><strong><em>Antiochcnd</em></strong></span> <span class='ocrx_word' id='word_1_411' title='bbox 3129 2597 3384 2666; x_wconf 87' lang='lat' dir='ltr'><strong><em>episcopo</em></strong></span> <span class='ocrx_word' id='word_1_412' title='bbox 3419 2598 3485 2651; x_wconf 89' lang='lat' dir='ltr'><strong><em>ad</em></strong></span> 
     </span>
    </p>
   </div>
   <div class='ocr_carea' id='block_1_56' title="bbox 1900 2680 3487 2756">
    <p class='ocr_par' dir='ltr' id='par_1_56' title="bbox 1900 2680 3487 2756">
     <span class='ocr_line' id='line_1_56' title="bbox 1900 2680 3487 2756; baseline 0.004 -20"><span class='ocrx_word' id='word_1_413' title='bbox 1900 2680 2137 2736; x_wconf 88' lang='lat' dir='ltr'><strong><em>Leonem</em></strong></span> <span class='ocrx_word' id='word_1_414' title='bbox 2163 2682 2273 2751; x_wconf 89' lang='lat' dir='ltr'><strong><em>jam</em></strong></span> <span class='ocrx_word' id='word_1_415' title='bbox 2308 2684 2615 2752; x_wconf 88' lang='lat' dir='ltr'><strong><em>ponlilicem</em></strong></span> <span class='ocrx_word' id='word_1_416' title='bbox 2649 2687 2785 2739; x_wconf 89' lang='lat' dir='ltr'><strong><em>mitti</em></strong></span> <span class='ocrx_word' id='word_1_417' title='bbox 2815 2687 3144 2756; x_wconf 82' lang='lat' dir='ltr'><strong><em>contigisset,</em></strong></span> <span class='ocrx_word' id='word_1_418' title='bbox 3174 2689 3350 2745; x_wconf 90' lang='lat' dir='ltr'><strong><em>eidem</em></strong></span> <span class='ocrx_word' id='word_1_419' title='bbox 3378 2691 3487 2745; x_wconf 80' lang='lat' dir='ltr'><strong><em>Ma-</em></strong></span> 
     </span>
    </p>
   </div>
   <div class='ocr_carea' id='block_1_57' title="bbox 1903 2777 3486 2859">
    <p class='ocr_par' dir='ltr' id='par_1_57' title="bbox 1903 2777 3486 2859">
     <span class='ocr_line' id='line_1_57' title="bbox 1903 2777 3486 2859; baseline 0.008 -30"><span class='ocrx_word' id='word_1_420' title='bbox 1903 2777 2053 2830; x_wconf 79' lang='lat' dir='ltr'><strong><em>ximo</em></strong></span> <span class='ocrx_word' id='word_1_421' title='bbox 2083 2777 2361 2846; x_wconf 84' lang='lat' dir='ltr'><strong><em>rescripsit</em></strong></span> <span class='ocrx_word' id='word_1_422' title='bbox 2402 2780 2516 2850; x_wconf 90' lang='lat' dir='ltr'><strong><em>ipse</em></strong></span> <span class='ocrx_word' id='word_1_423' title='bbox 2548 2781 2656 2835; x_wconf 88' lang='lat' dir='ltr'><strong><em>Leo</em></strong></span> <span class='ocrx_word' id='word_1_424' title='bbox 2688 2782 2898 2852; x_wconf 81' lang='lat' dir='ltr'><strong><em>(Epist.</em></strong></span> <span class='ocrx_word' id='word_1_425' title='bbox 2928 2784 3051 2851; x_wconf 86' lang='grc'><strong>110,</strong></span> <span class='ocrx_word' id='word_1_426' title='bbox 3087 2802 3139 2838; x_wconf 93' lang='lat' dir='ltr'><strong><em>n.</em></strong></span> <span class='ocrx_word' id='word_1_427' title='bbox 3171 2784 3244 2857; x_wconf 73' lang='grc'><strong><em>4)</em></strong></span> <span class='ocrx_word' id='word_1_428' title='bbox 3276 2804 3288 2839; x_wconf 90' lang='lat'>:</span> <span class='ocrx_word' id='word_1_429' title='bbox 3322 2783 3486 2859; x_wconf 84' lang='lat' dir='ltr'><strong><em>Cujus</em></strong></span> 
     </span>
    </p>
   </div>
   <div class='ocr_carea' id='block_1_58' title="bbox 1902 2870 3487 2944">
    <p class='ocr_par' dir='ltr' id='par_1_58' title="bbox 1902 2870 3487 2944">
     <span class='ocr_line' id='line_1_58' title="bbox 1902 2870 3487 2944; baseline 0.006 -23"><span class='ocrx_word' id='word_1_430' title='bbox 1902 2870 2132 2939; x_wconf 68' lang='lat' dir='ltr'><strong><em>epistolae</em></strong></span> <span class='ocrx_word' id='word_1_431' title='bbox 2159 2871 2228 2922; x_wconf 89' lang='lat' dir='ltr'><strong><em>ad</em></strong></span> <span class='ocrx_word' id='word_1_432' title='bbox 2258 2887 2351 2924; x_wconf 89' lang='lat' dir='ltr'><strong><em>nos</em></strong></span> <span class='ocrx_word' id='word_1_433' title='bbox 2393 2874 2708 2944; x_wconf 78' lang='lat' dir='ltr'><strong><em>exemplaria</em></strong></span> <span class='ocrx_word' id='word_1_434' title='bbox 2738 2875 2972 2928; x_wconf 69' lang='lat' dir='ltr'><strong><em>direxisti</em></strong></span> <span class='ocrx_word' id='word_1_435' title='bbox 3002 2886 3193 2930; x_wconf 75' lang='lat' dir='ltr'><strong><em>sancta:</em></strong></span> <span class='ocrx_word' id='word_1_436' title='bbox 3226 2878 3487 2931; x_wconf 73' lang='lat' dir='ltr'><strong><em>memoria:</em></strong></span> 
     </span>
    </p>
   </div>
   <div class='ocr_carea' id='block_1_59' title="bbox 1904 2959 3487 3036">
    <p class='ocr_par' dir='ltr' id='par_1_59' title="bbox 1904 2959 3487 3036">
     <span class='ocr_line' id='line_1_59' title="bbox 1904 2959 3487 3036; baseline 0.004 -22"><span class='ocrx_word' id='word_1_437' title='bbox 1904 2959 2106 3030; x_wconf 87' lang='lat' dir='ltr'><strong><em>Cyrilli,</em></strong></span> <span class='ocrx_word' id='word_1_438' title='bbox 2131 2978 2239 3014; x_wconf 90' lang='lat' dir='ltr'><strong><em>eam</em></strong></span> <span class='ocrx_word' id='word_1_439' title='bbox 2272 2963 2327 3015; x_wconf 91' lang='lat' dir='ltr'><strong><em>in</em></strong></span> <span class='ocrx_word' id='word_1_440' title='bbox 2356 2972 2532 3018; x_wconf 84' lang='lat' dir='ltr'><strong><em>nostro</em></strong></span> <span class='ocrx_word' id='word_1_441' title='bbox 2555 2966 2745 3019; x_wconf 87' lang='lat' dir='ltr'><strong><em>scrinio</em></strong></span> <span class='ocrx_word' id='word_1_442' title='bbox 2776 2967 3073 3036; x_wconf 84' lang='lat' dir='ltr'><strong><em>requisitam</em></strong></span> <span class='ocrx_word' id='word_1_443' title='bbox 3104 2984 3195 3021; x_wconf 88' lang='lat' dir='ltr'><strong><em>nos</em></strong></span> <span class='ocrx_word' id='word_1_444' title='bbox 3228 2969 3487 3022; x_wconf 82' lang='lat' dir='ltr'><strong><em>authenti-</em></strong></span> 
     </span>
    </p>
   </div>
   <div class='ocr_carea' id='block_1_60' title="bbox 1904 3058 2541 3127">
    <p class='ocr_par' dir='ltr' id='par_1_60' title="bbox 1904 3058 2541 3127">
     <span class='ocr_line' id='line_1_60' title="bbox 1904 3058 2541 3127; baseline 0.006 -19"><span class='ocrx_word' id='word_1_445' title='bbox 1904 3072 2018 3109; x_wconf 88' lang='lat' dir='ltr'><strong><em>cam</em></strong></span> <span class='ocrx_word' id='word_1_446' title='bbox 2046 3058 2245 3111; x_wconf 82' lang='lat' dir='ltr'><strong><em>noveris</em></strong></span> <span class='ocrx_word' id='word_1_447' title='bbox 2276 3058 2541 3127; x_wconf 87' lang='lat' dir='ltr'><strong><em>reperisse.</em></strong></span> 
     </span>
    </p>
   </div>
   <div class='ocr_carea' id='block_1_61' title="bbox 1980 3149 3489 3228">
    <p class='ocr_par' dir='ltr' id='par_1_61' title="bbox 1980 3149 3489 3228">
     <span class='ocr_line' id='line_1_61' title="bbox 1980 3149 3489 3228; baseline 0.007 -26"><span class='ocrx_word' id='word_1_448' title='bbox 1980 3149 2064 3203; x_wconf 84' lang='grc'><strong>16.</strong></span> <span class='ocrx_word' id='word_1_449' title='bbox 2087 3150 2327 3217; x_wconf 87' lang='lat' dir='ltr'><strong><em>Quatuor</em></strong></span> <span class='ocrx_word' id='word_1_450' title='bbox 2350 3152 2614 3206; x_wconf 90' lang='lat' dir='ltr'><strong><em>mensium</em></strong></span> <span class='ocrx_word' id='word_1_451' title='bbox 2639 3167 2667 3205; x_wconf 89' lang='lat' dir='ltr'><strong><em>a</em></strong></span> <span class='ocrx_word' id='word_1_452' title='bbox 2692 3152 3029 3221; x_wconf 89' lang='lat' dir='ltr'><strong><em>depositione</em></strong></span> <span class='ocrx_word' id='word_1_453' title='bbox 3051 3154 3281 3211; x_wconf 87' lang='lat' dir='ltr'><strong><em>Nestorii</em></strong></span> <span class='ocrx_word' id='word_1_454' title='bbox 3304 3156 3489 3228; x_wconf 89' lang='lat' dir='ltr'><strong><em>elapso</em></strong></span> 
     </span>
    </p>
   </div>
   <div class='ocr_carea' id='block_1_62' title="bbox 228 3236 3488 3324">
    <p class='ocr_par' dir='ltr' id='par_1_62' title="bbox 228 3236 3488 3324">
     <span class='ocr_line' id='line_1_62' title="bbox 228 3236 3488 3324; baseline 0 -29"><span class='ocrx_word' id='word_1_455' title='bbox 228 3256 277 3296; x_wconf 88' lang='lat' dir='ltr'><strong><em>se</em></strong></span> <span class='ocrx_word' id='word_1_456' title='bbox 297 3241 357 3295; x_wconf 89' lang='lat' dir='ltr'><strong><em>ab</em></strong></span> <span class='ocrx_word' id='word_1_457' title='bbox 380 3242 611 3295; x_wconf 85' lang='lat' dir='ltr'><strong><em>exordio</em></strong></span> <span class='ocrx_word' id='word_1_458' title='bbox 642 3249 1055 3296; x_wconf 83' lang='lat' dir='ltr'><strong><em>commemorat.</em></strong></span> <span class='ocrx_word' id='word_1_459' title='bbox 1090 3239 1349 3307; x_wconf 82' lang='lat' dir='ltr'><strong><em>Quocirca</em></strong></span> <span class='ocrx_word' id='word_1_460' title='bbox 1391 3240 1491 3292; x_wconf 90' lang='lat' dir='ltr'><strong><em>ista</em></strong></span> <span class='ocrx_word' id='word_1_461' title='bbox 1521 3282 1535 3305; x_wconf 96' lang='lat'><strong><em>,</em></strong></span> <span class='ocrx_word' id='word_1_462' title='bbox 1585 3238 1652 3292; x_wconf 91' lang='lat' dir='ltr'><strong><em>de</em></strong></span> <span class='ocrx_word' id='word_1_463' title='bbox 1696 3253 1796 3306; x_wconf 87' lang='lat' dir='ltr'><strong><em>qua</em></strong></span> <span class='ocrx_word' id='word_1_464' title='bbox 1826 3236 1872 3300; x_wconf 86' lang='lat' dir='ltr'>C</span> <span class='ocrx_word' id='word_1_465' title='bbox 1905 3246 2079 3315; x_wconf 68' lang='lat' dir='ltr'><strong><em>spatio</em></strong></span> <span class='ocrx_word' id='word_1_466' title='bbox 2104 3286 2119 3309; x_wconf 82' lang='grc'><em>,</em></span> <span class='ocrx_word' id='word_1_467' title='bbox 2170 3247 2257 3299; x_wconf 80' lang='lat' dir='ltr'><strong><em>die</em></strong></span> <span class='ocrx_word' id='word_1_468' title='bbox 2300 3246 2369 3300; x_wconf 75' lang='grc'><strong>15</strong></span> <span class='ocrx_word' id='word_1_469' title='bbox 2400 3248 2601 3301; x_wconf 78' lang='lat' dir='ltr'><strong><em>mensis</em></strong></span> <span class='ocrx_word' id='word_1_470' title='bbox 2632 3246 2879 3302; x_wconf 64' lang='lat' dir='ltr'><strong><em>Octobris</em></strong></span> <span class='ocrx_word' id='word_1_471' title='bbox 2909 3250 3035 3303; x_wconf 72' lang='lat' dir='ltr'><strong><em>anni</em></strong></span> <span class='ocrx_word' id='word_1_472' title='bbox 3061 3251 3163 3306; x_wconf 66' lang='grc'><strong><em>451</em></strong></span> <span class='ocrx_word' id='word_1_473' title='bbox 3189 3291 3204 3317; x_wconf 76' lang='grc'><strong><em>,</em></strong></span> <span class='ocrx_word' id='word_1_474' title='bbox 3252 3253 3488 3324; x_wconf 76' lang='lat' dir='ltr'><strong><em>episcopi</em></strong></span> 
     </span>
    </p>
   </div>
   <div class='ocr_carea' id='block_1_63' title="bbox 229 3329 1799 3403">
    <p class='ocr_par' dir='ltr' id='par_1_63' title="bbox 229 3329 1799 3403">
     <span class='ocr_line' id='line_1_63' title="bbox 229 3329 1799 3403; baseline -0.003 -16"><span class='ocrx_word' id='word_1_475' title='bbox 229 3332 433 3403; x_wconf 81' lang='lat' dir='ltr'><strong><em>Cyrillus</em></strong></span> <span class='ocrx_word' id='word_1_476' title='bbox 459 3334 724 3403; x_wconf 83' lang='lat' dir='ltr'><strong><em>loquitur.</em></strong></span> <span class='ocrx_word' id='word_1_477' title='bbox 758 3334 898 3386; x_wconf 90' lang='lat' dir='ltr'><strong><em>inter</em></strong></span> <span class='ocrx_word' id='word_1_478' title='bbox 929 3333 1155 3402; x_wconf 87' lang='lat' dir='ltr'><strong><em>primam</em></strong></span> <span class='ocrx_word' id='word_1_479' title='bbox 1183 3342 1236 3385; x_wconf 92' lang='lat' dir='ltr'><strong><em>et</em></strong></span> <span class='ocrx_word' id='word_1_480' title='bbox 1265 3331 1554 3386; x_wconf 79' lang='lat' dir='ltr'><strong><em>secandam</em></strong></span> <span class='ocrx_word' id='word_1_481' title='bbox 1586 3345 1705 3399; x_wconf 70' lang='lat' dir='ltr'><strong><em>quae</em></strong></span> <span class='ocrx_word' id='word_1_482' title='bbox 1731 3329 1799 3382; x_wconf 90' lang='lat' dir='ltr'><strong><em>ad</em></strong></span> 
     </span>
    </p>
   </div>
   <div class='ocr_carea' id='block_1_64' title="bbox 229 3422 1797 3495">
    <p class='ocr_par' dir='ltr' id='par_1_64' title="bbox 229 3422 1797 3495">
     <span class='ocr_line' id='line_1_64' title="bbox 229 3422 1797 3495; baseline -0.001 -17"><span class='ocrx_word' id='word_1_483' title='bbox 229 3440 311 3479; x_wconf 91' lang='lat' dir='ltr'><strong><em>nos</em></strong></span> <span class='ocrx_word' id='word_1_484' title='bbox 336 3435 743 3495; x_wconf 86' lang='lat' dir='ltr'><strong><em>pervenerunt,</em></strong></span> <span class='ocrx_word' id='word_1_485' title='bbox 790 3425 1035 3495; x_wconf 85' lang='lat' dir='ltr'><strong><em>adeoque</em></strong></span> <span class='ocrx_word' id='word_1_486' title='bbox 1064 3426 1208 3479; x_wconf 89' lang='lat' dir='ltr'><strong><em>circa</em></strong></span> <span class='ocrx_word' id='word_1_487' title='bbox 1241 3426 1442 3479; x_wconf 78' lang='lat' dir='ltr'><strong><em>exitum</em></strong></span> <span class='ocrx_word' id='word_1_488' title='bbox 1480 3424 1604 3477; x_wconf 88' lang='lat' dir='ltr'><strong><em>anni</em></strong></span> <span class='ocrx_word' id='word_1_489' title='bbox 1652 3422 1757 3477; x_wconf 66' lang='lat'><strong><em>49.9</em></strong></span> <span class='ocrx_word' id='word_1_490' title='bbox 1781 3464 1797 3489; x_wconf 93' lang='lat'><strong><em>,</em></strong></span> 
     </span>
    </p>
   </div>
   <div class='ocr_carea' id='block_1_65' title="bbox 227 3520 978 3587">
    <p class='ocr_par' dir='ltr' id='par_1_65' title="bbox 227 3520 978 3587">
     <span class='ocr_line' id='line_1_65' title="bbox 227 3520 978 3587; baseline 0.001 -15"><span class='ocrx_word' id='word_1_491' title='bbox 227 3520 402 3587; x_wconf 88' lang='lat' dir='ltr'><strong><em>scripta</em></strong></span> <span class='ocrx_word' id='word_1_492' title='bbox 438 3522 642 3574; x_wconf 90' lang='lat' dir='ltr'><strong><em>merito</em></strong></span> <span class='ocrx_word' id='word_1_493' title='bbox 671 3530 978 3573; x_wconf 86' lang='lat' dir='ltr'><strong><em>censeatur.</em></strong></span> 
     </span>
    </p>
   </div>
   <div class='ocr_carea' id='block_1_66' title="bbox 290 3610 1799 3681">
    <p class='ocr_par' dir='ltr' id='par_1_66' title="bbox 290 3610 1799 3681">
     <span class='ocr_line' id='line_1_66' title="bbox 290 3610 1799 3681; baseline 0 -16"><span class='ocrx_word' id='word_1_494' title='bbox 290 3611 364 3665; x_wconf 78' lang='grc'><strong>15.</strong></span> <span class='ocrx_word' id='word_1_495' title='bbox 403 3612 700 3681; x_wconf 83' lang='lat' dir='ltr'><strong><em>Postquam</em></strong></span> <span class='ocrx_word' id='word_1_496' title='bbox 729 3611 980 3666; x_wconf 89' lang='lat' dir='ltr'><strong><em>Nestorio</em></strong></span> <span class='ocrx_word' id='word_1_497' title='bbox 1007 3610 1319 3665; x_wconf 85' lang='lat' dir='ltr'><strong><em>denuntiata</em></strong></span> <span class='ocrx_word' id='word_1_498' title='bbox 1362 3621 1507 3665; x_wconf 87' lang='lat' dir='ltr'><strong><em>esset</em></strong></span> <span class='ocrx_word' id='word_1_499' title='bbox 1537 3610 1799 3665; x_wconf 85' lang='lat' dir='ltr'><strong><em>adversus</em></strong></span> 
     </span>
    </p>
   </div>
   <div class='ocr_carea' id='block_1_67' title="bbox 227 3702 1797 3773">
    <p class='ocr_par' dir='ltr' id='par_1_67' title="bbox 227 3702 1797 3773">
     <span class='ocr_line' id='line_1_67' title="bbox 227 3702 1797 3773; baseline -0.001 -16"><span class='ocrx_word' id='word_1_500' title='bbox 227 3702 375 3773; x_wconf 89' lang='lat' dir='ltr'><strong><em>ipsum</em></strong></span> <span class='ocrx_word' id='word_1_501' title='bbox 400 3705 504 3757; x_wconf 89' lang='lat' dir='ltr'><strong><em>lata</em></strong></span> <span class='ocrx_word' id='word_1_502' title='bbox 529 3705 1009 3772; x_wconf 82' lang='lat' dir='ltr'><strong><em>sentcntia,atque</em></strong></span> <span class='ocrx_word' id='word_1_503' title='bbox 1034 3702 1368 3757; x_wconf 86' lang='lat' dir='ltr'><strong><em>induciarum</em></strong></span> <span class='ocrx_word' id='word_1_504' title='bbox 1395 3702 1443 3755; x_wconf 87' lang='lat' dir='ltr'><strong><em>ei</em></strong></span> <span class='ocrx_word' id='word_1_505' title='bbox 1473 3702 1797 3756; x_wconf 77' lang='lat' dir='ltr'><strong><em>indnltarnm</em></strong></span> 
     </span>
    </p>
   </div>
   <div class='ocr_carea' id='block_1_68' title="bbox 218 3796 1801 3867">
    <p class='ocr_par' dir='ltr' id='par_1_68' title="bbox 218 3796 1801 3867">
     <span class='ocr_line' id='line_1_68' title="bbox 218 3796 1801 3867; baseline 0.001 -18"><span class='ocrx_word' id='word_1_506' title='bbox 218 3805 449 3867; x_wconf 87' lang='lat' dir='ltr'><strong><em>tempore</em></strong></span> <span class='ocrx_word' id='word_1_507' title='bbox 472 3797 595 3867; x_wconf 85' lang='lat' dir='ltr'><strong><em>jam</em></strong></span> <span class='ocrx_word' id='word_1_508' title='bbox 630 3797 829 3851; x_wconf 94' lang='lat' dir='ltr'><strong><em>dudum</em></strong></span> <span class='ocrx_word' id='word_1_509' title='bbox 857 3812 1102 3861; x_wconf 80' lang='lat' dir='ltr'><strong><em>emenso,</em></strong></span> <span class='ocrx_word' id='word_1_510' title='bbox 1134 3798 1355 3866; x_wconf 84' lang='lat' dir='ltr'><strong><em>gradum</em></strong></span> <span class='ocrx_word' id='word_1_511' title='bbox 1384 3798 1451 3850; x_wconf 89' lang='lat' dir='ltr'><strong><em>ah</em></strong></span> <span class='ocrx_word' id='word_1_512' title='bbox 1475 3796 1667 3852; x_wconf 64' lang='lat' dir='ltr'><strong><em>haeresi</em></strong></span> <span class='ocrx_word' id='word_1_513' title='bbox 1703 3796 1801 3850; x_wconf 91' lang='lat' dir='ltr'><strong><em>mi-</em></strong></span> 
     </span>
    </p>
   </div>
   <div class='ocr_carea' id='block_1_69' title="bbox 226 3890 1798 3960">
    <p class='ocr_par' dir='ltr' id='par_1_69' title="bbox 226 3890 1798 3960">
     <span class='ocr_line' id='line_1_69' title="bbox 226 3890 1798 3960; baseline 0.001 -19"><span class='ocrx_word' id='word_1_514' title='bbox 226 3890 350 3944; x_wconf 91' lang='lat' dir='ltr'><strong><em>nime</em></strong></span> <span class='ocrx_word' id='word_1_515' title='bbox 382 3890 642 3955; x_wconf 80' lang='lat' dir='ltr'><strong><em>referret,</em></strong></span> <span class='ocrx_word' id='word_1_516' title='bbox 676 3890 801 3943; x_wconf 93' lang='lat' dir='ltr'><strong><em>dum</em></strong></span> <span class='ocrx_word' id='word_1_517' title='bbox 829 3890 1025 3958; x_wconf 79' lang='lat' dir='ltr'><strong><em>Ephesi</em></strong></span> <span class='ocrx_word' id='word_1_518' title='bbox 1067 3891 1304 3960; x_wconf 83' lang='lat' dir='ltr'><strong><em>synodus</em></strong></span> <span class='ocrx_word' id='word_1_519' title='bbox 1338 3890 1534 3944; x_wconf 88' lang='lat' dir='ltr'><strong><em>indicta</em></strong></span> <span class='ocrx_word' id='word_1_520' title='bbox 1567 3890 1798 3959; x_wconf 83' lang='lat' dir='ltr'><strong><em>paraba-</em></strong></span> 
     </span>
    </p>
   </div>
   <div class='ocr_carea' id='block_1_70' title="bbox 224 3981 1798 4053">
    <p class='ocr_par' dir='ltr' id='par_1_70' title="bbox 224 3981 1798 4053">
     <span class='ocr_line' id='line_1_70' title="bbox 224 3981 1798 4053; baseline 0.003 -20"><span class='ocrx_word' id='word_1_521' title='bbox 224 3989 313 4043; x_wconf 92' lang='lat' dir='ltr'><strong><em>tur,</em></strong></span> <span class='ocrx_word' id='word_1_522' title='bbox 335 3983 609 4036; x_wconf 90' lang='lat' dir='ltr'><strong><em>consuluit</em></strong></span> <span class='ocrx_word' id='word_1_523' title='bbox 629 3982 863 4053; x_wconf 88' lang='lat' dir='ltr'><strong><em>Cyrillus</em></strong></span> <span class='ocrx_word' id='word_1_524' title='bbox 886 3981 1236 4036; x_wconf 65' lang='lat' dir='ltr'><strong><em>Caelestinum</em></strong></span> <span class='ocrx_word' id='word_1_525' title='bbox 1263 3981 1459 4051; x_wconf 89' lang='lat' dir='ltr'><strong><em>(Epist.</em></strong></span> <span class='ocrx_word' id='word_1_526' title='bbox 1483 3983 1591 4052; x_wconf 87' lang='grc'><strong><em>16),</em></strong></span> <span class='ocrx_word' id='word_1_527' title='bbox 1619 3994 1798 4038; x_wconf 91' lang='lat' dir='ltr'><strong><em>utrum</em></strong></span> 
     </span>
    </p>
   </div>
   <div class='ocr_carea' id='block_1_71' title="bbox 224 4072 1799 4146">
    <p class='ocr_par' dir='ltr' id='par_1_71' title="bbox 224 4072 1799 4146">
     <span class='ocr_line' id='line_1_71' title="bbox 224 4072 1799 4146; baseline 0.003 -19"><span class='ocrx_word' id='word_1_528' title='bbox 224 4072 483 4130; x_wconf 81' lang='lat' dir='ltr'><strong><em>Nestorius</em></strong></span> <span class='ocrx_word' id='word_1_529' title='bbox 513 4118 527 4139; x_wconf 93' lang='lat'><strong><em>,</em></strong></span> <span class='ocrx_word' id='word_1_530' title='bbox 583 4075 744 4131; x_wconf 86' lang='lat' dir='ltr'><strong><em>etiam</em></strong></span> <span class='ocrx_word' id='word_1_531' title='bbox 779 4075 823 4129; x_wconf 89' lang='lat' dir='ltr'><strong><em>si</em></strong></span> <span class='ocrx_word' id='word_1_532' title='bbox 853 4091 1094 4131; x_wconf 89' lang='lat' dir='ltr'><strong><em>errorem</em></strong></span> <span class='ocrx_word' id='word_1_533' title='bbox 1128 4078 1462 4146; x_wconf 87' lang='lat' dir='ltr'><strong><em>deponeret,</em></strong></span> <span class='ocrx_word' id='word_1_534' title='bbox 1509 4078 1563 4129; x_wconf 91' lang='lat' dir='ltr'><strong><em>in</em></strong></span> <span class='ocrx_word' id='word_1_535' title='bbox 1591 4077 1799 4146; x_wconf 87' lang='lat' dir='ltr'><strong><em>synodo</em></strong></span> 
     </span>
    </p>
   </div>
   <div class='ocr_carea' id='block_1_72' title="bbox 225 4169 1798 4239">
    <p class='ocr_par' dir='ltr' id='par_1_72' title="bbox 225 4169 1798 4239">
     <span class='ocr_line' id='line_1_72' title="bbox 225 4169 1798 4239; baseline 0.001 -18"><span class='ocrx_word' id='word_1_536' title='bbox 225 4177 349 4221; x_wconf 87' lang='lat' dir='ltr'><strong><em>esset</em></strong></span> <span class='ocrx_word' id='word_1_537' title='bbox 368 4169 754 4239; x_wconf 85' lang='lat' dir='ltr'><strong><em>recipiendus;</em></strong></span> <span class='ocrx_word' id='word_1_538' title='bbox 782 4184 847 4223; x_wconf 88' lang='lat' dir='ltr'><strong><em>an</em></strong></span> <span class='ocrx_word' id='word_1_539' title='bbox 872 4185 1003 4223; x_wconf 88' lang='lat' dir='ltr'><strong><em>vero</em></strong></span> <span class='ocrx_word' id='word_1_540' title='bbox 1027 4170 1130 4223; x_wconf 88' lang='lat' dir='ltr'><strong><em>lata</em></strong></span> <span class='ocrx_word' id='word_1_541' title='bbox 1155 4170 1511 4238; x_wconf 87' lang='lat' dir='ltr'><strong><em>depositionis</em></strong></span> <span class='ocrx_word' id='word_1_542' title='bbox 1532 4170 1798 4224; x_wconf 88' lang='lat' dir='ltr'><strong><em>sententia</em></strong></span> 
     </span>
    </p>
   </div>
   <div class='ocr_carea' id='block_1_73' title="bbox 223 4262 1796 4333">
    <p class='ocr_par' dir='ltr' id='par_1_73' title="bbox 223 4262 1796 4333">
     <span class='ocr_line' id='line_1_73' title="bbox 223 4262 1796 4333; baseline 0.001 -17"><span class='ocrx_word' id='word_1_543' title='bbox 223 4262 266 4316; x_wconf 89' lang='lat' dir='ltr'><strong><em>iu</em></strong></span> <span class='ocrx_word' id='word_1_544' title='bbox 293 4280 445 4333; x_wconf 86' lang='lat' dir='ltr'><strong><em>quam</em></strong></span> <span class='ocrx_word' id='word_1_545' title='bbox 473 4264 678 4333; x_wconf 86' lang='lat' dir='ltr'><strong><em>spretis</em></strong></span> <span class='ocrx_word' id='word_1_546' title='bbox 709 4265 943 4318; x_wconf 85' lang='lat' dir='ltr'><strong><em>induciis</em></strong></span> <span class='ocrx_word' id='word_1_547' title='bbox 988 4266 1291 4319; x_wconf 85' lang='lat' dir='ltr'><strong><em>incurrerat</em></strong></span> <span class='ocrx_word' id='word_1_548' title='bbox 1318 4308 1330 4332; x_wconf 90' lang='lat'><strong><em>,</em></strong></span> <span class='ocrx_word' id='word_1_549' title='bbox 1380 4263 1581 4317; x_wconf 89' lang='lat' dir='ltr'><strong><em>remitti</em></strong></span> <span class='ocrx_word' id='word_1_550' title='bbox 1610 4265 1656 4318; x_wconf 89' lang='lat' dir='ltr'><strong><em>ei</em></strong></span> <span class='ocrx_word' id='word_1_551' title='bbox 1690 4278 1796 4318; x_wconf 90' lang='lat' dir='ltr'><strong><em>non</em></strong></span> 
     </span>
    </p>
   </div>
   <div class='ocr_carea' id='block_1_74' title="bbox 224 4352 1799 4429">
    <p class='ocr_par' dir='ltr' id='par_1_74' title="bbox 224 4352 1799 4429">
     <span class='ocr_line' id='line_1_74' title="bbox 224 4352 1799 4429; baseline 0.004 -23"><span class='ocrx_word' id='word_1_552' title='bbox 224 4352 447 4411; x_wconf 85' lang='lat' dir='ltr'><strong><em>deberet.</em></strong></span> <span class='ocrx_word' id='word_1_553' title='bbox 482 4358 740 4411; x_wconf 83' lang='lat' dir='ltr'><strong><em>Monebat</em></strong></span> <span class='ocrx_word' id='word_1_554' title='bbox 767 4366 1029 4428; x_wconf 72' lang='lat' dir='ltr'><strong><em>prmterea</em></strong></span> <span class='ocrx_word' id='word_1_555' title='bbox 1058 4356 1293 4429; x_wconf 89' lang='lat' dir='ltr'><strong><em>Cyrillus</em></strong></span> <span class='ocrx_word' id='word_1_556' title='bbox 1322 4358 1699 4422; x_wconf 70' lang='lat' dir='ltr'><strong><em>Caelestinum,</em></strong></span> <span class='ocrx_word' id='word_1_557' title='bbox 1733 4374 1799 4413; x_wconf 89' lang='lat' dir='ltr'><strong><em>ne</em></strong></span> 
     </span>
    </p>
   </div>
   <div class='ocr_carea' id='block_1_75' title="bbox 221 4449 1798 4520">
    <p class='ocr_par' dir='ltr' id='par_1_75' title="bbox 221 4449 1798 4520">
     <span class='ocr_line' id='line_1_75' title="bbox 221 4449 1798 4520; baseline -0.001 -15"><span class='ocrx_word' id='word_1_558' title='bbox 221 4449 277 4505; x_wconf 83' lang='lat' dir='ltr'><strong><em>ab</em></strong></span> <span class='ocrx_word' id='word_1_559' title='bbox 305 4452 365 4505; x_wconf 90' lang='lat' dir='ltr'><strong><em>iis</em></strong></span> <span class='ocrx_word' id='word_1_560' title='bbox 390 4466 625 4520; x_wconf 90' lang='lat' dir='ltr'><strong><em>quorum</em></strong></span> <span class='ocrx_word' id='word_1_561' title='bbox 655 4461 903 4517; x_wconf 85' lang='lat' dir='ltr'><strong><em>suSpecta</em></strong></span> <span class='ocrx_word' id='word_1_562' title='bbox 934 4459 1049 4503; x_wconf 88' lang='lat' dir='ltr'><strong><em>erat</em></strong></span> <span class='ocrx_word' id='word_1_563' title='bbox 1094 4449 1225 4503; x_wconf 88' lang='lat' dir='ltr'><strong><em>lidcs</em></strong></span> <span class='ocrx_word' id='word_1_564' title='bbox 1259 4450 1466 4502; x_wconf 84' lang='lat' dir='ltr'><strong><em>incaute</em></strong></span> <span class='ocrx_word' id='word_1_565' title='bbox 1491 4451 1692 4516; x_wconf 64' lang='lat' dir='ltr'><strong><em>captari</em></strong></span> <span class='ocrx_word' id='word_1_566' title='bbox 1739 4464 1798 4504; x_wconf 90' lang='lat' dir='ltr'><strong><em>se</em></strong></span> 
     </span>
    </p>
   </div>
   <div class='ocr_carea' id='block_1_76' title="bbox 222 4541 1797 4612">
    <p class='ocr_par' dir='ltr' id='par_1_76' title="bbox 222 4541 1797 4612">
     <span class='ocr_line' id='line_1_76' title="bbox 222 4541 1797 4612; baseline 0.001 -20"><span class='ocrx_word' id='word_1_567' title='bbox 222 4552 501 4608; x_wconf 86' lang='lat' dir='ltr'><strong><em>pateretur.</em></strong></span> <span class='ocrx_word' id='word_1_568' title='bbox 550 4542 690 4596; x_wconf 89' lang='lat' dir='ltr'><strong><em>lluic</em></strong></span> <span class='ocrx_word' id='word_1_569' title='bbox 731 4541 921 4612; x_wconf 83' lang='lat' dir='ltr'><strong><em>Cyrilli</em></strong></span> <span class='ocrx_word' id='word_1_570' title='bbox 968 4542 1215 4606; x_wconf 56' lang='lat' dir='ltr'><strong><em>epistola:</em></strong></span> <span class='ocrx_word' id='word_1_571' title='bbox 1261 4541 1586 4594; x_wconf 74' lang='lat' dir='ltr'><strong><em>leestinus</em></strong></span> <span class='ocrx_word' id='word_1_572' title='bbox 1615 4543 1646 4594; x_wconf 88' lang='lat'><strong>7</strong></span> <span class='ocrx_word' id='word_1_573' title='bbox 1677 4541 1797 4595; x_wconf 84' lang='lat' dir='ltr'><strong><em>Maii</em></strong></span> 
     </span>
    </p>
   </div>
   <div class='ocr_carea' id='block_1_77' title="bbox 1902 3338 3488 3412">
    <p class='ocr_par' dir='ltr' id='par_1_77' title="bbox 1902 3338 3488 3412">
     <span class='ocr_line' id='line_1_77' title="bbox 1902 3338 3488 3412; baseline 0.006 -21"><span class='ocrx_word' id='word_1_574' title='bbox 1902 3353 2040 3408; x_wconf 84' lang='lat' dir='ltr'><strong><em>quos</em></strong></span> <span class='ocrx_word' id='word_1_575' title='bbox 2070 3338 2341 3407; x_wconf 86' lang='lat' dir='ltr'><strong><em>Ephesina</em></strong></span> <span class='ocrx_word' id='word_1_576' title='bbox 2368 3339 2607 3409; x_wconf 84' lang='lat' dir='ltr'><strong><em>synodus</em></strong></span> <span class='ocrx_word' id='word_1_577' title='bbox 2629 3340 2695 3393; x_wconf 87' lang='lat' dir='ltr'><strong><em>ad</em></strong></span> <span class='ocrx_word' id='word_1_578' title='bbox 2720 3339 3084 3395; x_wconf 88' lang='lat' dir='ltr'><strong><em>Theodosium</em></strong></span> <span class='ocrx_word' id='word_1_579' title='bbox 3108 3342 3488 3412; x_wconf 87' lang='lat' dir='ltr'><strong><em>imperatorem</em></strong></span> 
     </span>
    </p>
   </div>
   <div class='ocr_carea' id='block_1_78' title="bbox 1902 3430 3490 3499">
    <p class='ocr_par' dir='ltr' id='par_1_78' title="bbox 1902 3430 3490 3499">
     <span class='ocr_line' id='line_1_78' title="bbox 1902 3430 3490 3499; baseline 0.006 -16"><span class='ocrx_word' id='word_1_580' title='bbox 1902 3430 2179 3499; x_wconf 81' lang='lat' dir='ltr'><strong><em>delegarat</em></strong></span> <span class='ocrx_word' id='word_1_581' title='bbox 2228 3430 2277 3483; x_wconf 90' lang='lat' dir='ltr'><strong><em>in</em></strong></span> <span class='ocrx_word' id='word_1_582' title='bbox 2325 3430 2568 3485; x_wconf 79' lang='lat' dir='ltr'><strong><em>haeretici</em></strong></span> <span class='ocrx_word' id='word_1_583' title='bbox 2619 3432 2903 3486; x_wconf 89' lang='lat' dir='ltr'><strong><em>memorati</em></strong></span> <span class='ocrx_word' id='word_1_584' title='bbox 2951 3434 3124 3488; x_wconf 91' lang='lat' dir='ltr'><strong><em>locum</em></strong></span> <span class='ocrx_word' id='word_1_585' title='bbox 3174 3434 3490 3492; x_wconf 87' lang='lat' dir='ltr'><strong><em>ordinarunt</em></strong></span> 
     </span>
    </p>
   </div>
   <div class='ocr_carea' id='block_1_79' title="bbox 1900 3522 3490 3600">
    <p class='ocr_par' dir='ltr' id='par_1_79' title="bbox 1900 3522 3490 3600">
     <span class='ocr_line' id='line_1_79' title="bbox 1900 3522 3490 3600; baseline 0.004 -24"><span class='ocrx_word' id='word_1_586' title='bbox 1900 3522 2281 3577; x_wconf 83' lang='lat' dir='ltr'><strong><em>Maximianum</em></strong></span> <span class='ocrx_word' id='word_1_587' title='bbox 2323 3522 2579 3578; x_wconf 75' lang='lat' dir='ltr'><strong><em>Ecclesia:</em></strong></span> <span class='ocrx_word' id='word_1_588' title='bbox 2623 3523 3234 3593; x_wconf 76' lang='lat' dir='ltr'><strong><em>Constantinopolitante</em></strong></span> <span class='ocrx_word' id='word_1_589' title='bbox 3268 3528 3490 3600; x_wconf 83' lang='lat' dir='ltr'><strong><em>presby-</em></strong></span> 
     </span>
    </p>
   </div>
   <div class='ocr_carea' id='block_1_80' title="bbox 1902 3618 3491 3691">
    <p class='ocr_par' dir='ltr' id='par_1_80' title="bbox 1902 3618 3491 3691">
     <span class='ocr_line' id='line_1_80' title="bbox 1902 3618 3491 3691; baseline 0.004 -21"><span class='ocrx_word' id='word_1_590' title='bbox 1902 3626 2076 3672; x_wconf 90' lang='lat' dir='ltr'><strong><em>terum</em></strong></span> <span class='ocrx_word' id='word_1_591' title='bbox 2109 3619 2397 3688; x_wconf 86' lang='lat' dir='ltr'><strong><em>statimque</em></strong></span> <span class='ocrx_word' id='word_1_592' title='bbox 2425 3618 2629 3672; x_wconf 88' lang='lat' dir='ltr'><strong><em>litteras</em></strong></span> <span class='ocrx_word' id='word_1_593' title='bbox 2649 3618 3006 3673; x_wconf 89' lang='lat' dir='ltr'><strong><em>ordinationis</em></strong></span> <span class='ocrx_word' id='word_1_594' title='bbox 3025 3618 3144 3688; x_wconf 90' lang='lat' dir='ltr'><strong><em>ejus</em></strong></span> <span class='ocrx_word' id='word_1_595' title='bbox 3170 3620 3373 3676; x_wconf 90' lang='lat' dir='ltr'><strong><em>indices</em></strong></span> <span class='ocrx_word' id='word_1_596' title='bbox 3398 3636 3491 3691; x_wconf 87' lang='lat' dir='ltr'><strong><em>per</em></strong></span> 
     </span>
    </p>
   </div>
   <div class='ocr_carea' id='block_1_81' title="bbox 1901 3708 3490 3779">
    <p class='ocr_par' dir='ltr' id='par_1_81' title="bbox 1901 3708 3490 3779">
     <span class='ocr_line' id='line_1_81' title="bbox 1901 3708 3490 3779; baseline 0.002 -16"><span class='ocrx_word' id='word_1_597' title='bbox 1901 3708 2164 3763; x_wconf 86' lang='lat' dir='ltr'><strong><em>Joannem</em></strong></span> <span class='ocrx_word' id='word_1_598' title='bbox 2216 3709 2587 3779; x_wconf 85' lang='lat' dir='ltr'><strong><em>presbyterum</em></strong></span> <span class='ocrx_word' id='word_1_599' title='bbox 2643 3718 2698 3763; x_wconf 90' lang='lat' dir='ltr'><strong><em>et</em></strong></span> <span class='ocrx_word' id='word_1_600' title='bbox 2742 3708 3042 3779; x_wconf 84' lang='lat' dir='ltr'><strong><em>Epictetum</em></strong></span> <span class='ocrx_word' id='word_1_601' title='bbox 3090 3709 3377 3765; x_wconf 89' lang='lat' dir='ltr'><strong><em>diaconum</em></strong></span> <span class='ocrx_word' id='word_1_602' title='bbox 3423 3712 3490 3767; x_wconf 88' lang='lat' dir='ltr'><strong><em>ad</em></strong></span> 
     </span>
    </p>
   </div>
   <div class='ocr_carea' id='block_1_82' title="bbox 1901 3800 3487 3871">
    <p class='ocr_par' dir='ltr' id='par_1_82' title="bbox 1901 3800 3487 3871">
     <span class='ocr_line' id='line_1_82' title="bbox 1901 3800 3487 3871; baseline -0.001 -14"><span class='ocrx_word' id='word_1_603' title='bbox 1901 3801 2254 3857; x_wconf 73' lang='lat' dir='ltr'><strong><em>leestinum</em></strong></span> <span class='ocrx_word' id='word_1_604' title='bbox 2282 3803 2565 3856; x_wconf 85' lang='lat' dir='ltr'><strong><em>miserunt.</em></strong></span> <span class='ocrx_word' id='word_1_605' title='bbox 2599 3800 2833 3856; x_wconf 90' lang='lat' dir='ltr'><strong><em>Litteras</em></strong></span> <span class='ocrx_word' id='word_1_606' title='bbox 2862 3802 3003 3867; x_wconf 85' lang='lat' dir='ltr'><strong><em>illas,</em></strong></span> <span class='ocrx_word' id='word_1_607' title='bbox 3040 3818 3158 3871; x_wconf 74' lang='lat' dir='ltr'><strong><em>qua:</em></strong></span> <span class='ocrx_word' id='word_1_608' title='bbox 3181 3803 3487 3857; x_wconf 81' lang='lat' dir='ltr'><strong><em>Maximiani</em></strong></span> 
     </span>
    </p>
   </div>
   <div class='ocr_carea' id='block_1_83' title="bbox 1904 3895 3489 3965">
    <p class='ocr_par' dir='ltr' id='par_1_83' title="bbox 1904 3895 3489 3965">
     <span class='ocr_line' id='line_1_83' title="bbox 1904 3895 3489 3965; baseline 0.001 -14"><span class='ocrx_word' id='word_1_609' title='bbox 1904 3897 2260 3951; x_wconf 89' lang='lat' dir='ltr'><strong><em>continebant</em></strong></span> <span class='ocrx_word' id='word_1_610' title='bbox 2290 3896 2526 3965; x_wconf 83' lang='lat' dir='ltr'><strong><em>elogium</em></strong></span> <span class='ocrx_word' id='word_1_611' title='bbox 2551 3937 2566 3961; x_wconf 96' lang='lat'><strong><em>,</em></strong></span> <span class='ocrx_word' id='word_1_612' title='bbox 2610 3896 2936 3950; x_wconf 74' lang='lat' dir='ltr'><strong><em>Ctelestinus</em></strong></span> <span class='ocrx_word' id='word_1_613' title='bbox 2963 3895 3061 3949; x_wconf 89' lang='lat' dir='ltr'><strong><em>sibi</em></strong></span> <span class='ocrx_word' id='word_1_614' title='bbox 3093 3896 3336 3965; x_wconf 82' lang='lat' dir='ltr'><strong><em>proxime</em></strong></span> <span class='ocrx_word' id='word_1_615' title='bbox 3366 3906 3489 3953; x_wconf 84' lang='lat' dir='ltr'><strong><em>ante</em></strong></span> 
     </span>
    </p>
   </div>
   <div class='ocr_carea' id='block_1_84' title="bbox 1902 3986 3484 4057">
    <p class='ocr_par' dir='ltr' id='par_1_84' title="bbox 1902 3986 3484 4057">
     <span class='ocr_line' id='line_1_84' title="bbox 1902 3986 3484 4057; baseline -0.002 -14"><span class='ocrx_word' id='word_1_616' title='bbox 1902 3989 2146 4043; x_wconf 86' lang='lat' dir='ltr'><strong><em>Natalem</em></strong></span> <span class='ocrx_word' id='word_1_617' title='bbox 2183 3988 2400 4042; x_wconf 89' lang='lat' dir='ltr'><strong><em>Domini</em></strong></span> <span class='ocrx_word' id='word_1_618' title='bbox 2430 3988 2570 4041; x_wconf 90' lang='lat' dir='ltr'><strong><em>diem</em></strong></span> <span class='ocrx_word' id='word_1_619' title='bbox 2604 3986 2840 4042; x_wconf 90' lang='lat' dir='ltr'><strong><em>redditas</em></strong></span> <span class='ocrx_word' id='word_1_620' title='bbox 2868 3986 3035 4042; x_wconf 82' lang='lat' dir='ltr'><strong><em>fuisse</em></strong></span> <span class='ocrx_word' id='word_1_621' title='bbox 3060 3986 3218 4043; x_wconf 90' lang='lat' dir='ltr'><strong><em>docet</em></strong></span> <span class='ocrx_word' id='word_1_622' title='bbox 3264 3987 3285 4057; x_wconf 94' lang='lat'><strong><em>(</em></strong></span> <span class='ocrx_word' id='word_1_623' title='bbox 3312 3987 3484 4057; x_wconf 86' lang='lat' dir='ltr'><strong><em>Epist.</em></strong></span> 
     </span>
    </p>
   </div>
   <div class='ocr_carea' id='block_1_85' title="bbox 1901 4081 2189 4150">
    <p class='ocr_par' dir='ltr' id='par_1_85' title="bbox 1901 4081 2189 4150">
     <span class='ocr_line' id='line_1_85' title="bbox 1901 4081 2189 4150; baseline -0.014 -15"><span class='ocrx_word' id='word_1_624' title='bbox 1901 4082 1993 4145; x_wconf 72' lang='lat'><strong><em>&#39;22,</em></strong></span> <span class='ocrx_word' id='word_1_625' title='bbox 2026 4099 2079 4134; x_wconf 88' lang='grc' dir='ltr'><strong>η.</strong></span> <span class='ocrx_word' id='word_1_626' title='bbox 2108 4081 2189 4150; x_wconf 72' lang='lat'><strong><em>4).</em></strong></span> 
     </span>
    </p>
   </div>
   <div class='ocr_carea' id='block_1_86' title="bbox 1976 4170 3484 4241">
    <p class='ocr_par' dir='ltr' id='par_1_86' title="bbox 1976 4170 3484 4241">
     <span class='ocr_line' id='line_1_86' title="bbox 1976 4170 3484 4241; baseline -0.001 -15"><span class='ocrx_word' id='word_1_627' title='bbox 1976 4174 2062 4226; x_wconf 86' lang='grc'><strong><em>17.</em></strong></span> <span class='ocrx_word' id='word_1_628' title='bbox 2106 4171 2445 4226; x_wconf 88' lang='lat' dir='ltr'><strong><em>Theodosius</em></strong></span> <span class='ocrx_word' id='word_1_629' title='bbox 2470 4172 2782 4239; x_wconf 88' lang='lat' dir='ltr'><strong><em>imperator,</em></strong></span> <span class='ocrx_word' id='word_1_630' title='bbox 2817 4170 3088 4240; x_wconf 66' lang='lat' dir='ltr'><strong><em>praedictis</em></strong></span> <span class='ocrx_word' id='word_1_631' title='bbox 3109 4171 3484 4241; x_wconf 89' lang='lat' dir='ltr'><strong><em>episcoporum</em></strong></span> 
     </span>
    </p>
   </div>
   <div class='ocr_carea' id='block_1_87' title="bbox 1902 4264 3487 4335">
    <p class='ocr_par' dir='ltr' id='par_1_87' title="bbox 1902 4264 3487 4335">
     <span class='ocr_line' id='line_1_87' title="bbox 1902 4264 3487 4335; baseline -0.001 -14"><span class='ocrx_word' id='word_1_632' title='bbox 1902 4267 2099 4321; x_wconf 90' lang='lat' dir='ltr'><strong><em>litteris</em></strong></span> <span class='ocrx_word' id='word_1_633' title='bbox 2121 4265 2402 4333; x_wconf 89' lang='lat' dir='ltr'><strong><em>epistolam</em></strong></span> <span class='ocrx_word' id='word_1_634' title='bbox 2432 4264 2755 4331; x_wconf 86' lang='lat' dir='ltr'><strong><em>peculiarem</em></strong></span> <span class='ocrx_word' id='word_1_635' title='bbox 2778 4264 3042 4334; x_wconf 86' lang='lat' dir='ltr'><strong><em>adjunxit,</em></strong></span> <span class='ocrx_word' id='word_1_636' title='bbox 3062 4280 3165 4335; x_wconf 88' lang='lat' dir='ltr'><strong><em>qua</em></strong></span> <span class='ocrx_word' id='word_1_637' title='bbox 3185 4265 3487 4320; x_wconf 83' lang='lat' dir='ltr'><strong><em>Maximiani</em></strong></span> 
     </span>
    </p>
   </div>
   <div class='ocr_carea' id='block_1_88' title="bbox 1902 4356 3488 4427">
    <p class='ocr_par' dir='ltr' id='par_1_88' title="bbox 1902 4356 3488 4427">
     <span class='ocr_line' id='line_1_88' title="bbox 1902 4356 3488 4427; baseline -0.001 -14"><span class='ocrx_word' id='word_1_638' title='bbox 1902 4359 2302 4413; x_wconf 89' lang='lat' dir='ltr'><strong><em>ordinationem</em></strong></span> <span class='ocrx_word' id='word_1_639' title='bbox 2333 4356 2549 4425; x_wconf 89' lang='lat' dir='ltr'><strong><em>probari</em></strong></span> <span class='ocrx_word' id='word_1_640' title='bbox 2572 4356 2671 4411; x_wconf 92' lang='lat' dir='ltr'><strong><em>sibi</em></strong></span> <span class='ocrx_word' id='word_1_641' title='bbox 2699 4356 3017 4411; x_wconf 87' lang='lat' dir='ltr'><strong><em>testabatur.</em></strong></span> <span class='ocrx_word' id='word_1_642' title='bbox 3044 4356 3178 4411; x_wconf 92' lang='lat' dir='ltr'><strong><em>Tum</em></strong></span> <span class='ocrx_word' id='word_1_643' title='bbox 3205 4357 3361 4427; x_wconf 93' lang='lat' dir='ltr'><strong><em>hujus</em></strong></span> <span class='ocrx_word' id='word_1_644' title='bbox 3388 4358 3488 4411; x_wconf 85' lang='lat' dir='ltr'><strong><em>im-</em></strong></span> 
     </span>
    </p>
   </div>
   <div class='ocr_carea' id='block_1_89' title="bbox 1902 4448 3487 4519">
    <p class='ocr_par' dir='ltr' id='par_1_89' title="bbox 1902 4448 3487 4519">
     <span class='ocr_line' id='line_1_89' title="bbox 1902 4448 3487 4519; baseline -0.001 -16"><span class='ocrx_word' id='word_1_645' title='bbox 1902 4450 2166 4519; x_wconf 86' lang='lat' dir='ltr'><strong><em>peratoris</em></strong></span> <span class='ocrx_word' id='word_1_646' title='bbox 2219 4448 2544 4501; x_wconf 90' lang='lat' dir='ltr'><strong><em>sententiam</em></strong></span> <span class='ocrx_word' id='word_1_647' title='bbox 2591 4462 2712 4501; x_wconf 92' lang='lat' dir='ltr'><strong><em>cum</em></strong></span> <span class='ocrx_word' id='word_1_648' title='bbox 2756 4448 3131 4518; x_wconf 89' lang='lat' dir='ltr'><strong><em>episcoporum</em></strong></span> <span class='ocrx_word' id='word_1_649' title='bbox 3179 4448 3487 4502; x_wconf 86' lang='lat' dir='ltr'><strong><em>testimonio</em></strong></span> 
     </span>
    </p>
   </div>
   <div class='ocr_carea' id='block_1_90' title="bbox 1902 4539 3488 4610">
    <p class='ocr_par' dir='ltr' id='par_1_90' title="bbox 1902 4539 3488 4610">
     <span class='ocr_line' id='line_1_90' title="bbox 1902 4539 3488 4610; baseline -0.002 -12"><span class='ocrx_word' id='word_1_650' title='bbox 1902 4541 2225 4598; x_wconf 86' lang='lat' dir='ltr'><strong><em>concordem</em></strong></span> <span class='ocrx_word' id='word_1_651' title='bbox 2258 4554 2490 4594; x_wconf 89' lang='lat' dir='ltr'><strong><em>cernens</em></strong></span> <span class='ocrx_word' id='word_1_652' title='bbox 2517 4539 2849 4594; x_wconf 73' lang='lat' dir='ltr'><strong><em>leestinus</em></strong></span> <span class='ocrx_word' id='word_1_653' title='bbox 2874 4583 2888 4605; x_wconf 95' lang='lat'><strong><em>,</em></strong></span> <span class='ocrx_word' id='word_1_654' title='bbox 2939 4547 3087 4594; x_wconf 87' lang='lat' dir='ltr'><strong><em>tanto</em></strong></span> <span class='ocrx_word' id='word_1_655' title='bbox 3126 4539 3375 4610; x_wconf 81' lang='lat' dir='ltr'><strong><em>perfusus</em></strong></span> <span class='ocrx_word' id='word_1_656' title='bbox 3404 4550 3488 4595; x_wconf 89' lang='lat' dir='ltr'><strong><em>est</em></strong></span> 
     </span>
    </p>
   </div>
   <div class='ocr_carea' id='block_1_91' title="bbox 218 4617 3487 4707">
    <p class='ocr_par' dir='ltr' id='par_1_91' title="bbox 218 4617 3487 4707">
     <span class='ocr_line' id='line_1_91' title="bbox 218 4617 3487 4707; baseline 0.001 -22"><span class='ocrx_word' id='word_1_657' title='bbox 218 4632 295 4688; x_wconf 91' lang='lat' dir='ltr'><strong><em>die</em></strong></span> <span class='ocrx_word' id='word_1_658' title='bbox 323 4635 445 4689; x_wconf 90' lang='lat' dir='ltr'><strong><em>anni</em></strong></span> <span class='ocrx_word' id='word_1_659' title='bbox 476 4634 582 4689; x_wconf 74' lang='grc'><strong><em>451</em></strong></span> <span class='ocrx_word' id='word_1_660' title='bbox 611 4634 909 4703; x_wconf 86' lang='lat' dir='ltr'><strong><em>rescripsit.</em></strong></span> <span class='ocrx_word' id='word_1_661' title='bbox 943 4633 1094 4688; x_wconf 91' lang='lat' dir='ltr'><strong><em>Unde</em></strong></span> <span class='ocrx_word' id='word_1_662' title='bbox 1139 4634 1283 4687; x_wconf 86' lang='lat' dir='ltr'><strong><em>illam</em></strong></span> <span class='ocrx_word' id='word_1_663' title='bbox 1332 4648 1439 4687; x_wconf 90' lang='lat' dir='ltr'><strong><em>non</em></strong></span> <span class='ocrx_word' id='word_1_664' title='bbox 1481 4633 1637 4702; x_wconf 83' lang='lat' dir='ltr'><strong><em>longe</em></strong></span> <span class='ocrx_word' id='word_1_665' title='bbox 1676 4644 1795 4703; x_wconf 83' lang='lat' dir='ltr'><strong><em>post</em></strong></span> <span class='ocrx_word' id='word_1_666' title='bbox 1826 4617 1876 4677; x_wconf 83' lang='lat' dir='ltr'><strong><em>D</em></strong></span> <span class='ocrx_word' id='word_1_667' title='bbox 1901 4637 2097 4707; x_wconf 84' lang='lat' dir='ltr'><strong><em>gaudio</em></strong></span> <span class='ocrx_word' id='word_1_668' title='bbox 2121 4678 2136 4701; x_wconf 94' lang='lat'><strong><em>,</em></strong></span> <span class='ocrx_word' id='word_1_669' title='bbox 2180 4643 2238 4689; x_wconf 89' lang='lat' dir='ltr'><strong><em>ut</em></strong></span> <span class='ocrx_word' id='word_1_670' title='bbox 2266 4650 2450 4688; x_wconf 90' lang='lat' dir='ltr'><strong><em>sacros</em></strong></span> <span class='ocrx_word' id='word_1_671' title='bbox 2487 4633 2610 4687; x_wconf 88' lang='lat' dir='ltr'><strong><em>illos</em></strong></span> <span class='ocrx_word' id='word_1_672' title='bbox 2640 4644 2878 4703; x_wconf 68' lang='lat' dir='ltr'><strong><em>augusta:</em></strong></span> <span class='ocrx_word' id='word_1_673' title='bbox 2906 4634 3119 4702; x_wconf 86' lang='lat' dir='ltr'><strong><em>pietatis</em></strong></span> <span class='ocrx_word' id='word_1_674' title='bbox 3160 4634 3341 4703; x_wconf 89' lang='lat' dir='ltr'><strong><em>apices</em></strong></span> <span class='ocrx_word' id='word_1_675' title='bbox 3368 4634 3487 4703; x_wconf 89' lang='lat' dir='ltr'><strong><em>ipso</em></strong></span> 
     </span>
    </p>
   </div>
   <div class='ocr_carea' id='block_1_92' title="bbox 219 4726 1796 4795">
    <p class='ocr_par' dir='ltr' id='par_1_92' title="bbox 219 4726 1796 4795">
     <span class='ocr_line' id='line_1_92' title="bbox 219 4726 1796 4795; baseline 0.003 -17"><span class='ocrx_word' id='word_1_676' title='bbox 219 4728 330 4779; x_wconf 87' lang='lat' dir='ltr'><strong><em>anni</em></strong></span> <span class='ocrx_word' id='word_1_677' title='bbox 355 4726 603 4795; x_wconf 87' lang='lat' dir='ltr'><strong><em>ejusdem</em></strong></span> <span class='ocrx_word' id='word_1_678' title='bbox 628 4726 779 4780; x_wconf 88' lang='lat' dir='ltr'><strong><em>initia</em></strong></span> <span class='ocrx_word' id='word_1_679' title='bbox 810 4728 1063 4794; x_wconf 88' lang='lat' dir='ltr'><strong><em>scriptam</em></strong></span> <span class='ocrx_word' id='word_1_680' title='bbox 1089 4742 1211 4781; x_wconf 78' lang='lat' dir='ltr'><strong><em>esse</em></strong></span> <span class='ocrx_word' id='word_1_681' title='bbox 1234 4727 1534 4792; x_wconf 80' lang='lat' dir='ltr'><strong><em>conﬁcitur,</em></strong></span> <span class='ocrx_word' id='word_1_682' title='bbox 1562 4729 1796 4783; x_wconf 83' lang='lat' dir='ltr'><strong><em>maxime</em></strong></span> 
     </span>
    </p>
   </div>
   <div class='ocr_carea' id='block_1_93' title="bbox 216 4819 1793 4891">
    <p class='ocr_par' dir='ltr' id='par_1_93' title="bbox 216 4819 1793 4891">
     <span class='ocr_line' id='line_1_93' title="bbox 216 4819 1793 4891; baseline 0.001 -20"><span class='ocrx_word' id='word_1_683' title='bbox 216 4832 323 4871; x_wconf 91' lang='lat' dir='ltr'><strong><em>cum</em></strong></span> <span class='ocrx_word' id='word_1_684' title='bbox 343 4822 394 4874; x_wconf 89' lang='lat' dir='ltr'><strong><em>in</em></strong></span> <span class='ocrx_word' id='word_1_685' title='bbox 416 4829 845 4875; x_wconf 84' lang='lat' dir='ltr'><strong><em>ea‘memoretur</em></strong></span> <span class='ocrx_word' id='word_1_686' title='bbox 863 4819 1064 4888; x_wconf 87' lang='lat' dir='ltr'><strong><em>Ephesi</em></strong></span> <span class='ocrx_word' id='word_1_687' title='bbox 1084 4820 1330 4873; x_wconf 88' lang='lat' dir='ltr'><strong><em>habenda</em></strong></span> <span class='ocrx_word' id='word_1_688' title='bbox 1354 4819 1613 4891; x_wconf 89' lang='lat' dir='ltr'><strong><em>synodus,</em></strong></span> <span class='ocrx_word' id='word_1_689' title='bbox 1636 4836 1793 4889; x_wconf 91' lang='lat' dir='ltr'><strong><em>quam</em></strong></span> 
     </span>
    </p>
   </div>
   <div class='ocr_carea' id='block_1_94' title="bbox 218 4911 1798 4982">
    <p class='ocr_par' dir='ltr' id='par_1_94' title="bbox 218 4911 1798 4982">
     <span class='ocr_line' id='line_1_94' title="bbox 218 4911 1798 4982; baseline 0.001 -16"><span class='ocrx_word' id='word_1_690' title='bbox 218 4911 546 4968; x_wconf 88' lang='lat' dir='ltr'><strong><em>Theodosius</em></strong></span> <span class='ocrx_word' id='word_1_691' title='bbox 578 4915 872 4982; x_wconf 86' lang='lat' dir='ltr'><strong><em>imperator</em></strong></span> <span class='ocrx_word' id='word_1_692' title='bbox 894 4912 961 4968; x_wconf 85' lang='grc'><strong>19</strong></span> <span class='ocrx_word' id='word_1_693' title='bbox 986 4911 1302 4967; x_wconf 86' lang='lat' dir='ltr'><strong><em>Novembris</em></strong></span> <span class='ocrx_word' id='word_1_694' title='bbox 1324 4911 1412 4968; x_wconf 89' lang='lat' dir='ltr'><strong><em>die</em></strong></span> <span class='ocrx_word' id='word_1_695' title='bbox 1438 4914 1562 4966; x_wconf 88' lang='lat' dir='ltr'><strong><em>anni</em></strong></span> <span class='ocrx_word' id='word_1_696' title='bbox 1584 4914 1690 4969; x_wconf 74' lang='grc'><strong><em>450</em></strong></span> <span class='ocrx_word' id='word_1_697' title='bbox 1718 4914 1798 4967; x_wconf 88' lang='lat' dir='ltr'><strong><em>in-</em></strong></span> 
     </span>
    </p>
   </div>
   <div class='ocr_carea' id='block_1_95' title="bbox 214 5002 937 5076">
    <p class='ocr_par' dir='ltr' id='par_1_95' title="bbox 214 5002 937 5076">
     <span class='ocr_line' id='line_1_95' title="bbox 214 5002 937 5076; baseline 0.004 -19"><span class='ocrx_word' id='word_1_698' title='bbox 214 5002 382 5061; x_wconf 87' lang='lat' dir='ltr'><strong><em>dicere</em></strong></span> <span class='ocrx_word' id='word_1_699' title='bbox 412 5004 650 5076; x_wconf 90' lang='lat' dir='ltr'><strong><em>primum</em></strong></span> <span class='ocrx_word' id='word_1_700' title='bbox 678 5015 937 5074; x_wconf 72' lang='lat' dir='ltr'><strong><em>creperat.</em></strong></span> 
     </span>
    </p>
   </div>
   <div class='ocr_carea' id='block_1_96' title="bbox 280 5098 1795 5170">
    <p class='ocr_par' dir='ltr' id='par_1_96' title="bbox 280 5098 1795 5170">
     <span class='ocr_line' id='line_1_96' title="bbox 280 5098 1795 5170; baseline 0.001 -19"><span class='ocrx_word' id='word_1_701' title='bbox 280 5098 365 5152; x_wconf 76' lang='grc'><strong>14.</strong></span> <span class='ocrx_word' id='word_1_702' title='bbox 406 5100 621 5154; x_wconf 88' lang='lat' dir='ltr'><strong><em>Eodem</em></strong></span> <span class='ocrx_word' id='word_1_703' title='bbox 653 5115 795 5155; x_wconf 89' lang='lat' dir='ltr'><strong><em>anno</em></strong></span> <span class='ocrx_word' id='word_1_704' title='bbox 822 5099 1050 5168; x_wconf 82' lang='lat' dir='ltr'><strong><em>contigit</em></strong></span> <span class='ocrx_word' id='word_1_705' title='bbox 1090 5107 1148 5153; x_wconf 91' lang='lat' dir='ltr'><strong><em>ut</em></strong></span> <span class='ocrx_word' id='word_1_706' title='bbox 1182 5099 1235 5153; x_wconf 91' lang='lat' dir='ltr'><strong><em>in</em></strong></span> <span class='ocrx_word' id='word_1_707' title='bbox 1273 5098 1460 5154; x_wconf 89' lang='lat' dir='ltr'><strong><em>Galliis</em></strong></span> <span class='ocrx_word' id='word_1_708' title='bbox 1494 5098 1795 5170; x_wconf 84' lang='lat' dir='ltr'><strong><em>presbyteri</em></strong></span> 
     </span>
    </p>
   </div>
   <div class='ocr_carea' id='block_1_97' title="bbox 215 5191 1797 5262">
    <p class='ocr_par' dir='ltr' id='par_1_97' title="bbox 215 5191 1797 5262">
     <span class='ocr_line' id='line_1_97' title="bbox 215 5191 1797 5262; baseline 0 -17"><span class='ocrx_word' id='word_1_709' title='bbox 215 5192 450 5246; x_wconf 89' lang='lat' dir='ltr'><strong><em>nonnulli</em></strong></span> <span class='ocrx_word' id='word_1_710' title='bbox 476 5192 743 5262; x_wconf 88' lang='lat' dir='ltr'><strong><em>quasdam</em></strong></span> <span class='ocrx_word' id='word_1_711' title='bbox 789 5192 855 5247; x_wconf 91' lang='lat' dir='ltr'><strong><em>de</em></strong></span> <span class='ocrx_word' id='word_1_712' title='bbox 906 5193 1081 5247; x_wconf 89' lang='lat' dir='ltr'><strong><em>libero</em></strong></span> <span class='ocrx_word' id='word_1_713' title='bbox 1116 5191 1344 5246; x_wconf 87' lang='lat' dir='ltr'><strong><em>arbitrio</em></strong></span> <span class='ocrx_word' id='word_1_714' title='bbox 1374 5192 1700 5261; x_wconf 70' lang='lat' dir='ltr'><strong><em>qumstiones</em></strong></span> <span class='ocrx_word' id='word_1_715' title='bbox 1745 5192 1797 5246; x_wconf 93' lang='lat' dir='ltr'><strong><em>in</em></strong></span> 
     </span>
    </p>
   </div>
   <div class='ocr_carea' id='block_1_98' title="bbox 217 5285 1801 5355">
    <p class='ocr_par' dir='ltr' id='par_1_98' title="bbox 217 5285 1801 5355">
     <span class='ocr_line' id='line_1_98' title="bbox 217 5285 1801 5355; baseline 0.003 -20"><span class='ocrx_word' id='word_1_716' title='bbox 217 5285 444 5338; x_wconf 88' lang='lat' dir='ltr'><strong><em>medium</em></strong></span> <span class='ocrx_word' id='word_1_717' title='bbox 470 5293 735 5339; x_wconf 83' lang='lat' dir='ltr'><strong><em>vocarent</em></strong></span> <span class='ocrx_word' id='word_1_718' title='bbox 763 5325 777 5348; x_wconf 91' lang='lat'><strong><em>,</em></strong></span> <span class='ocrx_word' id='word_1_719' title='bbox 821 5300 943 5354; x_wconf 61' lang='lat' dir='ltr'><strong><em>quae</em></strong></span> <span class='ocrx_word' id='word_1_720' title='bbox 969 5286 1207 5339; x_wconf 79' lang='lat' dir='ltr'><strong><em>novitate</em></strong></span> <span class='ocrx_word' id='word_1_721' title='bbox 1234 5300 1326 5339; x_wconf 87' lang='lat' dir='ltr'><strong><em>sua</em></strong></span> <span class='ocrx_word' id='word_1_722' title='bbox 1353 5286 1645 5341; x_wconf 87' lang='lat' dir='ltr'><strong><em>Ecclesiam</em></strong></span> <span class='ocrx_word' id='word_1_723' title='bbox 1678 5302 1801 5355; x_wconf 85' lang='lat' dir='ltr'><strong><em>per-</em></strong></span> 
     </span>
    </p>
   </div>
   <div class='ocr_carea' id='block_1_99' title="bbox 213 5377 1798 5436">
    <p class='ocr_par' dir='ltr' id='par_1_99' title="bbox 213 5377 1798 5436">
     <span class='ocr_line' id='line_1_99' title="bbox 213 5377 1798 5436; baseline 0.003 -6"><span class='ocrx_word' id='word_1_724' title='bbox 213 5377 520 5433; x_wconf 86' lang='lat' dir='ltr'><strong><em>turbabant.</em></strong></span> <span class='ocrx_word' id='word_1_725' title='bbox 558 5379 694 5433; x_wconf 92' lang='lat' dir='ltr'><strong><em>Tum</em></strong></span> <span class='ocrx_word' id='word_1_726' title='bbox 726 5378 793 5434; x_wconf 90' lang='lat' dir='ltr'><strong><em>de</em></strong></span> <span class='ocrx_word' id='word_1_727' title='bbox 824 5379 907 5432; x_wconf 91' lang='lat' dir='ltr'><strong><em>his</em></strong></span> <span class='ocrx_word' id='word_1_728' title='bbox 936 5378 1327 5433; x_wconf 89' lang='lat' dir='ltr'><strong><em>consulendum</em></strong></span> <span class='ocrx_word' id='word_1_729' title='bbox 1359 5380 1511 5434; x_wconf 84' lang='lat' dir='ltr'><strong><em>duxit</em></strong></span> <span class='ocrx_word' id='word_1_730' title='bbox 1540 5380 1798 5436; x_wconf 89' lang='lat' dir='ltr'><strong><em>Tuentius</em></strong></span> 
     </span>
    </p>
   </div>
   <div class='ocr_carea' id='block_1_100' title="bbox 211 5468 1798 5539">
    <p class='ocr_par' dir='ltr' id='par_1_100' title="bbox 211 5468 1798 5539">
     <span class='ocr_line' id='line_1_100' title="bbox 211 5468 1798 5539; baseline 0.003 -18"><span class='ocrx_word' id='word_1_731' title='bbox 211 5468 491 5539; x_wconf 88' lang='lat' dir='ltr'><strong><em>episcopus</em></strong></span> <span class='ocrx_word' id='word_1_732' title='bbox 514 5470 865 5525; x_wconf 62' lang='lat' dir='ltr'><strong><em>Caelestinum</em></strong></span> <span class='ocrx_word' id='word_1_733' title='bbox 892 5512 908 5535; x_wconf 96' lang='lat'><strong><em>,</em></strong></span> <span class='ocrx_word' id='word_1_734' title='bbox 958 5478 1012 5525; x_wconf 90' lang='lat' dir='ltr'><strong><em>et</em></strong></span> <span class='ocrx_word' id='word_1_735' title='bbox 1040 5469 1109 5525; x_wconf 87' lang='lat' dir='ltr'><strong><em>ab</em></strong></span> <span class='ocrx_word' id='word_1_736' title='bbox 1140 5485 1204 5525; x_wconf 91' lang='lat' dir='ltr'><strong><em>eo</em></strong></span> <span class='ocrx_word' id='word_1_737' title='bbox 1235 5485 1550 5539; x_wconf 87' lang='lat' dir='ltr'><strong><em>responsum</em></strong></span> <span class='ocrx_word' id='word_1_738' title='bbox 1596 5472 1798 5527; x_wconf 90' lang='lat' dir='ltr'><strong><em>habere</em></strong></span> 
     </span>
    </p>
   </div>
   <div class='ocr_carea' id='block_1_101' title="bbox 214 5559 1793 5635">
    <p class='ocr_par' dir='ltr' id='par_1_101' title="bbox 214 5559 1793 5635">
     <span class='ocr_line' id='line_1_101' title="bbox 214 5559 1793 5635; baseline 0.004 -23"><span class='ocrx_word' id='word_1_739' title='bbox 214 5560 399 5615; x_wconf 88' lang='lat' dir='ltr'><strong><em>meruit</em></strong></span> <span class='ocrx_word' id='word_1_740' title='bbox 432 5559 642 5635; x_wconf 87' lang='lat' dir='ltr'><strong><em>(Epist.</em></strong></span> <span class='ocrx_word' id='word_1_741' title='bbox 668 5560 758 5626; x_wconf 74' lang='grc'><strong><em>21,</em></strong></span> <span class='ocrx_word' id='word_1_742' title='bbox 791 5578 841 5615; x_wconf 90' lang='lat' dir='ltr'><strong><em>n.</em></strong></span> <span class='ocrx_word' id='word_1_743' title='bbox 874 5561 952 5632; x_wconf 72' lang='lat'><strong><em>2).</em></strong></span> <span class='ocrx_word' id='word_1_744' title='bbox 990 5562 1229 5616; x_wconf 91' lang='lat' dir='ltr'><strong><em>Subinde</em></strong></span> <span class='ocrx_word' id='word_1_745' title='bbox 1257 5561 1580 5618; x_wconf 87' lang='lat' dir='ltr'><strong><em>Coelestinus</em></strong></span> <span class='ocrx_word' id='word_1_746' title='bbox 1605 5563 1793 5618; x_wconf 85' lang='lat' dir='ltr'><strong><em>eadem</em></strong></span> 
     </span>
    </p>
   </div>
   <div class='ocr_carea' id='block_1_102' title="bbox 213 5651 1794 5725">
    <p class='ocr_par' dir='ltr' id='par_1_102' title="bbox 213 5651 1794 5725">
     <span class='ocr_line' id='line_1_102' title="bbox 213 5651 1794 5725; baseline 0.004 -19"><span class='ocrx_word' id='word_1_747' title='bbox 213 5651 273 5707; x_wconf 87' lang='lat' dir='ltr'><strong><em>de</em></strong></span> <span class='ocrx_word' id='word_1_748' title='bbox 301 5669 469 5708; x_wconf 88' lang='lat' dir='ltr'><strong><em>causa</em></strong></span> <span class='ocrx_word' id='word_1_749' title='bbox 503 5653 755 5709; x_wconf 87' lang='lat' dir='ltr'><strong><em>scribens</em></strong></span> <span class='ocrx_word' id='word_1_750' title='bbox 786 5654 853 5709; x_wconf 89' lang='lat' dir='ltr'><strong><em>ad</em></strong></span> <span class='ocrx_word' id='word_1_751' title='bbox 899 5653 1089 5710; x_wconf 66' lang='lat' dir='ltr'><strong><em>Gallice</em></strong></span> <span class='ocrx_word' id='word_1_752' title='bbox 1137 5655 1420 5725; x_wconf 91' lang='lat' dir='ltr'><strong><em>episcopos</em></strong></span> <span class='ocrx_word' id='word_1_753' title='bbox 1446 5696 1459 5718; x_wconf 87' lang='lat'><strong><em>,</em></strong></span> <span class='ocrx_word' id='word_1_754' title='bbox 1512 5670 1632 5710; x_wconf 94' lang='lat' dir='ltr'><strong><em>cum</em></strong></span> <span class='ocrx_word' id='word_1_755' title='bbox 1664 5655 1794 5712; x_wconf 90' lang='lat' dir='ltr'><strong><em>illud</em></strong></span> 
     </span>
    </p>
   </div>
   <div class='ocr_carea' id='block_1_103' title="bbox 214 5742 1794 5816">
    <p class='ocr_par' dir='ltr' id='par_1_103' title="bbox 214 5742 1794 5816">
     <span class='ocr_line' id='line_1_103' title="bbox 214 5742 1794 5816; baseline 0.004 -19"><span class='ocrx_word' id='word_1_756' title='bbox 214 5742 418 5799; x_wconf 91' lang='lat' dir='ltr'><strong><em>Tuentii</em></strong></span> <span class='ocrx_word' id='word_1_757' title='bbox 452 5746 719 5815; x_wconf 88' lang='lat' dir='ltr'><strong><em>scriptum</em></strong></span> <span class='ocrx_word' id='word_1_758' title='bbox 746 5788 762 5815; x_wconf 92' lang='lat'><strong><em>,</em></strong></span> <span class='ocrx_word' id='word_1_759' title='bbox 802 5755 913 5801; x_wconf 89' lang='lat' dir='ltr'><strong><em>tum</em></strong></span> <span class='ocrx_word' id='word_1_760' title='bbox 944 5762 1099 5802; x_wconf 90' lang='lat' dir='ltr'><strong><em>suum</em></strong></span> <span class='ocrx_word' id='word_1_761' title='bbox 1129 5748 1297 5816; x_wconf 88' lang='lat' dir='ltr'><strong><em>ipsius</em></strong></span> <span class='ocrx_word' id='word_1_762' title='bbox 1326 5748 1646 5816; x_wconf 84' lang='lat' dir='ltr'><strong><em>rescriptum</em></strong></span> <span class='ocrx_word' id='word_1_763' title='bbox 1677 5763 1794 5805; x_wconf 85' lang='lat' dir='ltr'><strong><em>me-</em></strong></span> 
     </span>
    </p>
   </div>
   <div class='ocr_carea' id='block_1_104' title="bbox 213 5838 1794 5909">
    <p class='ocr_par' dir='ltr' id='par_1_104' title="bbox 213 5838 1794 5909">
     <span class='ocr_line' id='line_1_104' title="bbox 213 5838 1794 5909; baseline 0.001 -18"><span class='ocrx_word' id='word_1_764' title='bbox 213 5850 378 5895; x_wconf 88' lang='lat' dir='ltr'><strong><em>morat</em></strong></span> <span class='ocrx_word' id='word_1_765' title='bbox 405 5838 499 5895; x_wconf 79' lang='lat' dir='ltr'><strong><em>his</em></strong></span> <span class='ocrx_word' id='word_1_766' title='bbox 530 5840 711 5897; x_wconf 83' lang='lat' dir='ltr'><strong><em>verbis</em></strong></span> <span class='ocrx_word' id='word_1_767' title='bbox 737 5858 750 5896; x_wconf 88' lang='lat'><strong>:</strong></span> <span class='ocrx_word' id='word_1_768' title='bbox 784 5840 953 5909; x_wconf 86' lang='lat' dir='ltr'><strong><em>Super</em></strong></span> <span class='ocrx_word' id='word_1_769' title='bbox 987 5840 1065 5897; x_wconf 79' lang='lat' dir='ltr'><strong><em>his</em></strong></span> <span class='ocrx_word' id='word_1_770' title='bbox 1092 5841 1252 5896; x_wconf 84' lang='lat' dir='ltr'><strong><em>multa</em></strong></span> <span class='ocrx_word' id='word_1_771' title='bbox 1281 5844 1397 5909; x_wconf 84' lang='lat' dir='ltr'><strong><em>jam</em></strong></span> <span class='ocrx_word' id='word_1_772' title='bbox 1426 5842 1564 5896; x_wconf 84' lang='lat' dir='ltr'><strong><em>dicta</em></strong></span> <span class='ocrx_word' id='word_1_773' title='bbox 1594 5850 1710 5897; x_wconf 86' lang='lat' dir='ltr'><strong><em>sunt</em></strong></span> <span class='ocrx_word' id='word_1_774' title='bbox 1736 5856 1794 5896; x_wconf 82' lang='lat' dir='ltr'><strong><em>ea</em></strong></span> 
     </span>
    </p>
   </div>
   <div class='ocr_carea' id='block_1_105' title="bbox 1902 4726 3486 4797">
    <p class='ocr_par' dir='ltr' id='par_1_105' title="bbox 1902 4726 3486 4797">
     <span class='ocr_line' id='line_1_105' title="bbox 1902 4726 3486 4797; baseline -0.001 -14"><span class='ocrx_word' id='word_1_775' title='bbox 1902 4730 2068 4783; x_wconf 87' lang='lat' dir='ltr'><strong><em>natali</em></strong></span> <span class='ocrx_word' id='word_1_776' title='bbox 2116 4728 2327 4782; x_wconf 91' lang='lat' dir='ltr'><strong><em>Domini</em></strong></span> <span class='ocrx_word' id='word_1_777' title='bbox 2376 4726 2464 4781; x_wconf 93' lang='lat' dir='ltr'><strong><em>die</em></strong></span> <span class='ocrx_word' id='word_1_778' title='bbox 2510 4742 2691 4780; x_wconf 88' lang='lat' dir='ltr'><strong><em>coram</em></strong></span> <span class='ocrx_word' id='word_1_779' title='bbox 2747 4726 2911 4781; x_wconf 88' lang='lat' dir='ltr'><strong><em>totius</em></strong></span> <span class='ocrx_word' id='word_1_780' title='bbox 2940 4726 3265 4781; x_wconf 71' lang='lat' dir='ltr'><strong><em>Christianm</em></strong></span> <span class='ocrx_word' id='word_1_781' title='bbox 3310 4728 3486 4797; x_wconf 90' lang='lat' dir='ltr'><strong><em>plebis</em></strong></span> 
     </span>
    </p>
   </div>
   <div class='ocr_carea' id='block_1_106' title="bbox 1902 4818 3488 4892">
    <p class='ocr_par' dir='ltr' id='par_1_106' title="bbox 1902 4818 3488 4892">
     <span class='ocr_line' id='line_1_106' title="bbox 1902 4818 3488 4892; baseline -0.003 -15"><span class='ocrx_word' id='word_1_782' title='bbox 1902 4823 2319 4892; x_wconf 80' lang='lat' dir='ltr'><strong><em>congregatione</em></strong></span> <span class='ocrx_word' id='word_1_783' title='bbox 2351 4820 2401 4872; x_wconf 94' lang='lat' dir='ltr'><strong><em>in</em></strong></span> <span class='ocrx_word' id='word_1_784' title='bbox 2431 4819 2650 4874; x_wconf 89' lang='lat' dir='ltr'><strong><em>basilica</em></strong></span> <span class='ocrx_word' id='word_1_785' title='bbox 2689 4820 2747 4873; x_wconf 92' lang='lat' dir='ltr'><strong><em>S.</em></strong></span> <span class='ocrx_word' id='word_1_786' title='bbox 2781 4819 2923 4873; x_wconf 89' lang='lat' dir='ltr'><strong><em>Petri</em></strong></span> <span class='ocrx_word' id='word_1_787' title='bbox 2954 4818 3058 4889; x_wconf 84' lang='lat' dir='ltr'><strong><em>legi</em></strong></span> <span class='ocrx_word' id='word_1_788' title='bbox 3085 4818 3336 4884; x_wconf 90' lang='lat' dir='ltr'><strong><em>voluerit,</em></strong></span> <span class='ocrx_word' id='word_1_789' title='bbox 3379 4832 3488 4889; x_wconf 92' lang='lat' dir='ltr'><strong><em>quo</em></strong></span> 
     </span>
    </p>
   </div>
   <div class='ocr_carea' id='block_1_107' title="bbox 1903 4909 3485 4981">
    <p class='ocr_par' dir='ltr' id='par_1_107' title="bbox 1903 4909 3485 4981">
     <span class='ocr_line' id='line_1_107' title="bbox 1903 4909 3485 4981; baseline -0.003 -12"><span class='ocrx_word' id='word_1_790' title='bbox 1903 4914 2092 4970; x_wconf 89' lang='lat' dir='ltr'><strong><em>eadem</em></strong></span> <span class='ocrx_word' id='word_1_791' title='bbox 2124 4912 2277 4981; x_wconf 89' lang='lat' dir='ltr'><strong><em>plebs</em></strong></span> <span class='ocrx_word' id='word_1_792' title='bbox 2308 4910 2509 4965; x_wconf 71' lang='lat' dir='ltr'><strong><em>lmtitiae</em></strong></span> <span class='ocrx_word' id='word_1_793' title='bbox 2536 4926 2646 4965; x_wconf 65' lang='lat' dir='ltr'><strong><em>suae</em></strong></span> <span class='ocrx_word' id='word_1_794' title='bbox 2676 4911 2946 4979; x_wconf 84' lang='lat' dir='ltr'><strong><em>particeps</em></strong></span> <span class='ocrx_word' id='word_1_795' title='bbox 2977 4909 3150 4977; x_wconf 89' lang='lat' dir='ltr'><strong><em>ﬁeret,</em></strong></span> <span class='ocrx_word' id='word_1_796' title='bbox 3181 4926 3245 4965; x_wconf 89' lang='lat' dir='ltr'><strong><em>ac</em></strong></span> <span class='ocrx_word' id='word_1_797' title='bbox 3269 4910 3485 4980; x_wconf 90' lang='lat' dir='ltr'><strong><em>publica</em></strong></span> 
     </span>
    </p>
   </div>
   <div class='ocr_carea' id='block_1_108' title="bbox 1902 5001 3486 5075">
    <p class='ocr_par' dir='ltr' id='par_1_108' title="bbox 1902 5001 3486 5075">
     <span class='ocr_line' id='line_1_108' title="bbox 1902 5001 3486 5075; baseline -0.002 -17"><span class='ocrx_word' id='word_1_798' title='bbox 1902 5020 2002 5075; x_wconf 89' lang='lat' dir='ltr'><strong><em>pro</em></strong></span> <span class='ocrx_word' id='word_1_799' title='bbox 2039 5006 2155 5072; x_wconf 89' lang='lat' dir='ltr'><strong><em>ipso</em></strong></span> <span class='ocrx_word' id='word_1_800' title='bbox 2194 5005 2521 5071; x_wconf 88' lang='lat' dir='ltr'><strong><em>imperatore</em></strong></span> <span class='ocrx_word' id='word_1_801' title='bbox 2552 5012 2673 5056; x_wconf 88' lang='lat' dir='ltr'><strong><em>vota</em></strong></span> <span class='ocrx_word' id='word_1_802' title='bbox 2705 5002 2818 5057; x_wconf 89' lang='lat' dir='ltr'><strong><em>Deo</em></strong></span> <span class='ocrx_word' id='word_1_803' title='bbox 2848 5001 3103 5056; x_wconf 89' lang='lat' dir='ltr'><strong><em>libentius</em></strong></span> <span class='ocrx_word' id='word_1_804' title='bbox 3152 5002 3486 5071; x_wconf 89' lang='lat' dir='ltr'><strong><em>persolveret</em></strong></span> 
     </span>
    </p>
   </div>
   <div class='ocr_carea' id='block_1_109' title="bbox 1901 5095 2240 5167">
    <p class='ocr_par' dir='ltr' id='par_1_109' title="bbox 1901 5095 2240 5167">
     <span class='ocr_line' id='line_1_109' title="bbox 1901 5095 2240 5167; baseline -0.009 -17"><span class='ocrx_word' id='word_1_805' title='bbox 1901 5096 2098 5167; x_wconf 85' lang='lat' dir='ltr'><strong><em>(Epist.</em></strong></span> <span class='ocrx_word' id='word_1_806' title='bbox 2125 5095 2240 5165; x_wconf 71' lang='grc'><strong>25).</strong></span> 
     </span>
    </p>
   </div>
   <div class='ocr_carea' id='block_1_110' title="bbox 1979 5182 3485 5257">
    <p class='ocr_par' dir='ltr' id='par_1_110' title="bbox 1979 5182 3485 5257">
     <span class='ocr_line' id='line_1_110' title="bbox 1979 5182 3485 5257; baseline -0.004 -16"><span class='ocrx_word' id='word_1_807' title='bbox 1979 5190 2067 5243; x_wconf 87' lang='grc'><strong><em>18.</em></strong></span> <span class='ocrx_word' id='word_1_808' title='bbox 2111 5189 2229 5257; x_wconf 88' lang='lat' dir='ltr'><strong><em>Ipse</em></strong></span> <span class='ocrx_word' id='word_1_809' title='bbox 2277 5200 2491 5255; x_wconf 90' lang='lat' dir='ltr'><strong><em>quoque</em></strong></span> <span class='ocrx_word' id='word_1_810' title='bbox 2538 5184 2892 5239; x_wconf 86' lang='lat' dir='ltr'><strong><em>Maximianus</em></strong></span> <span class='ocrx_word' id='word_1_811' title='bbox 2944 5188 2993 5238; x_wconf 89' lang='lat' dir='ltr'><strong><em>in</em></strong></span> <span class='ocrx_word' id='word_1_812' title='bbox 3044 5185 3206 5253; x_wconf 73' lang='lat' dir='ltr'><strong><em>regia:</em></strong></span> <span class='ocrx_word' id='word_1_813' title='bbox 3251 5182 3485 5237; x_wconf 83' lang='lat' dir='ltr'><strong><em>civitatis</em></strong></span> 
     </span>
    </p>
   </div>
   <div class='ocr_carea' id='block_1_111' title="bbox 1900 5274 3485 5347">
    <p class='ocr_par' dir='ltr' id='par_1_111' title="bbox 1900 5274 3485 5347">
     <span class='ocr_line' id='line_1_111' title="bbox 1900 5274 3485 5347; baseline -0.003 -14"><span class='ocrx_word' id='word_1_814' title='bbox 1900 5280 2086 5334; x_wconf 90' lang='lat' dir='ltr'><strong><em>sedem</em></strong></span> <span class='ocrx_word' id='word_1_815' title='bbox 2120 5286 2447 5347; x_wconf 87' lang='lat' dir='ltr'><strong><em>assumptus,</em></strong></span> <span class='ocrx_word' id='word_1_816' title='bbox 2497 5277 2689 5331; x_wconf 89' lang='lat' dir='ltr'><strong><em>litteris</em></strong></span> <span class='ocrx_word' id='word_1_817' title='bbox 2732 5279 2840 5331; x_wconf 86' lang='lat' dir='ltr'><strong><em>suis</em></strong></span> <span class='ocrx_word' id='word_1_818' title='bbox 2866 5275 3219 5332; x_wconf 65' lang='lat' dir='ltr'><strong><em>Caelestinum</em></strong></span> <span class='ocrx_word' id='word_1_819' title='bbox 3247 5274 3315 5330; x_wconf 91' lang='lat' dir='ltr'><strong><em>de</em></strong></span> <span class='ocrx_word' id='word_1_820' title='bbox 3342 5275 3485 5329; x_wconf 85' lang='lat' dir='ltr'><strong><em>ordi-</em></strong></span> 
     </span>
    </p>
   </div>
   <div class='ocr_carea' id='block_1_112' title="bbox 1902 5366 3485 5442">
    <p class='ocr_par' dir='ltr' id='par_1_112' title="bbox 1902 5366 3485 5442">
     <span class='ocr_line' id='line_1_112' title="bbox 1902 5366 3485 5442; baseline -0.001 -15"><span class='ocrx_word' id='word_1_821' title='bbox 1902 5374 2117 5427; x_wconf 87' lang='lat' dir='ltr'><strong><em>natione</em></strong></span> <span class='ocrx_word' id='word_1_822' title='bbox 2147 5386 2243 5425; x_wconf 90' lang='lat' dir='ltr'><strong><em>sua</em></strong></span> <span class='ocrx_word' id='word_1_823' title='bbox 2270 5373 2559 5426; x_wconf 85' lang='lat' dir='ltr'><strong><em>certiorem</em></strong></span> <span class='ocrx_word' id='word_1_824' title='bbox 2586 5371 2711 5425; x_wconf 80' lang='lat' dir='ltr'><strong><em>fecit</em></strong></span> <span class='ocrx_word' id='word_1_825' title='bbox 2737 5369 2927 5442; x_wconf 86' lang='lat' dir='ltr'><strong><em>(Epist.</em></strong></span> <span class='ocrx_word' id='word_1_826' title='bbox 2956 5368 3048 5433; x_wconf 68' lang='lat'><strong><em>‘24,</em></strong></span> <span class='ocrx_word' id='word_1_827' title='bbox 3078 5386 3130 5422; x_wconf 84' lang='grc' dir='ltr'><strong>η.</strong></span> <span class='ocrx_word' id='word_1_828' title='bbox 3160 5366 3235 5440; x_wconf 90' lang='grc'><strong>1).</strong></span> <span class='ocrx_word' id='word_1_829' title='bbox 3268 5368 3485 5425; x_wconf 67' lang='lat' dir='ltr'><strong><em>Littera)</em></strong></span> 
     </span>
    </p>
   </div>
   <div class='ocr_carea' id='block_1_113' title="bbox 1902 5459 3483 5536">
    <p class='ocr_par' dir='ltr' id='par_1_113' title="bbox 1902 5459 3483 5536">
     <span class='ocr_line' id='line_1_113' title="bbox 1902 5459 3483 5536; baseline -0.006 -14"><span class='ocrx_word' id='word_1_830' title='bbox 1902 5467 2007 5522; x_wconf 70' lang='lat' dir='ltr'><strong><em>illa:</em></strong></span> <span class='ocrx_word' id='word_1_831' title='bbox 2050 5480 2303 5521; x_wconf 88' lang='lat' dir='ltr'><strong><em>sermone</em></strong></span> <span class='ocrx_word' id='word_1_832' title='bbox 2344 5464 2578 5536; x_wconf 90' lang='lat' dir='ltr'><strong><em>simplici</em></strong></span> <span class='ocrx_word' id='word_1_833' title='bbox 2606 5464 2872 5518; x_wconf 85' lang='lat' dir='ltr'><strong><em>sinceram</em></strong></span> <span class='ocrx_word' id='word_1_834' title='bbox 2908 5462 3102 5516; x_wconf 89' lang='lat' dir='ltr'><strong><em>mentis</em></strong></span> <span class='ocrx_word' id='word_1_835' title='bbox 3134 5474 3197 5515; x_wconf 88' lang='lat' dir='ltr'><strong><em>ac</em></strong></span> <span class='ocrx_word' id='word_1_836' title='bbox 3236 5459 3361 5515; x_wconf 90' lang='lat' dir='ltr'><strong><em>ﬁdei</em></strong></span> <span class='ocrx_word' id='word_1_837' title='bbox 3391 5474 3483 5530; x_wconf 84' lang='lat' dir='ltr'><strong><em>pu-</em></strong></span> 
     </span>
    </p>
   </div>
   <div class='ocr_carea' id='block_1_114' title="bbox 1904 5560 2479 5629">
    <p class='ocr_par' dir='ltr' id='par_1_114' title="bbox 1904 5560 2479 5629">
     <span class='ocr_line' id='line_1_114' title="bbox 1904 5560 2479 5629; baseline -0.002 -12"><span class='ocrx_word' id='word_1_838' title='bbox 1904 5561 2117 5617; x_wconf 85' lang='lat' dir='ltr'><strong><em>ritatem</em></strong></span> <span class='ocrx_word' id='word_1_839' title='bbox 2160 5560 2479 5629; x_wconf 87' lang='lat' dir='ltr'><strong><em>prodebant.</em></strong></span> 
     </span>
    </p>
   </div>
   <div class='ocr_carea' id='block_1_115' title="bbox 1978 5647 3482 5717">
    <p class='ocr_par' dir='ltr' id='par_1_115' title="bbox 1978 5647 3482 5717">
     <span class='ocr_line' id='line_1_115' title="bbox 1978 5647 3482 5717; baseline -0.002 -10"><span class='ocrx_word' id='word_1_840' title='bbox 1978 5653 2065 5708; x_wconf 86' lang='grc'><strong><em>19.</em></strong></span> <span class='ocrx_word' id='word_1_841' title='bbox 2107 5652 2359 5707; x_wconf 87' lang='lat' dir='ltr'><strong><em>Socrates</em></strong></span> <span class='ocrx_word' id='word_1_842' title='bbox 2406 5652 2499 5706; x_wconf 79' lang='lat' dir='ltr'><strong><em>lib.</em></strong></span> <span class='ocrx_word' id='word_1_843' title='bbox 2536 5666 2603 5704; x_wconf 87' lang='lat' dir='ltr'><strong><em>vn</em></strong></span> <span class='ocrx_word' id='word_1_844' title='bbox 2654 5664 2772 5717; x_wconf 87' lang='lat' dir='ltr'><strong><em>cap.</em></strong></span> <span class='ocrx_word' id='word_1_845' title='bbox 2822 5647 2891 5702; x_wconf 64' lang='lat' dir='ltr'><strong><em>i0</em></strong></span> <span class='ocrx_word' id='word_1_846' title='bbox 2942 5648 3183 5703; x_wconf 88' lang='lat' dir='ltr'><strong><em>celebres</em></strong></span> <span class='ocrx_word' id='word_1_847' title='bbox 3228 5647 3482 5717; x_wconf 90' lang='lat' dir='ltr'><strong><em>quasdam</em></strong></span> 
     </span>
    </p>
   </div>
   <div class='ocr_carea' id='block_1_116' title="bbox 1904 5741 3461 5813">
    <p class='ocr_par' dir='ltr' id='par_1_116' title="bbox 1904 5741 3461 5813">
     <span class='ocr_line' id='line_1_116' title="bbox 1904 5741 3461 5813; baseline -0.006 -9"><span class='ocrx_word' id='word_1_848' title='bbox 1904 5755 2171 5804; x_wconf 87' lang='lat' dir='ltr'><strong><em>memorat</em></strong></span> <span class='ocrx_word' id='word_1_849' title='bbox 2200 5747 2472 5802; x_wconf 85' lang='lat' dir='ltr'><strong><em>Coelestini</em></strong></span> <span class='ocrx_word' id='word_1_850' title='bbox 2506 5746 2731 5809; x_wconf 85' lang='lat' dir='ltr'><strong><em>litteras,</em></strong></span> <span class='ocrx_word' id='word_1_851' title='bbox 2760 5761 2907 5811; x_wconf 89' lang='lat' dir='ltr'><strong><em>quas,</em></strong></span> <span class='ocrx_word' id='word_1_852' title='bbox 2938 5743 3129 5813; x_wconf 90' lang='lat' dir='ltr'><strong><em>inquit,</em></strong></span> <span class='ocrx_word' id='word_1_853' title='bbox 3153 5741 3348 5812; x_wconf 80' lang='lat' dir='ltr'><strong><em>Cyrilto</em></strong></span> <span class='ocrx_word' id='word_1_854' title='bbox 3372 5741 3461 5795; x_wconf 84' lang='lat' dir='ltr'><strong><em>Ale</em></strong></span> 
     </span>
    </p>
   </div>
   <div class='ocr_carea' id='block_1_117' title="bbox 1904 5832 3477 5913">
    <p class='ocr_par' dir='ltr' id='par_1_117' title="bbox 1904 5832 3477 5913">
     <span class='ocr_line' id='line_1_117' title="bbox 1904 5832 3477 5913; baseline -0.009 -16"><span class='ocrx_word' id='word_1_855' title='bbox 1904 5842 2196 5913; x_wconf 70' lang='lat' dir='ltr'><strong><em>sandrino,</em></strong></span> <span class='ocrx_word' id='word_1_856' title='bbox 2225 5839 2419 5895; x_wconf 69' lang='grc' dir='ltr'><em>,Ιοαηηὶ</em></span> <span class='ocrx_word' id='word_1_857' title='bbox 2456 5838 2773 5892; x_wconf 79' lang='lat' dir='ltr'><strong><em>Antiocheno</em></strong></span> <span class='ocrx_word' id='word_1_858' title='bbox 2802 5846 2846 5891; x_wconf 87' lang='lat' dir='ltr'><strong><em>et</em></strong></span> <span class='ocrx_word' id='word_1_859' title='bbox 2878 5832 3017 5909; x_wconf 76' lang='lat' dir='ltr'><strong><em>Rufo</em></strong></span> <span class='ocrx_word' id='word_1_860' title='bbox 3042 5833 3477 5891; x_wconf 68' lang='lat' dir='ltr'><strong><em>Thessalonicens&#39;</em></strong></span> 
     </span>
    </p>
   </div>
  </div>
