3976 6336
434 324 548 410 ω

1330 342 1429 404 ιιι)
1463 342 1694 404 οιδιῖιιι
1729 340 2126 405 caussam
2163 344 2188 404 ι
2221 344 2427 407 pars:
2461 328 2871 446 serenanti.

3590 366 3683 433 5M

438 463 633 541 (addit
654 460 905 523 Valesius
926 461 985 521 in
1013 478 1126 522 eant
1160 477 1274 519 rem
1297 505 1315 534 ,
1360 462 1508 534 quod
1554 463 1710 519 abest
1737 478 1769 519 a
1792 458 2025 535 Graeco)
2050 464 2106 526 Α
2128 464 2219 536 58,
2275 465 2489 524 laudata
2506 509 2523 536 ,
2555 483 2744 526 verum
2775 469 2996 529 etiam'a
3022 471 3400 537 decessoribus
3426 482 3532 541 suis
3557 484 3682 551 lolio

437 561 669 627 miserat,
697 566 888 617 docens
915 558 1049 614 nihil
1078 557 1278 613 obstare
1307 557 1583 628 quominus
1611 558 1655 612 is
1682 558 1776 629 qui
1800 557 2029 630 alicusz

440 654 691 710 Ecclesia
732 654 1029 710 nominatus
1049 653 1116 709 sit
1140 660 1231 708 aut
1256 669 1314 707 re
1339 656 1455 722 ipsa
1487 652 1673 708 existat
1713 654 1987 726 episcopus
2009 692 2027 719 ,

435 747 507 803 ad
546 746 712 805 aliam
748 746 1034 807 Ecclesium
1074 747 1439 816 transferatur.
1490 746 1693 804 Verum
1742 747 1845 805 hac
1883 746 2031 804 iure

437 842 593 899 nobis
626 842 784 898 valde
806 852 1060 913 suspecta
1086 851 1170 898 est
1199 841 1443 900 Socratis
1484 842 1744 899 narratio.

507 935 601 992 20.
644 935 846 992 Doctus
876 934 1093 1007 quidem
1118 934 1495 992 Tillemontius
1521 977 1537 1004 ,
1582 945 1720 992 tom.
1752 933 1873 993 XIV
1905 949 2028 1006 pag.

444 1031 551 1089 N9
576 1040 635 1088 et
660 1030 803 1100 150,
835 1032 903 1087 de
929 1031 1231 1088 litterarum
1261 1031 1471 1088 illarum
1499 1032 1728 1089 veritate
1768 1021 1904 1087 nihil
1931 1029 2033 1087 du-

438 1122 619 1178 bitans
644 1165 660 1188 ,
690 1138 785 1179 eas
816 1132 929 1183 tum
962 1123 1102 1180 forte
1146 1125 1375 1193 scriptas
1403 1123 1658 1193 Opinatur
1677 1164 1695 1193 ,
1742 1139 1863 1180 cum
1910 1130 2032 1193 post

439 1217 624 1275 Sisiuii
654 1231 887 1275 mortem
907 1219 962 1273 in
986 1219 1163 1275 locum
1182 1219 1303 1289 ejus
1329 1220 1654 1275 constitutus
1675 1227 1820 1274 esset
1839 1217 2031 1274 Nesto-

437 1311 574 1378 rius,
611 1324 676 1366 ac
714 1310 893 1377 multi,
929 1311 1019 1380 qui
1060 1320 1379 1381 coeptarant
1416 1310 1666 1366 Proetum
1690 1351 1707 1377 ,
1752 1310 2028 1381 repulsam

436 1403 581 1475 passi
606 1412 814 1458 essent.
857 1402 969 1461 Sed
1012 1402 1061 1458 si
1088 1417 1152 1459 ea
1181 1404 1470 1460 occasione
1491 1447 1508 1472 ,
1548 1404 1654 1459 hoc
1681 1411 1766 1459 est
1789 1405 1857 1458 ab
1886 1420 2030 1461 anno

437 1496 547 1556 428
575 1497 863 1570 epistolam
893 1496 1202 1569 huiusmodi
1230 1498 1539 1570 scripsisset
1563 1498 1894 1556 leestinus
1913 1542 1929 1568 ,
1974 1508 2033 1556 et

437 1592 795 1663 quastionem
820 1590 894 1647 de
917 1590 1192 1663 episcopis
1218 1594 1312 1648 uni
1340 1592 1603 1649 Ecclesiae
1630 1592 1893 1650 ordinatis
1910 1633 1929 1663 ,
1959 1608 2029 1649 an

436 1686 630 1744 liceret
649 1699 747 1742 eos
773 1685 885 1741 alio
906 1687 1225 1755 transferre,
1257 1696 1385 1743 tunc
1405 1685 1729 1755 decidisset;
1762 1686 1895 1743 nihil
1916 1687 2029 1758 jam

442 1777 643 1838 fuisset
670 1788 772 1838 cu‘r
796 1779 1044 1847 Proclus,
1072 1796 1216 1837 anno
1246 1781 1346 1837 451
1377 1781 1628 1838 Nestorio
1655 1783 1892 1853 dejecto,
1918 1782 2035 1853 plu-

2131 557 2153 613 l
2181 558 2340 629 epist.
2376 561 2438 626 1,
2468 576 2525 620 n.
2558 562 2622 631 5,
2658 562 2890 620 Damaso
2929 567 3090 637 epist.
3122 568 3179 637 5,
3210 584 3264 625 ιι.
3297 569 3353 639 4,
3381 580 3433 629 et
3469 578 3612 648 epist.
3636 584 3680 654 6,

2130 668 2188 710 ιι.
2210 655 2269 721 3,
2300 652 2500 712 Siricio
2528 659 2691 729 epist.
2719 658 2810 728 10,
2841 676 2895 717 n.
2926 661 3013 717 16.
3042 662 3232 735 Neque
3258 666 3302 721 is
3328 678 3531 740 eratut,
3564 652 3682 738 istud
3730 708 3737 740 ς

2129 747 2359 818 callens,
2390 748 2534 806 aliud
2562 752 2649 808 vel
2680 755 3004 826 prmeiperet
3031 757 3115 812 vel
3151 762 3504 826 permitteret.

2200 841 2296 898 25.
2325 842 2442 899 Non
2471 847 2775 915 respuenda
2806 858 2985 904 tamen
3013 865 3232 919 prorsus
3258 851 3494 910 Socratis
3519 874 3683 917 narra-
3712 841 3730 899 ῗ

2131 933 2230 990 tio.
2260 934 2447 1007 Neque
2486 936 2833 995 inliciandum
2875 939 3186 998 Theodosio
3216 944 3453 1001 exhiberi
3480 954 3686 1014 petuisse

2132 1024 2414 1083 Ctelestini
2461 1029 2690 1096 litteras,
2721 1032 2918 1102 quibus
2955 1037 3245 1103 quominus
3278 1036 3493 1093 Proclus
3531 1043 3591 1096 ad
3616 1060 3687 1102 se.

2132 1118 2254 1175 dem
2290 1134 2661 1178 assumeretur
2692 1123 3105 1199 ConstantinOp.
3144 1127 3427 1196 Ecclesire,
3460 1134 3581 1189 nihil
3610 1139 3690 1195 ob-

2131 1222 2278 1270 stare
2307 1216 2650 1285 probaretur.
2692 1216 2985 1289 Perigeues
3023 1220 3374 1278 Patrensibus
3409 1224 3530 1280 olim
3567 1228 3689 1287 ordi.

2131 1316 2311 1374 natus,
2342 1308 2438 1363 sed
2490 1308 2559 1363 ab
2586 1308 2655 1365 iis
2700 1310 2967 1379 rejectus,
2998 1314 3340 1381 postmodum
3373 1333 3400 1369 a
3429 1316 3691 1380 Corinthiis

2132 1400 2186 1454 in
2214 1401 2528 1472 episcOpum
2555 1413 2861 1473 cooptatus,
2892 1405 3205 1474 apostolica:
3233 1405 3382 1463 sedis
3406 1415 3691 1473 auctoritate

2132 1506 2428 1547 concessus
2472 1492 2538 1549 iis
2568 1492 2763 1550 fuerat.
2816 1496 3025 1553 Exinde
3053 1498 3333 1570 Perigenis
3378 1516 3605 1573 causam,
3646 1518 3694 1565 ut

2132 1585 2447 1655 apostolica:
2478 1587 2623 1643 sedis
2650 1587 2858 1658 judicio
2890 1590 3120 1657 linitam,
3163 1589 3445 1648 lecstini
3470 1595 3693 1657 decessor

2134 1678 2445 1735 Bonifacius
2478 1694 2511 1736 a
2551 1682 2703 1737 nullo
2743 1682 3034 1740 instaurari
3064 1694 3159 1741 aut
3204 1689 3481 1743 retractari
3520 1692 3693 1760 permi.

2134 1772 2223 1829 sit.
2254 1772 2375 1843 ipse
2414 1772 2746 1832 Ctelestinus
2777 1778 2993 1833 tertiam
3040 1794 3108 1835 ex
3135 1780 3383 1851 epistolis
3423 1784 3531 1837 suis
3571 1783 3697 1842 Peri-

441 1872 594 1931 ribus
616 1874 668 1930 ei
692 1888 915 1931 rursum
940 1874 1382 1948 sutl‘ragantibus,
1413 1878 1466 1932 in
1488 1878 1626 1933 solio
1646 1875 2029 1935 Constantino-

2145 1867 2256 1937 geni
2287 1869 2608 1923 nominatim
2639 1880 2696 1924 ut
2721 1870 2864 1925 inter
2896 1872 3181 1940 primarius
3211 1872 3412 1948 Illyrici
3449 1877 3697 1951 episc0pos

439 1966 694 2036 politana:
725 1965 986 2021 Ecclesiae
1013 1981 1122 2022 non
1151 1968 1516 2025 sufﬁceretur.
1545 1968 1845 2037 Quomiuus
1886 1971 2033 2026 enim

438 2054 635 2111 borum
667 2071 697 2110 a
729 2057 923 2127 quibus
948 2059 1343 2128 postulabatur,
1375 2064 1717 2130 prmvaluerit
1741 2064 2034 2131 sententia,

441 2148 497 2204 id
528 2165 693 2205 unum
723 2151 1005 2208 obstitisse
1030 2152 1284 2210 Socrates
1308 2163 1570 2223 testatur,
1603 2155 1746 2225 quod
1778 2155 2035 2212 electioni

440 2242 561 2313 ejus
592 2244 1030 2301 intercessissent
1058 2247 1322 2315 nonnulli,
1354 2248 1699 2305 ecclesiastico
1727 2265 1923 2305 canone
1950 2266 2036 2306 oe-

440 2334 590 2390 titunt
611 2352 722 2391 esse
741 2337 988 2403 dicentes,
1003 2356 1067 2393 ne
1081 2340 1126 2394 is
1146 2341 1237 2413 qui
1253 2341 1479 2413 alicujus
1495 2342 1713 2397 civitatis
1735 2343 2036 2415 designatus

442 2428 600 2501 fuerit
626 2429 917 2501 episcopus,
947 2432 1019 2486 ad
1049 2435 1205 2487 aliam
1234 2435 1488 2490 ciuitatem
1518 2440 1888 2509 transferatur.

514 2522 608 2578 21.
653 2524 720 2579 Ει
746 2539 881 2602 vero
905 2524 1160 2583 Socrates
1185 2526 1466 2585 leestini
1500 2531 1726 2597 litteras,
1759 2533 1953 2602 quibus
1982 2530 2034 2590 id

443 2613 831 2681 decidebatur,
863 2599 985 2690 post
1012 2620 1319 2676 Maximiani
1352 2622 1746 2678 ordinationem
1776 2599 2033 2696 scriptas,

442 2718 594 2767 certe
624 2718 747 2781 post
774 2713 1014 2783 epi~c0pi
1048 2714 1210 2784 hujus
1238 2724 1470 2771 mortem
1503 2718 1736 2787 primum
1767 2718 2036 2777 exhibitas

441 2799 617 2861 fuisse
644 2802 827 2861 docet.
862 2803 965 2862 Ubi
992 2805 1135 2860 enim
1166 2806 1550 2863 Maximianum
1570 2850 1584 2874 ,
1614 2824 1736 2865 cum
1766 2825 1862 2881 per
1885 2809 2038 2867 bien-

442 2886 595 2952 nium
626 2910 690 2952 ac
722 2911 943 2953 menses
983 2900 1223 2968 quinque
1256 2899 1552 2957 Ecclesium
1602 2916 1758 2958 suam
1796 2902 2035 2959 admini-

443 2998 693 3058 strasset,
724 2989 835 3046 fato
882 2992 1124 3047 iunctum
1152 3008 1275 3049 esse
1320 2995 1590 3062 narravit,
1630 3004 1788 3064 tunc,
1836 2994 2032 3069 inquit,

444 3081 781 3137 Theodosius
817 3083 1112 3153 imperator
1148 3086 1335 3158 absque
1360 3087 1473 3143 ulla
1500 3088 1862 3156 cunctatione,
1906 3105 2037 3145 non-

445 3175 570 3232 dum
590 3177 824 3247 deposita
846 3176 1160 3235 Maximiani
1182 3197 1414 3254 corpore,
1433 3183 1690 3256 episcopis
1710 3184 1797 3254 qui
1817 3183 2035 3239 aderant

2134 1959 2312 2015 locum
2344 1962 2550 2017 tenenti
2586 1961 2883 2034 inscripsit.
2915 1964 3049 2020 Cum
3097 1965 3263 2043 igitur
3306 1968 3375 2023 de
3405 1968 3568 2026 Procli
3603 1985 3699 2030 ete-

2133 2054 2315 2110 ctione
2352 2063 2628 2126 ageretur,
2675 2072 2745 2113 ne
2772 2058 2860 2113 cui
2893 2057 3128 2115 haereret
3164 2058 3240 2115 ob
3269 2077 3525 2119 canonem
3557 2082 3701 2134 quou-

2135 2148 2258 2205 dam
2286 2149 2338 2205 ei
2382 2149 2654 2220 objectum
2696 2152 3007 2222 scrupulus,
3040 2163 3353 2226 opportune
3398 2158 3450 2213 in
3491 2159 3698 2219 medium

2137 2241 2370 2312 proferri
2399 2245 2571 2311 potuit
2596 2245 2841 2317 epistolas
2872 2245 3030 2316 hujus
3057 2250 3393 2319 exemplum,
3412 2264 3475 2304 ex
3504 2266 3603 2321 quo
3625 2267 3702 2308 ex-

2135 2335 2405 2406 ploratum
2430 2348 2598 2405 esset,
2638 2339 2885 2394 Proclum
2915 2339 2981 2394 ad
3026 2341 3289 2396 Ecclesia:
3316 2342 3697 2416 ConStantinop.

2135 2428 2507 2499 episcopatum
2540 2430 2706 2487 licere
2729 2430 3037 2497 transferri,
3062 2447 3185 2487 cum
3208 2432 3550 2501 leestinus,
3571 2437 3701 2508 cujus

2136 2519 2375 2576 decretis
2402 2521 2673 2591 Ephesina
2703 2525 2945 2595 synodus
2976 2532 3182 2580 tantum
3225 2527 3544 2581 reverentia:
3571 2527 3701 2583 detu-

2138 2612 2294 2677 lerat,
2323 2613 2632 2683 huiusmodi
2664 2618 3074 2672 translationem
3108 2619 3395 2674 manileste
3430 2622 3695 2690 approbas-

2139 2713 2244 2761 set.
2270 2706 2427 2774 Quod
2457 2708 2672 2776 quidem
2704 2724 2771 2764 ex
2800 2710 3031 2766 aliorum
3071 2713 3342 2768 relatione
3379 2713 3595 2769 audiens
3628 2714 3704 2770 So.-

2138 2812 2337 2867 crates,
2371 2811 2425 2856 et
2477 2801 2616 2858 facta
2659 2805 2882 2859 omnino
2934 2805 3168 2873 diversa,
3219 2823 3326 2863 non
3368 2809 3571 2863 insueto
3619 2808 3705 2864 sibi

2139 2908 2315 2959 more,
2341 2895 2683 2968 conjungcns
2710 2906 2875 2970 atque
2902 2899 3277 2970 confundens,
3308 2900 3360 2956 id
3388 2899 3705 2958 Caelestinum

2138 2987 2194 3043 in
2238 2989 2546 3045 celebribus
2589 2989 2700 3047 illis
2746 2991 2944 3049 litteris
2972 2990 3202 3062 (Caelest.
3256 2995 3409 3067 epist.
3454 2995 3560 3069 12).
3596 3011 3706 3066 quas

2139 3080 2434 3136 etiamnum
2450 3080 2734 3149 habemus,
2754 3092 2810 3139 et
2832 3085 2883 3139 in
2907 3084 3103 3156 quibus
3126 3087 3260 3141 nihil
3283 3087 3460 3144 simile
3485 3087 3705 3161 legimus,

2140 3171 2207 3229 ad
2230 3171 2512 3245 Cyrillum,
2538 3174 2804 3232 Joannem
2835 3187 2891 3233 et
2918 3176 3120 3233 Rufum
3151 3179 3340 3235 missis
3362 3178 3599 3235 docuisse
3624 3178 3711 3241 sibi

444 3270 706 3326 mandavit
742 3279 798 3326 ut
839 3270 1089 3329 Proetum
1120 3274 1173 3329 in
1198 3252 1484 3348 ερέεεοραιε
1517 3252 1650 3333 solio
1679 3252 1993 3334 εριιοεανρηι
2017 3295 2037 3346 ;
2062 3252 2110 3317 0
2142 3269 2437 3340 persuasit.
2468 3270 2523 3325 ld
2554 3287 2682 3327 vero
2720 3270 2774 3327 in
2805 3274 3045 3327 animum
3078 3289 3235 3330 suum
3272 3290 3339 3332 eo
3380 3274 3579 3332 induxit
3604 3274 3714 3330 faci-

444 3363 504 3418 id
533 3367 670 3419 enim
696 3364 955 3421 Caelestini
978 3383 1182 3441 quoque
1206 3370 1431 3439 episcopi
1459 3369 1685 3426 Romani
1711 3370 1898 3426 littera:
1922 3380 2043 3427 tunc

446 3457 689 3513 exhibita:
712 3460 1118 3527 conﬁrmabant,
1152 3478 1278 3533 quas
1306 3463 1399 3518 ille
1419 3461 1615 3519 Joanni
1643 3461 1965 3519 Antioclteno
1994 3473 2043 3521 et

448 3547 590 3617 Rufo
606 3549 1055 3609 Thessalonicensi
1072 3555 1305 3623 miserat,
1318 3556 1506 3612 docens
1522 3557 1657 3612 nihil
1673 3556 1892 3627 obstare,
1908 3567 2039 3629 etc.,

447 3652 510 3700 ut
530 3661 711 3712 supra.
736 3645 844 3703 Sed
865 3661 1039 3719 neque
1061 3647 1203 3704 istud
1225 3664 1345 3705 cum
1368 3649 1623 3706 historica
1646 3651 1872 3706 veritate
1893 3666 2045 3707 com-

450 3738 577 3807 poni
606 3736 766 3794 facile
793 3748 990 3809 potest.
1020 3740 1098 3795 Eo
1119 3742 1321 3815 quippe
1341 3757 1484 3798 anno
1508 3743 1598 3813 qui
1623 3742 1931 3799 Maximiani
1953 3758 2045 3798 or-

450 3828 784 3889 dinationem
814 3834 1051 3905 excepit,
1079 3834 1217 3891 obiit
1245 3835 1588 3901 Caelestinus,
1619 3846 1673 3891 et
1696 3847 1855 3891 antea
1879 3836 2041 3891 Joan-

451 3940 550 3982 nes
571 3926 937 3984 Antiochenns
956 3927 1243 3999 Ephesium
1261 3930 1455 4000 synodi
1480 3933 1745 3987 sententia
1763 3930 2043 3986 submotus

449 4019 518 4075 ab
538 4018 800 4076 Ecclesia:
820 4022 1222 4091 communione,
1246 4023 1312 4077 ad
1336 4023 1541 4078 obitum
1568 4038 1738 4095 usque
1760 4021 2040 4079 Coalestini

449 4112 519 4168 ab
543 4127 608 4169 ea
638 4125 954 4185 segregatus
986 4115 1303 4185 permansit.
1354 4115 1510 4172 llunc
1538 4126 1719 4172 autem
1753 4131 1943 4187 papam
1972 4117 2040 4173 ad

449 4206 766 4279 episcopum
793 4249 809 4274 ,
841 4208 1034 4281 synodi
1062 4209 1333 4265 sententia
1363 4225 1522 4281 quam
1556 4209 1670 4279 ipse
1697 4208 2044 4265 confirmarat

448 4312 788 4372 segregatum
815 4342 832 4368 ,
886 4301 1092 4359 litteras
1122 4305 1271 4373 pacis
1299 4311 1354 4359 et
1380 4305 1780 4361 communionis
1832 4303 2042 4361 indices

449 4393 667 4449 dedisse
696 4395 820 4464 quis
850 4395 950 4448 sibi
983 4395 1353 4465 persuadeat?

515 4484 608 4542 22.
660 4486 816 4543 Ultro
854 4487 1077 4561 largiar,
1117 4489 1223 4544 hoc
1259 4487 1617 4546 Caelestinum
1648 4490 1890 4547 scribere
1929 4499 2042 4546 tum

449 4582 716 4651 potuisse,
758 4581 892 4636 nihil
924 4583 1134 4638 scilicet
1160 4592 1345 4639 vetare
1371 4584 1660 4655 quominus
1690 4584 1918 4640 Proclus
1940 4585 2046 4659 Cy-

450 4678 651 4732 sicenis
692 4676 1000 4745 ordinatus,
1047 4678 1141 4735 sed
1171 4678 1242 4734 ab
1278 4679 1361 4733 his
1407 4695 1698 4750 numquam
1746 4678 2042 4747 admissus,

449 4767 715 4825 Ecclesiae
760 4766 1379 4840 Constantinopolitanze
1432 4769 1821 4842 prmficeretur.
1871 4769 1938 4827 At
1988 4772 2043 4827 in

449 4863 689 4918 animum
741 4879 1040 4934 numquam
1086 4863 1339 4920 inducam
1391 4880 1609 4933 mcum,
1662 4874 1719 4920 ut
1765 4864 2044 4921 Romanus

451 4954 721 5026 pontifex,
765 4954 920 5026 cujus
949 4955 1148 5029 scripta
1186 4972 1452 5013 summum
1494 4969 1845 5027 paternorum
1873 4964 2047 5015 statu-

451 5056 632 5105 torum
662 5046 986 5104 intemerato
1013 5050 1405 5105 servandorum
1438 5051 1678 5107 studium
1707 5052 1908 5123 ubique
1937 5052 2047 5123 spi-

451 5151 594 5212 rant,
624 5150 824 5212 praeter
846 5141 1190 5212 disciplinam
1214 5159 1242 5198 a
1264 5142 1648 5199 decessoribns
1668 5144 1781 5199 suis
1802 5145 2045 5201 studiose

452 5232 907 5299 commendatam,
937 5242 993 5287 et
1016 5248 1045 5288 a
1080 5236 1492 5291 successoribus
1521 5253 1616 5305 per
1653 5237 1818 5291 amita
1849 5238 2044 5292 sa:cula

451 5332 771 5380 constanter
814 5324 1176 5391 custoditum,
1222 5324 1368 5381 nulla
1428 5327 1676 5395 exigente
1721 5329 2045 5387 necessitate

451 5415 753 5486 scripserit,
786 5424 846 5472 ut
871 5432 978 5471 non
1002 5417 1177 5472 solum
1198 5416 1246 5472 is
1274 5418 1363 5489 qui
1390 5419 1684 5472 nominatus
1703 5420 1771 5473 sit
1800 5420 1927 5487 (nec
1948 5420 2045 5475 ad-

450 5509 674 5581 missus)
693 5553 709 5580 ,
742 5510 837 5566 sed
864 5511 1022 5566 etiam
1050 5512 1141 5579 qui
1169 5527 1228 5566 re
1250 5512 1365 5582 ipsa
1389 5511 1593 5567 'existat
1623 5512 1924 5583 episcopus,
1974 5514 2046 5569 ad

450 5600 611 5655 aliam
647 5597 944 5657 Ecclesium
974 5604 1346 5676 transferatur.
1391 5603 1508 5658 Non
1547 5604 1829 5674 ignorabat
1868 5602 2050 5663 Cale-

451 5693 629 5750 stinus
654 5692 760 5751 hoc
780 5704 1117 5766 postremum
1143 5695 1423 5767 conceptis
1445 5698 1627 5753 verbis
1649 5698 1873 5754 vetitum
1897 5688 2044 5766 esse,

452 5807 559 5848 non
592 5792 755 5849 modo
780 5808 809 5849 a
839 5791 1057 5852 Niczena
1083 5794 1292 5867 synodo
1319 5810 1442 5851 can.
1468 5793 1557 5858 l6,
1585 5792 1896 5850 Sardicensi
1918 5809 2043 5850 can.

455 5884 485 5943 1
518 5896 576 5947 et
600 5887 659 5957 2,
688 5886 942 5959 Capuaua
986 5889 1046 5947 ia
1088 5889 1322 5947 concilio
1364 5889 1782 5961 Carthaginensi
1804 5903 1888 5959 ut,
1913 5904 2039 5947 can.

2146 3363 2271 3433 lius,
2303 3381 2409 3435 quo
2445 3377 2841 3436 prmconceptze
2872 3368 2925 3422 in
2960 3370 3187 3441 gratiam
3215 3369 3588 3427 translationis
3623 3369 3711 3439 epi-

2145 3470 2432 3526 sc0porum
2458 3459 2732 3527 opinioni,
2760 3476 2920 3532 quam
2947 3461 3070 3523 data
3101 3476 3275 3533 opera
3305 3461 3403 3519 lib.
3428 3478 3499 3519 vn
3524 3478 3634 3535 cap.
3653 3462 3713 3525 56

2148 3557 2348 3617 tuetur,
2378 3553 2550 3622 magis
2579 3550 2806 3608 faveret.

2216 3648 2308 3703 21.
2345 3647 2532 3718 Majori
2568 3649 2671 3703 nde
2699 3648 2892 3720 dignus
2915 3648 3131 3703 videtur
3158 3648 3303 3705 idem
3337 3649 3565 3717 scriptor
3591 3649 3637 3704 in
3661 3663 3716 3704 eo

2145 3741 2287 3812 quod
2319 3742 2411 3796 lib.
2455 3757 2525 3797 vtt
2556 3757 2603 3796 c.
2638 3742 2703 3796 10
2732 3742 2934 3795 tradit:
2983 3740 3294 3796 Caelestt'uus
3331 3758 3530 3815 quoque
3558 3741 3715 3798 Nova-

2145 3834 2305 3888 tionis
2349 3834 2587 3888 ecclesias
2618 3851 2746 3906 quas
2787 3832 2966 3888 Roma:
3002 3832 3257 3888 habebant
3292 3834 3509 3897 ademit,
3542 3842 3589 3890 et
3624 3831 3718 3888 Ru-

2144 3923 2388 3978 sticulum
2419 3940 2599 3979 eorum
2618 3926 2916 3996 episwpum
2938 3928 3072 3978 clam
3099 3929 3151 3979 in
3174 3926 3393 3997 priuatis
3413 3925 3603 3981 sedibus
3623 3923 3715 3994 ple-

2146 4015 2254 4072 bem
2282 4015 2527 4088 colligere
2553 4017 2825 4085 compulit.
2853 4016 3061 4083 Quibus
3086 4025 3144 4072 et
3175 4018 3281 4072 hoc
3312 4017 3464 4073 addit
3489 4033 3501 4069 :
3536 4014 3718 4070 Etenim

2144 4119 2192 4167 et
2218 4113 2288 4166 ad
2320 4111 2375 4164 id
2414 4128 2574 4182 usque
2615 4112 2859 4184 temporis
2906 4110 3196 4166 Novatiani
3234 4111 3423 4169 Roma:
3466 4112 3716 4182 plurimum

2144 4206 2449 4277 ﬂoruerant,
2501 4222 2620 4259 cum
2667 4205 2854 4260 multas
2904 4207 2975 4259 ibi
3014 4205 3259 4261 ecclesias
3301 4205 3641 4279 possiderent,
3679 4210 3717 4257 et

2144 4300 2424 4355 maximam
2452 4298 2631 4371 populi
2664 4300 3047 4354 multitudinem
3072 4298 3125 4353 in
3155 4298 3230 4354 cis
3259 4296 3581 4371 colligerent.
3608 4295 3710 4355 lam

2145 4404 2305 4449 antea
2334 4403 2533 4461 tamen,
2562 4393 2679 4462 ipso
2701 4391 2925 4449 Socrate
2956 4391 3084 4447 ibid.
3117 4408 3169 4448 c.
3198 4390 3234 4449 9
3264 4403 3430 4460 teste,
3471 4389 3718 4447 luuoceu-

2147 4487 2253 4542 tius
2306 4486 2524 4542 eosdem
2581 4472 2868 4540 hmréticos
2923 4485 3175 4555 persequi
3231 4493 3507 4557 coeperat,
3556 4483 3724 4553 eisun

2146 4572 2346 4635 multas
2381 4575 2640 4633 ecclesias
2667 4579 2963 4647 eripuerat.

2472 4669 2501 4745 ᾗ
2529 4670 2594 4727 ll.
2627 4670 2845 4726 Decreta
2874 4667 3144 4727 Caelestino
3171 4671 3427 4737 ascripta.

2218 4764 2310 4820 25.
2339 4762 2397 4818 In
2430 4764 2569 4819 libro
2592 4762 2890 4836 pontificali
2921 4760 3248 4817 lecstinus
3278 4760 3624 4819 constituisse
3647 4757 3719 4817 di-

2148 4859 2310 4929 citur,
2343 4866 2400 4912 ut
2430 4857 2618 4933 psalmi
2648 4856 2816 4911 David
2858 4870 2925 4911 Cl.
2953 4866 3070 4912 ante
3105 4857 3423 4925 sacri/icium
3464 4854 3721 4925 psalleren-

2151 4961 2254 5020 tur,
2288 4951 2426 5022 quod
2452 4958 2604 5005 antea
2627 4967 2728 5005 non
2748 4947 2939 5021 ﬁebat;
2961 4947 3051 5003 sed
3074 4959 3274 5005 tantum
3303 4947 3559 5020 Epistolis
3582 4945 3720 5001 Pauli

2147 5052 2198 5099 et
2225 5052 2461 5097 sanctum
2502 5043 2857 5114 Erangrlium.
2894 5041 3093 5105 Verum
3135 5042 3436 5097 etiamnum
3485 5039 3721 5095 habemus

2148 5138 2402 5195 homilias
2426 5147 2480 5192 et
2500 5138 2793 5193 caucinnes
2817 5135 3014 5205 quibus
3037 5135 3228 5191 Patres
3257 5137 3423 5191 etiam
3451 5132 3717 5191 Ctulestino

2147 5230 2483 5301 antiquiores
2511 5230 2750 5301 psalmos
2781 5230 3023 5299 aliasque
3047 5227 3116 5283 ab
3138 5228 3451 5298 Evangeliis
3472 5237 3561 5285 aut
3585 5221 3715 5280 Pauli

2150 5325 2411 5396 Epistolis
2438 5324 2749 5395 Scripturas
2779 5323 3075 5392 explicant,
3098 5337 3221 5393 quae
3250 5321 3492 5408 populis,
3523 5319 3641 5376 dum
3661 5315 3716 5375 ad

2147 5419 2469 5474 sacrificium
2500 5417 2889 5474 celebrandum
2920 5418 3316 5483 convenirent,
3349 5414 3586 5473 recitata:
3618 5412 3719 5469 fue—

2148 5521 2292 5573 rant.

2219 5605 2309 5662 26.
2336 5604 2577 5672 Quatuor
2613 5602 2719 5658 alia
2749 5603 2971 5659 decreta
3011 5604 3065 5660 in
3108 5600 3445 5659 editionibus
3484 5597 3714 5663 concilio-

2147 5713 2269 5752 rum
2311 5712 2340 5751 a
2371 5694 2606 5752 Crabbio
2646 5709 2712 5751 ac
2754 5695 3012 5766 deinceps
3054 5696 3267 5769 vulgata
3313 5702 3443 5751 sunt
3485 5692 3622 5750 velut
3660 5702 3715 5744 cx

2148 5788 2409 5848 Gratiano
2453 5799 2731 5861 excerpta.
2765 5790 3004 5853 Primum
3049 5808 3115 5848 cx
3145 5792 3254 5847 illis
3281 5788 3358 5849 ita
3400 5799 3711 5858 expressum,

2150 5885 2354 5945 Nullus
2382 5889 2600 5959 primas,
2621 5884 2801 5943 nullus
2828 5889 3290 5959 metropolitanus,
3321 5887 3591 5957 nullusque
3609 5877 3711 5936 reli-

3554 6038 3601 6054 Ι
