3976 6336
527 267 630 324 567

1330 265 1652 324 ANTONINI
1689 267 2040 326 HONORATI
2075 267 2709 334 αοΝετΑΜιΝεΝδιε
2745 270 3060 337 EPISCOPI
3651 294 3728 356 568

525 377 653 433 rege
675 360 1036 420 Vandaiorum
1068 362 1306 434 Epistola
1334 365 1714 431 consolatorie;
1743 365 1795 420 in
1823 364 1960 422 Bibl.
1991 365 2106 424 PP.
2135 369 2191 430 Α
2288 368 2425 426 1644
2447 381 2501 426 et
2527 373 2688 428 1654.
2716 373 2970 443 Parisiis;
2996 369 3180 448 iit-fol.
3209 372 3536 435 Antonini
3583 385 3640 440 ad
3657 393 3726 445 Ar.

524 455 676 528 Bign.
703 457 942 512 editionis
968 459 1207 514 secunda:
1237 469 1366 513 tom.
1401 458 1485 513 111.

597 546 755 602 1595.
801 547 1014 614 Romae,
1061 564 1126 603 ea:
1171 559 1374 621 typogr.
1439 549 1585 616 Vat.,
1635 551 1816 623 in-{oL
1872 552 2112 622 Epistola

522 639 781 694 Antonini
827 655 916 708 ep.
963 641 1331 696 Constantium
1378 642 1444 696 ad
1484 642 1806 709 Arcadium;
1849 645 1902 700 in
1950 643 2110 700 Card.

523 729 738 784 Baronii
768 730 1055 786 Annalibus
1095 733 1161 788 ad
1205 749 1297 787 an.
1344 733 1448 790 437
1494 736 1673 806 prima:
1707 737 1950 791 editionis
1981 749 2110 793 tom.

525 825 588 876 l\-'
618 826 730 896 (qui
766 833 908 879 totus
938 836 1186 881 accurate
1219 842 1441 882 recusus
1465 837 1547 883 est
1573 830 1622 883 in
1646 829 1834 885 eadem
1867 842 2118 900 typogra-

527 922 648 990 phia
674 935 764 976 an.
793 920 953 992 1607)
979 936 1135 992 pagg.
1168 922 1391 988 659-61;
1417 924 1471 978 in
1499 923 1792 980 Coloniensi
1814 925 1951 981 162ι
1978 937 2111 983 tom.

527 1012 567 1064 ν
601 1029 688 1082 pp.
720 1013 951 1081 743-45;
991 1025 1046 1070 et
1085 1013 1367 1070 Mansiana
1395 1025 1527 1071 tom.
1577 1017 1668 1074 VII
1695 1016 2112 1092 (Lucw,'i7ﬂ)

523 1118 616 1176 pp.
647 1105 909 1162 499-501.

1124 1217 1338 1259 δεουιο
1376 1218 1509 1258 ινιι.

595 1293 755 1349 i618.
797 1293 1023 1350 Coloniae
1051 1295 1258 1366 Agrip.;
1297 1297 1475 1366 ἱη-Ῑοι.
1522 1296 1778 1352 Antonini
1806 1337 1819 1352 .
1847 1339 1860 1353 .
1889 1340 1902 1354 .
1929 1338 1944 1353 .
1977 1299 2108 1370 Epi-

525 1388 663 1444 stola
699 1388 1060 1444 consolatorie
1105 1389 1170 1444 ad
1203 1389 1495 1445 Arcadium
1527 1390 1811 1458 quemdam
1843 1407 1872 1446 a
1900 1391 2108 1449 Geuse-

523 1480 640 1534 rico
669 1479 968 1536 Gothorum
1011 1496 1136 1551 rege
1177 1482 1231 1538 in
1263 1481 1509 1537 exsilium
1537 1491 1746 1550 actum;
1771 1485 1826 1540 in
1857 1485 1935 1540 M.
1967 1484 2104 1540 Bibl.

527 1570 646 1627 PP.
672 1582 780 1628 tom
813 1572 876 1640 V,
904 1585 1046 1645 part.
1074 1592 1154 1632 ιιι.

2213 463 2424 518 cadium
2455 466 2699 522 exsulem
2727 467 2967 540 Epistola
2989 466 3388 536 consoiatoria;
3415 472 3464 526 in
3497 473 3614 532 Bibl.
3637 480 3730 543 PP.

2218 564 2346 613 tom.
2367 558 2458 614 Ill.
3753 619 3756 622 .

2291 651 2448 707 1677.
2491 653 2755 726 Lugduni,
2783 657 2923 728 apud
2961 657 3285 728 Anissonios;
3326 657 3498 736 iis-fol.
3526 661 3732 728 Antonin.‘

2220 744 2477 800 Honorati
2514 761 2601 817 ep.
2630 747 3118 807 Constantiniensis
3157 752 3389 822 Epistola
3431 756 3730 818 cottsolatnri:

2217 847 2272 892 et
2301 839 2367 894 ad
2405 839 2619 897 labores
2645 857 2744 912 pro
2773 842 2986 899 Christo
3016 843 3267 902 ferendos
3310 847 3676 926 exhortatoria;
3697 852 3726 907 ii

2219 931 2369 987 Max.
2399 930 2537 987 Bibl.
2561 931 2682 988 PP.
2709 943 2842 990 tom.
2866 935 2981 991 vni
3011 935 3192 1005 p.665
3220 951 3336 1008 sqq.
3761 979 3763 983 .

2289 1023 2448 1080 1694.
2490 1023 2734 1091 Parisiis,
2775 1043 2838 1082 ea:
2867 1027 2997 1100 typis
3027 1026 3288 1085 Theodor.
3338 1029 3569 1103 Muguet;
3606 1037 3717 1096 in-8‘

2217 1117 2477 1172 Honorati
2499 1117 2757 1174 Antonini
2779 1116 3109 1174 Constantia:
3135 1120 3188 1175 in
3213 1120 3388 1176 Africa
3411 1125 3624 1197 episcopi
3642 1129 3718 1200 Epi

2215 1212 2354 1268 stola
2375 1211 2738 1268 cohortatoria
2763 1213 2832 1268 ad
2859 1213 3145 1269 Arcadium
3169 1229 3265 1285 pro
3299 1215 3402 1272 ﬁde
3432 1219 3732 1291 exsulantem.

2213 1305 2316 1360 sub
2343 1304 2636 1362 Genserico
2659 1305 3027 1362 Vandalorum
3064 1322 3190 1377 rege
3221 1307 3435 1376 Ariano;
3472 1311 3522 1365 in
3543 1311 3732 1370 Theodoa

2213 1399 2306 1453 rici
2336 1399 2583 1454 Ruinarti
2627 1399 2865 1454 Historia
2908 1401 3275 1470 persecutionis
3321 1400 3598 1460 Vandalicte
3629 1417 3721 1476 part

2214 1509 2272 1559 ιι,
2297 1507 2416 1564 cap.
2443 1492 2501 1561 Α,
2528 1508 2619 1564 pp.
2650 1491 2871 1551 433-39.

524 1710 3722 1745 mw“

1181 1847 1436 1957 AN
1444 1839 1822 1961 TON
1827 1849 2030 1960 IN
2035 1851 2100 1960 Ι

2204 1848 3166 1987 EONOBATI

1581 1996 2342 2104 CONSTANTINIENSIS
2386 2041 2743 2106 EPISCOPI

723 2197 805 2251 θ
954 2195 1849 2338 EPISTOLA
1939 2197 3364 2331 CONSOLATORIA

1729 2421 1880 2502 AD
1957 2417 2588 2505 ARCADIUM

1246 2575 1462 2630 ACTUM
1494 2577 1557 2630 IN
1591 2577 1895 2629 EXSILIUM
1929 2578 1971 2628 A
2005 2576 2354 2629 GENSERICO
2389 2576 2555 2629 REGE
2591 2576 3048 2629 VANDALORUM.

1712 2707 1867 2772 (Max.
1890 2707 2122 2758 Biblioth.
2141 2705 2284 2769 Bign.
2305 2716 2416 2759 tom.
2443 2707 2602 2767 VIII.)

584 2989 780 3062 Perge,
808 2988 982 3045 ﬁdelis
1011 2988 1214 3054 anima,
1245 3002 1440 3060 perge;
1469 2995 1523 3042 et
1547 2987 1830 3044 confessor
1859 2986 2101 3051 unitatis,
2134 2988 2183 3049 B
2207 2983 2434 3041 Sursum
2465 2999 2579 3052 cor,
2620 2986 2912 3056 perfectam
2951 2986 3216 3043 inchoasti
3263 2993 3506 3059 pugnam.
3546 2985 3650 3057 Ipse
3679 3000 3744 3040 ar-
3827 3037 3831 3042 .

515 3084 708 3156 gaude,
741 3082 862 3153 quia
887 3098 988 3153 pro
1015 3082 1234 3137 nomine
1263 3080 1462 3137 Christi
1494 3080 1602 3151 pati
1628 3080 1876 3136 meruisti
1904 3087 2101 3134 contu-

516 3177 760 3240 meliam,
794 3176 934 3230 sicut
961 3175 1187 3244 apostoli
1221 3190 1341 3229 cum
1375 3173 1625 3243 ﬁageilati
1655 3181 1798 3227 sunt.
1832 3171 1970 3227 Ecce
1990 3171 2102 3241 jam

515 3281 741 3336 serpens
774 3267 864 3321 ille
901 3267 1002 3320 sub
1041 3265 1270 3335 pedibus
1314 3265 1420 3320 tuis
1458 3264 1622 3334 jacet,
1655 3263 1771 3334 ipse
1812 3263 2102 3333 conﬂigere

515 3362 719 3426 potuit;
749 3359 842 3412 sed
871 3358 987 3427 ipse
1017 3357 1236 3419 cecidit,
1273 3357 1394 3426 quia
1426 3363 1477 3410 te
1523 3355 1731 3411 elidere
1763 3371 1869 3410 non
1904 3355 2098 3423 potuit.

517 3449 669 3520 Rogo
701 3460 772 3515 te,
799 3464 984 3518 preme
1009 3459 1168 3518 caput
1197 3447 1334 3517 ejus;
1368 3463 1471 3502 non
1502 3454 1685 3517 surgat
1709 3447 1814 3501 isto
1845 3448 1896 3500 in
1930 3459 2103 3516 agone

515 3544 783 3615 martyrii,
817 3558 977 3598 nemo
1003 3554 1054 3598 te
1083 3549 1440 3598 commoveat.
1467 3540 1606 3595 Ecce
1632 3539 1831 3610 gaudet
1856 3540 2102 3594 Christus

516 3649 569 3695 et
599 3639 818 3708 inspicit
845 3648 926 3703 te;
955 3638 1207 3692 lzetantur
1233 3634 1430 3706 angeli,
1457 3643 1513 3690 et
1539 3634 1797 3704 adjuvant
1829 3644 1908 3690 te:
1946 3634 2102 3687 turba

514 3729 822 3785 daemonum
851 3731 1159 3783 calcaneum
1194 3738 1340 3782 tuum
1366 3726 1646 3792 observat;
1683 3741 1749 3780 ne
1780 3723 2019 3788 deﬁcias,
2044 3732 2102 3778 ut

515 3824 792 3879 daemones
841 3823 933 3893 qui
982 3836 1124 3876 nunc
1172 3821 1381 3890 lugent,
1426 3819 1716 3889 gaudeant.
1767 3818 1966 3872 Tecum
2018 3826 2102 3872 est

515 3917 692 3971 omnis
728 3915 924 3971 chorus
969 3925 1260 3984 martyrum
1293 3925 1681 3982 prtecessorum
1730 3918 1973 3975 tuorum;
2006 3925 2102 3964 ex-

514 4016 760 4079 spectant
779 4017 830 4063 te
855 4017 1124 4078 martyres
1164 4015 1218 4060 et
1255 4003 1579 4072 defendunt,
1617 4012 1676 4059 et
1715 4017 1974 4057 coronam
2005 4017 2101 4057 ex-

514 4101 759 4157 tendunt.
792 4100 944 4170 Rogo
981 4109 1062 4163 te,
1105 4107 1214 4152 tene
1252 4096 1387 4165 quod
1431 4106 1590 4160 tenes,
1623 4112 1686 4150 ne
1715 4096 1848 4149 alter
1875 4095 2099 4164 accipiat

512 4210 754 4248 coronam
783 4202 924 4246 tuam
960 4194 1157 4261 (Apoc.
1189 4193 1371 4260 xxxi).
1404 4190 1672 4256 Quantum
1719 4189 1973 4258 temporis
2017 4196 2101 4244 est

514 4301 619 4356 quo
650 4298 979 4356 pugnaturus
1008 4284 1143 4340 eris!
1182 4293 1237 4338 et
1281 4292 1538 4353 quantum
1568 4284 1828 4352 temporis
1855 4281 1957 4336 erit
1991 4295 2100 4350 quo

2207 3077 2500 3148 changelus
2527 3080 2620 3150 qui
2652 3080 2879 3144 cecidit,
2906 3079 3156 3146 dimicat;
3187 3082 3303 3150 ipse
3334 3089 3502 3136 tecum
3534 3080 3743 3142 luctatur;

2205 3171 2302 3227 sed
2342 3183 2518 3228 tecum
2557 3181 2645 3227 est
2680 3171 2841 3228 Pater
2867 3181 2922 3228 et
2951 3173 3124 3229 Filius
3167 3183 3224 3229 et
3269 3174 3496 3244 Spiritus
3539 3181 3744 3227 sanctus.

2205 3265 2338 3320 Vide
2370 3281 2437 3320 ne
2477 3266 2689 3329 timeas,
2719 3265 2934 3336 adjuvat
2983 3277 3034 3321 te
3080 3277 3137 3323 ut
3183 3275 3418 3323 coronet
3464 3278 3532 3322 te.
3561 3267 3741 3336 Septem

2206 3357 2345 3410 ﬁlios
2377 3357 2680 3412 Machabaza
2712 3366 2887 3412 mater
2911 3374 3010 3428 pro
3037 3359 3256 3414 Christo
3279 3359 3420 3414 misit
3445 3359 3505 3413 ad
3536 3368 3743 3412 mortem.

2206 3451 2343 3504 Ante
2365 3462 2484 3504 eam
2507 3451 2912 3516 cruciabantur;
2938 3461 2991 3505 ct
3019 3452 3132 3520 ipsa
3159 3453 3334 3522 magis
3364 3467 3455 3506 eos
3477 3450 3747 3506 hortabatur

2204 3549 2265 3594 ut
2295 3550 2636 3596 morerentur
2671 3559 2684 3595 :
2718 3542 2832 3610 ipsa
2864 3552 3044 3597 autem
3079 3554 3201 3613 post
3236 3543 3373 3597 ﬁlios
3395 3543 3619 3607 .occisos,
3647 3555 3747 3596 ecce

2196 3631 2312 3700 jam
2352 3633 2584 3687 exsultat
2625 3648 2747 3688 cum
2795 3634 2919 3688 ﬁliis
2959 3645 3238 3690 coronata.
3301 3635 3524 3704 Respice
3565 3634 3672 3702 quia
3706 3632 3747 3686 in

2203 3734 2358 3780 utero
2390 3727 2578 3780 matris
2603 3727 2745 3781 Deus
2785 3737 2836 3782 te
2864 3729 3022 3793 fecit;
3056 3730 3173 3798 ipse
3205 3729 3298 3786 tibi
3329 3729 3564 3799 spiritum
3587 3736 3635 3784 et
3658 3725 3748 3781 ani-

2203 3831 2343 3870 mam
2373 3817 2539 3879 dedit,
2566 3817 2682 3886 ipso
2711 3828 2761 3872 te
2792 3819 3008 3873 ornavit
3037 3823 3250 3876 ratione
3277 3830 3333 3876 et
3361 3821 3629 3890 sapientia.
3649 3817 3750 3894 ipse
3841 3846 3845 3852 ι

2201 3910 2394 3964 caelum
2420 3910 2544 3965 fecit
2574 3920 2628 3964 et
2661 3920 2882 3977 terram,
2909 3922 2962 3966 et
2992 3913 3169 3966 omnia
3195 3929 3318 3982 qua:
3350 3914 3402 3968 in
3433 3913 3509 3967 eis
3528 3919 3655 3966 sunt.
3677 3909 3749 3965 Sic

2201 4010 2256 4057 te
2287 4002 2399 4055 vult
2421 4002 2698 4071 suscipere
2728 4019 2826 4072 pro
2851 4003 2957 4059 ﬁde
2989 4006 3341 4074 morientem,
3368 4013 3425 4060 ut
3455 4006 3543 4061 tibi
3570 4006 3747 4076 plenam

2199 4092 2454 4148 exhibeat
2489 4094 2852 4163 majestatem.
2895 4095 3122 4165 Respice
3162 4098 3420 4153 mundum
3460 4117 3471 4151 :
3510 4098 3742 4166 periturus

2200 4196 2304 4242 est.
2336 4186 2563 4255 Respice
2588 4188 2761 4242 solem
2799 4197 2853 4242 et
2891 4187 3070 4242 lunam
3103 4200 3158 4244 et
3186 4190 3374 4245 stellas
3407 4207 3421 4244 :
3451 4200 3506 4246 et
3530 4189 3635 4259 ipsa
3662 4188 3748 4242 sol-

2198 4281 2370 4336 venda
2397 4289 2544 4336 sunt.
2574 4281 2818 4352 Conflige
2848 4281 3061 4337 fortiter
3085 4299 3182 4353 pro
3209 4283 3389 4338 anima
3422 4293 3528 4348 tua,
3552 4297 3658 4352 quae
3678 4288 3748 4334 aut

514 4381 564 4432 in
607 4387 894 4440 aeternum,
943 4378 1179 4431 victurus
1220 4376 1357 4430 eris!
1405 4375 1520 4430 Jam
1569 4373 1811 4442 cmpisti,
1858 4373 2092 4442 perﬁce:
2122 4361 2167 4422 C
2200 4389 2416 4444 semper
2455 4374 2586 4428 vivit
2623 4381 2714 4428 aut
2743 4389 2960 4442 semper
2991 4374 3151 4444 perit.
3203 4376 3345 4431 Ecce
3391 4375 3606 4430 dimissa
3647 4382 3750 4428 sunt

511 4467 674 4524 hodie
703 4477 927 4538 apparet
954 4483 1050 4522 cur
1083 4468 1303 4537 pateris;
1334 4467 1622 4522 Dominum
1654 4467 1786 4521 nihil
1816 4467 1961 4531 latet;
1989 4481 2096 4520 non

511 4571 566 4617 te
597 4561 740 4615 fallat
767 4559 1013 4614 diabolus
1036 4560 1088 4613 in
1119 4574 1300 4623 causa,
1334 4573 1455 4613 cum
1483 4559 1575 4613 tibi
1601 4559 1797 4628 ingerit
1822 4557 2092 4623 nebulam;

513 4655 616 4710 hoc
635 4655 745 4709 vult
767 4668 836 4708 ne
856 4653 1205 4708 charissimus
1230 4651 1703 4720 patiaris.Vertim,
1721 4652 1907 4717 frater,
1930 4651 2096 4707 habes

513 4752 830 4808 certamen;
870 4746 1074 4815 integra
1115 4755 1197 4801 est
1245 4744 1346 4799 ista
1381 4743 1652 4801 confessio
1689 4761 1706 4801 :
1751 4744 1809 4801 Si
1853 4753 2096 4800 mortuus

513 4839 706 4906 fueris,
737 4849 917 4894 certus
947 4849 1085 4903 esto,
1121 4848 1326 4910 martyr
1353 4839 1481 4892 eris.

577 4933 683 4988 Job
711 4946 815 4987 non
846 4932 1074 4986 attendit
1102 4946 1346 4996 uxorem,
1378 4940 1431 4986 et
1461 4931 1584 4985 ideo
1612 4930 1778 4994 vicit;
1809 4944 1913 4984 non
1943 4929 2096 4984 fami-

509 5027 630 5093 lias,
669 5040 777 5080 non
813 5024 1047 5092 divitias,
1081 5040 1187 5079 non
1219 5025 1444 5088 amicos,
1480 5031 1535 5078 et
1574 5022 1770 5076 merito
1799 5023 2090 5092 superavit.

507 5117 677 5173 Adam
702 5117 980 5173 mulierem
1007 5131 1159 5172 suam
1191 5119 1311 5185 plus
1341 5118 1473 5171 satis
1503 5116 1719 5180 dilexit,
1747 5123 1803 5171 et
1833 5116 1953 5171 ideo
1983 5125 2093 5171 tam

507 5211 930 5282 lacrymabiiiter
973 5211 1184 5267 cecidit.
1219 5210 1307 5265 Sic
1345 5210 1474 5264 dicit
1504 5208 1766 5262 Dominus
1797 5225 1810 5260 :
1846 5207 1952 5274 Qui
1991 5225 2095 5264 non

507 5303 760 5357 dimiserit
789 5314 1006 5374 patrem,
1038 5312 1125 5356 aut
1156 5309 1394 5366 matrem,
1428 5309 1517 5352 aut
1548 5314 1778 5363 uxorem,
1813 5308 1900 5351 aut
1930 5299 2092 5368 ﬁlios,

511 5407 595 5450 aut
625 5395 762 5466 ﬁlias
791 5406 996 5468 propter
1024 5412 1135 5458 me,
1165 5410 1266 5448 non
1295 5404 1370 5446 est
1405 5409 1547 5446 meus
1576 5391 1858 5461 discipulus
1887 5391 2088 5462 (Marc.

509 5505 537 5543 x
557 5489 595 5559 ).
623 5489 783 5558 Quid,
825 5489 870 5544 si
914 5491 1220 5544 conditione
1249 5487 1370 5540 vita:
1399 5497 1643 5540 mortuus
1671 5499 1850 5548 esses.
1879 5501 2014 5541 uxor
2041 5495 2092 5541 te

510 5591 599 5636 aut
650 5581 846 5637 familia
887 5582 1072 5638 habuit
1117 5578 1412 5636 revocare?
1460 5576 1589 5631 Nam
1641 5593 1796 5646 quem
1849 5578 2089 5644 tenuisti,

511 5689 684 5741 ipsum
706 5675 943 5739 attende,
964 5673 1064 5743 ipsi
1085 5674 1262 5736 hmre;
1289 5681 1409 5725 tene
1430 5685 1550 5724 eum
1575 5668 1804 5735 fortiter,
1820 5685 1888 5724 ne
1909 5669 2091 5723 dimit-

2200 4467 2296 4523 tibi
2329 4475 2549 4537 peccata
2576 4477 2702 4534 tua;
2728 4477 2784 4524 et
2809 4483 2999 4523 omnes
3027 4467 3339 4537 iniquitates
3370 4480 3488 4525 tuas
3515 4469 3645 4524 Deus
3670 4481 3749 4536 pro

2200 4559 2300 4613 hac
2339 4575 2515 4630 pugna
2557 4560 2779 4627 delebit,
2819 4575 3185 4632 quascumque
3230 4577 3399 4633 usque
3438 4561 3589 4618 hodie
3631 4573 3748 4615 com-

2197 4653 2411 4707 mittere
2449 4654 2692 4721 potuisti.
3511 4637 3513 4639 1

2269 4744 2406 4797 Audi
2435 4744 2503 4800 dc
2536 4745 2634 4799 hac
2659 4761 2719 4800 re
2749 4745 3087 4802 Ezechielem
3115 4745 3437 4817 prophetam
3467 4745 3711 4800 dicentem
3737 4757 3747 4794 :

2201 4839 2536 4905 Quacumque
2571 4838 2652 4891 die
2687 4839 2890 4909 iniquus
2933 4854 3205 4894 conversus
3241 4839 3398 4911 fuerit
3432 4838 3496 4892 ab
3522 4837 3751 4907 iniquitate

2195 4945 2289 4983 sua
2313 4940 2357 4982 et
2380 4931 2555 5000 fecerit
2576 4931 2862 5000 justitiam,
2889 4946 3063 4984 omnes
3089 4931 3390 5001 iniquitates
3415 4934 3525 5001 eius
3552 4945 3643 4983 non
3661 4941 3749 4978 nte-

2196 5024 2436 5076 morabor
2457 5024 2612 5086 ultra,
2638 5024 2761 5077 dicit
2784 5023 3038 5078 Dominus
3060 5023 3277 5095 (Ezech.
3303 5026 3408 5093 nt).
3433 5021 3639 5078 Iustitia
3661 5029 3748 5080 tua,

2198 5116 2332 5170 ﬁdes
2358 5124 2444 5171 tua
2475 5115 2623 5189 (quia
2642 5120 2822 5190 justus
2849 5134 2911 5172 ea:
2934 5118 3038 5186 ﬁde
3066 5119 3186 5171 civit
3217 5117 3395 5191 [Rom.
3424 5133 3464 5182 ι,
3495 5115 3637 5169 Hebr.
3661 5109 3749 5184 x]),

2198 5208 2494 5272 tribulatio,
2545 5209 2886 5279 exspoliatio,
2947 5209 3232 5276 exsilium,
3278 5209 3641 5266 remissionem
3671 5203 3747 5258 tibi

2196 5301 2423 5356 contulit
2453 5308 2830 5369 peccatorum;
2863 5317 3012 5358 mors
3055 5312 3234 5358 autem
3265 5304 3441 5372 aperit
3479 5301 3571 5356 tibi
3613 5309 3748 5367 regna

2195 5394 2476 5450 caelorum.
2507 5393 2696 5462 Qualis
2737 5395 2845 5449 eris
2887 5409 3009 5450 cum
3039 5404 3092 5450 te
3117 5411 3240 5452 cum
3281 5403 3475 5451 sancto
3512 5389 3749 5461 Stephano

2194 5489 2425 5545 videris?
2451 5487 2636 5555 Qualis
2661 5490 2773 5545 eris
2796 5503 2917 5544 cum
2946 5489 3162 5545 Petrum
3185 5498 3240 5548 et
3264 5490 3511 5552 Paulum,
3537 5498 3659 5557 quos
3676 5497 3745 5537 ro-

2194 5598 2320 5651 gare
2351 5581 2564 5637 solebas
2591 5591 2647 5636 ut
2676 5589 2955 5651 patronos,
2991 5583 3215 5639 habebis
3245 5583 3480 5639 amicos?
3506 5580 3742 5635 Christum

2194 5688 2318 5727 mox
2345 5681 2430 5727 tua
2459 5673 2638 5727 anima
2672 5673 2910 5737 videbit;
2943 5684 2998 5729 et
3027 5689 3222 5744 corpus
3242 5682 3396 5730 tuum
3418 5674 3523 5729 erit
3545 5673 3593 5726 in
3616 5666 3771 5725 refri-'

510 5771 624 5826 Ias.
670 5783 736 5820 ne
779 5767 1080 5822 resnexeris
1124 5774 1270 5823 retro
1299 5763 1363 5818 ad
1410 5777 1634 5817 uxorem
1681 5771 1770 5818 aut
1807 5762 2080 5819 familiam.
2111 5746 2165 5807 D
2189 5767 2338 5834 gerio
2369 5767 2804 5835 resurrectionis,
2834 5776 2894 5824 ut
2933 5778 2986 5826 et
3012 5769 3129 5840 ipsa
3156 5783 3282 5826 caro
3312 5769 3494 5827 videat
3519 5764 3649 5839 quod
3669 5773 3740 5820 tua
