3976 6336
208 343 294 404 569
1106 335 1443 396 EPISTOLA
1479 338 2005 401 CONSOLATORIA
2049 344 2141 401 AD
2181 346 2556 409 ARCADIUM.

3328 369 3435 429 570

207 463 348 517 anima
375 466 487 512 cum
534 451 727 509 exierit
767 464 895 507 mox
939 451 1169 509 videbit.
1216 453 1427 510 Fremit
1468 454 1740 523 diabolus,
1768 457 1824 517 Δ
1850 458 2519 534 pertinetsapientia,licet
2535 483 2640 527 non
2658 472 2956 533 recedatab
2973 475 3434 554 anima.Ecceigi-

203 555 362 630 gaudet
402 547 667 605 Christus.
714 548 888 619 Roga,
931 549 1104 620 plora,
1152 563 1319 619 posce
1366 550 1654 617 auxilium;
1686 560 1741 607 et

202 663 298 707 mox
323 641 539 712 accipies
563 641 615 695 in
648 652 834 696 mente
872 642 1142 698 solatium.
1181 642 1334 699 Time
1362 658 1549 714 poenas
1578 652 1738 699 aeter-

200 758 293 808 nas,
317 737 394 793 ubi
420 750 631 804 semper
661 734 909 802 ardetur,
941 736 1031 791 ubi
1061 752 1279 806 semper
1323 738 1375 791 in
1414 739 1651 793 tenebris
1685 747 1739 795 et

198 848 356 904 corpus
384 838 432 884 et
457 829 643 883 anima
688 831 982 894 cruciatur,
1031 830 1123 885 ubi
1152 845 1274 885 cum
1308 829 1524 886 diabolo
1561 832 1736 889 anima

196 940 237 984 et
277 934 447 991 corpus
507 918 561 973 in
602 929 863 975 aeternum
916 921 1179 976 exuritur.
1239 921 1527 977 Gebennas
1569 937 1734 987 expa-

196 1030 334 1079 vesce,
360 1021 408 1067 et
428 1010 702 1066 Christum
732 1012 894 1067 modo
917 1020 1063 1069 tene.
1094 1012 1253 1068 Modo
1278 1021 1365 1069 est
1391 1024 1447 1068 ut
1476 1024 1566 1069 aut
1586 1016 1734 1069 vivas

190 1122 261 1165 aut
288 1117 475 1176 pereas.
503 1102 675 1159 Nemo
702 1113 756 1160 te
783 1105 1127 1174 recuperabit
1151 1105 1196 1160 si
1229 1107 1279 1161 in
1309 1106 1409 1161 ista
1437 1121 1617 1177 pugna
1639 1108 1735 1163 de-

190 1200 366 1258 ieceris.
396 1197 459 1251 Et
488 1195 619 1267 quid
652 1197 745 1251 tibi
774 1198 1015 1267 prodest,
1049 1196 1095 1253 si
1124 1197 1337 1253 diabolo
1365 1199 1727 1264 consenseris,

186 1304 227 1350 et
262 1305 369 1345 mox
408 1302 599 1359 corpus
630 1289 914 1345 amiseris?
941 1288 1049 1345 Aut
1086 1291 1270 1346 nescis
1308 1292 1432 1360 quia
1471 1289 1576 1346 vita
1601 1306 1729 1346 cor-

185 1386 300 1457 poris
333 1382 398 1436 tui
426 1381 481 1435 in
512 1388 783 1449 potestate
810 1391 892 1437 est
924 1382 1018 1436 Dei
1054 1382 1162 1446 tui,
1194 1382 1284 1453 qui
1320 1383 1412 1437 tibi
1440 1382 1727 1438 confestim

182 1478 352 1535 auferre
390 1481 567 1544 potest
597 1489 842 1540 carnem,
886 1474 931 1528 si
964 1473 1323 1545 dereliqueris
1355 1474 1553 1529 fidem?
1593 1476 1725 1542 Qui-

180 1574 274 1627 dam
298 1567 623 1625 Christianus
654 1566 783 1623 dum
811 1584 909 1638 pro
932 1568 1037 1623 fide
1066 1570 1117 1623 in
1145 1568 1333 1624 eculeo
1357 1579 1721 1639 torqueretur,

180 1664 328 1723 retulit
361 1663 593 1717 astitisse
636 1662 741 1719 sibi
771 1664 1023 1734 angelum
1067 1664 1353 1733 splendido
1399 1665 1569 1731 vultu,
1602 1680 1720 1720 cum

177 1761 311 1815 linteo
328 1770 452 1826 aqua
478 1755 719 1825 perfuso,
742 1755 835 1827 qui
852 1757 901 1811 ei
927 1772 1119 1827 aquam
1148 1756 1203 1812 in
1235 1756 1423 1813 faciem
1444 1767 1724 1829 spargeret

1844 557 1929 605 tur
1952 552 2003 606 in
2036 554 2148 608 sole
2189 557 2334 611 calor
2368 567 2423 613 et
2449 562 2705 629 splendor
2739 565 2793 620 in
2824 582 2932 623 uno
2960 568 3111 626 radio
3135 582 3295 641 sunt,
3324 552 3425 630 sed

1840 644 1988 698 calor
2007 648 2272 716 exsiccat,
2299 653 2552 719 splendor
2580 655 2842 714 illuminat
2867 676 2879 713 :
2912 660 3057 717 aliud
3084 665 3310 735 suscipit
3334 682 3431 723 cav

1840 736 1942 803 lor,
1976 738 2119 793 aliud
2144 744 2369 813 suscipit
2400 746 2675 817 splendor,
2703 751 2824 807 licet
2844 752 2912 807 ab
2934 754 3161 811 invicem
3192 759 3339 815 calor
3369 768 3428 817 et

1839 830 2095 899 splendor
2121 849 2224 888 non
2243 838 2448 904 possint
2470 843 2729 909 separari.
2754 843 3001 917 Suscepit
3022 862 3151 919 ergo
3169 850 3427 921 splendor

1838 921 2309 992 illuminationem,
2341 944 2444 983 non
2474 930 2761 1000 fervorem;
2792 938 3033 1009 suscepit
3060 940 3211 995 calor
3237 941 3419 997 fervo-

1837 1030 1972 1079 rem,
2002 1032 2106 1071 non
2136 1018 2609 1080 illuminationem.

1904 1106 2062 1163 Aliud
2086 1125 2215 1181 ergo
2236 1114 2577 1183 singulariter
2603 1128 2792 1190 agunt,
2819 1131 2873 1177 et
2895 1130 3075 1180 tamen
3099 1126 3167 1181 ab
3187 1126 3417 1185 invicem

1834 1214 1941 1255 non
1972 1202 2247 1257 recedunt.
2280 1204 2370 1261 Sic
2397 1215 2451 1261 et
2479 1208 2647 1264 Filius
2689 1214 2930 1283 suscepit
2974 1215 3123 1271 solus
3168 1232 3413 1285 carnem,

1832 1300 1882 1347 et
1910 1300 2085 1349 tamen
2114 1311 2220 1351 non
2241 1296 2479 1353 deseruit
2509 1298 2744 1369 Patrem,
2768 1319 2866 1359 nec
2884 1319 2943 1361 se
2968 1305 3148 1363 divisit
3176 1324 3205 1363 a
3234 1310 3414 1367 Patre.

1831 1382 1998 1440 Filius
2034 1386 2214 1457 itaque
2242 1391 2475 1460 suscepit
2504 1407 2721 1449 carnem
2761 1396 2816 1451 in
2857 1398 3208 1467 proprietate,
3251 1410 3304 1457 et
3335 1412 3415 1459 ta-

1832 1493 1954 1533 men
1984 1489 2038 1535 et
2067 1481 2227 1537 Pater
2254 1492 2308 1537 et
2334 1482 2569 1553 Spiritus
2599 1497 2817 1543 sanctus
2844 1504 2949 1546 non
2982 1490 3271 1549 defuerunt
3299 1508 3416 1549 ma-

1824 1569 2041 1638 jestate.
2087 1571 2145 1627 In
2183 1572 2461 1631 divinitate
2506 1578 2804 1647 aequalitas,
2844 1580 2899 1635 in
2939 1595 3102 1637 carne
3132 1582 3257 1638 Filii
3288 1600 3414 1653 pro-

1829 1664 2029 1732 prietas
2063 1681 2077 1719 :
2109 1680 2205 1720 nec
2250 1674 2429 1722 tamen
2475 1668 2542 1723 ab
2568 1684 2633 1725 eo
2663 1670 2834 1727 Patris
2860 1683 2950 1728 aut
2981 1673 3212 1744 Spiritus
3240 1677 3413 1733 sancti

1827 1758 2051 1813 recessit
2090 1758 2361 1815 divinitas.
2408 1758 2635 1817 Carnem
2677 1764 2911 1834 suscepit
2949 1764 3219 1833 Christus,
3250 1784 3409 1823 num-

175 1862 215 1906 et
240 1852 378 1906 linteo
404 1849 733 1920 detergeret.
778 1850 963 1906 Donec
1002 1859 1171 1907 tortus
1214 1860 1298 1906 est
1340 1851 1463 1918 iste,
1496 1854 1721 1922 angelus
1752 1840 1800 1901 Β
1826 1852 1953 1924 quid
1972 1870 2002 1907 a
2023 1853 2184 1910 Patre
2210 1863 2302 1909 aut
2328 1870 2356 1909 a
2380 1854 2586 1925 Spiritu
2612 1867 2800 1914 sancto
2827 1860 3086 1915 recessit?
3115 1861 3257 1933 Ergo
3284 1877 3409 1919 vera

172 1962 252 2001 non
271 1942 503 2009 recessit,
528 1943 816 1999 consolans
842 1958 966 1999 eum
990 1954 1044 2000 et
1066 1944 1392 2015 refrigerans
1415 1960 1559 2001 eum.
1582 1947 1720 2001 Con-
1822 1956 1904 2001 est
1935 1946 2132 2001 unitas.
2165 1946 2413 2017 Implevit
2443 1958 2621 2005 autem
2651 1965 2867 2006 carnem
2899 1951 3125 2023 Christi,
3163 1964 3217 2009 et
3247 1954 3409 2011 Pater

171 2042 307 2096 lesser
340 2047 517 2093 autem
553 2037 754 2093 Christi
792 2054 982 2109 pmnas
1013 2055 1145 2111 quas
1175 2039 1480 2095 sustinebat
1503 2041 1715 2111 penitus
1819 2044 1873 2090 et
1901 2035 2131 2106 Spiritus
2160 2048 2410 2103 sanctus;
2454 2039 2548 2094 sed
2581 2040 2862 2109 maiestate
2899 2056 3006 2097 non
3035 2044 3401 2113 susceptione.

168 2150 249 2189 non
285 2131 561 2186 sentiebat.
612 2132 788 2187 Minus
828 2141 1092 2187 tormenta
1141 2134 1447 2188 sentiuntur
1495 2133 1713 2204 quando
1822 2126 1913 2181 Vis
1949 2127 2088 2183 scire
2116 2128 2235 2197 quia
2268 2129 2323 2183 in
2364 2144 2432 2185 eo
2461 2131 2561 2186 fuit
2590 2131 2749 2186 Pater
2780 2148 2794 2189 :
2829 2130 2951 2185 Non
2986 2150 3100 2186 sum
3128 2134 3289 2200 solus,
3324 2135 3404 2189 in-

168 2242 242 2297 pro
265 2223 459 2278 Christo
500 2232 788 2294 pugnatur,
816 2224 938 2293 quia
972 2224 1142 2278 virtus
1170 2224 1336 2279 animi
1365 2235 1587 2295 superat
1616 2226 1714 2280 do-
1816 2219 1934 2290 quit
1970 2218 2238 2285 Christus,
2277 2223 2369 2276 sed
2392 2230 2440 2276 et
2468 2221 2630 2278 Pater
2674 2240 2870 2279 mecum
2916 2234 2991 2278 est
3036 2223 3226 2296 (Joan.
3258 2229 3399 2297 xvr).

163 2321 277 2374 iores
307 2315 518 2381 mundi;
555 2326 612 2371 et
647 2330 769 2371 cum
797 2315 1043 2372 invocata
1076 2317 1237 2371 fuerit
1264 2317 1537 2381 divinitas,
1570 2318 1713 2372 miti-
1816 2310 1954 2365 Audi
1992 2311 2060 2367 de
2104 2312 2307 2383 Spiritu
2351 2324 2560 2383 sancto,
2605 2316 2752 2388 quia,
2798 2317 2939 2388 quod
2988 2333 3109 2373 cum
3155 2334 3219 2373 eo
3264 2328 3399 2387 erat,

163 2419 689 2483 gaturtormentorum
711 2410 997 2466 acerbitas.
1018 2410 1159 2466 Ecce
1183 2426 1278 2481 pro
1296 2401 1712 2467 homine'tentus
1814 2404 2140 2475 evangelista
2180 2404 2383 2462 referat
2416 2423 2430 2461 :
2461 2408 2612 2463 Jews
2656 2407 2838 2478 plenus
2878 2408 3081 2481 Spiritu
3112 2419 3289 2465 sancto
3320 2429 3401 2466 re-

160 2523 226 2569 es;
257 2514 302 2561 et
324 2503 555 2559 afﬂictus
594 2518 701 2558 non
735 2503 929 2575 perdes
960 2503 1144 2570 fidem,
1179 2505 1341 2559 etiam
1386 2504 1433 2559 si
1463 2505 1709 2560 amiseris
1812 2512 2015 2567 gressus
2040 2498 2109 2550 ad
2136 2496 2423 2553 Jordanem
2470 2498 2635 2570 (Luc.
2662 2499 2764 2570 tv).
2809 2499 2950 2556 Ecce
2981 2502 3126 2557 solus
3149 2502 3399 2558 Christus

160 2616 358 2656 amem,
403 2598 643 2667 Exhinc,
669 2600 782 2655 Deo
831 2599 971 2655 hanc
1013 2600 1501 2670 perseverantiam,
1546 2606 1603 2653 et
1640 2614 1710 2654 ne
1812 2588 2049 2658 suscepit
2075 2602 2322 2658 carnem,
2352 2599 2408 2646 et
2437 2598 2615 2647 tamen
2643 2591 2801 2647 Pater
2834 2600 2887 2647 et
2915 2592 3149 2663 Spiritus
3178 2602 3397 2650 sanctus

162 2694 280 2748 valde
303 2688 481 2747 timeas
524 2707 775 2762 pmnam;
816 2703 912 2748 aut
945 2695 1087 2748 enim
1116 2693 1335 2769 grangis
1358 2694 1483 2760 erit,
1521 2700 1575 2747 et
1600 2694 1708 2747 cito
1813 2698 1917 2738 non
1962 2682 2250 2741 defuerunt
2294 2687 2597 2758 majestate.
2638 2688 2694 2744 Si
2732 2690 2934 2745 caelum
2976 2700 3031 2746 et
3068 2699 3265 2747 terram
3295 2690 3396 2746 im-

158 2785 359 2849 linietur;
407 2793 500 2837 aut
550 2784 687 2840 levis
739 2784 873 2851 erit,
926 2796 980 2841 et
1026 2800 1131 2841 non
1179 2784 1333 2840 valde
1379 2785 1708 2840 cruciahitur
1810 2775 2213 2844 Ριθιηνοπηθηι
2231 2777 2700 2837 Christideserere
2721 2797 2828 2837 non
2850 2783 3395 2854 potuemnt,quando

157 2878 316 2930 anima.
350 2876 421 2930 'l‘u
454 2887 641 2931 tamen
669 2891 852 2940 exora,
881 2877 1003 2947 quia
1034 2877 1223 2931 luctari
1248 2876 1461 2944 coepisti
1484 2891 1581 2931 nec
1608 2876 1704 2931 de-
1810 2869 1864 2924 in
1893 2870 2189 2926 divinitatis
2218 2872 2431 2928 unitate
2458 2884 2784 2931 manserunt.

156 2969 323 3035 fecisti;
355 2971 676 3042 martyrium
708 2970 995 3038 inchoasti,
1025 2971 1237 3027 custodi
1269 2971 1503 3027 animam
1533 2980 1703 3025 tuam.

1880 2963 1962 3018 Ad
1985 2963 2109 3030 hoc,
2131 2965 2394 3020 citharam
2416 2966 2647 3037 respice,
2680 2976 2739 3024 ut
2758 2969 3020 3025 musicum
3047 2968 3220 3025 melos
3243 2969 3393 3024 sonis

156 3061 321 3130 Adiuro
355 3072 403 3117 te
450 3078 551 3132 per
597 3062 875 3119 Trinitatis
914 3065 1200 3131 unitatem,
1233 3080 1330 3135 pro
1368 3080 1469 3135 qua
1508 3065 1703 3132 pateris
1807 3056 2053 3112 dulcibus
2086 3057 2282 3113 reddat
2311 3079 2324 3115 ε
2358 3061 2460 3115 tria
2506 3062 2710 3132 pariter
2753 3062 2947 3119 adesse
2980 3062 3252 3130 videntur,
3282 3076 3391 3128 ars,

154 3164 365 3225 mortem,
394 3171 552 3211 serva
600 3171 693 3212 cor
732 3167 901 3225 tuum,
935 3166 991 3214 et
1020 3159 1281 3213 confirma
1314 3174 1408 3228 per
1442 3158 1702 3228 Spiritum
1810 3164 1997 3205 manus
2020 3159 2077 3206 et
2102 3152 2328 3207 chorda.
2359 3153 2462 3210 Ars
2484 3154 2679 3223 dictat,
2711 3171 2902 3212 manus
2941 3157 3142 3226 tangit,
3173 3164 3396 3211 resonat

153 3255 372 3313 sanctum,
407 3264 573 3317 quem
610 3248 661 3302 ίη
694 3258 745 3304 ιθ
772 3250 1062 3305 exsufﬂare
1088 3251 1307 3305 νοιυῙειί
1328 3290 1343 3315 ,
1374 3260 1428 3307 ει
1458 3266 1618 3321 quem
1650 3252 1701 3305 in
1731 3228 1778 3293 C
1808 3242 2029 3297 chorda.
2078 3242 2206 3297 Tria
2253 3255 2578 3314 operantur,
2630 3248 2724 3304 sed
2767 3250 2880 3303 sola
2926 3249 3125 3303 chorda
3174 3258 3395 3304 resonat

153 3352 190 3395 te
215 3328 487 3399 honorasti.
516 3345 763 3415 Conﬂige
809 3348 1018 3401 fortiter
1057 3362 1151 3415 per
1194 3348 1483 3417 puritatem
1531 3347 1704 3416 bapti-
1808 3334 1949 3405 (ιυοά
1992 3334 2225 3391 alidum“
2254 3336 2366 3392 Nec
2404 3353 2492 3393 ³η
2533 3354 2633 3395 nec
2673 3355 2863 3395 manus
2900 3356 3096 3395 εοηυῐη
3136 3340 3391 3406 reddunt.

150 3435 250 3501 smi,
277 3436 407 3506 quod
448 3428 804 3492 Contemnere
834 3438 1071 3494 noluisti.
1104 3440 1338 3495 Securus
1370 3449 1487 3495 esto
1518 3440 1583 3495 de
1612 3455 1705 3495 co-

1819 3425 1901 3481 ied
1923 3442 2048 3482 eum
2075 3441 2196 3481 cum
2226 3428 2425 3484 chorda
2450 3433 2651 3502 pariter
2678 3443 2991 3502 operantur.
3014 3434 3103 3489 Sic
3127 3448 3224 3488 nec
3241 3432 3397 3488 Pater

148 3542 278 3593 mm;
308 3542 528 3585 securus
574 3545 765 3599 pugna,
812 3530 986 3586 donec
1026 3532 1263 3587 voluerit
1310 3532 1404 3588 ubi
1441 3533 1701 3587 Dominus
1806 3532 1903 3572 nec
1934 3518 2168 3587 Spiritus
2212 3532 2428 3576 sanctus
2471 3524 2777 3593 suscipiunt
2813 3540 3052 3591 carnem,
3086 3524 3182 3580 sed
3212 3534 3395 3580 tamen

150 3620 397 3678 terminare
449 3620 761 3677 victoriam.
823 3623 1019 3679 Probat
1067 3625 1228 3679 modo
1278 3625 1421 3679 Deus
1459 3626 1697 3679 animum

1819 3625 1925 3665 :um
1955 3611 2093 3666 Filio
2120 3615 2325 3683 pariter
2351 3626 2663 3684 operantur.
2693 3616 2895 3673 Sonum
2924 3616 3037 3671 sola
3066 3616 3267 3671 chorda
3296 3632 3393 3671 ex-

146 3720 282 3776 tuum;
306 3714 372 3769 ibi
401 3725 485 3769 est
516 3695 709 3771 oculus
732 3716 828 3770 Dei
861 3734 873 3768 :
904 3718 1300 3786 contemplatur
1325 3725 1377 3771 te
1397 3718 1465 3772 de
1491 3716 1622 3771 hora
1646 3718 1699 3771 in

1819 3704 1957 3774 :ipit,
1981 3720 2202 3761 carnem
2229 3706 2658 3765 solus'Cbristus
2684 3710 2911 3779 accepit.
2942 3710 3196 3779 Operatio
3224 3709 3276 3763 in
3303 3709 3395 3764 tri-

130 3802 322 3869 ,horam,
356 3808 482 3876 quid
520 3789 681 3877 agas,
727 3807 851 3877 qttid
893 3808 1118 3877 cogites,
1152 3808 1426 3879 quomodo
1470 3822 1696 3878 pugnes,
1803 3799 1905 3855 bus
1928 3808 2161 3867 constat;
2184 3800 2277 3855 sed
2300 3801 2573 3871 quomodo
2600 3804 2915 3872 pertinetad
2938 3804 3106 3858 solam
3133 3801 3391 3857 chordam

138 3897 369 3961 quomodo
401 3910 537 3953 sies,
579 3899 633 3954 Si
667 3899 877 3953 ﬁrmum
909 3906 960 3953 te
991 3899 1206 3964 viderit,
1238 3899 1438 3970 gaudet
1463 3909 1519 3954 et
1548 3900 1697 3969 adju.
1802 3892 1920 3946 soni
1953 3892 2203 3960 redditio,
2237 3893 2320 3948 sic
2350 3896 2579 3963 pertinet
2617 3896 2682 3950 ad
2715 3898 2889 3949 solum
2919 3894 3188 3950 Christum
3215 3895 3394 3950 carnis

142 3997 229 4051 vat;
252 3989 290 4043 si
314 3988 612 4057 inﬁrmum,
642 3992 909 4045 succurrit
938 3999 993 4046 ει
1019 3991 1287 4046 sublevat,
1802 3982 2052 4039 humanae
2092 3986 2381 4055 susceptio.
2424 3987 2547 4042 Haec
2591 4002 2621 4041 a
2662 4003 2826 4058 parvo
2857 3988 2909 4043 in
2940 3987 3130 4059 grandi
3161 4002 3394 4043 maerore

192 4079 255 4133 Tu
281 4088 456 4137 tamen
481 4091 636 4138 certa
679 4098 775 4151 pro
800 4083 1026 4138 veritate
1057 4098 1227 4152 usque
1257 4083 1324 4137 ad
1354 4090 1615 4149 mortem;
1646 4066 1699 4138 et
1803 4080 1999 4149 posito,
2030 4088 2092 4135 ut
2128 4095 2479 4152 quaecumque
2508 4082 2648 4137 dicta
2680 4083 2809 4149 sint,
2840 4081 2927 4136 vix
2956 4081 3108 4137 cordi
3140 4096 3261 4135 meo
3300 4094 3369 4135 oc

136 4172 220 4226 eris
244 4190 339 4228 non
364 4178 544 4229 solum
577 4177 697 4241 tibi,
731 4176 822 4230 sed
850 4184 905 4232 et
931 4177 1144 4231 caeteris
1170 4177 1223 4231 in
1251 4176 1479 4231 salutem
1513 4194 1525 4228 :
1559 4176 1694 4230 alio—
1800 4188 2021 4230 currere
2064 4184 2373 4244 potuerunt.
2411 4175 2532 4231 Haec
2570 4185 2653 4231 est
2691 4183 2837 4232 recta
2878 4175 3061 4245 regula
3110 4174 3255 4229 ﬁdei.
3288 4173 3392 4229 Pro

132 4267 231 4333 quin
255 4276 355 4324 ate
385 4270 535 4324 Deus
560 4270 737 4340 exiget
761 4280 814 4326 et
838 4280 982 4325 tuam
1015 4272 1249 4325 animam
1277 4280 1331 4325 et
1360 4270 1582 4325 alienas.
1615 4269 1699 4324 Si-
1800 4267 1902 4322 hac
1949 4270 1994 4323 si
2034 4268 2164 4338 quid
2214 4270 2309 4325 tibi
2360 4271 2671 4341 contigerit,
2724 4270 3044 4341 martyrium
3089 4268 3388 4339 perfecisti.

131 4357 272 4423 gnifer
314 4376 372 4416 es
417 4361 663 4427 Christi;
710 4364 763 4417 in
812 4363 929 4417 acie
971 4362 1178 4433 primus
1227 4362 1469 4416 ambulas
1506 4379 1516 4412 :
1547 4364 1593 4415 si
1641 4370 1696 4415 tu
1800 4358 2051 4415 Christus
2077 4360 2261 4429 alapas
2292 4362 2517 4431 accepit,
2564 4360 2815 4417 Christus
2844 4371 3003 4431 sputa
3028 4362 3200 4416 aliena
3231 4360 3392 4416 susti-

112 4451 374 4525 ‘cecideris,
408 4456 479 4511 ab
517 4456 747 4510 aliorum
783 4466 958 4511 morte
988 4470 1092 4510 non
1122 4454 1232 4509 eris
1260 4454 1535 4508 itnmunis.
1572 4454 1697 4509 Haec
1803 4450 1938 4517 nuit,
1976 4448 2228 4507 Christus
2273 4452 2400 4507 felle
2445 4463 2500 4508 et
2541 4460 2697 4509 aceto
2748 4463 2962 4523 potatus
3004 4461 3110 4518 est,
3141 4452 3390 4507 Christus

131 4541 233 4597 time
261 4563 271 4597 :
300 4562 423 4601 nam
453 4556 543 4613 et,
585 4546 632 4601 si
665 4548 880 4613 viceris,
922 4562 1020 4616 pro
1056 4546 1349 4601 multorum
1391 4546 1566 4601 salute
1599 4562 1695 4616 pu-

124 4636 291 4702 gnasti,
314 4650 368 4694 et
396 4654 665 4694 coronam
698 4638 1053 4709 multiplicem
1083 4638 1356 4707 accepisti.
1390 4639 1531 4693 Deus
1555 4654 1691 4693 unus

125 4736 209 4791 est,
244 4729 380 4785 Deus
410 4748 522 4786 non
557 4741 734 4801 potest
777 4746 899 4787 esse
941 4732 1138 4799 minor,
1181 4732 1325 4786 Deus
1366 4747 1473 4786 non
1515 4742 1692 4802 potest

123 4818 382 4878 immutari.
436 4825 562 4880 Scis
596 4825 715 4889 ista,
767 4833 890 4879 tene
941 4824 1154 4879 fortiter
1201 4825 1506 4879 veritatem.
1552 4825 1689 4880 Audi

122 4922 274 4967 autem
303 4915 541 4972 breviter
564 4916 707 4987 quod
740 4918 997 4987 prmmisi.
1029 4917 1174 4972 Deus
1200 4931 1338 4972 unus
1368 4925 1453 4972 est
1486 4935 1500 4970 :
1532 4916 1689 4972 Pater

118 5016 163 5059 et
202 5008 356 5064 Filius
400 5020 456 5065 et
506 5012 739 5081 Spiritus
788 5022 1026 5077 sanctus,
1074 5020 1128 5065 et
1169 5020 1345 5065 tamen
1394 5010 1459 5064 ad
1511 5012 1687 5066 solum

118 5101 361 5160 Christum
390 5108 635 5176 pertinet
656 5122 803 5161 caro.
824 5107 1026 5177 Nempe
1048 5106 1191 5160 aliud
1214 5114 1297 5160 est
1320 5106 1519 5173 anima,
1543 5105 1687 5160 aliud

116 5194 257 5250 ratio:
285 5208 337 5252 et
366 5209 553 5253 tamen
579 5200 630 5254 in
656 5199 831 5253 anima
859 5209 943 5253 est
974 5198 1131 5252 ratio.
1160 5197 1225 5251 Et
1250 5212 1351 5251 una
1381 5207 1463 5251 est
1484 5198 1683 5262 anima;

112 5288 191 5339 sed
220 5289 355 5345 aliud
385 5292 575 5345 anima
606 5292 737 5361 agit,
770 5292 915 5345 aliud
946 5291 1084 5345 ratio
1112 5307 1127 5344 ε
1160 5290 1337 5345 anima
1362 5290 1512 5356 vivit,
1548 5292 1687 5345 ratio

110 5380 342 5448 sapit.Ad
370 5385 615 5439 animam
646 5384 879 5453 pertinet
904 5383 1045 5445 vita;
1075 5382 1140 5436 ad
1165 5383 1428 5438 rationem
1453 5384 1687 5450 pertinet

110 5478 349 5541 sapientia
383 5498 399 5536 :
431 5490 491 5535 et
524 5490 703 5535 tamen
732 5495 831 5534 nec
861 5479 1039 5534 anima
1072 5486 1155 5534 est
1176 5478 1294 5534 sine
1322 5478 1552 5546 ratione,
1582 5495 1686 5536 nec

112 5568 233 5622 ratio
259 5570 374 5627 sine
396 5572 609 5638 aninia;
640 5582 693 5628 et
722 5587 843 5627 cum
868 5586 1030 5626 unum
1060 5570 1188 5636 sint,
1210 5568 1389 5624 anima
1422 5570 1537 5624 sola
1566 5586 1691 5625 sus-

108 5662 230 5726 cepit
250 5665 436 5731 vitam,
464 5667 609 5720 ratio
634 5667 747 5721 sola
780 5666 1021 5734 suscepit
1043 5664 1389 5734 sapientiam.
1420 5664 1510 5720 Sic
1536 5665 1695 5722 Pater

107 5761 155 5805 et
170 5754 337 5824 Filius,
358 5760 487 5816 licet
510 5777 672 5816 unum
692 5762 817 5829 sint,
835 5768 889 5817 et
904 5776 1043 5816 unus
1058 5760 1200 5815 Deus
1217 5760 1311 5827 sit,
1328 5769 1506 5816 tamen
1527 5761 1590 5815 ad
1609 5777 1695 5819 so-

109 5856 179 5898 nm
209 5846 487 5907 Christum
512 5853 746 5922 pertinet
766 5867 917 5919 caro,
939 5850 1078 5908 sicut
1113 5850 1181 5907 ad
1217 5853 1385 5907 solam
1414 5851 1694 5909 rationem

1799 4545 1968 4615 spinis
1989 4553 2281 4601 coronatus
2307 4556 2409 4615 est,
2441 4547 2686 4602 Christus
2713 4546 3001 4602 cruciﬁxus
3025 4555 3129 4613 est,
3164 4553 3218 4600 et
3248 4545 3391 4601 inter

1719 4617 1775 4679 Ῑ)
1799 4640 2041 4695 latrones
2067 4639 2284 4711 iniquos
2305 4641 2587 4711 deputatus
2608 4650 2692 4696 est
2708 4641 2906 4711 justus;
2935 4640 3183 4696 Christus
3206 4639 3391 4696 lancea

1800 4732 2110 4801 perforatus
2154 4740 2257 4797 est,
2297 4733 2539 4788 Christus
2570 4733 2687 4789 haec
2728 4748 2830 4804 pro
2871 4734 3024 4803 culpa
3052 4743 3163 4799 tua,
3191 4743 3391 4805 quanto

1800 4827 1968 4896 magis
1999 4834 2057 4880 tu
2084 4826 2271 4881 firmus
2299 4836 2445 4882 stare
2472 4827 2634 4883 debes
2660 4842 2760 4898 pro
2791 4827 2973 4882 anima
3004 4836 3117 4891 tua,
3150 4838 3206 4882 ut
3234 4842 3391 4883 nemo

1800 4921 1955 4975 tollat
1976 4935 2233 4976 coronam
2263 4929 2428 4974 tuam.
2452 4919 2571 4976 Jam
2596 4922 2647 4976 in
2679 4921 2853 4976 stadio
2878 4937 2958 4987 es;
2982 4922 3131 4976 calca
3156 4919 3387 4985 fortiter,

1798 5028 1867 5067 ne
1896 5012 2107 5078 timeas;
2153 5012 2283 5067 nihil
2332 5028 2549 5082 paveas,
2590 5013 2721 5067 nihil
2762 5014 2975 5083 penitus
3011 5015 3387 5084 pertimescas,

1794 5106 1921 5176 quia
1945 5107 2123 5161 omnis
2144 5122 2244 5177 pro
2272 5114 2325 5161 te
2352 5107 2593 5162 Ecclesia
2617 5107 2942 5177 deprecatur
2967 5117 3021 5163 ut
3040 5108 3243 5163 vincas.
3276 5108 3385 5162 Ex-

1791 5208 2003 5269 spectat
2048 5210 2100 5255 te
2144 5200 2388 5255 Ecclesia
2430 5201 2696 5256 catholica
2754 5210 3046 5273 martyrem
3094 5216 3280 5267 suum,
3335 5212 3391 5256 ut

1791 5292 2111 5349 honorificet
2141 5294 2283 5349 sicut
2311 5292 2647 5363 Stephanum
2680 5309 2860 5349 suum.
2892 5294 3027 5350 Vide
3056 5310 3125 5350 ne
3156 5295 3390 5350 confun-

1788 5385 1884 5440 das
1911 5401 2008 5441 nos
2038 5386 2093 5440 in
2125 5384 2228 5440 hoc
2259 5385 2475 5440 saeculo.
2509 5384 2643 5439 Vide
2668 5399 2737 5440 ne
2761 5383 3015 5440 humilies
3053 5398 3153 5440 nos
3179 5385 3232 5439 in
3261 5400 3389 5439 con-

1800 5488 1987 5549 spectu
2048 5477 2502 5535 adversariorum.
2571 5477 2819 5533 Sustinet
2882 5485 3061 5532 tecum
3129 5477 3391 5533 Dominus

1802 5571 2067 5641 Christus,
2097 5574 2325 5628 sustinet
2356 5580 2532 5628 tecum
2557 5570 2825 5627 Ecclesia.
2849 5569 2983 5625 Esto
3010 5569 3390 5625 securissimus

1802 5668 1871 5724 de
1892 5682 2114 5735 corona;
2142 5682 2250 5723 non
2279 5669 2471 5724 timeas
2495 5666 2709 5737 penitus
2733 5663 3008 5735 prasterita
3030 5678 3390 5735 quascumque

1803 5764 2143 5819 committere
2172 5762 2390 5833 potuisti
2431 5768 2669 5831 peccata.
