3976 6336
158 393 241 455 573

1462 384 2004 450 PROLEGOMENA.

3280 403 3390 471 574

159 507 349 583 singulas
373 502 528 561 libras
551 503 656 571 10;
686 503 1005 561 candelabra
1032 512 1287 577 argentea
1310 503 1368 574 4,
1404 506 1682 576 pensantia
1710 511 1763 571 Α
1790 509 2099 578 purissimo.
2138 510 2295 571 Fecit
2337 516 2530 586 altare,
2567 470 2795 589 pensans
2824 518 2995 577 libras
3020 522 3121 593 50;
3164 524 3383 581 cancel~

158 603 318 675 singula
346 600 497 654 libras
520 596 625 665 20;
660 598 1149 671 thymiamateriuni
1183 613 1518 673 argenteum.
1549 618 1682 673 pen-

157 714 254 757 sans
295 695 441 749 libras
489 689 559 756 5;
608 693 862 748 Canthara
910 706 1211 750 cerostrota
1244 697 1541 752 orichalcea
1572 698 1678 770 Ἡ,

156 787 379 865 pensantia
405 784 611 853 singula
642 783 805 839 libras
835 785 935 852 15;
968 790 1364 857 possessionem
1412 791 1684 847 Scaviria-

156 905 248 945 nam
270 882 377 959 [Μς.
410 878 625 933 Luceusi
649 879 1019 955 Scaurianam]
1052 885 1102 937 in
1129 886 1398 941 territorio
1426 887 1681 955 Cajelano

154 982 351 1059 [Lucam
376 973 625 1045 Cetano],
653 985 997 1043 pra'stantem
1021 995 1140 1033 cum
1167 981 1415 1035 omnibus
1432 982 1684 1049 adjacen-

155 1077 260 1132 tibns
285 1068 482 1139 attiguis
522 1068 727 1123 solidos
762 1069 868 1127 512
898 1082 950 1125 et
997 1071 1335 1140 tretnissem;
1378 1076 1679 1145 possessio-

151 1185 243 1224 ncui
270 1166 623 1219 Mtrllllil‘dlam
650 1164 703 1220 in
729 1165 1006 1220 territorio
1035 1166 1392 1237 Pra~ne5tino,
1422 1181 1683 1239 prasstano

150 1271 230 1318 tem
254 1257 431 1312 solidos
457 1254 558 1320 9'2;
590 1258 985 1325 possessionem
1030 1258 1237 1314 Celeris
1290 1259 1343 1315 in
1400 1263 1678 1317 territorio

146 1358 347 1414 Asiliano
380 1350 623 1426 [Luc-ens.
655 1350 915 1424 Filiano],
967 1364 1311 1424 priestantem
1341 1356 1545 1411 solidos
1579 1357 1673 1413 lll

147 1458 186 1506 et
210 1444 483 1501 trctnissem
511 1460 525 1509 ;
558 1443 776 1497 domum
812 1444 1059 1503 Palmatii
1092 1446 1230 1501 intra
1275 1447 1495 1512 urbem,
1525 1450 1678 1518 juxta

146 1540 246 1596 inibi
273 1537 530 1589 basilicam
561 1551 682 1590 cum
712 1536 906 1591 balneo
935 1546 991 1593 et
1020 1538 1272 1606 pris:iuo,
1334 1552 1678 1609 praestantem

145 1632 306 1689 solidos
328 1628 422 1684 154
444 1638 501 1683 et
530 1629 753 1699 siliquas
782 1633 845 1696 5;
878 1631 1069 1685 domos
1099 1630 1306 1686 Claudii
1338 1634 1387 1687 in
1421 1634 1679 1690 Sicimino

143 1725 340 1802 [ιυεεηε.
372 1719 655 1791 Sicinnm],
688 1732 1007 1790 przrstantes
1048 1723 1251 1779 Solidos
1282 1725 1415 1791 104;
1459 1741 1676 1782 cervum

142 1828 401 1888 argenteum
442 1813 761 1868 fundentem
795 1830 988 1883 aquam
1021 1816 1071 1870 in
1117 1817 1317 1871 {utilem
1350 1818 1672 1891 baptisterii,

1784 601 2131 675 los[l.ucens.
2161 608 2448 676 purissimo
2494 626 2731 681 pensans
2784 616 2879 670 lib.
2935 617 3043 684 50;
3077 615 3379 693 eancellos]

1783 708 2069 767 argenteos
2090 714 2251 771 supra
2297 704 2568 772 platonias
2598 707 3032 780 porphyreticas,
3084 722 3383 781 pensantes

1784 786 1951 844 libras
2003 790 2146 857 500;
2202 793 2446 850 absidem
2500 814 2660 867 supra
2714 802 2986 857 Cancellos
3045 818 3167 856 cum
3198 814 3375 861 statua

1785 878 1928 934 beati
1986 880 2260 937 Laurentii
2310 888 2563 959 martyris
2594 898 3269 961 argenteam,pen5anlem
3320 897 3386 951 li-

1784 972 1911 1029 bras
1938 973 2064 1030 200.
2115 976 2264 1033 Fecit
2304 989 2483 1034 autem
2529 981 2805 1039 basilicam
2852 986 3013 1041 beato
3069 991 3382 1055 Laurentio,

1784 1067 1927 1137 quod
1962 1068 2370 1127 Valentinianus
2393 1072 2665 1142 Augustus
2695 1080 2963 1134 concessit
2995 1078 3213 1153 [Βαιιεν.
3244 1097 3377 1138 con-

1783 1159 1977 1234 sensit]
2020 1162 2092 1234 (c)
2124 1164 2212 1219 ubi
2244 1174 2300 1220 et
2328 1165 2522 1221 obtulit
2551 1168 2666 1223 htec
2700 1187 2713 1222 :
2748 1179 2969 1237 patentis
3000 1183 3282 1242 argenteas
3314 1176 3377 1242 ὅ,

1785 1269 2074 1328 pensantes
2103 1260 2345 1331 singulas
2378 1261 2542 1316 libras
2575 1263 2642 1319 15
2683 1263 2902 1340 [Bellen
2949 1267 3073 1340 20];
3114 1286 3266 1329 amas
3296 1289 3382 1329 ar-

1782 1360 2007 1424 genteas
2052 1356 2105 1420 5,
2142 1366 2427 1425 pensantes
2476 1358 2718 1427 singulas
2763 1361 2928 1417 libras
2980 1364 3079 1430 15;
3139 1368 3378 1438 scyphos

1783 1458 2067 1519 argenteos
2101 1451 2158 1515 4,
2205 1460 2496 1519 pensantes
2524 1454 2773 1524 singulos
2820 1455 2985 1511 libras
3016 1457 3085 1523 8;
3115 1460 3379 1530 scyphum

1782 1541 2109 1609 singularem
2134 1558 2379 1606 aureum.
2410 1554 2660 1600 ornatum
2692 1547 2759 1601 de
2788 1549 3115 1619 margaritis,
3148 1566 3384 1621 pensan-

1783 1644 1888 1690 tem
1924 1636 2088 1691 libras
2120 1637 2186 1695 10
2210 1639 2536 1705 ;-Iucernam
2570 1642 2817 1697 nixorttm
2872 1641 3091 1718 [Baller.
3144 1645 3377 1719 lychno-

1780 1726 1926 1801 rum]
1956 1730 2145 1785 decem
2202 1747 2440 1797 auream,
2476 1744 2792 1802 pensantem
2844 1736 3009 1791 libras
3056 1738 3151 1804 l0;
3182 1740 3383 1797 calices

1780 1835 2068 1894 argenteos
2096 1826 2478 1883 ministeriales
2510 1828 2599 1893 1‘2,
2634 1838 2921 1898 pensantes
2952 1832 3383 1901 singulosltbras

140 1922 401 1983 pensantem
434 1906 603 1961 libras
628 1906 738 1973 20;
771 1910 948 1961 omnia
985 1923 1106 1963 vasa
1136 1924 1289 1964 sacra
1325 1912 1569 1979 baptismi
1594 1928 1681 1966 ar-
1711 1915 1757 1975 Β
1785 1916 1850 1981 2;
1882 1919 2272 1984 aquamanulos
2320 1930 2629 1990 argenteos,
2662 1931 2955 1991 pensantes
3010 1924 3176 1980 libras
3224 1937 3380 1994 octo;

139 2014 305 2076 gentes,
329 2003 601 2071 pensantia
632 2003 793 2056 libras
819 2004 905 2069 15;
936 2006 1209 2059 caanacula
1233 2006 1426 2077 aregite
1456 2008 1535 2076 (α)
1558 2023 1680 2077 gra~

137 2096 634 2155 dorumadhmrentia
668 2097 925 2162 basilicm,
954 2099 1037 2153 vel
1061 2099 1317 2170 quidquid
1354 2088 1677 2157 intrinsecus

136 2208 227 2249 esse
247 2192 458 2244 videtur.
495 2190 589 2245 llic
612 2190 882 2245 ordinavit
922 2191 989 2246 de
1022 2203 1247 2261 argento
1278 2193 1677 2250 confessionem

134 2286 241 2342 beati
268 2284 395 2339 Petri
443 2284 705 2353 apostoli,
736 2302 852 2354 qua:
902 2285 1065 2340 habet
1114 2286 1281 2341 libras
1332 2288 1457 2343 403.
1505 2290 1676 2359 Hujus

134 2379 469 2449 supplicatione
504 2379 704 2433 obtulit
742 2374 1154 2435 Valentinianus
1180 2380 1453 2451 Augustus
1485 2383 1675 2453 imagi-

137 2490 227 2531 nem
253 2488 452 2528 auream
482 2486 611 2527 cum
640 2473 921 2527 duodecim
953 2475 1141 2543 portis.
1167 2483 1221 2529 et
1240 2475 1521 2530 duodecim
1545 2489 1678 2546 apo-

135 2570 282 2635 stolos,
311 2578 359 2623 et
387 2568 728 2623 Salvatorem
779 2569 1016 2637 geunnis
1062 2569 1473 2638 pretiosisdmis
1508 2585 1675 2625 orna-

135 2673 216 2720 tum
242 2679 388 2733 supra
420 2662 667 2736 [Lucem
702 2673 953 2717 ornatum
985 2677 1144 2734 quem
1182 2666 1287 2718 voti
1320 2664 1505 2734 gratia:
1552 2665 1670 2737 (sic)

132 2774 215 2814 stite
236 2757 400 2830 supra]
441 2758 844 2814 confessionem
893 2759 1039 2814 beati
1064 2758 1205 2813 Petri
1239 2758 1489 2827 apostoli.
1524 2758 1676 2835 Fecit

131 2852 573 2907 etValentinianus
610 2854 885 2923 Angustus
934 2866 1002 2907 ex
1053 2863 1242 2923 rogatu
1275 2852 1675 2923 Sixtiepiscbpi

128 2946 352 3017 fastigium
402 2956 728 3015 argenteum
779 2949 832 3001 in
901 2946 1123 3001 basilica
1180 2946 1622 3002 Constantiniana
1654 2986 1672 3013 ,

128 3041 235 3110 quod
267 3057 291 3092 a
322 3039 573 3095 Barbaris
599 3041 862 3095 sublatum
897 3040 1069 3095 fuerat
1111 3040 1210 3112 (ὁ),
1250 3040 1675 3109 [ιρηειιηεζιὶὺως

127 3136 234 3190 1610
256 3133 487 3207 [Luceria
514 3131 629 3207 11].
666 3134 835 3204 Hujus
860 3134 1022 3189 etiam
1054 3136 1387 3205 temporibus
1416 3134 1540 3190 fecit
1570 3134 1675 3190 Va-

126 3228 402 3285 lentinianus
430 3232 711 3300 Augustus
742 3228 1143 3285 confessionem
1180 3229 1321 3285 beati
1356 3230 1500 3283 Pauli
1544 3244 1672 3300 apo-

122 3324 219 3377 stoli
254 3339 313 3378 ex
340 3331 594 3392 argento,
640 3338 760 3393 qua!
813 3322 1036 3397 [natlem
1080 3322 1247 3395 quod]
1292 3324 1455 3379 habet
1504 3324 1669 3378 libras

123 3415 219 3472 300.
248 3417 366 3472 ltem
397 3417 523 3472 fecit
550 3416 737 3472 Sixtus
776 3417 1071 3487 episcopus
1098 3417 1497 3472 conlessionem
1529 3418 1670 3473 beati

120 3508 351 3566 Laurentii
387 3511 648 3582 martyris
679 3526 803 3566 cum
847 3511 1120 3568 columnis
1161 3510 1583 3585 porphyreticis,
1617 3520 1673 3567 et

122 3606 291 3660 ornavit
323 3615 676 3662 transennam
700 3604 952 3681 [Luccns.
983 3607 1192 3661 ornavit
1226 3606 1495 3676 platonius
1526 3615 1674 3661 tran-

118 3712 327 3766 sennam;
360 3700 564 3757 Baller.
600 3703 887 3768 exedram;
918 3700 992 3755 al.
1028 3698 1384 3772 suggestum].
1415 3710 1468 3755 ct
1499 3700 1670 3757 altare

118 3799 159 3844 et
174 3793 546 3851 confessionem
574 3795 1016 3868 sanctimartyris
1041 3794 1315 3850 Laurentii
1344 3794 1412 3850 de
1440 3802 1670 3865 argerto

1698 3303 1743 3367 C

166 3948 227 4019 (ιι)
258 3950 421 4006 Locus
442 3950 735 4007 obscurus.
768 3958 827 4004 ut
850 3948 1230 4019 animadvertit
1257 3946 1444 4001 Mansi.
1473 3947 1625 4004 Eutr.

166 4024 229 4094 (ὑ)
259 4021 383 4077 ll.nc
412 4023 579 4092 plane
612 4022 952 4091 intelligimus
982 4018 1278 4094 quoddam
1307 4019 1670 4081 Gothiurbetn

110 4092 417 4162 occltparent,
452 4111 563 4148 non
600 4095 665 4147 ab
688 4095 925 4148 muniunt
954 4092 1302 4146 ecclesiarum
1336 4098 1670 4147 ornamentis

109 4166 454 4225 abstinuerint.
488 4166 589 4220 sed
623 4167 690 4217 ab
722 4168 784 4219 iis
816 4165 1095 4218 dumtaxat
1134 4178 1257 4229 qua:
1300 4163 1363 4215 ad
1415 4163 1666 4220 basilicas

107 4249 372 4292 sanctorum
402 4237 784 4305 apostolorum
818 4237 961 4289 Petri
980 4245 1035 4287 et
1065 4234 1213 4288 Pauti
1245 4245 1495 4298 Spectare
1521 4237 1663 4291 scie-

108 4306 222 4363 bant.
254 4309 325 4365 lta
368 4310 745 4379 direptionem
776 4306 1006 4363 etUrbis
1030 4305 1431 4374 spoliationem,
1464 4306 1662 4379 deqna

105 4392 234 4501 ἕψω
278 4381 328 4434 in
374 4377 722 4446 Innocentio,
774 4380 1010 4449 explices
1059 4392 1340 4432 necessum
1373 4386 1471 4431 est.
1527 4377 1659 4439 θεν.

140 4466 269 4501 ISIUS.

140 4466 269 4506 ISIUS.

157 4524 217 4587 lc)
242 4525 359 4577 l'ost
380 4523 502 4578 huic
523 4522 689 4578 verba
710 4521 786 4576 ita
802 4519 982 4577 Codex
1006 4519 1266 4575 Lucensis
1286 4522 1657 4590 prosequitur:

107 4589 218 4647 Fm't
233 4604 397 4650 autem
428 4595 805 4649 "tonasterium
831 4596 881 4647 in
908 4591 1246 4667 calatumbis.
1278 4590 1425 4667 ecit
1456 4589 1501 4667 et
1544 4594 1658 4667 {ou-

103 4675 177 4715 tem
200 4668 482 4730 bnptisterii
528 4668 601 4719 ad
633 4674 864 4719 sanctam
900 4662 1145 4721 Mariam,
1171 4674 1219 4717 et
1242 4662 1493 4716 columnis
1539 4662 1660 4730 por-

104 4737 337 4805 phyrelit'is
360 4740 592 4792 ornavit.
630 4736 730 4789 llic
757 4737 1021 4790 constituit
1052 4734 1320 4788 columnas
1342 4736 1395 4787 in
1418 4734 1658 4806 baptiste-

102 4803 396 4863 rio‘basilica!
416 4808 888 4871 Constantiniame,
921 4823 1036 4876 qua:
1074 4823 1107 4860 a
1146 4816 1375 4875 tempore
1408 4803 1659 4860 Constan-
1688 4806 1739 4867 D

99 4879 169 4951 lini
195 4882 400 4946 Augusti
427 4883 647 4951 fuerant
683 4890 1004 4951 congregata:
1029 4894 1095 4933 ea:
1118 4876 1344 4951 metallo
1370 4878 1658 4948 porphyre-

102 4950 176 5001 tico
213 4969 345 5005 num.
377 4950 435 5020 8,
467 4968 607 5022 quas
648 4952 809 5006 erexit
838 4950 883 5004 et
922 4950 1151 5021 epistolis
1180 4951 1288 5022 suis
1337 4959 1384 5022 et
1431 4953 1658 5022 versibus

98 5026 362 5091 exornarit;
392 5018 439 5077 et
472 5018 759 5094 platomam
782 5024 833 5075 in
864 5018 1146 5094 cmi'izetelio
1168 5018 1389 5085 Callisti,
1419 5019 1658 5074 ubitam-

98 5088 349 5149 mrmornns
378 5088 603 5148 nomina
637 5096 1013 5164 episcoporum.
1050 5088 1196 5145 Fecit
1226 5102 1396 5145 autem
1438 5095 1659 5161 scyphos

97 5178 242 5233 aureos
271 5169 321 5230 5,
344 5185 513 5220 unum
539 5166 611 5220 ad
628 5176 865 5220 sanctum
896 5164 1111 5217 Petrum
1146 5164 1235 5233 qui
1268 5172 1448 5228 pensat
1498 5164 1660 5217 libras

95 5232 147 5298 ὃς
173 5239 231 5308 ad
259 5240 318 5295 S.
344 5238 589 5293 Paulum
618 5255 797 5303 unum,
829 5239 916 5308 qui
956 5246 1136 5307 pensat
1160 5232 1322 5308 li_bras
1442 5236 1509 5287 ad
1538 5237 1659 5289 bea-

94 5313 177 5357 tum
202 5306 545 5363 Laurentium
583 5313 630 5380 1,
669 5311 757 5380 qui
784 5304 966 5377 pensat
1008 5308 1162 5361 libras
1188 5304 1221 5360 5
1245 5322 1265 5380 ;7
1287 5305 1469 5380 calices
1500 5308 1653 5359 mini-

95 5380 289 5433 sterialcs
321 5397 512 5434 aureos
542 5379 633 5446 15,
670 5376 933 5445 pensantes
959 5381 1187 5447 singulos
1210 5379 1368 5430 libras
1395 5376 1649 5445 singulas.

96 5448 171 5500 "tl
202 5454 311 5523 fecit
342 5454 704 5506 ordinationes
726 5453 759 5506 ὅ
780 5469 868 5523 per
888 5468 1107 5505 mensem
1137 5450 1371 5523 Deceml).
1399 5464 1421 5523 ί
1446 5449 1655 5523 presby-

93 5528 197 5591 (fros
224 5522 311 5586 28,
341 5522 616 5576 Diaconos
650 5525 731 5589 εἳ,
766 5518 1030 5591 episcopos
1059 5538 1149 5591 per
1179 5518 1518 5591 diversailoco
1562 5521 1653 5574 5‘2.

92 5587 307 5665 lit/nifus
339 5593 667 5665 temporibus
696 5587 811 5665 fecit
855 5587 1337 5663 Penus-episcopus
1378 5590 1657 5645 Basilicam

89 5662 128 5713 in
168 5662 280 5721 urbe
312 5662 486 5723 Roma
521 5668 589 5725 S.
642 5662 865 5724 saviata.
902 5666 987 5718 ubi
1033 5677 1080 5718 et
1126 5671 1317 5733 fontem
1349 5664 1655 5716 construxit.

92 5735 169 5862 alii
188 5742 335 5794 etiam
364 5744 609 5816 sepultus
638 5753 707 5794 est
736 5741 815 5793 uia
847 5738 1138 5805 Tiburtina,
1162 5747 1293 5801 etc.,
1318 5745 1377 5789 ut
1398 5736 1447 5787 ia
1476 5734 1656 5789 editis.

92 5849 99 5859 .
134 5828 250 5862 issi.

92 5828 250 5865 Mth‘l.

146 5887 211 5951 td)
233 5886 429 5939 Ilorum
458 5899 742 5947 versuum,
766 5884 817 5936 in
846 5884 1187 5952 octangnlato
1213 5895 1404 5950 opere,
1432 5878 1588 5952 binos
1607 5877 1659 5933 in

90 5950 287 6021 singulis
317 5957 605 6027 epiSIyliis
628 5956 886 6011 exaravit.
915 5950 1158 6025 Cumque
1174 5954 1244 6010 de
1262 5950 1511 6021 originali
1542 5965 1661 6023 pec-

1779 2012 2139 2068 ministerium
2168 2016 2235 2068 ad
2266 2014 2592 2083 baptismum
2635 2018 2719 2072 vel
2748 2018 3117 2087 pmnitentiam
3146 2063 3160 2089 ,
3192 2036 3259 2075 ex
3293 2036 3382 2076 ar-

1778 2115 1939 2174 gento
1971 2105 2134 2159 libras
2164 2108 2437 2177 quinque;
2471 2109 2731 2163 concham
2774 2111 3208 2177 aurochalceam,
3243 2128 3376 2183 pcn-

1778 2208 1985 2255 sontem
2014 2199 2177 2254 libras
2199 2201 2308 2266 “20;
2338 2216 2565 2257 coronas
2588 2210 2875 2271 argenteas
2901 2206 3093 2259 laralcs
3120 2207 3208 2272 50,
3240 2222 3379 2275 pen-

1777 2302 1959 2348 santes
1982 2292 2218 2363 singulas
2242 2292 2407 2348 libras
2440 2309 2532 2348 sex
2555 2314 2568 2358 ;
2594 2294 2704 2348 l'ara
2734 2296 2991 2351 canthara
3028 2297 3130 2351 tria
3167 2312 3232 2352 ex
3278 2312 3377 2353 ar-

1777 2396 1960 2456 gento,
1996 2385 2274 2454 pensantia
2315 2386 2551 2457 singulas
2584 2387 2747 2442 libras
2790 2387 3127 2458 quindecim;
3158 2389 3363 2444 cande-

1776 2478 1927 2533 labra
1957 2488 2213 2548 argentea
2270 2479 2397 2546 duo,
2447 2479 2728 2549 pensantia
2781 2480 3021 2551 singulas
3056 2482 3222 2537 libras
3272 2480 3381 2537 tri-

1777 2572 1951 2642 ginta;
1984 2572 2243 2627 canthara
2288 2582 2587 2628 cerostrota
2618 2588 2757 2629 terea
2799 2572 2852 2627 in
2886 2573 3124 2628 basilica:
3160 2574 3370 2643 gremio

1777 2664 1965 2735 viginti
2014 2677 2275 2735 quatuor;
2310 2664 2421 2719 rara
2446 2680 2587 2720 aerea
2618 2663 2709 2721 60.
2766 2664 2861 2720 llic
2890 2665 3098 2742 lecitin
3145 2664 3370 2722 basilica

1776 2766 2224 2823 Constantiniana
2279 2778 2658 2825 ornamentum
2707 2784 2870 2841 super
2925 2767 3170 2837 fontem,
3222 2768 3370 2841 quod

1777 2880 1904 2928 ante
1933 2886 2038 2926 non
2089 2880 2226 2939 erat,
2277 2872 2329 2927 id
2359 2880 2463 2940 est,
2516 2872 2763 2946 epistylia
2815 2887 3139 2939 marmorea,
3192 2880 3246 2927 et
3271 2887 3365 2928 co-

1778 2973 1993 3030 lumnas
2021 2973 2432 3047 porphyreticas
2461 2973 2654 3042 erexit,
2680 2988 2813 3046 quas
2841 2973 3230 3029 Constantinus
3260 2974 3373 3031 Au-

1777 3084 1966 3147 gustus
1988 3086 2342 3147 congregatas
2372 3076 2597 3145 dimisit,
2630 3085 2684 3131 et
2708 3077 2869 3147 jussit
2913 3087 2973 3132 ut
3003 3078 3363 3147 erigerentur,

1777 3196 1913 3251 quas
1935 3188 1992 3236 et
2023 3181 2262 3237 versibus
2292 3179 2583 3236 exornavit
2609 3176 2715 3253 (ά).
2739 3179 2837 3235 Hic
2866 3178 2985 3234 fecit
3011 3180 3298 3250 platoniam
3323 3179 3379 3237 in

1776 3284 2091 3340 cmmeterio
2119 3281 2329 3338 Callisti
2350 3283 2430 3336 via
2454 3281 2648 3352 Appia,
2679 3280 2767 3336 ubi
2809 3280 3029 3336 nomina
3082 3280 3371 3352 episcopo-

1780 3400 1899 3440 rum
1951 3392 2005 3440 et
2049 3394 2344 3457 martyrum
2396 3381 2617 3452 scripsit
2671 3396 3110 3438 commemorans
3155 3381 3375 3454 [Βαιιρν.

1779 3502 1901 3544 cum
1932 3484 2251 3558 memoriis].
2273 3486 2371 3541 llic
2398 3485 2523 3542 fecit
2544 3485 2938 3542 ordinationem
2960 3486 3013 3541 in
3046 3485 3179 3541 urbe
3203 3486 3377 3543 Roma

1780 3605 1876 3660 per
1911 3605 2156 3646 mensem
2190 3589 2567 3655 Decembrem,
2602 3588 2956 3660 presbyteros
2986 3587 3181 3657 viginti
3228 3598 3375 3657 octo,

1778 3694 2034 3749 diacones
2060 3693 2368 3764 duodecim,
2396 3694 2682 3763 episcopos
2704 3707 2800 3762 per
2825 3692 3039 3749 diversa
3069 3693 3182 3746 loca
3214 3692 3371 3761 quin-

1777 3796 2033 3868 quaginta
2078 3795 2237 3862 duos,
2265 3795 2357 3865 qui
2380 3797 2543 3851 etiam
2580 3794 2824 3865 sepultus
2847 3802 2932 3850 est
2962 3791 3033 3867 (ε)
3065 3792 3152 3848 via
3174 3792 3375 3849 Tibur-

1783 3957 1905 4004 cato
1931 3948 2250 4004 catholicam
2276 3949 2631 4005 assertionem
2659 3956 2847 4002 contra
2882 3946 3225 4019 Pelagianam
3261 3949 3373 4002 lim-

1778 4022 1922 4076 resin
1954 4023 2290 4085 contineant,
2318 4024 2513 4089 placuit
2541 4021 2760 4076 eosdem
2791 4020 2894 4075 hoc
2922 4021 3040 4075 loco
3062 4036 3369 4087 recensere,

1776 4103 1832 4146 ut
1857 4095 1944 4163 qui
1974 4096 2177 4147 utiliter
2205 4102 2317 4147 toto
2346 4096 2479 4149 orbe
2506 4095 2937 4164 promulgantur,
2984 4094 3039 4150 in
3078 4104 3369 4165 perpetuas

1772 4165 2099 4220 :eternitates
2130 4173 2542 4219 etmserventur.

1865 4306 1999 4358 Gens
2018 4306 2245 4357 sacranda
2271 4305 2394 4366 polis
2410 4306 2487 4356 hic
2500 4305 2692 4355 semine
2715 4305 2931 4355 nascitur
2953 4304 3082 4357 almo

1929 4370 2080 4427 Quam
2102 4369 2371 4417 fecundatis
2390 4371 2591 4427 Spiritus
2609 4368 2709 4415 edit
2733 4369 2889 4429 aquis.

1865 4431 2103 4491 Virginco
2129 4431 2231 4480 fetu
2261 4432 2473 4489 gt-nitrix
2501 4430 2721 4479 Ecclesia
2745 4439 2904 4492 natos,

1926 4495 2057 4551 Quos
2076 4496 2295 4557 spirante
2320 4493 2428 4541 Deo
2446 4494 2672 4557 concipit,
2699 4505 2842 4557 amne
2868 4493 3016 4557 parit.

1861 4554 2116 4607 (ΣωΙυΓιιυί
2133 4569 2335 4613 regnum
2360 4565 2555 4615 sperate
2583 4556 2672 4603 ltoc
2698 4554 2830 4602 fonte.
2858 4556 3032 4605 renati.

1926 4617 2032 4667 Non
2059 4620 2233 4679 recipit
2254 4616 2371 4667 felix
2404 4618 2495 4665 vita
2518 4618 2671 4664 scan
2700 4618 2929 4679 genitosi

1860 4679 1992 4731 Fons
2016 4682 2092 4729 hic
2117 4689 2191 4730 (le
2220 4683 2336 4740 vita,
2360 4689 2411 4729 et
2432 4682 2515 4741 qui
2544 4686 2696 4727 totum
2722 4680 2863 4728 diluit
2888 4680 3091 4741 orbem,

1924 4743 2135 4792 Sntneus
2156 4744 2219 4791 de
2238 4745 2413 4792 Christi
2442 4742 2647 4791 vulnere
2680 4744 2987 4803 principium.

1858 4804 2090 4867 Mergcre
2114 4816 2358 4866 peccator,
2382 4819 2520 4853 sacro
2544 4805 2793 4864 purgando
2818 4804 3022 4863 ﬂuento,

1921 4870 2079 4926 Quem
2105 4876 2327 4916 veterem
2349 4870 2574 4928 accipiet.
2610 4867 2825 4929 proferet
2854 4870 2975 4918 unda
3003 4880 3203 4919 norum.

1860 4929 2031 4979 Insons
2053 4945 2165 4979 esse
2191 4931 2378 4987 volens,
2406 4932 2495 4979 isto
2516 4931 2751 4979 mundare
2775 4929 2982 4991 lavacro,

1921 4994 2019 5055 Seu
2050 4993 2204 5052 patrio
2232 4996 2475 5054 premeris
2499 4991 2724 5053 crimine,
2751 5006 2839 5039 seu
2868 4994 3078 5055 proprio.

1859 5054 2000 5104 Nulla
2026 5064 2369 5104 renascentum
2390 5064 2465 5103 est
2487 5055 2734 5111 distantia,
2759 5068 2884 5114 quos
2911 5055 3022 5107 facit
3045 5069 3195 5106 unum

1924 5117 2059 5167 Unus
2081 5119 2204 5179 lotis,
2228 5131 2351 5165 unus
2376 5118 2604 5177 Spiritus.
2631 5132 2722 5165 una
2750 5117 2892 5179 ﬁdes,

1861 5178 1966 5229 Nec.
1988 5178 2221 5228 numerus
2244 5192 2541 5242 quemquam
2560 5182 2829 5239 scelerum,
2845 5178 2937 5229 nec
2957 5178 3105 5229 forma
3126 5192 3328 5231 suorum

1922 5243 2149 5294 Terreat.
2173 5242 2278 5293 Hoc
2307 5251 2447 5292 natus
2463 5242 2667 5293 ﬂumine
2692 5254 2891 5293 sanctus
2910 5245 3029 5293 eris.

1760 5419 1801 5473 Β
1830 5347 1959 5402 Haec
1987 5363 2051 5402 ex
2085 5348 2319 5403 Baronio
2348 5362 2493 5402 anno
2513 5346 2732 5403 Domini
2772 5346 2902 5417 440,
2946 5363 3094 5402 num.
3126 5346 3182 5403 5.
3217 5345 3355 5402 Ssv.

1807 5435 1964 5473 ll‘tiUS.

1807 5435 1964 5475 lNiUS.

1837 5513 1907 5583 (ei
1935 5513 2182 5580 injurias,
2216 5528 2349 5584 quas
2379 5526 2537 5579 supra
2571 5510 2715 5566 notis
2739 5510 2984 5579 epistola:
3007 5509 3195 5577 prima:
3225 5508 3359 5564 Sixti

1765 5586 1919 5654 primi
1944 5590 2151 5639 Sixtum
2188 5588 2417 5653 primum
2452 5586 2747 5637 Romanum
2781 5584 3087 5650 pontilicem
3122 5597 3184 5633 ac
3216 5597 3362 5654 mar-

1768 5653 1941 5737 tytem
1978 5668 2099 5726 post
2144 5657 2391 5737 obitum,
2426 5666 2649 5737 auctore
2677 5654 3023 5737 _llierunynm
3064 5653 3359 5737 pertulisse

1768 5726 2019 5792 d'ixintts,
2054 5729 2268 5782 easdem
2294 5730 2475 5788 etiam.
2494 5737 2547 5782 et
2566 5729 2778 5787 quidem
2810 5726 3042 5796 majores
3064 5729 3239 5779 Sixms
3267 5726 3354 5789 Ill,

1772 5803 1838 5855 de
1862 5819 1965 5870 quo
1990 5802 2074 5856 hic
2102 5806 2328 5872 agimus,
2355 5802 2629 5856 snstinttit.
2660 5801 2791 5872 Nam
2817 5800 2953 5851 sient
2989 5801 3106 5865 ejus
3139 5801 3356 5855 nomine

1771 5875 1841 5929 ab
1870 5871 2189 5946 Otthtiistis
2216 5873 2417 5946 prodiit
2447 5873 2583 5927 liber
2613 5871 2747 5946 Sitti
2790 5872 2871 5946 _\el
2904 5874 3052 5946 Sexti
3088 5874 3356 5946 Pythago-

1769 5949 1890 6017 rici,
1920 5943 1994 6003 ita
2021 5948 2179 6016 hujus
2208 5944 2342 6001 Sixti
2383 5946 2603 5999 nomine
2647 5958 2677 5997 a
2714 5943 3014 6013 Pelagianis
3065 5944 3167 5999 tria
3194 5944 3355 5998 vuln-
