  <div class='ocr_page' id='page_1' title='image "/cluster/home/n/w/nwhite01/storage/ocr_20150623/50/hvd.32044015471550/293.png"; bbox 0 0 3976 6336; ppageno 0'>
   <div class='ocr_carea' id='block_1_1' title="bbox 549 319 684 407">
    <p class='ocr_par' dir='ltr' id='par_1_1' title="bbox 549 319 684 407">
     <span class='ocr_line' id='line_1_1' title="bbox 549 319 684 407; baseline -0.015 0"><span class='ocrx_word' id='word_1_1' title='bbox 549 319 684 407; x_wconf 69' lang='lat' dir='ltr'><strong>&#39;87s</strong></span> 
     </span>
    </p>
   </div>
   <div class='ocr_carea' id='block_1_2' title="bbox 1834 325 2146 402">
    <p class='ocr_par' dir='ltr' id='par_1_2' title="bbox 1834 339 2146 399">
     <span class='ocr_line' id='line_1_2' title="bbox 1834 339 2146 399; baseline -0.006 0"><span class='ocrx_word' id='word_1_2' title='bbox 1834 339 1887 399; x_wconf 89' lang='lat' dir='ltr'><strong>S.</strong></span> <span class='ocrx_word' id='word_1_3' title='bbox 1935 339 2146 398; x_wconf 75' lang='lat' dir='ltr'><strong>XYSTI</strong></span> 
     </span>
    </p>
   </div>
   <div class='ocr_carea' id='block_1_3' title="bbox 2258 325 3812 402">
    <p class='ocr_par' dir='ltr' id='par_1_3' title="bbox 2258 325 3812 402">
     <span class='ocr_line' id='line_1_3' title="bbox 2258 325 3812 402; baseline 0.004 -6"><span class='ocrx_word' id='word_1_4' title='bbox 2258 341 2320 398; x_wconf 88' lang='grc' dir='ltr'><strong>ιιι</strong></span> <span class='ocrx_word' id='word_1_5' title='bbox 2357 325 2582 399; x_wconf 71' lang='grc' dir='ltr'><strong>ρΑΡΑ.’</strong></span> <span class='ocrx_word' id='word_1_6' title='bbox 3724 347 3812 402; x_wconf 78' lang='lat'><strong>376</strong></span> 
     </span>
    </p>
   </div>
   <div class='ocr_carea' id='block_1_4' title="bbox 551 457 3254 536">
    <p class='ocr_par' dir='ltr' id='par_1_4' title="bbox 551 457 3254 536">
     <span class='ocr_line' id='line_1_4' title="bbox 551 457 3254 536; baseline -0.002 -15"><span class='ocrx_word' id='word_1_7' title='bbox 551 467 663 522; x_wconf 87' lang='lat' dir='ltr'><strong>tina</strong></span> <span class='ocrx_word' id='word_1_8' title='bbox 697 463 748 519; x_wconf 93' lang='lat' dir='ltr'><strong>in</strong></span> <span class='ocrx_word' id='word_1_9' title='bbox 799 469 989 536; x_wconf 80' lang='lat' dir='ltr'><strong>crypta</strong></span> <span class='ocrx_word' id='word_1_10' title='bbox 1031 461 1185 534; x_wconf 88' lang='lat' dir='ltr'><strong>juxta</strong></span> <span class='ocrx_word' id='word_1_11' title='bbox 1222 474 1422 532; x_wconf 91' lang='lat' dir='ltr'><strong>corpus</strong></span> <span class='ocrx_word' id='word_1_12' title='bbox 1449 461 1591 518; x_wconf 80' lang='lat' dir='ltr'><strong>beati</strong></span> <span class='ocrx_word' id='word_1_13' title='bbox 1624 460 1899 517; x_wconf 77' lang='lat' dir='ltr'><strong>Laurentii</strong></span> <span class='ocrx_word' id='word_1_14' title='bbox 1921 458 2143 532; x_wconf 88' lang='lat' dir='ltr'><strong>[Baller.</strong></span> <span class='ocrx_word' id='word_1_15' title='bbox 2171 471 2222 529; x_wconf 69' lang='grc' dir='ltr'><strong>Α</strong></span> <span class='ocrx_word' id='word_1_16' title='bbox 2251 469 2596 530; x_wconf 86' lang='lat' dir='ltr'><strong>episcopatus</strong></span> <span class='ocrx_word' id='word_1_17' title='bbox 2621 457 2737 517; x_wconf 86' lang='lat' dir='ltr'><strong>dies</strong></span> <span class='ocrx_word' id='word_1_18' title='bbox 2765 457 2958 531; x_wconf 85' lang='lat' dir='ltr'><strong>viginti</strong></span> <span class='ocrx_word' id='word_1_19' title='bbox 2983 457 3121 516; x_wconf 88' lang='lat' dir='ltr'><strong>duos</strong></span> <span class='ocrx_word' id='word_1_20' title='bbox 3151 457 3254 532; x_wconf 89' lang='lat' dir='ltr'><strong>(a).</strong></span> 
     </span>
    </p>
   </div>
   <div class='ocr_carea' id='block_1_5' title="bbox 550 554 2141 626">
    <p class='ocr_par' dir='ltr' id='par_1_5' title="bbox 550 554 2141 626">
     <span class='ocr_line' id='line_1_5' title="bbox 550 554 2141 626; baseline -0.004 -11"><span class='ocrx_word' id='word_1_21' title='bbox 550 559 619 616; x_wconf 89' lang='lat' dir='ltr'><strong>ad</strong></span> <span class='ocrx_word' id='word_1_22' title='bbox 649 557 708 614; x_wconf 92' lang='lat' dir='ltr'><strong>S.</strong></span> <span class='ocrx_word' id='word_1_23' title='bbox 744 554 1118 626; x_wconf 88' lang='lat' dir='ltr'><strong>Laurentium]</strong></span> <span class='ocrx_word' id='word_1_24' title='bbox 1159 554 1471 611; x_wconf 83' lang='lat' dir='ltr'><strong>vkalendas</strong></span> <span class='ocrx_word' id='word_1_25' title='bbox 1515 554 1739 626; x_wconf 81' lang='lat' dir='ltr'><strong>Aprilis.</strong></span> <span class='ocrx_word' id='word_1_26' title='bbox 1792 555 1860 609; x_wconf 88' lang='lat' dir='ltr'><strong>Et</strong></span> <span class='ocrx_word' id='word_1_27' title='bbox 1907 555 2141 610; x_wconf 83' lang='lat' dir='ltr'><strong>cessavit</strong></span> 
     </span>
    </p>
   </div>
   <div class='ocr_carea' id='block_1_6' title="bbox 550 714 2137 788">
    <p class='ocr_par' dir='ltr' id='par_1_6' title="bbox 550 714 2137 788">
     <span class='ocr_line' id='line_1_6' title="bbox 550 714 2137 788; baseline -0.005 -12"><span class='ocrx_word' id='word_1_28' title='bbox 550 721 695 776; x_wconf 89' lang='lat' dir='ltr'><strong>mina</strong></span> <span class='ocrx_word' id='word_1_29' title='bbox 727 720 926 788; x_wconf 89' lang='lat' dir='ltr'><strong>scripta</strong></span> <span class='ocrx_word' id='word_1_30' title='bbox 957 715 1174 772; x_wconf 87' lang='lat' dir='ltr'><strong>fuerunt</strong></span> <span class='ocrx_word' id='word_1_31' title='bbox 1197 734 1209 769; x_wconf 88' lang='lat'><strong>:</strong></span> <span class='ocrx_word' id='word_1_32' title='bbox 1231 717 1460 785; x_wconf 89' lang='lat' dir='ltr'><strong>primum</strong></span> <span class='ocrx_word' id='word_1_33' title='bbox 1490 715 1556 771; x_wconf 88' lang='lat' dir='ltr'><strong>de</strong></span> <span class='ocrx_word' id='word_1_34' title='bbox 1577 715 1802 788; x_wconf 84' lang='lat' dir='ltr'><strong>divitiis;</strong></span> <span class='ocrx_word' id='word_1_35' title='bbox 1843 714 2137 788; x_wconf 76' lang='lat' dir='ltr'><strong>secundum</strong></span> 
     </span>
    </p>
   </div>
   <div class='ocr_carea' id='block_1_7' title="bbox 551 784 2136 858">
    <p class='ocr_par' dir='ltr' id='par_1_7' title="bbox 551 784 2136 858">
     <span class='ocr_line' id='line_1_7' title="bbox 551 784 2136 858; baseline -0.005 -12"><span class='ocrx_word' id='word_1_36' title='bbox 551 794 618 846; x_wconf 90' lang='lat' dir='ltr'><strong>de</strong></span> <span class='ocrx_word' id='word_1_37' title='bbox 649 790 804 844; x_wconf 87' lang='lat' dir='ltr'><strong>malis</strong></span> <span class='ocrx_word' id='word_1_38' title='bbox 823 784 1158 853; x_wconf 88' lang='lat' dir='ltr'><strong>doctoribus,</strong></span> <span class='ocrx_word' id='word_1_39' title='bbox 1183 784 1435 858; x_wconf 78' lang='lat' dir='ltr'><strong>operibus</strong></span> <span class='ocrx_word' id='word_1_40' title='bbox 1461 787 1581 842; x_wconf 90' lang='lat' dir='ltr'><strong>fidei</strong></span> <span class='ocrx_word' id='word_1_41' title='bbox 1616 798 1669 840; x_wconf 90' lang='lat' dir='ltr'><strong>et</strong></span> <span class='ocrx_word' id='word_1_42' title='bbox 1691 787 1896 856; x_wconf 85' lang='lat' dir='ltr'><strong>judicio</strong></span> <span class='ocrx_word' id='word_1_43' title='bbox 1927 784 2136 858; x_wconf 81' lang='lat' dir='ltr'><strong>futuro;</strong></span> 
     </span>
    </p>
   </div>
   <div class='ocr_carea' id='block_1_8' title="bbox 551 856 2137 926">
    <p class='ocr_par' dir='ltr' id='par_1_8' title="bbox 551 856 2137 926">
     <span class='ocr_line' id='line_1_8' title="bbox 551 856 2137 926; baseline -0.005 -8"><span class='ocrx_word' id='word_1_44' title='bbox 551 862 768 918; x_wconf 90' lang='lat' dir='ltr'><strong>tertium</strong></span> <span class='ocrx_word' id='word_1_45' title='bbox 793 876 925 914; x_wconf 87' lang='lat' dir='ltr'><strong>vero</strong></span> <span class='ocrx_word' id='word_1_46' title='bbox 954 859 1021 916; x_wconf 91' lang='lat' dir='ltr'><strong>de</strong></span> <span class='ocrx_word' id='word_1_47' title='bbox 1051 856 1316 914; x_wconf 72' lang='lat' dir='ltr'><strong>castitate.</strong></span> <span class='ocrx_word' id='word_1_48' title='bbox 1353 859 1476 913; x_wconf 66' lang='lat' dir='ltr'><strong>Haec</strong></span> <span class='ocrx_word' id='word_1_49' title='bbox 1508 858 1913 926; x_wconf 79' lang='lat' dir='ltr'><strong>Pelagianismis</strong></span> <span class='ocrx_word' id='word_1_50' title='bbox 1940 856 2137 912; x_wconf 86' lang='lat' dir='ltr'><strong>referta</strong></span> 
     </span>
    </p>
   </div>
   <div class='ocr_carea' id='block_1_9' title="bbox 550 928 2140 995">
    <p class='ocr_par' dir='ltr' id='par_1_9' title="bbox 550 928 2140 995">
     <span class='ocr_line' id='line_1_9' title="bbox 550 928 2140 995; baseline -0.003 -8"><span class='ocrx_word' id='word_1_51' title='bbox 550 948 671 987; x_wconf 76' lang='lat' dir='ltr'><strong>eSse</strong></span> <span class='ocrx_word' id='word_1_52' title='bbox 703 930 940 986; x_wconf 87' lang='lat' dir='ltr'><strong>ostendit</strong></span> <span class='ocrx_word' id='word_1_53' title='bbox 989 931 1254 985; x_wconf 71' lang='lat' dir='ltr'><strong>BaroniUs</strong></span> <span class='ocrx_word' id='word_1_54' title='bbox 1283 945 1411 984; x_wconf 87' lang='lat' dir='ltr'><strong>ann.</strong></span> <span class='ocrx_word' id='word_1_55' title='bbox 1442 929 1565 994; x_wconf 77' lang='grc'><strong>440,</strong></span> <span class='ocrx_word' id='word_1_56' title='bbox 1602 946 1749 983; x_wconf 90' lang='lat' dir='ltr'><strong>num.</strong></span> <span class='ocrx_word' id='word_1_57' title='bbox 1786 929 1842 995; x_wconf 91' lang='lat'><strong>7,</strong></span> <span class='ocrx_word' id='word_1_58' title='bbox 1886 929 1940 995; x_wconf 89' lang='lat'><strong>8,</strong></span> <span class='ocrx_word' id='word_1_59' title='bbox 1983 928 2036 991; x_wconf 90' lang='lat'><strong>9,</strong></span> <span class='ocrx_word' id='word_1_60' title='bbox 2072 929 2140 984; x_wconf 87' lang='lat'><strong>10</strong></span> 
     </span>
    </p>
   </div>
   <div class='ocr_carea' id='block_1_10' title="bbox 549 998 2137 1071">
    <p class='ocr_par' dir='ltr' id='par_1_10' title="bbox 549 998 2137 1071">
     <span class='ocr_line' id='line_1_10' title="bbox 549 998 2137 1071; baseline -0.002 -14"><span class='ocrx_word' id='word_1_61' title='bbox 549 1014 604 1058; x_wconf 90' lang='lat' dir='ltr'><strong>et</strong></span> <span class='ocrx_word' id='word_1_62' title='bbox 636 1003 722 1067; x_wconf 92' lang='lat'><strong>11,</strong></span> <span class='ocrx_word' id='word_1_63' title='bbox 757 1019 822 1057; x_wconf 83' lang='lat' dir='ltr'><strong>cx</strong></span> <span class='ocrx_word' id='word_1_64' title='bbox 862 1017 928 1057; x_wconf 87' lang='lat' dir='ltr'><strong>eo</strong></span> <span class='ocrx_word' id='word_1_65' title='bbox 960 1002 1099 1071; x_wconf 85' lang='lat' dir='ltr'><strong>quod</strong></span> <span class='ocrx_word' id='word_1_66' title='bbox 1136 1003 1308 1071; x_wconf 89' lang='lat' dir='ltr'><strong>primo</strong></span> <span class='ocrx_word' id='word_1_67' title='bbox 1343 1002 1617 1055; x_wconf 88' lang='lat' dir='ltr'><strong>volumine</strong></span> <span class='ocrx_word' id='word_1_68' title='bbox 1647 1001 1991 1068; x_wconf 86' lang='lat' dir='ltr'><strong>Pelagianum</strong></span> <span class='ocrx_word' id='word_1_69' title='bbox 2036 998 2137 1054; x_wconf 92' lang='lat' dir='ltr'><strong>hoc</strong></span> 
     </span>
    </p>
   </div>
   <div class='ocr_carea' id='block_1_11' title="bbox 553 1072 2135 1141">
    <p class='ocr_par' dir='ltr' id='par_1_11' title="bbox 553 1072 2135 1141">
     <span class='ocr_line' id='line_1_11' title="bbox 553 1072 2135 1141; baseline -0.003 -13"><span class='ocrx_word' id='word_1_70' title='bbox 553 1076 848 1140; x_wconf 78' lang='lat' dir='ltr'><strong>comineat,</strong></span> <span class='ocrx_word' id='word_1_71' title='bbox 884 1088 989 1128; x_wconf 92' lang='lat' dir='ltr'><strong>non</strong></span> <span class='ocrx_word' id='word_1_72' title='bbox 1025 1088 1183 1141; x_wconf 83' lang='lat' dir='ltr'><strong>posse</strong></span> <span class='ocrx_word' id='word_1_73' title='bbox 1211 1074 1404 1126; x_wconf 85' lang='lat' dir='ltr'><strong>salvari</strong></span> <span class='ocrx_word' id='word_1_74' title='bbox 1434 1073 1672 1135; x_wconf 81' lang='lat' dir='ltr'><strong>divitem,</strong></span> <span class='ocrx_word' id='word_1_75' title='bbox 1706 1074 1807 1125; x_wconf 84' lang='lat' dir='ltr'><strong>nisi</strong></span> <span class='ocrx_word' id='word_1_76' title='bbox 1834 1072 2012 1124; x_wconf 89' lang='lat' dir='ltr'><strong>omnia</strong></span> <span class='ocrx_word' id='word_1_77' title='bbox 2041 1085 2135 1124; x_wconf 88' lang='lat' dir='ltr'><strong>sua</strong></span> 
     </span>
    </p>
   </div>
   <div class='ocr_carea' id='block_1_12' title="bbox 556 1144 2135 1215">
    <p class='ocr_par' dir='ltr' id='par_1_12' title="bbox 556 1144 2135 1215">
     <span class='ocr_line' id='line_1_12' title="bbox 556 1144 2135 1215; baseline -0.001 -17"><span class='ocrx_word' id='word_1_78' title='bbox 556 1145 884 1215; x_wconf 80' lang='lat' dir='ltr'><strong>pauperibus</strong></span> <span class='ocrx_word' id='word_1_79' title='bbox 911 1153 1129 1214; x_wconf 87' lang='lat' dir='ltr'><strong>eroget;</strong></span> <span class='ocrx_word' id='word_1_80' title='bbox 1185 1145 1426 1198; x_wconf 74' lang='lat' dir='ltr'><strong>secundo</strong></span> <span class='ocrx_word' id='word_1_81' title='bbox 1469 1144 1738 1215; x_wconf 82' lang='lat' dir='ltr'><strong>volumine</strong></span> <span class='ocrx_word' id='word_1_82' title='bbox 1767 1145 1951 1215; x_wconf 86' lang='lat' dir='ltr'><strong>omnia</strong></span> <span class='ocrx_word' id='word_1_83' title='bbox 1973 1157 2135 1211; x_wconf 89' lang='lat' dir='ltr'><strong>opera</strong></span> 
     </span>
    </p>
   </div>
   <div class='ocr_carea' id='block_1_13' title="bbox 553 1213 2138 1283">
    <p class='ocr_par' dir='ltr' id='par_1_13' title="bbox 553 1213 2138 1283">
     <span class='ocr_line' id='line_1_13' title="bbox 553 1213 2138 1283; baseline -0.001 -15"><span class='ocrx_word' id='word_1_84' title='bbox 553 1213 724 1270; x_wconf 87' lang='lat' dir='ltr'><strong>libero</strong></span> <span class='ocrx_word' id='word_1_85' title='bbox 751 1215 994 1280; x_wconf 83' lang='lat' dir='ltr'><strong>arbitrio,</strong></span> <span class='ocrx_word' id='word_1_86' title='bbox 1029 1215 1214 1283; x_wconf 64' lang='lat' dir='ltr'><strong>gratiae</strong></span> <span class='ocrx_word' id='word_1_87' title='bbox 1245 1216 1442 1269; x_wconf 73' lang='lat' dir='ltr'><strong>divinae</strong></span> <span class='ocrx_word' id='word_1_88' title='bbox 1475 1215 1606 1268; x_wconf 84' lang='lat' dir='ltr'><strong>nihil</strong></span> <span class='ocrx_word' id='word_1_89' title='bbox 1640 1214 1873 1279; x_wconf 84' lang='lat' dir='ltr'><strong>tribuat;</strong></span> <span class='ocrx_word' id='word_1_90' title='bbox 1923 1213 2138 1268; x_wconf 86' lang='lat' dir='ltr'><strong>demum</strong></span> 
     </span>
    </p>
   </div>
   <div class='ocr_carea' id='block_1_14' title="bbox 553 1285 2140 1356">
    <p class='ocr_par' dir='ltr' id='par_1_14' title="bbox 553 1285 2140 1356">
     <span class='ocr_line' id='line_1_14' title="bbox 553 1285 2140 1356; baseline -0.001 -16"><span class='ocrx_word' id='word_1_91' title='bbox 553 1287 698 1356; x_wconf 90' lang='lat' dir='ltr'><strong>quod</strong></span> <span class='ocrx_word' id='word_1_92' title='bbox 730 1289 887 1340; x_wconf 89' lang='lat' dir='ltr'><strong>tertio</strong></span> <span class='ocrx_word' id='word_1_93' title='bbox 915 1286 1187 1340; x_wconf 75' lang='lat' dir='ltr'><strong>volumine</strong></span> <span class='ocrx_word' id='word_1_94' title='bbox 1235 1301 1329 1341; x_wconf 92' lang='lat' dir='ltr'><strong>eos</strong></span> <span class='ocrx_word' id='word_1_95' title='bbox 1374 1287 1687 1349; x_wconf 89' lang='lat' dir='ltr'><strong>subsannet,</strong></span> <span class='ocrx_word' id='word_1_96' title='bbox 1732 1285 1823 1354; x_wconf 91' lang='lat' dir='ltr'><strong>qui</strong></span> <span class='ocrx_word' id='word_1_97' title='bbox 1863 1299 1931 1339; x_wconf 84' lang='lat' dir='ltr'><strong>ex</strong></span> <span class='ocrx_word' id='word_1_98' title='bbox 1969 1287 2140 1354; x_wconf 90' lang='lat' dir='ltr'><strong>gratia</strong></span> 
     </span>
    </p>
   </div>
   <div class='ocr_carea' id='block_1_15' title="bbox 2243 713 3810 787">
    <p class='ocr_par' dir='ltr' id='par_1_15' title="bbox 2243 713 3810 787">
     <span class='ocr_line' id='line_1_15' title="bbox 2243 713 3810 787; baseline 0.006 -23"><span class='ocrx_word' id='word_1_99' title='bbox 2243 714 2412 787; x_wconf 75' lang='lat' dir='ltr'><strong>culice</strong></span> <span class='ocrx_word' id='word_1_100' title='bbox 2458 713 2746 787; x_wconf 74' lang='lat' dir='ltr'><strong>Babylonis</strong></span> <span class='ocrx_word' id='word_1_101' title='bbox 2774 728 2980 770; x_wconf 89' lang='lat' dir='ltr'><strong>venena</strong></span> <span class='ocrx_word' id='word_1_102' title='bbox 3001 755 3017 780; x_wconf 90' lang='lat'><strong>,</strong></span> <span class='ocrx_word' id='word_1_103' title='bbox 3052 715 3246 787; x_wconf 83' lang='lat' dir='ltr'><strong>insigni</strong></span> <span class='ocrx_word' id='word_1_104' title='bbox 3275 716 3498 772; x_wconf 88' lang='lat' dir='ltr'><strong>nomine</strong></span> <span class='ocrx_word' id='word_1_105' title='bbox 3529 715 3810 786; x_wconf 81' lang='lat' dir='ltr'><strong>honestata,</strong></span> 
     </span>
    </p>
   </div>
   <div class='ocr_carea' id='block_1_16' title="bbox 2244 785 3651 844">
    <p class='ocr_par' dir='ltr' id='par_1_16' title="bbox 2244 785 3651 844">
     <span class='ocr_line' id='line_1_16' title="bbox 2244 785 3651 844; baseline -0.001 -5"><span class='ocrx_word' id='word_1_106' title='bbox 2244 786 2418 839; x_wconf 86' lang='lat' dir='ltr'><strong>bibas.</strong></span> <span class='ocrx_word' id='word_1_107' title='bbox 2453 785 2580 841; x_wconf 70' lang='lat' dir='ltr'><strong>ch.</strong></span> <span class='ocrx_word' id='word_1_108' title='bbox 2617 785 2821 840; x_wconf 78' lang='lat' dir='ltr'><strong>BINIUS.</strong></span> <span class='ocrx_word' id='word_1_109' title='bbox 3115 839 3121 844; x_wconf 91' lang='lat'><em>_</em></span> <span class='ocrx_word' id='word_1_110' title='bbox 3164 785 3179 787; x_wconf 62' lang='grc'>⁷</span> <span class='ocrx_word' id='word_1_111' title='bbox 3643 828 3651 837; x_wconf 93' lang='grc'>.</span> 
     </span>
    </p>
   </div>
   <div class='ocr_carea' id='block_1_17' title="bbox 2316 856 3817 928">
    <p class='ocr_par' dir='ltr' id='par_1_17' title="bbox 2316 856 3817 928">
     <span class='ocr_line' id='line_1_17' title="bbox 2316 856 3817 928; baseline 0.005 -20"><span class='ocrx_word' id='word_1_112' title='bbox 2316 857 2393 928; x_wconf 78' lang='grc' dir='ltr'><strong>(α)</strong></span> <span class='ocrx_word' id='word_1_113' title='bbox 2431 857 2621 911; x_wconf 87' lang='lat' dir='ltr'><strong>Verius</strong></span> <span class='ocrx_word' id='word_1_114' title='bbox 2675 857 3031 927; x_wconf 80' lang='lat' dir='ltr'><strong>quadraginta</strong></span> <span class='ocrx_word' id='word_1_115' title='bbox 3084 858 3315 914; x_wconf 90' lang='lat' dir='ltr'><strong>duobus.</strong></span> <span class='ocrx_word' id='word_1_116' title='bbox 3366 857 3441 912; x_wconf 86' lang='lat' dir='ltr'><strong>Ita</strong></span> <span class='ocrx_word' id='word_1_117' title='bbox 3472 856 3619 912; x_wconf 89' lang='lat' dir='ltr'><strong>enim</strong></span> <span class='ocrx_word' id='word_1_118' title='bbox 3650 860 3817 915; x_wconf 80' lang='lat' dir='ltr'><strong>scribit</strong></span> 
     </span>
    </p>
   </div>
   <div class='ocr_carea' id='block_1_18' title="bbox 2241 927 3814 998">
    <p class='ocr_par' dir='ltr' id='par_1_18' title="bbox 2241 927 3814 998">
     <span class='ocr_line' id='line_1_18' title="bbox 2241 927 3814 998; baseline 0.001 -15"><span class='ocrx_word' id='word_1_119' title='bbox 2241 927 2459 983; x_wconf 87' lang='lat' dir='ltr'><strong>sanctus</strong></span> <span class='ocrx_word' id='word_1_120' title='bbox 2488 928 2725 998; x_wconf 81' lang='lat' dir='ltr'><strong>Prosper</strong></span> <span class='ocrx_word' id='word_1_121' title='bbox 2756 930 2808 982; x_wconf 92' lang='lat' dir='ltr'><strong>in</strong></span> <span class='ocrx_word' id='word_1_122' title='bbox 2832 931 3033 984; x_wconf 90' lang='lat' dir='ltr'><strong>Chron.</strong></span> <span class='ocrx_word' id='word_1_123' title='bbox 3063 946 3191 985; x_wconf 90' lang='lat' dir='ltr'><strong>ann.</strong></span> <span class='ocrx_word' id='word_1_124' title='bbox 3215 929 3361 988; x_wconf 79' lang='grc' dir='ltr'><strong>44οι</strong></span> <span class='ocrx_word' id='word_1_125' title='bbox 3399 927 3658 998; x_wconf 79' lang='lat' dir='ltr'><strong>Defuncto</strong></span> <span class='ocrx_word' id='word_1_126' title='bbox 3683 929 3814 985; x_wconf 73' lang='lat' dir='ltr'><strong>Sixto</strong></span> 
     </span>
    </p>
   </div>
   <div class='ocr_carea' id='block_1_19' title="bbox 2243 998 3813 1074">
    <p class='ocr_par' dir='ltr' id='par_1_19' title="bbox 2243 998 3813 1074">
     <span class='ocr_line' id='line_1_19' title="bbox 2243 998 3813 1074; baseline 0.003 -23"><span class='ocrx_word' id='word_1_127' title='bbox 2243 1001 2482 1074; x_wconf 61' lang='lat' dir='ltr'><strong>pontiﬁce</strong></span> <span class='ocrx_word' id='word_1_128' title='bbox 2508 998 2744 1074; x_wconf 69' lang='lat' dir='ltr'><strong>Italertdis</strong></span> <span class='ocrx_word' id='word_1_129' title='bbox 2768 1000 2989 1069; x_wconf 81' lang='lat' dir='ltr'><strong>Aprilis,</strong></span> <span class='ocrx_word' id='word_1_130' title='bbox 3016 1001 3367 1074; x_wconf 10' lang='lat' dir='ltr'><strong>quadraginta?</strong></span> <span class='ocrx_word' id='word_1_131' title='bbox 3400 1002 3628 1074; x_wconf 79' lang='lat' dir='ltr'><strong>amplius</strong></span> <span class='ocrx_word' id='word_1_132' title='bbox 3657 1001 3813 1056; x_wconf 84' lang='lat' dir='ltr'><strong>diebus</strong></span> 
     </span>
    </p>
   </div>
   <div class='ocr_carea' id='block_1_20' title="bbox 2245 1069 3816 1143">
    <p class='ocr_par' dir='ltr' id='par_1_20' title="bbox 2245 1069 3816 1143">
     <span class='ocr_line' id='line_1_20' title="bbox 2245 1069 3816 1143; baseline 0.002 -19"><span class='ocrx_word' id='word_1_133' title='bbox 2245 1069 2483 1124; x_wconf 83' lang='lat' dir='ltr'><strong>Romana</strong></span> <span class='ocrx_word' id='word_1_134' title='bbox 2514 1071 2744 1143; x_wconf 78' lang='lat' dir='ltr'><strong>Ecclesia</strong></span> <span class='ocrx_word' id='word_1_135' title='bbox 2765 1074 2876 1124; x_wconf 86' lang='lat' dir='ltr'><strong>sine</strong></span> <span class='ocrx_word' id='word_1_136' title='bbox 2897 1069 3123 1126; x_wconf 82' lang='lat' dir='ltr'><strong>antistite</strong></span> <span class='ocrx_word' id='word_1_137' title='bbox 3146 1069 3268 1143; x_wconf 70' lang='lat' dir='ltr'><strong>fuit,</strong></span> <span class='ocrx_word' id='word_1_138' title='bbox 3299 1069 3526 1125; x_wconf 76' lang='lat' dir='ltr'><strong>mirabili</strong></span> <span class='ocrx_word' id='word_1_139' title='bbox 3547 1087 3671 1143; x_wconf 84' lang='lat' dir='ltr'><strong>pace</strong></span> <span class='ocrx_word' id='word_1_140' title='bbox 3694 1083 3816 1141; x_wconf 81' lang='lat' dir='ltr'><strong>atque</strong></span> 
     </span>
    </p>
   </div>
   <div class='ocr_carea' id='block_1_21' title="bbox 2243 1142 3816 1216">
    <p class='ocr_par' dir='ltr' id='par_1_21' title="bbox 2243 1142 3816 1216">
     <span class='ocr_line' id='line_1_21' title="bbox 2243 1142 3816 1216; baseline 0.003 -22"><span class='ocrx_word' id='word_1_141' title='bbox 2243 1143 2491 1216; x_wconf 72' lang='lat' dir='ltr'><strong>patientia</strong></span> <span class='ocrx_word' id='word_1_142' title='bbox 2539 1142 2812 1216; x_wconf 78' lang='lat' dir='ltr'><strong>adventum</strong></span> <span class='ocrx_word' id='word_1_143' title='bbox 2849 1143 3057 1216; x_wconf 83' lang='lat' dir='ltr'><strong>diaconi</strong></span> <span class='ocrx_word' id='word_1_144' title='bbox 3098 1142 3285 1198; x_wconf 88' lang='lat' dir='ltr'><strong>Leonis</strong></span> <span class='ocrx_word' id='word_1_145' title='bbox 3303 1142 3670 1216; x_wconf 82' lang='lat' dir='ltr'><strong>_e:cspectans:</strong></span> <span class='ocrx_word' id='word_1_146' title='bbox 3695 1161 3816 1213; x_wconf 85' lang='lat' dir='ltr'><strong>quem</strong></span> 
     </span>
    </p>
   </div>
   <div class='ocr_carea' id='block_1_22' title="bbox 2247 1214 3816 1286">
    <p class='ocr_par' dir='ltr' id='par_1_22' title="bbox 2247 1214 3816 1286">
     <span class='ocr_line' id='line_1_22' title="bbox 2247 1214 3816 1286; baseline 0.003 -21"><span class='ocrx_word' id='word_1_147' title='bbox 2247 1224 2369 1286; x_wconf 85' lang='lat' dir='ltr'><strong>tunc</strong></span> <span class='ocrx_word' id='word_1_148' title='bbox 2387 1215 2516 1268; x_wconf 87' lang='lat' dir='ltr'><strong>inter</strong></span> <span class='ocrx_word' id='word_1_149' title='bbox 2536 1215 2740 1268; x_wconf 79' lang='lat' dir='ltr'><strong>Aetium</strong></span> <span class='ocrx_word' id='word_1_150' title='bbox 2763 1226 2808 1268; x_wconf 86' lang='lat' dir='ltr'><strong>et</strong></span> <span class='ocrx_word' id='word_1_151' title='bbox 2830 1214 3073 1286; x_wconf 86' lang='lat' dir='ltr'><strong>Albinum</strong></span> <span class='ocrx_word' id='word_1_152' title='bbox 3090 1217 3281 1286; x_wconf 74' lang='lat' dir='ltr'><strong>(duces</strong></span> <span class='ocrx_word' id='word_1_153' title='bbox 3302 1214 3533 1269; x_wconf 82' lang='lat' dir='ltr'><strong>Romani</strong></span> <span class='ocrx_word' id='word_1_154' title='bbox 3548 1215 3816 1286; x_wconf 85' lang='lat' dir='ltr'><strong>exercitus)</strong></span> 
     </span>
    </p>
   </div>
   <div class='ocr_carea' id='block_1_23' title="bbox 2246 1285 3817 1358">
    <p class='ocr_par' dir='ltr' id='par_1_23' title="bbox 2246 1285 3817 1358">
     <span class='ocr_line' id='line_1_23' title="bbox 2246 1285 3817 1358; baseline 0.004 -23"><span class='ocrx_word' id='word_1_155' title='bbox 2246 1285 2487 1358; x_wconf 66' lang='lat' dir='ltr'><strong>amicitiis</strong></span> <span class='ocrx_word' id='word_1_156' title='bbox 2514 1285 2940 1358; x_wconf 13' lang='lat' dir='ltr'><strong>rredintegrandte</strong></span> <span class='ocrx_word' id='word_1_157' title='bbox 2964 1285 3134 1358; x_wconf 79' lang='lat' dir='ltr'><strong>causa</strong></span> <span class='ocrx_word' id='word_1_158' title='bbox 3163 1285 3352 1341; x_wconf 71' lang='lat' dir='ltr'><strong>Gallia</strong></span> <span class='ocrx_word' id='word_1_159' title='bbox 3376 1285 3691 1358; x_wconf 74' lang='lat' dir='ltr'><strong>detinebant,</strong></span> <span class='ocrx_word' id='word_1_160' title='bbox 3731 1296 3817 1342; x_wconf 83' lang='lat' dir='ltr'><strong>etc.</strong></span> 
     </span>
    </p>
   </div>
   <div class='ocr_carea' id='block_1_24' title="bbox 556 1356 2142 1427">
    <p class='ocr_par' dir='ltr' id='par_1_24' title="bbox 556 1356 2142 1427">
     <span class='ocr_line' id='line_1_24' title="bbox 556 1356 2142 1427; baseline -0.002 -15"><span class='ocrx_word' id='word_1_161' title='bbox 556 1359 650 1412; x_wconf 89' lang='lat' dir='ltr'><strong>Dei</strong></span> <span class='ocrx_word' id='word_1_162' title='bbox 685 1358 882 1412; x_wconf 87' lang='lat' dir='ltr'><strong>bonum</strong></span> <span class='ocrx_word' id='word_1_163' title='bbox 921 1359 1181 1412; x_wconf 83' lang='lat' dir='ltr'><strong>castitatis</strong></span> <span class='ocrx_word' id='word_1_164' title='bbox 1221 1357 1514 1427; x_wconf 80' lang='lat' dir='ltr'><strong>provenire</strong></span> <span class='ocrx_word' id='word_1_165' title='bbox 1551 1358 1898 1411; x_wconf 76' lang='lat' dir='ltr'><strong>contendant.</strong></span> <span class='ocrx_word' id='word_1_166' title='bbox 1924 1356 2018 1410; x_wconf 84' lang='lat' dir='ltr'><strong>His</strong></span> <span class='ocrx_word' id='word_1_167' title='bbox 2049 1357 2142 1410; x_wconf 89' lang='lat' dir='ltr'><strong>ita-</strong></span> 
     </span>
    </p>
   </div>
   <div class='ocr_carea' id='block_1_25' title="bbox 555 1427 2142 1498">
    <p class='ocr_par' dir='ltr' id='par_1_25' title="bbox 555 1427 2142 1498">
     <span class='ocr_line' id='line_1_25' title="bbox 555 1427 2142 1498; baseline -0.001 -17"><span class='ocrx_word' id='word_1_168' title='bbox 555 1443 660 1497; x_wconf 90' lang='lat' dir='ltr'><strong>que</strong></span> <span class='ocrx_word' id='word_1_169' title='bbox 686 1428 963 1482; x_wconf 90' lang='lat' dir='ltr'><strong>colorihus</strong></span> <span class='ocrx_word' id='word_1_170' title='bbox 993 1428 1238 1482; x_wconf 92' lang='lat' dir='ltr'><strong>libellum</strong></span> <span class='ocrx_word' id='word_1_171' title='bbox 1271 1429 1558 1482; x_wconf 81' lang='lat' dir='ltr'><strong>manifeste</strong></span> <span class='ocrx_word' id='word_1_172' title='bbox 1584 1429 1714 1481; x_wconf 86' lang='lat' dir='ltr'><strong>satis</strong></span> <span class='ocrx_word' id='word_1_173' title='bbox 1742 1427 2142 1498; x_wconf 89' lang='lat' dir='ltr'><strong>depictum,qui</strong></span> 
     </span>
    </p>
   </div>
   <div class='ocr_carea' id='block_1_26' title="bbox 558 1498 2142 1570">
    <p class='ocr_par' dir='ltr' id='par_1_26' title="bbox 558 1498 2142 1570">
     <span class='ocr_line' id='line_1_26' title="bbox 558 1498 2142 1570; baseline 0.001 -18"><span class='ocrx_word' id='word_1_174' title='bbox 558 1514 673 1570; x_wconf 87' lang='lat' dir='ltr'><strong>non</strong></span> <span class='ocrx_word' id='word_1_175' title='bbox 694 1501 810 1552; x_wconf 89' lang='lat' dir='ltr'><strong>sine</strong></span> <span class='ocrx_word' id='word_1_176' title='bbox 841 1499 992 1570; x_wconf 88' lang='lat' dir='ltr'><strong>gravi</strong></span> <span class='ocrx_word' id='word_1_177' title='bbox 1022 1499 1262 1568; x_wconf 90' lang='lat' dir='ltr'><strong>periculo</strong></span> <span class='ocrx_word' id='word_1_178' title='bbox 1303 1498 1545 1554; x_wconf 84' lang='lat' dir='ltr'><strong>fidelium</strong></span> <span class='ocrx_word' id='word_1_179' title='bbox 1577 1499 1795 1553; x_wconf 86' lang='lat' dir='ltr'><strong>nomine</strong></span> <span class='ocrx_word' id='word_1_180' title='bbox 1835 1499 1970 1570; x_wconf 90' lang='lat' dir='ltr'><strong>Sixti</strong></span> <span class='ocrx_word' id='word_1_181' title='bbox 2003 1498 2142 1554; x_wconf 83' lang='lat' dir='ltr'><strong>haud</strong></span> 
     </span>
    </p>
   </div>
   <div class='ocr_carea' id='block_1_27' title="bbox 558 1569 2143 1652">
    <p class='ocr_par' dir='ltr' id='par_1_27' title="bbox 558 1569 2143 1652">
     <span class='ocr_line' id='line_1_27' title="bbox 558 1569 2143 1652; baseline 0 -28"><span class='ocrx_word' id='word_1_182' title='bbox 558 1569 768 1640; x_wconf 86' lang='lat' dir='ltr'><strong>pridem</strong></span> <span class='ocrx_word' id='word_1_183' title='bbox 809 1569 1043 1627; x_wconf 78' lang='lat' dir='ltr'><strong>excusus</strong></span> <span class='ocrx_word' id='word_1_184' title='bbox 1083 1569 1208 1637; x_wconf 91' lang='lat' dir='ltr'><strong>fuit,</strong></span> <span class='ocrx_word' id='word_1_185' title='bbox 1257 1570 1428 1626; x_wconf 88' lang='lat' dir='ltr'><strong>lector</strong></span> <span class='ocrx_word' id='word_1_186' title='bbox 1457 1583 1710 1652; x_wconf 73' lang='lat' dir='ltr'><strong>agnosce,</strong></span> <span class='ocrx_word' id='word_1_187' title='bbox 1739 1584 1824 1641; x_wconf 79' lang='lat' dir='ltr'><strong>lne</strong></span> <span class='ocrx_word' id='word_1_188' title='bbox 1861 1569 1928 1624; x_wconf 90' lang='lat' dir='ltr'><strong>de</strong></span> <span class='ocrx_word' id='word_1_189' title='bbox 1977 1584 2143 1624; x_wconf 90' lang='lat' dir='ltr'><strong>aureo</strong></span> 
     </span>
    </p>
   </div>
   <div class='ocr_carea' id='block_1_28' title="bbox 2249 1355 3820 1427">
    <p class='ocr_par' dir='ltr' id='par_1_28' title="bbox 2249 1355 3820 1427">
     <span class='ocr_line' id='line_1_28' title="bbox 2249 1355 3820 1427; baseline 0.003 -18"><span class='ocrx_word' id='word_1_190' title='bbox 2249 1355 2307 1409; x_wconf 91' lang='lat' dir='ltr'><strong>lu</strong></span> <span class='ocrx_word' id='word_1_191' title='bbox 2341 1355 2481 1410; x_wconf 90' lang='lat' dir='ltr'><strong>hunc</strong></span> <span class='ocrx_word' id='word_1_192' title='bbox 2511 1357 2692 1427; x_wconf 80' lang='lat' dir='ltr'><strong>itaque</strong></span> <span class='ocrx_word' id='word_1_193' title='bbox 2726 1355 2915 1411; x_wconf 82' lang='lat' dir='ltr'><strong>locum</strong></span> <span class='ocrx_word' id='word_1_194' title='bbox 2947 1356 3218 1412; x_wconf 78' lang='lat' dir='ltr'><strong>Anastasii</strong></span> <span class='ocrx_word' id='word_1_195' title='bbox 3266 1356 3536 1427; x_wconf 12' lang='lat' dir='ltr'><strong>mendum,</strong></span> <span class='ocrx_word' id='word_1_196' title='bbox 3565 1355 3820 1424; x_wconf 84' lang='lat' dir='ltr'><strong>irrepsisse</strong></span> 
     </span>
    </p>
   </div>
   <div class='ocr_carea' id='block_1_29' title="bbox 2248 1426 3812 1496">
    <p class='ocr_par' dir='ltr' id='par_1_29' title="bbox 2248 1426 3812 1496">
     <span class='ocr_line' id='line_1_29' title="bbox 2248 1426 3812 1496; baseline 0.002 -16"><span class='ocrx_word' id='word_1_197' title='bbox 2248 1427 2468 1481; x_wconf 90' lang='lat' dir='ltr'><strong>dubium</strong></span> <span class='ocrx_word' id='word_1_198' title='bbox 2498 1426 2734 1483; x_wconf 86' lang='lat' dir='ltr'><strong>nonest.</strong></span> <span class='ocrx_word' id='word_1_199' title='bbox 2761 1427 2961 1483; x_wconf 86' lang='lat' dir='ltr'><strong>Baron.</strong></span> <span class='ocrx_word' id='word_1_200' title='bbox 2996 1437 3145 1484; x_wconf 83' lang='lat' dir='ltr'><strong>torno</strong></span> <span class='ocrx_word' id='word_1_201' title='bbox 3180 1427 3273 1496; x_wconf 79' lang='lat' dir='ltr'><strong>Vl,</strong></span> <span class='ocrx_word' id='word_1_202' title='bbox 3304 1443 3447 1483; x_wconf 88' lang='lat' dir='ltr'><strong>anno</strong></span> <span class='ocrx_word' id='word_1_203' title='bbox 3475 1426 3610 1493; x_wconf 86' lang='grc'><strong>440,</strong></span> <span class='ocrx_word' id='word_1_204' title='bbox 3640 1429 3812 1483; x_wconf 90' lang='lat' dir='ltr'><strong>num.1</strong></span> 
     </span>
    </p>
   </div>
   <div class='ocr_carea' id='block_1_30' title="bbox 2248 1497 2781 1556">
    <p class='ocr_par' dir='ltr' id='par_1_30' title="bbox 2248 1497 2781 1556">
     <span class='ocr_line' id='line_1_30' title="bbox 2248 1497 2781 1556; baseline 0.002 -3"><span class='ocrx_word' id='word_1_205' title='bbox 2248 1509 2303 1553; x_wconf 90' lang='lat' dir='ltr'><strong>et</strong></span> <span class='ocrx_word' id='word_1_206' title='bbox 2327 1497 2382 1552; x_wconf 75' lang='lat'><strong>2.</strong></span> <span class='ocrx_word' id='word_1_207' title='bbox 2408 1498 2542 1554; x_wconf 76' lang='lat' dir='ltr'><strong>Sev.</strong></span> <span class='ocrx_word' id='word_1_208' title='bbox 2576 1499 2781 1556; x_wconf 71' lang='lat' dir='ltr'><strong>Brutus.</strong></span> 
     </span>
    </p>
   </div>
   <div class='ocr_carea' id='block_1_31' title="bbox 1675 1736 2012 1747">
    <p class='ocr_par' dir='ltr' id='par_1_31' title="bbox 1675 1736 2012 1747">
     <span class='ocr_line' id='line_1_31' title="bbox 1675 1736 2012 1747; baseline -0.006 -2"><span class='ocrx_word' id='word_1_209' title='bbox 1675 1736 2012 1747; x_wconf 45' lang='lat' dir='ltr'><strong>“m4</strong></span> 
     </span>
    </p>
   </div>
   <div class='ocr_carea' id='block_1_32' title="bbox 1784 1845 2626 1908">
    <p class='ocr_par' dir='ltr' id='par_1_32' title="bbox 1784 1845 2626 1908">
     <span class='ocr_line' id='line_1_32' title="bbox 1784 1845 2626 1908; baseline 0 0"><span class='ocrx_word' id='word_1_210' title='bbox 1784 1845 2118 1908; x_wconf 83' lang='lat' dir='ltr'><strong>NOTITIA</strong></span> <span class='ocrx_word' id='word_1_211' title='bbox 2163 1845 2626 1908; x_wconf 82' lang='lat' dir='ltr'><strong>GALLANDII.</strong></span> 
     </span>
    </p>
   </div>
   <div class='ocr_carea' id='block_1_33' title="bbox 1653 1992 2756 2060">
    <p class='ocr_par' dir='ltr' id='par_1_33' title="bbox 1653 1992 2756 2060">
     <span class='ocr_line' id='line_1_33' title="bbox 1653 1992 2756 2060; baseline -0.002 -14"><span class='ocrx_word' id='word_1_212' title='bbox 1653 1995 1750 2060; x_wconf 88' lang='lat' dir='ltr'><strong>(Ex</strong></span> <span class='ocrx_word' id='word_1_213' title='bbox 1773 1994 1902 2045; x_wconf 88' lang='lat' dir='ltr'><strong>Bibl.</strong></span> <span class='ocrx_word' id='word_1_214' title='bbox 1923 1994 2060 2044; x_wconf 83' lang='lat' dir='ltr'><strong>Vett.</strong></span> <span class='ocrx_word' id='word_1_215' title='bbox 2089 1993 2223 2045; x_wconf 83' lang='lat' dir='ltr'><strong>Patr.</strong></span> <span class='ocrx_word' id='word_1_216' title='bbox 2253 1993 2474 2044; x_wconf 89' lang='lat' dir='ltr'><strong>Galland.</strong></span> <span class='ocrx_word' id='word_1_217' title='bbox 2502 2000 2617 2046; x_wconf 91' lang='lat' dir='ltr'><strong>tom.</strong></span> <span class='ocrx_word' id='word_1_218' title='bbox 2645 1992 2756 2055; x_wconf 78' lang='lat' dir='ltr'><strong>IX.)</strong></span> 
     </span>
    </p>
   </div>
   <div class='ocr_carea' id='block_1_34' title="bbox 2015 1735 2264 1746">
    <p class='ocr_par' dir='ltr' id='par_1_34' title="bbox 2015 1735 2264 1746">
     <span class='ocr_line' id='line_1_34' title="bbox 2015 1735 2264 1746; baseline 0 -2"><span class='ocrx_word' id='word_1_219' title='bbox 2015 1735 2264 1746; x_wconf 53' lang='grc' dir='ltr'><strong>ν*-</strong></span> 
     </span>
    </p>
   </div>
   <div class='ocr_carea' id='block_1_35' title="bbox 2271 1736 2496 1745">
    <p class='ocr_par' dir='ltr' id='par_1_35' title="bbox 2271 1736 2496 1745">
     <span class='ocr_line' id='line_1_35' title="bbox 2271 1736 2496 1745; baseline -0.013 0"><span class='ocrx_word' id='word_1_220' title='bbox 2271 1736 2496 1745; x_wconf 46' lang='lat' dir='ltr'><strong>nm</strong></span> 
     </span>
    </p>
   </div>
   <div class='ocr_carea' id='block_1_36' title="bbox 635 2149 3826 2228">
    <p class='ocr_par' dir='ltr' id='par_1_36' title="bbox 635 2149 3826 2228">
     <span class='ocr_line' id='line_1_36' title="bbox 635 2149 3826 2228; baseline -0.001 -11"><span class='ocrx_word' id='word_1_221' title='bbox 635 2165 685 2218; x_wconf 99' lang='lat'><strong>1.</strong></span> <span class='ocrx_word' id='word_1_222' title='bbox 720 2158 1013 2216; x_wconf 69' lang='lat' dir='ltr'><strong>Caelestino</strong></span> <span class='ocrx_word' id='word_1_223' title='bbox 1042 2157 1132 2226; x_wconf 89' lang='lat' dir='ltr'><strong>qui</strong></span> <span class='ocrx_word' id='word_1_224' title='bbox 1161 2168 1306 2210; x_wconf 90' lang='lat' dir='ltr'><strong>anno</strong></span> <span class='ocrx_word' id='word_1_225' title='bbox 1334 2152 1460 2220; x_wconf 71' lang='grc'>152,</span> <span class='ocrx_word' id='word_1_226' title='bbox 1491 2159 1730 2208; x_wconf 81' lang='lat' dir='ltr'><strong>exeunte</strong></span> <span class='ocrx_word' id='word_1_227' title='bbox 1756 2151 1922 2218; x_wconf 88' lang='lat' dir='ltr'><strong>Julio,</strong></span> <span class='ocrx_word' id='word_1_228' title='bbox 1958 2165 2025 2206; x_wconf 84' lang='lat' dir='ltr'><strong>ex</strong></span> <span class='ocrx_word' id='word_1_229' title='bbox 2055 2149 2157 2204; x_wconf 92' lang='lat' dir='ltr'><strong>hac</strong></span> <span class='ocrx_word' id='word_1_230' title='bbox 2186 2151 2234 2212; x_wconf 89' lang='lat' dir='ltr'><strong>B</strong></span> <span class='ocrx_word' id='word_1_231' title='bbox 2260 2158 2356 2218; x_wconf 88' lang='lat' dir='ltr'><strong>est,</strong></span> <span class='ocrx_word' id='word_1_232' title='bbox 2389 2150 2719 2208; x_wconf 74' lang='lat' dir='ltr'><strong>dilectissime</strong></span> <span class='ocrx_word' id='word_1_233' title='bbox 2745 2153 2927 2223; x_wconf 80' lang='lat' dir='ltr'><strong>frater,</strong></span> <span class='ocrx_word' id='word_1_234' title='bbox 2963 2162 3020 2208; x_wconf 89' lang='lat' dir='ltr'><strong>ut</strong></span> <span class='ocrx_word' id='word_1_235' title='bbox 3060 2157 3259 2228; x_wconf 80' lang='lat' dir='ltr'><strong>proprii</strong></span> <span class='ocrx_word' id='word_1_236' title='bbox 3299 2156 3425 2211; x_wconf 89' lang='lat' dir='ltr'><strong>doni</strong></span> <span class='ocrx_word' id='word_1_237' title='bbox 3464 2165 3665 2227; x_wconf 82' lang='lat' dir='ltr'><strong>custos,</strong></span> <span class='ocrx_word' id='word_1_238' title='bbox 3696 2162 3826 2216; x_wconf 81' lang='lat' dir='ltr'><strong>eccle-</strong></span> 
     </span>
    </p>
   </div>
   <div class='ocr_carea' id='block_1_37' title="bbox 563 2243 3824 2325">
    <p class='ocr_par' dir='ltr' id='par_1_37' title="bbox 563 2243 3824 2325">
     <span class='ocr_line' id='line_1_37' title="bbox 563 2243 3824 2325; baseline -0.002 -13"><span class='ocrx_word' id='word_1_239' title='bbox 563 2257 674 2312; x_wconf 87' lang='lat' dir='ltr'><strong>vita</strong></span> <span class='ocrx_word' id='word_1_240' title='bbox 710 2254 978 2325; x_wconf 87' lang='lat' dir='ltr'><strong>migravit,</strong></span> <span class='ocrx_word' id='word_1_241' title='bbox 1017 2251 1204 2306; x_wconf 80' lang='lat' dir='ltr'><strong>Xistus</strong></span> <span class='ocrx_word' id='word_1_242' title='bbox 1249 2248 1412 2318; x_wconf 89' lang='lat' dir='ltr'><strong>paulo</strong></span> <span class='ocrx_word' id='word_1_243' title='bbox 1455 2258 1574 2316; x_wconf 85' lang='lat' dir='ltr'><strong>post</strong></span> <span class='ocrx_word' id='word_1_244' title='bbox 1605 2245 1872 2300; x_wconf 87' lang='lat' dir='ltr'><strong>sufficitur</strong></span> <span class='ocrx_word' id='word_1_245' title='bbox 1912 2251 2073 2314; x_wconf 92' lang='lat' dir='ltr'><strong>atque</strong></span> <span class='ocrx_word' id='word_1_246' title='bbox 2104 2243 2157 2296; x_wconf 90' lang='lat' dir='ltr'><strong>in</strong></span> <span class='ocrx_word' id='word_1_247' title='bbox 2265 2243 2526 2299; x_wconf 88' lang='lat' dir='ltr'><strong>siasticam</strong></span> <span class='ocrx_word' id='word_1_248' title='bbox 2566 2261 2741 2314; x_wconf 84' lang='lat' dir='ltr'><strong>pacem</strong></span> <span class='ocrx_word' id='word_1_249' title='bbox 2769 2261 3073 2303; x_wconf 75' lang='lat' dir='ltr'><strong>conservare</strong></span> <span class='ocrx_word' id='word_1_250' title='bbox 3113 2249 3374 2320; x_wconf 84' lang='lat' dir='ltr'><strong>dignetur.</strong></span> <span class='ocrx_word' id='word_1_251' title='bbox 3409 2249 3686 2306; x_wconf 68' lang='lat' dir='ltr'><strong>Praeterea</strong></span> <span class='ocrx_word' id='word_1_252' title='bbox 3722 2251 3824 2308; x_wconf 87' lang='lat' dir='ltr'><strong>illud</strong></span> 
     </span>
    </p>
   </div>
   <div class='ocr_carea' id='block_1_38' title="bbox 565 2334 3827 2412">
    <p class='ocr_par' dir='ltr' id='par_1_38' title="bbox 565 2334 3827 2412">
     <span class='ocr_line' id='line_1_38' title="bbox 565 2334 3827 2412; baseline -0.001 -9"><span class='ocrx_word' id='word_1_253' title='bbox 565 2349 864 2403; x_wconf 78' lang='lat' dir='ltr'><strong>Romanam</strong></span> <span class='ocrx_word' id='word_1_254' title='bbox 897 2343 1081 2398; x_wconf 87' lang='lat' dir='ltr'><strong>sedem</strong></span> <span class='ocrx_word' id='word_1_255' title='bbox 1110 2340 1379 2397; x_wconf 83' lang='lat' dir='ltr'><strong>evehitur.</strong></span> <span class='ocrx_word' id='word_1_256' title='bbox 1410 2338 1664 2406; x_wconf 85' lang='lat' dir='ltr'><strong>Quicum</strong></span> <span class='ocrx_word' id='word_1_257' title='bbox 1696 2336 1843 2391; x_wconf 55' lang='lat' dir='ltr'><strong>.Etio</strong></span> <span class='ocrx_word' id='word_1_258' title='bbox 1873 2343 1919 2389; x_wconf 84' lang='lat' dir='ltr'><strong>et</strong></span> <span class='ocrx_word' id='word_1_259' title='bbox 1949 2334 2162 2390; x_wconf 86' lang='lat' dir='ltr'><strong>Valerio</strong></span> <span class='ocrx_word' id='word_1_260' title='bbox 2265 2349 2481 2406; x_wconf 88' lang='lat' dir='ltr'><strong>quoque</strong></span> <span class='ocrx_word' id='word_1_261' title='bbox 2517 2337 2838 2406; x_wconf 63' lang='lat' dir='ltr'><strong>praeclarum</strong></span> <span class='ocrx_word' id='word_1_262' title='bbox 2880 2348 3010 2395; x_wconf 91' lang='lat' dir='ltr'><strong>tunc</strong></span> <span class='ocrx_word' id='word_1_263' title='bbox 3045 2341 3261 2408; x_wconf 89' lang='lat' dir='ltr'><strong>accidit,</strong></span> <span class='ocrx_word' id='word_1_264' title='bbox 3299 2342 3442 2412; x_wconf 86' lang='lat' dir='ltr'><strong>quod</strong></span> <span class='ocrx_word' id='word_1_265' title='bbox 3484 2343 3610 2412; x_wconf 88' lang='lat' dir='ltr'><strong>ejus</strong></span> <span class='ocrx_word' id='word_1_266' title='bbox 3649 2344 3827 2400; x_wconf 80' lang='lat' dir='ltr'><strong>ordina-</strong></span> 
     </span>
    </p>
   </div>
   <div class='ocr_carea' id='block_1_39' title="bbox 567 2426 3827 2507">
    <p class='ocr_par' dir='ltr' id='par_1_39' title="bbox 567 2426 3827 2507">
     <span class='ocr_line' id='line_1_39' title="bbox 567 2426 3827 2507; baseline -0.002 -12"><span class='ocrx_word' id='word_1_267' title='bbox 567 2457 698 2496; x_wconf 86' lang='lat' dir='ltr'><strong>coss.</strong></span> <span class='ocrx_word' id='word_1_268' title='bbox 744 2445 961 2493; x_wconf 90' lang='lat' dir='ltr'><strong>creatus</strong></span> <span class='ocrx_word' id='word_1_269' title='bbox 1001 2435 1169 2490; x_wconf 90' lang='lat' dir='ltr'><strong>fuerit</strong></span> <span class='ocrx_word' id='word_1_270' title='bbox 1209 2433 1471 2504; x_wconf 86' lang='lat' dir='ltr'><strong>pontifex,</strong></span> <span class='ocrx_word' id='word_1_271' title='bbox 1523 2440 1802 2501; x_wconf 73' lang='lat' dir='ltr'><strong>postquam</strong></span> <span class='ocrx_word' id='word_1_272' title='bbox 1843 2430 1991 2484; x_wconf 89' lang='lat' dir='ltr'><strong>annis</strong></span> <span class='ocrx_word' id='word_1_273' title='bbox 2037 2429 2071 2482; x_wconf 90' lang='lat'><strong>8</strong></span> <span class='ocrx_word' id='word_1_274' title='bbox 2113 2435 2161 2482; x_wconf 88' lang='lat' dir='ltr'><strong>et</strong></span> <span class='ocrx_word' id='word_1_275' title='bbox 2269 2426 2403 2482; x_wconf 90' lang='lat' dir='ltr'><strong>tioni</strong></span> <span class='ocrx_word' id='word_1_276' title='bbox 2433 2437 2578 2483; x_wconf 88' lang='lat' dir='ltr'><strong>totus</strong></span> <span class='ocrx_word' id='word_1_277' title='bbox 2613 2429 2807 2484; x_wconf 87' lang='lat' dir='ltr'><strong>Oriens</strong></span> <span class='ocrx_word' id='word_1_278' title='bbox 2844 2431 3243 2501; x_wconf 88' lang='lat' dir='ltr'><strong>quodammodo</strong></span> <span class='ocrx_word' id='word_1_279' title='bbox 3286 2434 3621 2502; x_wconf 85' lang='lat' dir='ltr'><strong>interfuerit,</strong></span> <span class='ocrx_word' id='word_1_280' title='bbox 3665 2437 3827 2507; x_wconf 81' lang='lat' dir='ltr'><strong>quippe</strong></span> 
     </span>
    </p>
   </div>
   <div class='ocr_carea' id='block_1_40' title="bbox 573 2521 3828 2600">
    <p class='ocr_par' dir='ltr' id='par_1_40' title="bbox 573 2521 3828 2600">
     <span class='ocr_line' id='line_1_40' title="bbox 573 2521 3828 2600; baseline 0 -16"><span class='ocrx_word' id='word_1_281' title='bbox 573 2530 752 2584; x_wconf 78' lang='lat' dir='ltr'><strong>diebus</strong></span> <span class='ocrx_word' id='word_1_282' title='bbox 786 2531 851 2583; x_wconf 89' lang='lat'><strong>18</strong></span> <span class='ocrx_word' id='word_1_283' title='bbox 895 2527 1262 2598; x_wconf 89' lang='lat' dir='ltr'><strong>pontificatum</strong></span> <span class='ocrx_word' id='word_1_284' title='bbox 1295 2525 1572 2594; x_wconf 84' lang='lat' dir='ltr'><strong>gessisset,</strong></span> <span class='ocrx_word' id='word_1_285' title='bbox 1604 2537 1746 2577; x_wconf 90' lang='lat' dir='ltr'><strong>anno</strong></span> <span class='ocrx_word' id='word_1_286' title='bbox 1787 2521 2001 2577; x_wconf 90' lang='lat' dir='ltr'><strong>demum</strong></span> <span class='ocrx_word' id='word_1_287' title='bbox 2029 2521 2157 2587; x_wconf 82' lang='grc'><strong>440,</strong></span> <span class='ocrx_word' id='word_1_288' title='bbox 2266 2538 2385 2593; x_wconf 81' lang='lat' dir='ltr'><strong>quae</strong></span> <span class='ocrx_word' id='word_1_289' title='bbox 2416 2531 2634 2593; x_wconf 90' lang='lat' dir='ltr'><strong>peracta</strong></span> <span class='ocrx_word' id='word_1_290' title='bbox 2665 2523 2736 2579; x_wconf 91' lang='lat' dir='ltr'><strong>sit</strong></span> <span class='ocrx_word' id='word_1_291' title='bbox 2767 2525 3126 2592; x_wconf 65' lang='lat' dir='ltr'><strong>prmsentibus</strong></span> <span class='ocrx_word' id='word_1_292' title='bbox 3151 2526 3493 2598; x_wconf 83' lang='lat' dir='ltr'><strong>Hermogene</strong></span> <span class='ocrx_word' id='word_1_293' title='bbox 3532 2543 3598 2584; x_wconf 91' lang='lat' dir='ltr'><strong>ac</strong></span> <span class='ocrx_word' id='word_1_294' title='bbox 3637 2529 3828 2600; x_wconf 84' lang='lat' dir='ltr'><strong>Lampe-</strong></span> 
     </span>
    </p>
   </div>
   <div class='ocr_carea' id='block_1_41' title="bbox 583 2614 3828 2691">
    <p class='ocr_par' dir='ltr' id='par_1_41' title="bbox 583 2614 3828 2691">
     <span class='ocr_line' id='line_1_41' title="bbox 583 2614 3828 2691; baseline 0 -15"><span class='ocrx_word' id='word_1_295' title='bbox 583 2621 946 2676; x_wconf 83' lang='lat' dir='ltr'><strong>Valentiniano</strong></span> <span class='ocrx_word' id='word_1_296' title='bbox 974 2628 1194 2690; x_wconf 79' lang='lat' dir='ltr'><strong>augusto</strong></span> <span class='ocrx_word' id='word_1_297' title='bbox 1233 2634 1266 2671; x_wconf 86' lang='lat' dir='ltr'><strong>v</strong></span> <span class='ocrx_word' id='word_1_298' title='bbox 1304 2625 1350 2670; x_wconf 87' lang='lat' dir='ltr'><strong>et</strong></span> <span class='ocrx_word' id='word_1_299' title='bbox 1388 2615 1631 2670; x_wconf 82' lang='lat' dir='ltr'><strong>Anatolio</strong></span> <span class='ocrx_word' id='word_1_300' title='bbox 1669 2631 1802 2669; x_wconf 86' lang='lat' dir='ltr'><strong>coss.</strong></span> <span class='ocrx_word' id='word_1_301' title='bbox 1835 2629 1864 2670; x_wconf 91' lang='lat' dir='ltr'><strong>e</strong></span> <span class='ocrx_word' id='word_1_302' title='bbox 1895 2615 2029 2670; x_wconf 85' lang='lat' dir='ltr'><strong>vivis</strong></span> <span class='ocrx_word' id='word_1_303' title='bbox 2067 2629 2162 2669; x_wconf 85' lang='lat' dir='ltr'><strong>ex-</strong></span> <span class='ocrx_word' id='word_1_304' title='bbox 2268 2615 2344 2669; x_wconf 93' lang='lat' dir='ltr'><strong>tio</strong></span> <span class='ocrx_word' id='word_1_305' title='bbox 2394 2614 2770 2684; x_wconf 91' lang='lat' dir='ltr'><strong>episcoporum</strong></span> <span class='ocrx_word' id='word_1_306' title='bbox 2821 2615 3175 2673; x_wconf 88' lang='lat' dir='ltr'><strong>Orientalium</strong></span> <span class='ocrx_word' id='word_1_307' title='bbox 3221 2619 3433 2691; x_wconf 88' lang='lat' dir='ltr'><strong>legatis.</strong></span> <span class='ocrx_word' id='word_1_308' title='bbox 3477 2619 3571 2676; x_wconf 91' lang='lat' dir='ltr'><strong>Sic</strong></span> <span class='ocrx_word' id='word_1_309' title='bbox 3617 2621 3750 2676; x_wconf 88' lang='lat' dir='ltr'><strong>enim</strong></span> <span class='ocrx_word' id='word_1_310' title='bbox 3788 2622 3828 2676; x_wconf 89' lang='lat' dir='ltr'><strong>in</strong></span> 
     </span>
    </p>
   </div>
   <div class='ocr_carea' id='block_1_42' title="bbox 567 2705 2163 2782">
    <p class='ocr_par' dir='ltr' id='par_1_42' title="bbox 567 2705 2163 2782">
     <span class='ocr_line' id='line_1_42' title="bbox 567 2705 2163 2782; baseline -0.005 -12"><span class='ocrx_word' id='word_1_311' title='bbox 567 2713 752 2778; x_wconf 88' lang='lat' dir='ltr'><strong>cessit,</strong></span> <span class='ocrx_word' id='word_1_312' title='bbox 787 2721 844 2767; x_wconf 92' lang='lat' dir='ltr'><strong>ut</strong></span> <span class='ocrx_word' id='word_1_313' title='bbox 868 2727 932 2766; x_wconf 89' lang='lat' dir='ltr'><strong>ex</strong></span> <span class='ocrx_word' id='word_1_314' title='bbox 962 2710 1217 2782; x_wconf 89' lang='lat' dir='ltr'><strong>Prosperi</strong></span> <span class='ocrx_word' id='word_1_315' title='bbox 1249 2708 1519 2764; x_wconf 91' lang='lat' dir='ltr'><strong>Chronico</strong></span> <span class='ocrx_word' id='word_1_316' title='bbox 1538 2707 1820 2764; x_wconf 88' lang='lat' dir='ltr'><strong>erudimur</strong></span> <span class='ocrx_word' id='word_1_317' title='bbox 1849 2706 1947 2778; x_wconf 90' lang='lat' dir='ltr'><strong>(a).</strong></span> <span class='ocrx_word' id='word_1_318' title='bbox 1979 2707 2056 2762; x_wconf 91' lang='lat' dir='ltr'><strong>De</strong></span> <span class='ocrx_word' id='word_1_319' title='bbox 2076 2705 2163 2762; x_wconf 90' lang='lat' dir='ltr'><strong>die</strong></span> 
     </span>
    </p>
   </div>
   <div class='ocr_carea' id='block_1_43' title="bbox 569 2798 2161 2871">
    <p class='ocr_par' dir='ltr' id='par_1_43' title="bbox 569 2798 2161 2871">
     <span class='ocr_line' id='line_1_43' title="bbox 569 2798 2161 2871; baseline -0.003 -14"><span class='ocrx_word' id='word_1_320' title='bbox 569 2812 746 2860; x_wconf 89' lang='lat' dir='ltr'><strong>autem</strong></span> <span class='ocrx_word' id='word_1_321' title='bbox 787 2812 840 2858; x_wconf 86' lang='lat' dir='ltr'><strong>et</strong></span> <span class='ocrx_word' id='word_1_322' title='bbox 879 2818 1063 2858; x_wconf 90' lang='lat' dir='ltr'><strong>mense</strong></span> <span class='ocrx_word' id='word_1_323' title='bbox 1095 2817 1202 2871; x_wconf 91' lang='lat' dir='ltr'><strong>quo</strong></span> <span class='ocrx_word' id='word_1_324' title='bbox 1238 2802 1350 2856; x_wconf 90' lang='lat' dir='ltr'><strong>sive</strong></span> <span class='ocrx_word' id='word_1_325' title='bbox 1383 2801 1545 2854; x_wconf 91' lang='lat' dir='ltr'><strong>fuerit</strong></span> <span class='ocrx_word' id='word_1_326' title='bbox 1579 2798 1882 2866; x_wconf 89' lang='lat' dir='ltr'><strong>ordinatus,</strong></span> <span class='ocrx_word' id='word_1_327' title='bbox 1914 2799 2028 2853; x_wconf 91' lang='lat' dir='ltr'><strong>sive</strong></span> <span class='ocrx_word' id='word_1_328' title='bbox 2066 2813 2161 2854; x_wconf 91' lang='lat' dir='ltr'><strong>su-</strong></span> 
     </span>
    </p>
   </div>
   <div class='ocr_carea' id='block_1_44' title="bbox 570 2890 2160 2966">
    <p class='ocr_par' dir='ltr' id='par_1_44' title="bbox 570 2890 2160 2966">
     <span class='ocr_line' id='line_1_44' title="bbox 570 2890 2160 2966; baseline -0.006 -13"><span class='ocrx_word' id='word_1_329' title='bbox 570 2911 814 2966; x_wconf 89' lang='lat' dir='ltr'><strong>premum</strong></span> <span class='ocrx_word' id='word_1_330' title='bbox 853 2896 997 2952; x_wconf 91' lang='lat' dir='ltr'><strong>diem</strong></span> <span class='ocrx_word' id='word_1_331' title='bbox 1041 2895 1320 2958; x_wconf 83' lang='lat' dir='ltr'><strong>clauserit,</strong></span> <span class='ocrx_word' id='word_1_332' title='bbox 1364 2893 1504 2946; x_wconf 87' lang='lat' dir='ltr'><strong>haud</strong></span> <span class='ocrx_word' id='word_1_333' title='bbox 1547 2906 1778 2947; x_wconf 90' lang='lat' dir='ltr'><strong>concors</strong></span> <span class='ocrx_word' id='word_1_334' title='bbox 1807 2899 1892 2946; x_wconf 87' lang='lat' dir='ltr'><strong>est</strong></span> <span class='ocrx_word' id='word_1_335' title='bbox 1921 2890 2160 2945; x_wconf 86' lang='lat' dir='ltr'><strong>erudito-</strong></span> 
     </span>
    </p>
   </div>
   <div class='ocr_carea' id='block_1_45' title="bbox 568 2982 2156 3054">
    <p class='ocr_par' dir='ltr' id='par_1_45' title="bbox 568 2982 2156 3054">
     <span class='ocr_line' id='line_1_45' title="bbox 568 2982 2156 3054; baseline -0.003 -11"><span class='ocrx_word' id='word_1_336' title='bbox 568 3004 687 3044; x_wconf 90' lang='lat' dir='ltr'><strong>rum</strong></span> <span class='ocrx_word' id='word_1_337' title='bbox 719 2989 1008 3045; x_wconf 87' lang='lat' dir='ltr'><strong>sententia.</strong></span> <span class='ocrx_word' id='word_1_338' title='bbox 1040 2986 1146 3042; x_wconf 85' lang='lat' dir='ltr'><strong>Alii</strong></span> <span class='ocrx_word' id='word_1_339' title='bbox 1189 2986 1330 3040; x_wconf 90' lang='lat' dir='ltr'><strong>enim</strong></span> <span class='ocrx_word' id='word_1_340' title='bbox 1368 2985 1486 3054; x_wconf 87' lang='lat' dir='ltr'><strong>ejus</strong></span> <span class='ocrx_word' id='word_1_341' title='bbox 1528 2984 1922 3039; x_wconf 89' lang='lat' dir='ltr'><strong>ordinationem</strong></span> <span class='ocrx_word' id='word_1_342' title='bbox 1969 2982 2057 3038; x_wconf 94' lang='lat' dir='ltr'><strong>die</strong></span> <span class='ocrx_word' id='word_1_343' title='bbox 2091 2983 2156 3038; x_wconf 76' lang='lat'><strong>51</strong></span> 
     </span>
    </p>
   </div>
   <div class='ocr_carea' id='block_1_46' title="bbox 567 3076 2159 3149">
    <p class='ocr_par' dir='ltr' id='par_1_46' title="bbox 567 3076 2159 3149">
     <span class='ocr_line' id='line_1_46' title="bbox 567 3076 2159 3149; baseline -0.005 -11"><span class='ocrx_word' id='word_1_344' title='bbox 567 3081 718 3148; x_wconf 86' lang='lat' dir='ltr'><strong>Julii,</strong></span> <span class='ocrx_word' id='word_1_345' title='bbox 767 3097 884 3149; x_wconf 60' lang='lat' dir='ltr'><strong>tina:</strong></span> <span class='ocrx_word' id='word_1_346' title='bbox 930 3081 982 3135; x_wconf 91' lang='lat' dir='ltr'><strong>in</strong></span> <span class='ocrx_word' id='word_1_347' title='bbox 1027 3081 1167 3134; x_wconf 91' lang='lat' dir='ltr'><strong>diem</strong></span> <span class='ocrx_word' id='word_1_348' title='bbox 1219 3078 1548 3132; x_wconf 88' lang='lat' dir='ltr'><strong>Dominicam</strong></span> <span class='ocrx_word' id='word_1_349' title='bbox 1596 3076 1886 3142; x_wconf 87' lang='lat' dir='ltr'><strong>incidebat,</strong></span> <span class='ocrx_word' id='word_1_350' title='bbox 1932 3084 2159 3130; x_wconf 90' lang='lat' dir='ltr'><strong>mortem</strong></span> 
     </span>
    </p>
   </div>
   <div class='ocr_carea' id='block_1_47' title="bbox 567 3169 2160 3244">
    <p class='ocr_par' dir='ltr' id='par_1_47' title="bbox 567 3169 2160 3244">
     <span class='ocr_line' id='line_1_47' title="bbox 567 3169 2160 3244; baseline -0.003 -14"><span class='ocrx_word' id='word_1_351' title='bbox 567 3191 700 3232; x_wconf 88' lang='lat' dir='ltr'><strong>vero</strong></span> <span class='ocrx_word' id='word_1_352' title='bbox 729 3176 816 3231; x_wconf 90' lang='lat' dir='ltr'><strong>die</strong></span> <span class='ocrx_word' id='word_1_353' title='bbox 862 3177 927 3230; x_wconf 92' lang='lat'><strong>18</strong></span> <span class='ocrx_word' id='word_1_354' title='bbox 978 3174 1203 3244; x_wconf 84' lang='lat' dir='ltr'><strong>Augusti</strong></span> <span class='ocrx_word' id='word_1_355' title='bbox 1233 3171 1652 3241; x_wconf 81' lang='lat' dir='ltr'><strong>consignaudam</strong></span> <span class='ocrx_word' id='word_1_356' title='bbox 1683 3178 1904 3227; x_wconf 89' lang='lat' dir='ltr'><strong>censent</strong></span> <span class='ocrx_word' id='word_1_357' title='bbox 1928 3169 2023 3242; x_wconf 91' lang='lat' dir='ltr'><strong>(b).</strong></span> <span class='ocrx_word' id='word_1_358' title='bbox 2057 3169 2160 3225; x_wconf 79' lang='lat' dir='ltr'><strong>Alii</strong></span> 
     </span>
    </p>
   </div>
   <div class='ocr_carea' id='block_1_48' title="bbox 571 3263 2163 3337">
    <p class='ocr_par' dir='ltr' id='par_1_48' title="bbox 571 3263 2163 3337">
     <span class='ocr_line' id='line_1_48' title="bbox 571 3263 2163 3337; baseline -0.004 -13"><span class='ocrx_word' id='word_1_359' title='bbox 571 3279 750 3325; x_wconf 87' lang='lat' dir='ltr'><strong>autem</strong></span> <span class='ocrx_word' id='word_1_360' title='bbox 797 3268 958 3337; x_wconf 91' lang='lat' dir='ltr'><strong>paulo</strong></span> <span class='ocrx_word' id='word_1_361' title='bbox 998 3267 1176 3322; x_wconf 85' lang='lat' dir='ltr'><strong>aliter.</strong></span> <span class='ocrx_word' id='word_1_362' title='bbox 1233 3284 1252 3316; x_wconf 72' lang='grc' dir='ltr'><strong>ι</strong></span> <span class='ocrx_word' id='word_1_363' title='bbox 1307 3265 1360 3319; x_wconf 91' lang='lat' dir='ltr'><strong>ln</strong></span> <span class='ocrx_word' id='word_1_364' title='bbox 1405 3265 1545 3319; x_wconf 87' lang='lat' dir='ltr'><strong>libro</strong></span> <span class='ocrx_word' id='word_1_365' title='bbox 1591 3263 1914 3330; x_wconf 87' lang='lat' dir='ltr'><strong>Pontilicali,</strong></span> <span class='ocrx_word' id='word_1_366' title='bbox 1961 3264 2036 3317; x_wconf 88' lang='lat' dir='ltr'><strong>ait</strong></span> <span class='ocrx_word' id='word_1_367' title='bbox 2077 3263 2163 3318; x_wconf 89' lang='lat' dir='ltr'><strong>vir</strong></span> 
     </span>
    </p>
   </div>
   <div class='ocr_carea' id='block_1_49' title="bbox 2268 2705 3830 2784">
    <p class='ocr_par' dir='ltr' id='par_1_49' title="bbox 2268 2705 3830 2784">
     <span class='ocr_line' id='line_1_49' title="bbox 2268 2705 3830 2784; baseline 0.004 -24"><span class='ocrx_word' id='word_1_368' title='bbox 2268 2706 2456 2762; x_wconf 87' lang='lat' dir='ltr'><strong>eadem</strong></span> <span class='ocrx_word' id='word_1_369' title='bbox 2501 2707 2568 2762; x_wconf 91' lang='lat' dir='ltr'><strong>ad</strong></span> <span class='ocrx_word' id='word_1_370' title='bbox 2609 2705 2870 2779; x_wconf 84' lang='lat' dir='ltr'><strong>Cyrillum</strong></span> <span class='ocrx_word' id='word_1_371' title='bbox 2901 2709 3133 2780; x_wconf 86' lang='lat' dir='ltr'><strong>epistola</strong></span> <span class='ocrx_word' id='word_1_372' title='bbox 3170 2712 3407 2783; x_wconf 89' lang='lat' dir='ltr'><strong>loquitur</strong></span> <span class='ocrx_word' id='word_1_373' title='bbox 3433 2723 3658 2770; x_wconf 84' lang='lat' dir='ltr'><strong>sanctus</strong></span> <span class='ocrx_word' id='word_1_374' title='bbox 3685 2715 3830 2784; x_wconf 84' lang='lat' dir='ltr'><strong>ponti-</strong></span> 
     </span>
    </p>
   </div>
   <div class='ocr_carea' id='block_1_50' title="bbox 2266 2799 3827 2871">
    <p class='ocr_par' dir='ltr' id='par_1_50' title="bbox 2266 2799 3827 2871">
     <span class='ocr_line' id='line_1_50' title="bbox 2266 2799 3827 2871; baseline 0.006 -18"><span class='ocrx_word' id='word_1_375' title='bbox 2266 2799 2354 2854; x_wconf 86' lang='lat' dir='ltr'><strong>fex</strong></span> <span class='ocrx_word' id='word_1_376' title='bbox 2385 2801 2462 2871; x_wconf 85' lang='lat' dir='ltr'><strong>(g)</strong></span> <span class='ocrx_word' id='word_1_377' title='bbox 2490 2817 2506 2856; x_wconf 90' lang='lat'>:</span> <span class='ocrx_word' id='word_1_378' title='bbox 2538 2799 2778 2856; x_wconf 85' lang='lat' dir='ltr'><strong>Gratiam</strong></span> <span class='ocrx_word' id='word_1_379' title='bbox 2803 2802 3043 2858; x_wconf 78' lang='lat' dir='ltr'><strong>habentes</strong></span> <span class='ocrx_word' id='word_1_380' title='bbox 3069 2804 3169 2861; x_wconf 87' lang='lat' dir='ltr'><strong>Dei</strong></span> <span class='ocrx_word' id='word_1_381' title='bbox 3191 2808 3352 2861; x_wconf 90' lang='lat' dir='ltr'><strong>nostri</strong></span> <span class='ocrx_word' id='word_1_382' title='bbox 3384 2807 3523 2861; x_wconf 88' lang='lat' dir='ltr'><strong>circa</strong></span> <span class='ocrx_word' id='word_1_383' title='bbox 3555 2824 3650 2862; x_wconf 84' lang='lat' dir='ltr'><strong>nos</strong></span> <span class='ocrx_word' id='word_1_384' title='bbox 3676 2808 3827 2862; x_wconf 79' lang='lat' dir='ltr'><strong>huma-</strong></span> 
     </span>
    </p>
   </div>
   <div class='ocr_carea' id='block_1_51' title="bbox 2267 2893 3830 2969">
    <p class='ocr_par' dir='ltr' id='par_1_51' title="bbox 2267 2893 3830 2969">
     <span class='ocr_line' id='line_1_51' title="bbox 2267 2893 3830 2969; baseline 0.006 -24"><span class='ocrx_word' id='word_1_385' title='bbox 2267 2893 2440 2958; x_wconf 88' lang='lat' dir='ltr'><strong>nitati,</strong></span> <span class='ocrx_word' id='word_1_386' title='bbox 2468 2895 2604 2963; x_wconf 91' lang='lat' dir='ltr'><strong>quod</strong></span> <span class='ocrx_word' id='word_1_387' title='bbox 2635 2911 2694 2949; x_wconf 90' lang='lat' dir='ltr'><strong>eo</strong></span> <span class='ocrx_word' id='word_1_388' title='bbox 2727 2904 2949 2967; x_wconf 89' lang='lat' dir='ltr'><strong>tempore</strong></span> <span class='ocrx_word' id='word_1_389' title='bbox 2984 2913 3084 2964; x_wconf 90' lang='lat' dir='ltr'><strong>quo</strong></span> <span class='ocrx_word' id='word_1_390' title='bbox 3119 2914 3211 2952; x_wconf 89' lang='lat' dir='ltr'><strong>nos</strong></span> <span class='ocrx_word' id='word_1_391' title='bbox 3246 2898 3315 2953; x_wconf 86' lang='lat' dir='ltr'><strong>ad</strong></span> <span class='ocrx_word' id='word_1_392' title='bbox 3349 2915 3658 2969; x_wconf 87' lang='lat' dir='ltr'><strong>supremum</strong></span> <span class='ocrx_word' id='word_1_393' title='bbox 3691 2917 3830 2955; x_wconf 82' lang='lat' dir='ltr'><strong>sacer-</strong></span> 
     </span>
    </p>
   </div>
   <div class='ocr_carea' id='block_1_52' title="bbox 2267 2984 3830 3061">
    <p class='ocr_par' dir='ltr' id='par_1_52' title="bbox 2267 2984 3830 3061">
     <span class='ocr_line' id='line_1_52' title="bbox 2267 2984 3830 3061; baseline 0.006 -23"><span class='ocrx_word' id='word_1_394' title='bbox 2267 2984 2397 3039; x_wconf 82' lang='lat' dir='ltr'><strong>dotii</strong></span> <span class='ocrx_word' id='word_1_395' title='bbox 2431 2987 2624 3057; x_wconf 84' lang='lat' dir='ltr'><strong>apicem</strong></span> <span class='ocrx_word' id='word_1_396' title='bbox 2663 3003 2847 3041; x_wconf 88' lang='lat' dir='ltr'><strong>vocare</strong></span> <span class='ocrx_word' id='word_1_397' title='bbox 2887 2989 3134 3061; x_wconf 87' lang='lat' dir='ltr'><strong>dignatus</strong></span> <span class='ocrx_word' id='word_1_398' title='bbox 3172 3001 3268 3058; x_wconf 84' lang='lat' dir='ltr'><strong>est,</strong></span> <span class='ocrx_word' id='word_1_399' title='bbox 3309 2985 3559 3047; x_wconf 83' lang='lat' dir='ltr'><strong>concessit</strong></span> <span class='ocrx_word' id='word_1_400' title='bbox 3599 2995 3736 3048; x_wconf 82' lang='lat' dir='ltr'><strong>nobis</strong></span> <span class='ocrx_word' id='word_1_401' title='bbox 3769 3010 3830 3048; x_wconf 84' lang='lat' dir='ltr'><strong>se-</strong></span> 
     </span>
    </p>
   </div>
   <div class='ocr_carea' id='block_1_53' title="bbox 2267 3080 3832 3155">
    <p class='ocr_par' dir='ltr' id='par_1_53' title="bbox 2267 3080 3832 3155">
     <span class='ocr_line' id='line_1_53' title="bbox 2267 3080 3832 3155; baseline 0.006 -24"><span class='ocrx_word' id='word_1_402' title='bbox 2267 3080 2497 3132; x_wconf 86' lang='lat' dir='ltr'><strong>cundum</strong></span> <span class='ocrx_word' id='word_1_403' title='bbox 2525 3081 2764 3146; x_wconf 84' lang='lat' dir='ltr'><strong>pietatem</strong></span> <span class='ocrx_word' id='word_1_404' title='bbox 2793 3090 2956 3147; x_wconf 87' lang='lat' dir='ltr'><strong>tuam,</strong></span> <span class='ocrx_word' id='word_1_405' title='bbox 2978 3085 3306 3154; x_wconf 68' lang='lat' dir='ltr'><strong>prasentiam</strong></span> <span class='ocrx_word' id='word_1_406' title='bbox 3325 3093 3623 3140; x_wconf 88' lang='lat' dir='ltr'><strong>sanctorum</strong></span> <span class='ocrx_word' id='word_1_407' title='bbox 3641 3086 3832 3155; x_wconf 78' lang='lat' dir='ltr'><strong>fratrum</strong></span> 
     </span>
    </p>
   </div>
   <div class='ocr_carea' id='block_1_54' title="bbox 2267 3172 3830 3248">
    <p class='ocr_par' dir='ltr' id='par_1_54' title="bbox 2267 3172 3830 3248">
     <span class='ocr_line' id='line_1_54' title="bbox 2267 3172 3830 3248; baseline 0.003 -23"><span class='ocrx_word' id='word_1_408' title='bbox 2267 3177 2315 3225; x_wconf 89' lang='lat' dir='ltr'><strong>et</strong></span> <span class='ocrx_word' id='word_1_409' title='bbox 2343 3172 2764 3242; x_wconf 83' lang='lat' dir='ltr'><strong>coepiscoporum</strong></span> <span class='ocrx_word' id='word_1_410' title='bbox 2794 3187 3089 3229; x_wconf 86' lang='lat' dir='ltr'><strong>nostrorum</strong></span> <span class='ocrx_word' id='word_1_411' title='bbox 3117 3174 3459 3248; x_wconf 84' lang='lat' dir='ltr'><strong>Hermogenis</strong></span> <span class='ocrx_word' id='word_1_412' title='bbox 3487 3185 3538 3231; x_wconf 83' lang='lat' dir='ltr'><strong>et</strong></span> <span class='ocrx_word' id='word_1_413' title='bbox 3567 3176 3830 3246; x_wconf 85' lang='lat' dir='ltr'><strong>Lampetii;</strong></span> 
     </span>
    </p>
   </div>
   <div class='ocr_carea' id='block_1_55' title="bbox 2268 3270 3831 3342">
    <p class='ocr_par' dir='ltr' id='par_1_55' title="bbox 2268 3270 3831 3342">
     <span class='ocr_line' id='line_1_55' title="bbox 2268 3270 3831 3342; baseline 0.003 -20"><span class='ocrx_word' id='word_1_414' title='bbox 2268 3270 2558 3324; x_wconf 86' lang='lat' dir='ltr'><strong>necessario</strong></span> <span class='ocrx_word' id='word_1_415' title='bbox 2579 3271 2647 3323; x_wconf 89' lang='lat' dir='ltr'><strong>ad</strong></span> <span class='ocrx_word' id='word_1_416' title='bbox 2673 3279 2891 3325; x_wconf 78' lang='lat' dir='ltr'><strong>vestram</strong></span> <span class='ocrx_word' id='word_1_417' title='bbox 2917 3272 3292 3341; x_wconf 86' lang='lat' dir='ltr'><strong>fraternitatem</strong></span> <span class='ocrx_word' id='word_1_418' title='bbox 3318 3288 3409 3342; x_wconf 88' lang='lat' dir='ltr'><strong>per</strong></span> <span class='ocrx_word' id='word_1_419' title='bbox 3423 3288 3510 3326; x_wconf 88' lang='lat' dir='ltr'><strong>eos</strong></span> <span class='ocrx_word' id='word_1_420' title='bbox 3539 3273 3634 3327; x_wconf 83' lang='lat' dir='ltr'><strong>has</strong></span> <span class='ocrx_word' id='word_1_421' title='bbox 3663 3273 3831 3327; x_wconf 82' lang='lat' dir='ltr'><strong>litteras</strong></span> 
     </span>
    </p>
   </div>
   <div class='ocr_carea' id='block_1_56' title="bbox 572 3353 3830 3428">
    <p class='ocr_par' dir='ltr' id='par_1_56' title="bbox 572 3353 3830 3428">
     <span class='ocr_line' id='line_1_56' title="bbox 572 3353 3830 3428; baseline 0 -10"><span class='ocrx_word' id='word_1_422' title='bbox 572 3359 765 3418; x_wconf 84' lang='lat' dir='ltr'><strong>doctus</strong></span> <span class='ocrx_word' id='word_1_423' title='bbox 812 3356 906 3427; x_wconf 75' lang='lat' dir='ltr'><strong>(ci,</strong></span> <span class='ocrx_word' id='word_1_424' title='bbox 955 3358 1040 3413; x_wconf 85' lang='lat' dir='ltr'><strong>cui</strong></span> <span class='ocrx_word' id='word_1_425' title='bbox 1089 3365 1454 3426; x_wconf 89' lang='lat' dir='ltr'><strong>pervetustum</strong></span> <span class='ocrx_word' id='word_1_426' title='bbox 1510 3354 1785 3422; x_wconf 85' lang='lat' dir='ltr'><strong>exemplar</strong></span> <span class='ocrx_word' id='word_1_427' title='bbox 1826 3353 2162 3409; x_wconf 86' lang='lat' dir='ltr'><strong>Corbeiense</strong></span> <span class='ocrx_word' id='word_1_428' title='bbox 2267 3361 2524 3428; x_wconf 84' lang='lat' dir='ltr'><strong>dedimus,</strong></span> <span class='ocrx_word' id='word_1_429' title='bbox 2547 3371 2697 3417; x_wconf 89' lang='lat' dir='ltr'><strong>testes</strong></span> <span class='ocrx_word' id='word_1_430' title='bbox 2729 3364 3073 3418; x_wconf 86' lang='lat' dir='ltr'><strong>ordinationis</strong></span> <span class='ocrx_word' id='word_1_431' title='bbox 3099 3373 3309 3419; x_wconf 73' lang='lat' dir='ltr'><strong>nostrae.</strong></span> <span class='ocrx_word' id='word_1_432' title='bbox 3343 3362 3408 3418; x_wconf 86' lang='lat' dir='ltr'><strong>In</strong></span> <span class='ocrx_word' id='word_1_433' title='bbox 3430 3363 3512 3418; x_wconf 86' lang='lat' dir='ltr'><strong>his</strong></span> <span class='ocrx_word' id='word_1_434' title='bbox 3530 3365 3668 3418; x_wconf 85' lang='lat' dir='ltr'><strong>enim</strong></span> <span class='ocrx_word' id='word_1_435' title='bbox 3687 3380 3830 3418; x_wconf 85' lang='lat' dir='ltr'><strong>omnes</strong></span> 
     </span>
    </p>
   </div>
   <div class='ocr_carea' id='block_1_57' title="bbox 571 3445 3830 3527">
    <p class='ocr_par' dir='ltr' id='par_1_57' title="bbox 571 3445 3830 3527">
     <span class='ocr_line' id='line_1_57' title="bbox 571 3445 3830 3527; baseline 0.003 -29"><span class='ocrx_word' id='word_1_436' title='bbox 571 3453 770 3523; x_wconf 75' lang='lat' dir='ltr'><strong>aliique</strong></span> <span class='ocrx_word' id='word_1_437' title='bbox 825 3451 1184 3506; x_wconf 77' lang='lat' dir='ltr'><strong>Romanorum</strong></span> <span class='ocrx_word' id='word_1_438' title='bbox 1233 3449 1541 3520; x_wconf 81' lang='lat' dir='ltr'><strong>pontiﬁcum</strong></span> <span class='ocrx_word' id='word_1_439' title='bbox 1583 3457 1792 3502; x_wconf 87' lang='lat' dir='ltr'><strong>veteres</strong></span> <span class='ocrx_word' id='word_1_440' title='bbox 1834 3445 2058 3516; x_wconf 89' lang='lat' dir='ltr'><strong>catalogi</strong></span> <span class='ocrx_word' id='word_1_441' title='bbox 2099 3460 2163 3501; x_wconf 85' lang='lat' dir='ltr'><strong>ac</strong></span> <span class='ocrx_word' id='word_1_442' title='bbox 2267 3469 2353 3507; x_wconf 89' lang='lat' dir='ltr'><strong>vos</strong></span> <span class='ocrx_word' id='word_1_443' title='bbox 2395 3471 2429 3507; x_wconf 92' lang='lat' dir='ltr'><strong>a</strong></span> <span class='ocrx_word' id='word_1_444' title='bbox 2463 3456 2643 3520; x_wconf 85' lang='lat' dir='ltr'><strong>quibus</strong></span> <span class='ocrx_word' id='word_1_445' title='bbox 2684 3454 2765 3508; x_wconf 82' lang='lat' dir='ltr'><strong>illi</strong></span> <span class='ocrx_word' id='word_1_446' title='bbox 2806 3456 2949 3510; x_wconf 85' lang='lat' dir='ltr'><strong>missi</strong></span> <span class='ocrx_word' id='word_1_447' title='bbox 2991 3456 3220 3527; x_wconf 82' lang='lat' dir='ltr'><strong>fuerunt,</strong></span> <span class='ocrx_word' id='word_1_448' title='bbox 3255 3455 3474 3512; x_wconf 84' lang='lat' dir='ltr'><strong>astitisse</strong></span> <span class='ocrx_word' id='word_1_449' title='bbox 3498 3455 3830 3511; x_wconf 81' lang='lat' dir='ltr'><strong>credidimus:</strong></span> 
     </span>
    </p>
   </div>
   <div class='ocr_carea' id='block_1_58' title="bbox 573 3538 3830 3618">
    <p class='ocr_par' dir='ltr' id='par_1_58' title="bbox 573 3538 3830 3618">
     <span class='ocr_line' id='line_1_58' title="bbox 573 3538 3830 3618; baseline 0 -17"><span class='ocrx_word' id='word_1_450' title='bbox 573 3547 828 3616; x_wconf 88' lang='lat' dir='ltr'><strong>Prosper,</strong></span> <span class='ocrx_word' id='word_1_451' title='bbox 873 3546 1064 3599; x_wconf 88' lang='lat' dir='ltr'><strong>saltem</strong></span> <span class='ocrx_word' id='word_1_452' title='bbox 1111 3545 1164 3597; x_wconf 93' lang='lat' dir='ltr'><strong>in</strong></span> <span class='ocrx_word' id='word_1_453' title='bbox 1207 3542 1497 3596; x_wconf 89' lang='lat' dir='ltr'><strong>novissima</strong></span> <span class='ocrx_word' id='word_1_454' title='bbox 1539 3540 1800 3607; x_wconf 90' lang='lat' dir='ltr'><strong>editione,</strong></span> <span class='ocrx_word' id='word_1_455' title='bbox 1841 3538 2157 3605; x_wconf 90' lang='lat' dir='ltr'><strong>concinunt,</strong></span> <span class='ocrx_word' id='word_1_456' title='bbox 2186 3539 2232 3602; x_wconf 90' lang='lat' dir='ltr'><strong>C</strong></span> <span class='ocrx_word' id='word_1_457' title='bbox 2264 3547 2681 3616; x_wconf 82' lang='lat' dir='ltr'><strong>quandoquidem</strong></span> <span class='ocrx_word' id='word_1_458' title='bbox 2719 3548 3014 3602; x_wconf 88' lang='lat' dir='ltr'><strong>nullatenus</strong></span> <span class='ocrx_word' id='word_1_459' title='bbox 3051 3547 3324 3602; x_wconf 79' lang='lat' dir='ltr'><strong>intervallo</strong></span> <span class='ocrx_word' id='word_1_460' title='bbox 3364 3557 3695 3618; x_wconf 85' lang='lat' dir='ltr'><strong>separantur,</strong></span> <span class='ocrx_word' id='word_1_461' title='bbox 3725 3562 3830 3618; x_wconf 82' lang='lat' dir='ltr'><strong>quos</strong></span> 
     </span>
    </p>
   </div>
   <div class='ocr_carea' id='block_1_59' title="bbox 574 3631 2146 3711">
    <p class='ocr_par' dir='ltr' id='par_1_59' title="bbox 574 3631 2146 3704">
     <span class='ocr_line' id='line_1_59' title="bbox 574 3631 2146 3704; baseline -0.005 -11"><span class='ocrx_word' id='word_1_462' title='bbox 574 3638 716 3693; x_wconf 91' lang='lat' dir='ltr'><strong>idem</strong></span> <span class='ocrx_word' id='word_1_463' title='bbox 761 3635 998 3704; x_wconf 83' lang='lat' dir='ltr'><strong>pontifex</strong></span> <span class='ocrx_word' id='word_1_464' title='bbox 1040 3635 1196 3690; x_wconf 88' lang='lat' dir='ltr'><strong>annis</strong></span> <span class='ocrx_word' id='word_1_465' title='bbox 1239 3635 1272 3690; x_wconf 93' lang='lat'>8</span> <span class='ocrx_word' id='word_1_466' title='bbox 1310 3649 1372 3688; x_wconf 90' lang='lat' dir='ltr'><strong>ac</strong></span> <span class='ocrx_word' id='word_1_467' title='bbox 1410 3633 1598 3688; x_wconf 90' lang='lat' dir='ltr'><strong>diebus</strong></span> <span class='ocrx_word' id='word_1_468' title='bbox 1629 3633 1695 3688; x_wconf 91' lang='lat'><strong>18</strong></span> <span class='ocrx_word' id='word_1_469' title='bbox 1732 3631 1985 3687; x_wconf 82' lang='lat' dir='ltr'><strong>Ecclesiae</strong></span> <span class='ocrx_word' id='word_1_470' title='bbox 2016 3646 2146 3700; x_wconf 76' lang='lat' dir='ltr'><strong>prte-</strong></span> 
     </span>
    </p>
   </div>
   <div class='ocr_carea' id='block_1_60' title="bbox 2258 3631 3014 3711">
    <p class='ocr_par' dir='ltr' id='par_1_60' title="bbox 2261 3641 3014 3711">
     <span class='ocr_line' id='line_1_60' title="bbox 2261 3641 3014 3711; baseline 0.003 -18"><span class='ocrx_word' id='word_1_471' title='bbox 2261 3641 2513 3694; x_wconf 79' lang='lat' dir='ltr'><strong>connectit</strong></span> <span class='ocrx_word' id='word_1_472' title='bbox 2542 3641 2710 3711; x_wconf 87' lang='lat' dir='ltr'><strong>gratia</strong></span> <span class='ocrx_word' id='word_1_473' title='bbox 2739 3641 3014 3709; x_wconf 82' lang='lat' dir='ltr'><strong>spiritalis.</strong></span> 
     </span>
    </p>
   </div>
   <div class='ocr_carea' id='block_1_61' title="bbox 576 3725 3830 3808">
    <p class='ocr_par' dir='ltr' id='par_1_61' title="bbox 576 3725 3830 3808">
     <span class='ocr_line' id='line_1_61' title="bbox 576 3725 3830 3808; baseline 0 -20"><span class='ocrx_word' id='word_1_474' title='bbox 576 3732 746 3788; x_wconf 78' lang='lat' dir='ltr'><strong>fuisse</strong></span> <span class='ocrx_word' id='word_1_475' title='bbox 775 3731 992 3786; x_wconf 91' lang='lat' dir='ltr'><strong>dicitur.</strong></span> <span class='ocrx_word' id='word_1_476' title='bbox 1023 3731 1383 3808; x_wconf 41' lang='lat' dir='ltr'><strong>Quapropter‘</strong></span> <span class='ocrx_word' id='word_1_477' title='bbox 1400 3727 1669 3782; x_wconf 88' lang='lat' dir='ltr'><strong>Antonius</strong></span> <span class='ocrx_word' id='word_1_478' title='bbox 1698 3725 1890 3795; x_wconf 83' lang='lat' dir='ltr'><strong>Pagius</strong></span> <span class='ocrx_word' id='word_1_479' title='bbox 1924 3725 2041 3794; x_wconf 88' lang='lat' dir='ltr'><strong>ejus</strong></span> <span class='ocrx_word' id='word_1_480' title='bbox 2066 3739 2157 3778; x_wconf 91' lang='lat' dir='ltr'><strong>or-</strong></span> <span class='ocrx_word' id='word_1_481' title='bbox 2334 3731 2383 3786; x_wconf 81' lang='lat'><strong>3.</strong></span> <span class='ocrx_word' id='word_1_482' title='bbox 2429 3733 2673 3803; x_wconf 83' lang='lat' dir='ltr'><strong>Magnam</strong></span> <span class='ocrx_word' id='word_1_483' title='bbox 2722 3734 2806 3790; x_wconf 91' lang='lat' dir='ltr'><strong>sui</strong></span> <span class='ocrx_word' id='word_1_484' title='bbox 2851 3732 3084 3789; x_wconf 80' lang='lat' dir='ltr'><strong>nominis</strong></span> <span class='ocrx_word' id='word_1_485' title='bbox 3124 3733 3491 3790; x_wconf 86' lang='lat' dir='ltr'><strong>celebritatem</strong></span> <span class='ocrx_word' id='word_1_486' title='bbox 3536 3740 3830 3788; x_wconf 76' lang='lat' dir='ltr'><strong>consecutus</strong></span> 
     </span>
    </p>
   </div>
   <div class='ocr_carea' id='block_1_62' title="bbox 572 3818 3825 3897">
    <p class='ocr_par' dir='ltr' id='par_1_62' title="bbox 572 3818 3825 3897">
     <span class='ocr_line' id='line_1_62' title="bbox 572 3818 3825 3897; baseline -0.001 -14"><span class='ocrx_word' id='word_1_487' title='bbox 572 3827 902 3883; x_wconf 89' lang='lat' dir='ltr'><strong>dinationem</strong></span> <span class='ocrx_word' id='word_1_488' title='bbox 959 3825 1011 3878; x_wconf 92' lang='lat' dir='ltr'><strong>in</strong></span> <span class='ocrx_word' id='word_1_489' title='bbox 1073 3824 1273 3878; x_wconf 89' lang='lat' dir='ltr'><strong>mensis</strong></span> <span class='ocrx_word' id='word_1_490' title='bbox 1319 3821 1449 3878; x_wconf 86' lang='lat' dir='ltr'><strong>Julii</strong></span> <span class='ocrx_word' id='word_1_491' title='bbox 1500 3821 1625 3875; x_wconf 90' lang='lat' dir='ltr'><strong>anni</strong></span> <span class='ocrx_word' id='word_1_492' title='bbox 1679 3818 1788 3875; x_wconf 74' lang='grc'><strong>452</strong></span> <span class='ocrx_word' id='word_1_493' title='bbox 1846 3819 2157 3889; x_wconf 60' lang='lat' dir='ltr'><strong>vigesimum</strong></span> <span class='ocrx_word' id='word_1_494' title='bbox 2263 3835 2346 3881; x_wconf 81' lang='lat' dir='ltr'><strong>est</strong></span> <span class='ocrx_word' id='word_1_495' title='bbox 2375 3825 2598 3897; x_wconf 83' lang='lat' dir='ltr'><strong>Xystus,</strong></span> <span class='ocrx_word' id='word_1_496' title='bbox 2631 3841 2753 3880; x_wconf 87' lang='lat' dir='ltr'><strong>cum</strong></span> <span class='ocrx_word' id='word_1_497' title='bbox 2794 3828 2969 3881; x_wconf 87' lang='lat' dir='ltr'><strong>adhuc</strong></span> <span class='ocrx_word' id='word_1_498' title='bbox 3001 3827 3305 3897; x_wconf 84' lang='lat' dir='ltr'><strong>presbyteri</strong></span> <span class='ocrx_word' id='word_1_499' title='bbox 3345 3840 3572 3881; x_wconf 86' lang='lat' dir='ltr'><strong>munere</strong></span> <span class='ocrx_word' id='word_1_500' title='bbox 3603 3825 3825 3894; x_wconf 87' lang='lat' dir='ltr'><strong>fungere-</strong></span> 
     </span>
    </p>
   </div>
   <div class='ocr_carea' id='block_1_63' title="bbox 571 3910 3823 3992">
    <p class='ocr_par' dir='ltr' id='par_1_63' title="bbox 571 3910 3823 3992">
     <span class='ocr_line' id='line_1_63' title="bbox 571 3910 3823 3992; baseline -0.003 -18"><span class='ocrx_word' id='word_1_501' title='bbox 571 3929 817 3992; x_wconf 90' lang='lat' dir='ltr'><strong>quartam</strong></span> <span class='ocrx_word' id='word_1_502' title='bbox 864 3933 984 3987; x_wconf 76' lang='lat' dir='ltr'><strong>qua:</strong></span> <span class='ocrx_word' id='word_1_503' title='bbox 1026 3916 1294 3973; x_wconf 85' lang='lat' dir='ltr'><strong>dominica</strong></span> <span class='ocrx_word' id='word_1_504' title='bbox 1328 3924 1464 3980; x_wconf 91' lang='lat' dir='ltr'><strong>erat,</strong></span> <span class='ocrx_word' id='word_1_505' title='bbox 1502 3922 1558 3968; x_wconf 90' lang='lat' dir='ltr'><strong>et</strong></span> <span class='ocrx_word' id='word_1_506' title='bbox 1600 3912 1806 3967; x_wconf 88' lang='lat' dir='ltr'><strong>obitum</strong></span> <span class='ocrx_word' id='word_1_507' title='bbox 1839 3911 1889 3965; x_wconf 89' lang='lat' dir='ltr'><strong>in</strong></span> <span class='ocrx_word' id='word_1_508' title='bbox 1924 3910 1984 3964; x_wconf 81' lang='grc'><strong>11</strong></span> <span class='ocrx_word' id='word_1_509' title='bbox 2015 3910 2157 3965; x_wconf 87' lang='lat' dir='ltr'><strong>diem</strong></span> <span class='ocrx_word' id='word_1_510' title='bbox 2265 3925 2374 3972; x_wconf 77' lang='lat' dir='ltr'><strong>tur.</strong></span> <span class='ocrx_word' id='word_1_511' title='bbox 2420 3919 2633 3973; x_wconf 78' lang='lat' dir='ltr'><strong>Primus</strong></span> <span class='ocrx_word' id='word_1_512' title='bbox 2678 3920 2819 3974; x_wconf 79' lang='lat' dir='ltr'><strong>enim</strong></span> <span class='ocrx_word' id='word_1_513' title='bbox 2868 3920 3127 3974; x_wconf 79' lang='lat' dir='ltr'><strong>adversus</strong></span> <span class='ocrx_word' id='word_1_514' title='bbox 3162 3919 3478 3990; x_wconf 67' lang='lat' dir='ltr'><strong>Pelagianos</strong></span> <span class='ocrx_word' id='word_1_515' title='bbox 3518 3934 3699 3974; x_wconf 79' lang='lat' dir='ltr'><strong>coram</strong></span> <span class='ocrx_word' id='word_1_516' title='bbox 3736 3916 3823 3970; x_wconf 81' lang='lat' dir='ltr'><strong>frc-</strong></span> 
     </span>
    </p>
   </div>
   <div class='ocr_carea' id='block_1_64' title="bbox 570 4005 3828 4082">
    <p class='ocr_par' dir='ltr' id='par_1_64' title="bbox 570 4005 3828 4082">
     <span class='ocr_line' id='line_1_64' title="bbox 570 4005 3828 4082; baseline -0.002 -13"><span class='ocrx_word' id='word_1_517' title='bbox 570 4013 772 4070; x_wconf 88' lang='lat' dir='ltr'><strong>mensis</strong></span> <span class='ocrx_word' id='word_1_518' title='bbox 805 4011 1028 4081; x_wconf 83' lang='lat' dir='ltr'><strong>Augusti</strong></span> <span class='ocrx_word' id='word_1_519' title='bbox 1057 4011 1181 4065; x_wconf 91' lang='lat' dir='ltr'><strong>anni</strong></span> <span class='ocrx_word' id='word_1_520' title='bbox 1215 4008 1341 4076; x_wconf 75' lang='grc'><strong>440,</strong></span> <span class='ocrx_word' id='word_1_521' title='bbox 1372 4008 1549 4062; x_wconf 87' lang='lat' dir='ltr'><strong>differt</strong></span> <span class='ocrx_word' id='word_1_522' title='bbox 1579 4007 1698 4076; x_wconf 83' lang='lat' dir='ltr'><strong>(d);</strong></span> <span class='ocrx_word' id='word_1_523' title='bbox 1730 4005 1896 4061; x_wconf 87' lang='lat' dir='ltr'><strong>fultus</strong></span> <span class='ocrx_word' id='word_1_524' title='bbox 1927 4019 2160 4073; x_wconf 65' lang='lat' dir='ltr'><strong>prteserv</strong></span> <span class='ocrx_word' id='word_1_525' title='bbox 2263 4012 2618 4080; x_wconf 90' lang='lat' dir='ltr'><strong>quentissimo</strong></span> <span class='ocrx_word' id='word_1_526' title='bbox 2671 4012 2871 4081; x_wconf 90' lang='lat' dir='ltr'><strong>populo</strong></span> <span class='ocrx_word' id='word_1_527' title='bbox 2913 4014 3200 4067; x_wconf 86' lang='lat' dir='ltr'><strong>anathema</strong></span> <span class='ocrx_word' id='word_1_528' title='bbox 3248 4011 3632 4082; x_wconf 83' lang='lat' dir='ltr'><strong>pronuntiavit,</strong></span> <span class='ocrx_word' id='word_1_529' title='bbox 3676 4019 3729 4064; x_wconf 92' lang='lat' dir='ltr'><strong>ut</strong></span> <span class='ocrx_word' id='word_1_530' title='bbox 3769 4010 3828 4063; x_wconf 88' lang='lat' dir='ltr'><strong>ait</strong></span> 
     </span>
    </p>
   </div>
   <div class='ocr_carea' id='block_1_65' title="bbox 574 4098 3827 4176">
    <p class='ocr_par' dir='ltr' id='par_1_65' title="bbox 574 4098 3827 4176">
     <span class='ocr_line' id='line_1_65' title="bbox 574 4098 3827 4176; baseline -0.001 -16"><span class='ocrx_word' id='word_1_531' title='bbox 574 4106 670 4161; x_wconf 89' lang='lat' dir='ltr'><strong>tim</strong></span> <span class='ocrx_word' id='word_1_532' title='bbox 709 4104 889 4160; x_wconf 90' lang='lat' dir='ltr'><strong>verbis</strong></span> <span class='ocrx_word' id='word_1_533' title='bbox 930 4103 1206 4173; x_wconf 85' lang='lat' dir='ltr'><strong>Prosperi,</strong></span> <span class='ocrx_word' id='word_1_534' title='bbox 1238 4101 1328 4171; x_wconf 91' lang='lat' dir='ltr'><strong>qui</strong></span> <span class='ocrx_word' id='word_1_535' title='bbox 1359 4115 1426 4157; x_wconf 90' lang='lat' dir='ltr'><strong>eo</strong></span> <span class='ocrx_word' id='word_1_536' title='bbox 1453 4099 1707 4155; x_wconf 89' lang='lat' dir='ltr'><strong>defuncto</strong></span> <span class='ocrx_word' id='word_1_537' title='bbox 1737 4098 2082 4168; x_wconf 85' lang='lat' dir='ltr'><strong>quadraginta</strong></span> <span class='ocrx_word' id='word_1_538' title='bbox 2113 4103 2160 4150; x_wconf 88' lang='lat' dir='ltr'><strong>et</strong></span> <span class='ocrx_word' id='word_1_539' title='bbox 2263 4103 2595 4172; x_wconf 72' lang='lat' dir='ltr'><strong>Augustinus</strong></span> <span class='ocrx_word' id='word_1_540' title='bbox 2637 4104 2705 4158; x_wconf 90' lang='lat' dir='ltr'><strong>ad</strong></span> <span class='ocrx_word' id='word_1_541' title='bbox 2751 4104 2923 4175; x_wconf 91' lang='lat' dir='ltr'><strong>ipsum</strong></span> <span class='ocrx_word' id='word_1_542' title='bbox 2967 4105 3339 4176; x_wconf 85' lang='lat' dir='ltr'><strong>presbyterum</strong></span> <span class='ocrx_word' id='word_1_543' title='bbox 3383 4105 3612 4175; x_wconf 83' lang='lat' dir='ltr'><strong>Xystum</strong></span> <span class='ocrx_word' id='word_1_544' title='bbox 3657 4102 3827 4158; x_wconf 86' lang='lat' dir='ltr'><strong>rescri-</strong></span> 
     </span>
    </p>
   </div>
   <div class='ocr_carea' id='block_1_66' title="bbox 569 4189 3825 4269">
    <p class='ocr_par' dir='ltr' id='par_1_66' title="bbox 569 4189 3825 4269">
     <span class='ocr_line' id='line_1_66' title="bbox 569 4189 3825 4269; baseline -0.002 -20"><span class='ocrx_word' id='word_1_545' title='bbox 569 4197 792 4268; x_wconf 88' lang='lat' dir='ltr'><strong>amplius</strong></span> <span class='ocrx_word' id='word_1_546' title='bbox 821 4195 998 4249; x_wconf 87' lang='lat' dir='ltr'><strong>diebus</strong></span> <span class='ocrx_word' id='word_1_547' title='bbox 1026 4201 1398 4262; x_wconf 88' lang='lat' dir='ltr'><strong>exspectatum</strong></span> <span class='ocrx_word' id='word_1_548' title='bbox 1433 4191 1617 4257; x_wconf 88' lang='lat' dir='ltr'><strong>tradit,</strong></span> <span class='ocrx_word' id='word_1_549' title='bbox 1643 4197 1699 4244; x_wconf 89' lang='lat' dir='ltr'><strong>ut</strong></span> <span class='ocrx_word' id='word_1_550' title='bbox 1727 4190 1778 4243; x_wconf 91' lang='lat' dir='ltr'><strong>in</strong></span> <span class='ocrx_word' id='word_1_551' title='bbox 1811 4189 1954 4243; x_wconf 92' lang='lat' dir='ltr'><strong>illius</strong></span> <span class='ocrx_word' id='word_1_552' title='bbox 1980 4189 2157 4242; x_wconf 90' lang='lat' dir='ltr'><strong>locum</strong></span> <span class='ocrx_word' id='word_1_553' title='bbox 2265 4195 2397 4250; x_wconf 83' lang='lat' dir='ltr'><strong>bens</strong></span> <span class='ocrx_word' id='word_1_554' title='bbox 2423 4194 2502 4266; x_wconf 80' lang='grc' dir='ltr'>(Ιι)</span> <span class='ocrx_word' id='word_1_555' title='bbox 2531 4213 2546 4250; x_wconf 75' lang='grc' dir='ltr'><strong><em>ε</em></strong></span> <span class='ocrx_word' id='word_1_556' title='bbox 2577 4195 2668 4265; x_wconf 83' lang='lat' dir='ltr'><strong>qui</strong></span> <span class='ocrx_word' id='word_1_557' title='bbox 2698 4206 2752 4250; x_wconf 72' lang='lat' dir='ltr'><strong>ei,</strong></span> <span class='ocrx_word' id='word_1_558' title='bbox 2779 4196 2908 4251; x_wconf 75' lang='lat' dir='ltr'><strong>alibi</strong></span> <span class='ocrx_word' id='word_1_559' title='bbox 2942 4203 3172 4252; x_wconf 73' lang='lat' dir='ltr'><strong>testatur</strong></span> <span class='ocrx_word' id='word_1_560' title='bbox 3201 4196 3291 4269; x_wconf 73' lang='grc' dir='ltr'><strong>(ί),</strong></span> <span class='ocrx_word' id='word_1_561' title='bbox 3320 4196 3439 4266; x_wconf 77' lang='lat' dir='ltr'><strong>ejus</strong></span> <span class='ocrx_word' id='word_1_562' title='bbox 3469 4194 3695 4260; x_wconf 73' lang='lat' dir='ltr'><strong>litteras,</strong></span> <span class='ocrx_word' id='word_1_563' title='bbox 3723 4193 3825 4248; x_wconf 80' lang='lat' dir='ltr'><strong>bre-</strong></span> 
     </span>
    </p>
   </div>
   <div class='ocr_carea' id='block_1_67' title="bbox 571 4279 3827 4366">
    <p class='ocr_par' dir='ltr' id='par_1_67' title="bbox 571 4279 3827 4366">
     <span class='ocr_line' id='line_1_67' title="bbox 571 4279 3827 4366; baseline -0.001 -23"><span class='ocrx_word' id='word_1_564' title='bbox 571 4288 931 4343; x_wconf 88' lang='lat' dir='ltr'><strong>sufliceretur.</strong></span> <span class='ocrx_word' id='word_1_565' title='bbox 967 4285 1141 4354; x_wconf 85' lang='lat' dir='ltr'><strong>Major</strong></span> <span class='ocrx_word' id='word_1_566' title='bbox 1177 4295 1358 4338; x_wconf 82' lang='lat' dir='ltr'><strong>tamen</strong></span> <span class='ocrx_word' id='word_1_567' title='bbox 1389 4293 1534 4337; x_wconf 90' lang='lat' dir='ltr'><strong>esset</strong></span> <span class='ocrx_word' id='word_1_568' title='bbox 1573 4296 1693 4337; x_wconf 92' lang='lat' dir='ltr'><strong>cum</strong></span> <span class='ocrx_word' id='word_1_569' title='bbox 1727 4280 1996 4350; x_wconf 68' lang='lat' dir='ltr'><strong>praedictis</strong></span> <span class='ocrx_word' id='word_1_570' title='bbox 2024 4279 2161 4334; x_wconf 87' lang='lat' dir='ltr'><strong>Pro-</strong></span> <span class='ocrx_word' id='word_1_571' title='bbox 2262 4289 2441 4344; x_wconf 74' lang='lat' dir='ltr'><strong>viores</strong></span> <span class='ocrx_word' id='word_1_572' title='bbox 2475 4289 2622 4357; x_wconf 58' lang='lat' dir='ltr'><strong>licet,</strong></span> <span class='ocrx_word' id='word_1_573' title='bbox 2660 4289 2762 4345; x_wconf 76' lang='lat' dir='ltr'><strong>hac</strong></span> <span class='ocrx_word' id='word_1_574' title='bbox 2793 4290 2862 4346; x_wconf 74' lang='lat' dir='ltr'><strong>de</strong></span> <span class='ocrx_word' id='word_1_575' title='bbox 2902 4306 2963 4346; x_wconf 73' lang='lat' dir='ltr'><strong>re</strong></span> <span class='ocrx_word' id='word_1_576' title='bbox 3005 4290 3071 4345; x_wconf 79' lang='lat' dir='ltr'><strong>ad</strong></span> <span class='ocrx_word' id='word_1_577' title='bbox 3113 4290 3486 4366; x_wconf 84' lang='lat' dir='ltr'><strong>beatissimum</strong></span> <span class='ocrx_word' id='word_1_578' title='bbox 3524 4304 3706 4345; x_wconf 89' lang='lat' dir='ltr'><strong>senem</strong></span> <span class='ocrx_word' id='word_1_579' title='bbox 3735 4289 3827 4342; x_wconf 86' lang='lat' dir='ltr'><strong>Au-</strong></span> 
     </span>
    </p>
   </div>
   <div class='ocr_carea' id='block_1_68' title="bbox 569 4373 3824 4453">
    <p class='ocr_par' dir='ltr' id='par_1_68' title="bbox 569 4373 3824 4453">
     <span class='ocr_line' id='line_1_68' title="bbox 569 4373 3824 4453; baseline -0.002 -19"><span class='ocrx_word' id='word_1_580' title='bbox 569 4380 714 4448; x_wconf 86' lang='lat' dir='ltr'><strong>speri</strong></span> <span class='ocrx_word' id='word_1_581' title='bbox 745 4379 926 4435; x_wconf 92' lang='lat' dir='ltr'><strong>verbis</strong></span> <span class='ocrx_word' id='word_1_582' title='bbox 953 4378 1262 4442; x_wconf 87' lang='lat' dir='ltr'><strong>consensio,</strong></span> <span class='ocrx_word' id='word_1_583' title='bbox 1293 4377 1339 4430; x_wconf 90' lang='lat' dir='ltr'><strong>si</strong></span> <span class='ocrx_word' id='word_1_584' title='bbox 1370 4375 1597 4446; x_wconf 82' lang='lat' dir='ltr'><strong>Xystum</strong></span> <span class='ocrx_word' id='word_1_585' title='bbox 1629 4374 1772 4429; x_wconf 90' lang='lat' dir='ltr'><strong>circa</strong></span> <span class='ocrx_word' id='word_1_586' title='bbox 1803 4373 1929 4428; x_wconf 85' lang='lat' dir='ltr'><strong>Julii</strong></span> <span class='ocrx_word' id='word_1_587' title='bbox 1955 4374 2159 4428; x_wconf 89' lang='lat' dir='ltr'><strong>exitum</strong></span> <span class='ocrx_word' id='word_1_588' title='bbox 2262 4380 2456 4436; x_wconf 72' lang='lat' dir='ltr'><strong>retium</strong></span> <span class='ocrx_word' id='word_1_589' title='bbox 2505 4397 2598 4451; x_wconf 74' lang='lat' dir='ltr'><strong>per</strong></span> <span class='ocrx_word' id='word_1_590' title='bbox 2648 4381 2882 4436; x_wconf 78' lang='lat' dir='ltr'><strong>Leonem</strong></span> <span class='ocrx_word' id='word_1_591' title='bbox 2926 4382 3238 4453; x_wconf 71' lang='lat' dir='ltr'><strong>aconihum</strong></span> <span class='ocrx_word' id='word_1_592' title='bbox 3288 4382 3505 4447; x_wconf 66' lang='lat' dir='ltr'><strong>missas,</strong></span> <span class='ocrx_word' id='word_1_593' title='bbox 3561 4379 3824 4437; x_wconf 65' lang='lat' dir='ltr'><strong>exsultauit</strong></span> 
     </span>
    </p>
   </div>
   <div class='ocr_carea' id='block_1_69' title="bbox 572 4468 3829 4544">
    <p class='ocr_par' dir='ltr' id='par_1_69' title="bbox 572 4468 3829 4544">
     <span class='ocr_line' id='line_1_69' title="bbox 572 4468 3829 4544; baseline 0 -18"><span class='ocrx_word' id='word_1_594' title='bbox 572 4471 775 4527; x_wconf 88' lang='lat' dir='ltr'><strong>obiisse</strong></span> <span class='ocrx_word' id='word_1_595' title='bbox 801 4479 1114 4541; x_wconf 87' lang='lat' dir='ltr'><strong>poneretur.</strong></span> <span class='ocrx_word' id='word_1_596' title='bbox 1147 4489 1165 4521; x_wconf 71' lang='grc' dir='ltr'><strong>ι</strong></span> <span class='ocrx_word' id='word_1_597' title='bbox 1202 4469 1329 4524; x_wconf 65' lang='lat' dir='ltr'><strong>Haec</strong></span> <span class='ocrx_word' id='word_1_598' title='bbox 1358 4468 1466 4522; x_wconf 92' lang='lat' dir='ltr'><strong>ille.</strong></span> <span class='ocrx_word' id='word_1_599' title='bbox 2264 4472 2545 4528; x_wconf 87' lang='lat' dir='ltr'><strong>alacritate</strong></span> <span class='ocrx_word' id='word_1_600' title='bbox 2587 4474 2656 4529; x_wconf 91' lang='lat' dir='ltr'><strong>ab</strong></span> <span class='ocrx_word' id='word_1_601' title='bbox 2697 4489 2759 4530; x_wconf 88' lang='lat' dir='ltr'><strong>se</strong></span> <span class='ocrx_word' id='word_1_602' title='bbox 2803 4474 2973 4530; x_wconf 87' lang='lat' dir='ltr'><strong>fuisse</strong></span> <span class='ocrx_word' id='word_1_603' title='bbox 3015 4475 3337 4544; x_wconf 88' lang='lat' dir='ltr'><strong>descriptas,</strong></span> <span class='ocrx_word' id='word_1_604' title='bbox 3381 4485 3434 4530; x_wconf 90' lang='lat' dir='ltr'><strong>et</strong></span> <span class='ocrx_word' id='word_1_605' title='bbox 3476 4475 3596 4530; x_wconf 83' lang='lat' dir='ltr'><strong>aliis</strong></span> <span class='ocrx_word' id='word_1_606' title='bbox 3633 4474 3829 4543; x_wconf 87' lang='lat' dir='ltr'><strong>quibus-</strong></span> 
     </span>
    </p>
   </div>
   <div class='ocr_carea' id='block_1_70' title="bbox 641 4559 3823 4637">
    <p class='ocr_par' dir='ltr' id='par_1_70' title="bbox 641 4559 3823 4637">
     <span class='ocr_line' id='line_1_70' title="bbox 641 4559 3823 4637; baseline 0.001 -21"><span class='ocrx_word' id='word_1_607' title='bbox 641 4564 696 4617; x_wconf 76' lang='grc'><strong>2.</strong></span> <span class='ocrx_word' id='word_1_608' title='bbox 749 4565 1123 4620; x_wconf 87' lang='lat' dir='ltr'><strong>Pontificatum</strong></span> <span class='ocrx_word' id='word_1_609' title='bbox 1176 4563 1296 4617; x_wconf 91' lang='lat' dir='ltr'><strong>iniit</strong></span> <span class='ocrx_word' id='word_1_610' title='bbox 1335 4576 1580 4617; x_wconf 89' lang='lat' dir='ltr'><strong>summus</strong></span> <span class='ocrx_word' id='word_1_611' title='bbox 1619 4560 1869 4623; x_wconf 88' lang='lat' dir='ltr'><strong>antistes,</strong></span> <span class='ocrx_word' id='word_1_612' title='bbox 1911 4560 1985 4614; x_wconf 91' lang='lat' dir='ltr'><strong>ait</strong></span> <span class='ocrx_word' id='word_1_613' title='bbox 2027 4559 2160 4614; x_wconf 86' lang='lat' dir='ltr'><strong>Pro-</strong></span> <span class='ocrx_word' id='word_1_614' title='bbox 2264 4581 2492 4636; x_wconf 89' lang='lat' dir='ltr'><strong>cumque</strong></span> <span class='ocrx_word' id='word_1_615' title='bbox 2519 4576 2732 4636; x_wconf 87' lang='lat' dir='ltr'><strong>poterat</strong></span> <span class='ocrx_word' id='word_1_616' title='bbox 2759 4582 2954 4637; x_wconf 82' lang='lat' dir='ltr'><strong>magno</strong></span> <span class='ocrx_word' id='word_1_617' title='bbox 2981 4568 3160 4623; x_wconf 90' lang='lat' dir='ltr'><strong>studio</strong></span> <span class='ocrx_word' id='word_1_618' title='bbox 3203 4569 3488 4636; x_wconf 88' lang='lat' dir='ltr'><strong>perlectas.</strong></span> <span class='ocrx_word' id='word_1_619' title='bbox 3524 4566 3662 4636; x_wconf 83' lang='lat' dir='ltr'><strong>Quid</strong></span> <span class='ocrx_word' id='word_1_620' title='bbox 3687 4566 3823 4631; x_wconf 85' lang='lat' dir='ltr'><strong>enim,</strong></span> 
     </span>
    </p>
   </div>
   <div class='ocr_carea' id='block_1_71' title="bbox 571 4653 3830 4733">
    <p class='ocr_par' dir='ltr' id='par_1_71' title="bbox 571 4653 3830 4733">
     <span class='ocr_line' id='line_1_71' title="bbox 571 4653 3830 4733; baseline -0.001 -22"><span class='ocrx_word' id='word_1_621' title='bbox 571 4671 696 4728; x_wconf 87' lang='lat' dir='ltr'><strong>sper</strong></span> <span class='ocrx_word' id='word_1_622' title='bbox 736 4656 836 4728; x_wconf 92' lang='lat' dir='ltr'><strong>(e),</strong></span> <span class='ocrx_word' id='word_1_623' title='bbox 886 4658 1045 4711; x_wconf 88' lang='lat' dir='ltr'><strong>totius</strong></span> <span class='ocrx_word' id='word_1_624' title='bbox 1089 4655 1243 4711; x_wconf 86' lang='lat' dir='ltr'><strong>Urbis</strong></span> <span class='ocrx_word' id='word_1_625' title='bbox 1283 4672 1405 4724; x_wconf 85' lang='lat' dir='ltr'><strong>pace</strong></span> <span class='ocrx_word' id='word_1_626' title='bbox 1448 4665 1494 4710; x_wconf 88' lang='lat' dir='ltr'><strong>et</strong></span> <span class='ocrx_word' id='word_1_627' title='bbox 1537 4655 1866 4709; x_wconf 86' lang='lat' dir='ltr'><strong>consensione</strong></span> <span class='ocrx_word' id='word_1_628' title='bbox 1910 4653 2159 4708; x_wconf 86' lang='lat' dir='ltr'><strong>mirabili.</strong></span> <span class='ocrx_word' id='word_1_629' title='bbox 2263 4659 2464 4723; x_wconf 89' lang='lat' dir='ltr'><strong>subdit,</strong></span> <span class='ocrx_word' id='word_1_630' title='bbox 2488 4660 2686 4733; x_wconf 86' lang='lat' dir='ltr'><strong>gratius</strong></span> <span class='ocrx_word' id='word_1_631' title='bbox 2707 4661 2807 4731; x_wconf 87' lang='lat' dir='ltr'><strong>legi</strong></span> <span class='ocrx_word' id='word_1_632' title='bbox 2836 4661 2911 4715; x_wconf 89' lang='lat' dir='ltr'><strong>vel</strong></span> <span class='ocrx_word' id='word_1_633' title='bbox 2936 4661 3110 4714; x_wconf 88' lang='lat' dir='ltr'><strong>audiri</strong></span> <span class='ocrx_word' id='word_1_634' title='bbox 3139 4669 3320 4730; x_wconf 89' lang='lat' dir='ltr'><strong>potest,</strong></span> <span class='ocrx_word' id='word_1_635' title='bbox 3349 4677 3507 4729; x_wconf 89' lang='lat' dir='ltr'><strong>quam</strong></span> <span class='ocrx_word' id='word_1_636' title='bbox 3537 4661 3709 4731; x_wconf 78' lang='lat' dir='ltr'><strong>gratia:</strong></span> <span class='ocrx_word' id='word_1_637' title='bbox 3744 4658 3830 4712; x_wconf 87' lang='lat' dir='ltr'><strong>Dei</strong></span> 
     </span>
    </p>
   </div>
   <div class='ocr_carea' id='block_1_72' title="bbox 572 4751 3827 4826">
    <p class='ocr_par' dir='ltr' id='par_1_72' title="bbox 572 4751 3827 4826">
     <span class='ocr_line' id='line_1_72' title="bbox 572 4751 3827 4826; baseline -0.002 -17"><span class='ocrx_word' id='word_1_638' title='bbox 572 4753 739 4822; x_wconf 87' lang='lat' dir='ltr'><strong>Cujus</strong></span> <span class='ocrx_word' id='word_1_639' title='bbox 791 4751 1006 4823; x_wconf 88' lang='lat' dir='ltr'><strong>quidem</strong></span> <span class='ocrx_word' id='word_1_640' title='bbox 1063 4751 1143 4808; x_wconf 88' lang='lat' dir='ltr'><strong>rei</strong></span> <span class='ocrx_word' id='word_1_641' title='bbox 1198 4760 1391 4807; x_wconf 89' lang='lat' dir='ltr'><strong>testem</strong></span> <span class='ocrx_word' id='word_1_642' title='bbox 1447 4751 1768 4820; x_wconf 90' lang='lat' dir='ltr'><strong>locupletem</strong></span> <span class='ocrx_word' id='word_1_643' title='bbox 1796 4791 1811 4815; x_wconf 92' lang='lat'><strong>,</strong></span> <span class='ocrx_word' id='word_1_644' title='bbox 1871 4751 2162 4819; x_wconf 91' lang='lat' dir='ltr'><strong>ipsummet</strong></span> <span class='ocrx_word' id='word_1_645' title='bbox 2265 4763 2368 4808; x_wconf 87' lang='lat' dir='ltr'><strong>tam</strong></span> <span class='ocrx_word' id='word_1_646' title='bbox 2404 4772 2537 4826; x_wconf 90' lang='lat' dir='ltr'><strong>pura</strong></span> <span class='ocrx_word' id='word_1_647' title='bbox 2577 4755 2809 4824; x_wconf 86' lang='lat' dir='ltr'><strong>defensio</strong></span> <span class='ocrx_word' id='word_1_648' title='bbox 2846 4755 3090 4808; x_wconf 86' lang='lat' dir='ltr'><strong>adversus</strong></span> <span class='ocrx_word' id='word_1_649' title='bbox 3119 4754 3356 4808; x_wconf 87' lang='lat' dir='ltr'><strong>inimicos</strong></span> <span class='ocrx_word' id='word_1_650' title='bbox 3383 4755 3496 4825; x_wconf 84' lang='lat' dir='ltr'><strong>ejus</strong></span> <span class='ocrx_word' id='word_1_651' title='bbox 3532 4769 3598 4808; x_wconf 82' lang='lat' dir='ltr'><strong>ea:</strong></span> <span class='ocrx_word' id='word_1_652' title='bbox 3630 4769 3708 4806; x_wconf 91' lang='lat' dir='ltr'><strong>ore</strong></span> <span class='ocrx_word' id='word_1_653' title='bbox 3731 4752 3827 4820; x_wconf 85' lang='lat' dir='ltr'><strong>ejus</strong></span> 
     </span>
    </p>
   </div>
   <div class='ocr_carea' id='block_1_73' title="bbox 570 4841 3826 4918">
    <p class='ocr_par' dir='ltr' id='par_1_73' title="bbox 570 4841 3826 4918">
     <span class='ocr_line' id='line_1_73' title="bbox 570 4841 3826 4918; baseline -0.003 -16"><span class='ocrx_word' id='word_1_654' title='bbox 570 4847 800 4918; x_wconf 77' lang='lat' dir='ltr'><strong>Xystum</strong></span> <span class='ocrx_word' id='word_1_655' title='bbox 840 4845 1120 4902; x_wconf 86' lang='lat' dir='ltr'><strong>habemus.</strong></span> <span class='ocrx_word' id='word_1_656' title='bbox 1157 4844 1415 4900; x_wconf 87' lang='lat' dir='ltr'><strong>Scribens</strong></span> <span class='ocrx_word' id='word_1_657' title='bbox 1446 4846 1589 4898; x_wconf 91' lang='lat' dir='ltr'><strong>enim</strong></span> <span class='ocrx_word' id='word_1_658' title='bbox 1631 4843 1697 4897; x_wconf 91' lang='lat' dir='ltr'><strong>ad</strong></span> <span class='ocrx_word' id='word_1_659' title='bbox 1733 4841 1996 4912; x_wconf 87' lang='lat' dir='ltr'><strong>Cyrillum</strong></span> <span class='ocrx_word' id='word_1_660' title='bbox 2029 4841 2159 4898; x_wconf 81' lang='lat' dir='ltr'><strong>Ale-</strong></span> <span class='ocrx_word' id='word_1_661' title='bbox 2263 4847 2351 4916; x_wconf 87' lang='lat' dir='ltr'><strong>qui</strong></span> <span class='ocrx_word' id='word_1_662' title='bbox 2395 4847 2691 4901; x_wconf 87' lang='lat' dir='ltr'><strong>earumdem</strong></span> <span class='ocrx_word' id='word_1_663' title='bbox 2736 4847 3060 4900; x_wconf 85' lang='lat' dir='ltr'><strong>inimicorum</strong></span> <span class='ocrx_word' id='word_1_664' title='bbox 3103 4847 3279 4917; x_wconf 85' lang='lat' dir='ltr'><strong>magni</strong></span> <span class='ocrx_word' id='word_1_665' title='bbox 3318 4846 3565 4900; x_wconf 84' lang='lat' dir='ltr'><strong>momenti</strong></span> <span class='ocrx_word' id='word_1_666' title='bbox 3606 4853 3826 4915; x_wconf 83' lang='lat' dir='ltr'><strong>patronus</strong></span> 
     </span>
    </p>
   </div>
   <div class='ocr_carea' id='block_1_74' title="bbox 568 4933 3826 5014">
    <p class='ocr_par' dir='ltr' id='par_1_74' title="bbox 568 4933 3826 5014">
     <span class='ocr_line' id='line_1_74' title="bbox 568 4933 3826 5014; baseline -0.005 -11"><span class='ocrx_word' id='word_1_667' title='bbox 568 4938 890 4994; x_wconf 69' lang='lat' dir='ltr'><strong>Iamll&#39;imlm</strong></span> <span class='ocrx_word' id='word_1_668' title='bbox 923 4937 1001 5010; x_wconf 79' lang='grc' dir='ltr'><strong>(Ῑ)</strong></span> <span class='ocrx_word' id='word_1_669' title='bbox 1043 4957 1053 4989; x_wconf 78' lang='grc' dir='ltr'><strong>ε</strong></span> <span class='ocrx_word' id='word_1_670' title='bbox 1098 4937 1255 5003; x_wconf 61' lang='lat' dir='ltr'><strong>Quali</strong></span> <span class='ocrx_word' id='word_1_671' title='bbox 1283 4947 1450 4992; x_wconf 76' lang='grc' dir='ltr'><strong>ααιεηι</strong></span> <span class='ocrx_word' id='word_1_672' title='bbox 1480 4939 1709 4990; x_wconf 65' lang='lat' dir='ltr'><strong>omnium</strong></span> <span class='ocrx_word' id='word_1_673' title='bbox 1739 4935 2034 5001; x_wconf 74' lang='grc' dir='ltr'><strong>εοηοοτάὶα,</strong></span> <span class='ocrx_word' id='word_1_674' title='bbox 2071 4936 2155 4988; x_wconf 81' lang='grc' dir='ltr'>ἱιι-</span> <span class='ocrx_word' id='word_1_675' title='bbox 2185 4937 2238 4996; x_wconf 89' lang='lat' dir='ltr'><strong>D</strong></span> <span class='ocrx_word' id='word_1_676' title='bbox 2263 4953 2381 4996; x_wconf 85' lang='lat' dir='ltr'><strong>ante</strong></span> <span class='ocrx_word' id='word_1_677' title='bbox 2410 4942 2746 5014; x_wconf 87' lang='lat' dir='ltr'><strong>jactabatur?</strong></span> <span class='ocrx_word' id='word_1_678' title='bbox 2795 4938 2998 4994; x_wconf 91' lang='lat' dir='ltr'><strong>Deinde</strong></span> <span class='ocrx_word' id='word_1_679' title='bbox 3032 4939 3269 5008; x_wconf 88' lang='lat' dir='ltr'><strong>acceptis</strong></span> <span class='ocrx_word' id='word_1_680' title='bbox 3307 4938 3465 5008; x_wconf 90' lang='lat' dir='ltr'><strong>paulo</strong></span> <span class='ocrx_word' id='word_1_681' title='bbox 3504 4947 3624 5008; x_wconf 89' lang='lat' dir='ltr'><strong>post</strong></span> <span class='ocrx_word' id='word_1_682' title='bbox 3651 4936 3711 4990; x_wconf 91' lang='lat' dir='ltr'><strong>de</strong></span> <span class='ocrx_word' id='word_1_683' title='bbox 3739 4933 3826 4987; x_wconf 86' lang='lat' dir='ltr'><strong>hoc</strong></span> 
     </span>
    </p>
   </div>
   <div class='ocr_carea' id='block_1_75' title="bbox 570 5029 3825 5107">
    <p class='ocr_par' dir='ltr' id='par_1_75' title="bbox 570 5029 3825 5107">
     <span class='ocr_line' id='line_1_75' title="bbox 570 5029 3825 5107; baseline -0.002 -19"><span class='ocrx_word' id='word_1_684' title='bbox 570 5036 702 5102; x_wconf 85' lang='lat' dir='ltr'><strong>quit,</strong></span> <span class='ocrx_word' id='word_1_685' title='bbox 739 5051 828 5107; x_wconf 87' lang='lat' dir='ltr'><strong>per</strong></span> <span class='ocrx_word' id='word_1_686' title='bbox 854 5034 1041 5088; x_wconf 71' lang='lat' dir='ltr'><strong>divinae</strong></span> <span class='ocrx_word' id='word_1_687' title='bbox 1074 5033 1420 5088; x_wconf 66' lang='lat' dir='ltr'><strong>Providentia</strong></span> <span class='ocrx_word' id='word_1_688' title='bbox 1447 5033 1902 5103; x_wconf 86' lang='lat' dir='ltr'><strong>dispensationem,</strong></span> <span class='ocrx_word' id='word_1_689' title='bbox 1926 5031 2035 5085; x_wconf 67' lang='lat' dir='ltr'><strong>haec</strong></span> <span class='ocrx_word' id='word_1_690' title='bbox 2065 5047 2160 5085; x_wconf 90' lang='lat' dir='ltr'><strong>no-</strong></span> <span class='ocrx_word' id='word_1_691' title='bbox 2269 5037 2386 5106; x_wconf 82' lang='lat' dir='ltr'><strong>ipso</strong></span> <span class='ocrx_word' id='word_1_692' title='bbox 2415 5045 2732 5102; x_wconf 86' lang='lat' dir='ltr'><strong>argumento</strong></span> <span class='ocrx_word' id='word_1_693' title='bbox 2761 5031 3002 5103; x_wconf 88' lang='lat' dir='ltr'><strong>ejusdem</strong></span> <span class='ocrx_word' id='word_1_694' title='bbox 3035 5032 3189 5104; x_wconf 81' lang='lat' dir='ltr'><strong>Xysti</strong></span> <span class='ocrx_word' id='word_1_695' title='bbox 3216 5033 3520 5104; x_wconf 83' lang='lat' dir='ltr'><strong>presbyteri</strong></span> <span class='ocrx_word' id='word_1_696' title='bbox 3552 5029 3825 5103; x_wconf 85' lang='lat' dir='ltr'><strong>prolixiori-</strong></span> 
     </span>
    </p>
   </div>
   <div class='ocr_carea' id='block_1_76' title="bbox 568 5120 3824 5199">
    <p class='ocr_par' dir='ltr' id='par_1_76' title="bbox 568 5120 3824 5199">
     <span class='ocr_line' id='line_1_76' title="bbox 568 5120 3824 5199; baseline -0.002 -19"><span class='ocrx_word' id='word_1_697' title='bbox 568 5139 675 5182; x_wconf 86' lang='lat' dir='ltr'><strong>stra</strong></span> <span class='ocrx_word' id='word_1_698' title='bbox 714 5129 853 5199; x_wconf 85' lang='lat' dir='ltr'><strong>facta</strong></span> <span class='ocrx_word' id='word_1_699' title='bbox 891 5129 1048 5198; x_wconf 85' lang='lat' dir='ltr'><strong>fuerit</strong></span> <span class='ocrx_word' id='word_1_700' title='bbox 1097 5128 1378 5196; x_wconf 89' lang='lat' dir='ltr'><strong>ordinatio,</strong></span> <span class='ocrx_word' id='word_1_701' title='bbox 1419 5127 1505 5180; x_wconf 82' lang='lat' dir='ltr'><strong>tibi</strong></span> <span class='ocrx_word' id='word_1_702' title='bbox 1543 5127 1787 5181; x_wconf 89' lang='lat' dir='ltr'><strong>sanctitas</strong></span> <span class='ocrx_word' id='word_1_703' title='bbox 1824 5135 1993 5179; x_wconf 89' lang='lat' dir='ltr'><strong>vestra</strong></span> <span class='ocrx_word' id='word_1_704' title='bbox 2022 5126 2158 5179; x_wconf 87' lang='lat' dir='ltr'><strong>didi—</strong></span> <span class='ocrx_word' id='word_1_705' title='bbox 2266 5126 2577 5181; x_wconf 90' lang='lat' dir='ltr'><strong>bnslitteris</strong></span> <span class='ocrx_word' id='word_1_706' title='bbox 2605 5125 2725 5180; x_wconf 85' lang='lat' dir='ltr'><strong>fidei</strong></span> <span class='ocrx_word' id='word_1_707' title='bbox 2753 5140 2866 5179; x_wconf 72' lang='lat' dir='ltr'><strong>sua:</strong></span> <span class='ocrx_word' id='word_1_708' title='bbox 2891 5125 3206 5180; x_wconf 89' lang='lat' dir='ltr'><strong>sinceritate</strong></span> <span class='ocrx_word' id='word_1_709' title='bbox 3232 5123 3428 5194; x_wconf 89' lang='lat' dir='ltr'><strong>plenis,</strong></span> <span class='ocrx_word' id='word_1_710' title='bbox 3450 5140 3635 5194; x_wconf 89' lang='lat' dir='ltr'><strong>magna</strong></span> <span class='ocrx_word' id='word_1_711' title='bbox 3662 5120 3824 5192; x_wconf 82' lang='lat' dir='ltr'><strong>perfu-</strong></span> 
     </span>
    </p>
   </div>
   <div class='ocr_carea' id='block_1_77' title="bbox 566 5213 3824 5288">
    <p class='ocr_par' dir='ltr' id='par_1_77' title="bbox 566 5213 3824 5288">
     <span class='ocr_line' id='line_1_77' title="bbox 566 5213 3824 5288; baseline -0.003 -12"><span class='ocrx_word' id='word_1_712' title='bbox 566 5225 690 5278; x_wconf 89' lang='lat' dir='ltr'><strong>cerit</strong></span> <span class='ocrx_word' id='word_1_713' title='bbox 721 5232 830 5275; x_wconf 88' lang='lat' dir='ltr'><strong>tum</strong></span> <span class='ocrx_word' id='word_1_714' title='bbox 860 5238 923 5276; x_wconf 80' lang='lat' dir='ltr'><strong>ea:</strong></span> <span class='ocrx_word' id='word_1_715' title='bbox 954 5223 1142 5275; x_wconf 89' lang='lat' dir='ltr'><strong>nostris</strong></span> <span class='ocrx_word' id='word_1_716' title='bbox 1174 5221 1378 5287; x_wconf 85' lang='lat' dir='ltr'><strong>litteris,</strong></span> <span class='ocrx_word' id='word_1_717' title='bbox 1409 5229 1517 5273; x_wconf 89' lang='lat' dir='ltr'><strong>tum</strong></span> <span class='ocrx_word' id='word_1_718' title='bbox 1539 5236 1601 5274; x_wconf 78' lang='lat' dir='ltr'><strong>ea:</strong></span> <span class='ocrx_word' id='word_1_719' title='bbox 1629 5219 1876 5272; x_wconf 86' lang='lat' dir='ltr'><strong>relatione</strong></span> <span class='ocrx_word' id='word_1_720' title='bbox 1905 5220 2157 5288; x_wconf 87' lang='lat' dir='ltr'><strong>fratrum;</strong></span> <span class='ocrx_word' id='word_1_721' title='bbox 2265 5235 2358 5276; x_wconf 92' lang='lat' dir='ltr'><strong>sus</strong></span> <span class='ocrx_word' id='word_1_722' title='bbox 2381 5229 2464 5274; x_wconf 90' lang='lat' dir='ltr'><strong>est</strong></span> <span class='ocrx_word' id='word_1_723' title='bbox 2483 5219 2648 5274; x_wconf 90' lang='lat' dir='ltr'><strong>animi</strong></span> <span class='ocrx_word' id='word_1_724' title='bbox 2672 5219 2854 5274; x_wconf 73' lang='lat' dir='ltr'><strong>laetitia</strong></span> <span class='ocrx_word' id='word_1_725' title='bbox 2881 5225 3099 5272; x_wconf 88' lang='lat' dir='ltr'><strong>sanctus</strong></span> <span class='ocrx_word' id='word_1_726' title='bbox 3128 5217 3364 5274; x_wconf 88' lang='lat' dir='ltr'><strong>Doctor:</strong></span> <span class='ocrx_word' id='word_1_727' title='bbox 3399 5219 3490 5288; x_wconf 91' lang='lat' dir='ltr'><strong>qui</strong></span> <span class='ocrx_word' id='word_1_728' title='bbox 3521 5218 3686 5272; x_wconf 88' lang='lat' dir='ltr'><strong>statim</strong></span> <span class='ocrx_word' id='word_1_729' title='bbox 3711 5213 3824 5266; x_wconf 80' lang='lat' dir='ltr'><strong>doc-</strong></span> 
     </span>
    </p>
   </div>
   <div class='ocr_carea' id='block_1_78' title="bbox 565 5303 3818 5387">
    <p class='ocr_par' dir='ltr' id='par_1_78' title="bbox 565 5303 3818 5387">
     <span class='ocr_line' id='line_1_78' title="bbox 565 5303 3818 5387; baseline -0.003 -16"><span class='ocrx_word' id='word_1_730' title='bbox 565 5317 772 5372; x_wconf 86' lang='lat' dir='ltr'><strong>omnino</strong></span> <span class='ocrx_word' id='word_1_731' title='bbox 811 5318 1030 5387; x_wconf 81' lang='lat' dir='ltr'><strong>gratiam</strong></span> <span class='ocrx_word' id='word_1_732' title='bbox 1064 5315 1306 5387; x_wconf 71' lang='lat' dir='ltr'><strong>praebenti</strong></span> <span class='ocrx_word' id='word_1_733' title='bbox 1343 5313 1564 5368; x_wconf 84' lang='lat' dir='ltr'><strong>Domino</strong></span> <span class='ocrx_word' id='word_1_734' title='bbox 1607 5329 1699 5383; x_wconf 86' lang='lat' dir='ltr'><strong>pro</strong></span> <span class='ocrx_word' id='word_1_735' title='bbox 1743 5313 1887 5368; x_wconf 87' lang='lat' dir='ltr'><strong>nobis</strong></span> <span class='ocrx_word' id='word_1_736' title='bbox 1917 5314 2156 5367; x_wconf 81' lang='lat' dir='ltr'><strong>habitura</strong></span> <span class='ocrx_word' id='word_1_737' title='bbox 2266 5312 2526 5368; x_wconf 88' lang='lat' dir='ltr'><strong>tissimam</strong></span> <span class='ocrx_word' id='word_1_738' title='bbox 2553 5311 2620 5367; x_wconf 86' lang='lat' dir='ltr'><strong>ad</strong></span> <span class='ocrx_word' id='word_1_739' title='bbox 2651 5309 2826 5380; x_wconf 89' lang='lat' dir='ltr'><strong>ipsum</strong></span> <span class='ocrx_word' id='word_1_740' title='bbox 2847 5309 3075 5380; x_wconf 81' lang='lat' dir='ltr'><strong>Xystum</strong></span> <span class='ocrx_word' id='word_1_741' title='bbox 3105 5309 3421 5380; x_wconf 87' lang='lat' dir='ltr'><strong>perscripsit</strong></span> <span class='ocrx_word' id='word_1_742' title='bbox 3448 5309 3712 5382; x_wconf 83' lang='lat' dir='ltr'><strong>epistolam</strong></span> <span class='ocrx_word' id='word_1_743' title='bbox 3731 5303 3818 5376; x_wconf 82' lang='lat' dir='ltr'><strong>(j).</strong></span> 
     </span>
    </p>
   </div>
   <div class='ocr_carea' id='block_1_79' title="bbox 635 5509 3181 5634">
    <p class='ocr_par' dir='ltr' id='par_1_79' title="bbox 635 5509 3181 5634">
     <span class='ocr_line' id='line_1_79' title="bbox 635 5509 3181 5634; baseline -0.002 -63"><span class='ocrx_word' id='word_1_744' title='bbox 635 5517 713 5588; x_wconf 89' lang='lat' dir='ltr'><strong>(a)</strong></span> <span class='ocrx_word' id='word_1_745' title='bbox 752 5516 941 5586; x_wconf 88' lang='lat' dir='ltr'><strong>Prosp.</strong></span> <span class='ocrx_word' id='word_1_746' title='bbox 961 5515 1159 5571; x_wconf 90' lang='lat' dir='ltr'><strong>Chron.</strong></span> <span class='ocrx_word' id='word_1_747' title='bbox 1188 5514 1344 5569; x_wconf 88' lang='lat' dir='ltr'><strong>inter.</strong></span> <span class='ocrx_word' id='word_1_748' title='bbox 1371 5528 1496 5584; x_wconf 90' lang='lat' dir='ltr'><strong>opp.</strong></span> <span class='ocrx_word' id='word_1_749' title='bbox 1523 5512 1653 5568; x_wconf 88' lang='lat' dir='ltr'><strong>edit.</strong></span> <span class='ocrx_word' id='word_1_750' title='bbox 1679 5528 1804 5567; x_wconf 91' lang='lat' dir='ltr'><strong>nov.</strong></span> <span class='ocrx_word' id='word_1_751' title='bbox 1831 5527 1986 5582; x_wconf 89' lang='lat' dir='ltr'><strong>pagg.</strong></span> <span class='ocrx_word' id='word_1_752' title='bbox 2013 5512 2140 5575; x_wconf 68' lang='lat'><strong>4&#39;52,</strong></span> <span class='ocrx_word' id='word_1_753' title='bbox 2317 5510 2394 5634; x_wconf 47' lang='lat' dir='ltr'><strong>se)</strong></span> <span class='ocrx_word' id='word_1_754' title='bbox 2436 5511 2628 5580; x_wconf 82' lang='lat' dir='ltr'><strong>PrOSp.</strong></span> <span class='ocrx_word' id='word_1_755' title='bbox 2660 5512 2705 5594; x_wconf 41' lang='grc' dir='ltr'><strong>Ι..</strong></span> <span class='ocrx_word' id='word_1_756' title='bbox 2727 5525 2776 5565; x_wconf 94' lang='lat' dir='ltr'><strong>c.</strong></span> <span class='ocrx_word' id='word_1_757' title='bbox 2808 5525 2928 5582; x_wconf 87' lang='lat' dir='ltr'><strong>pag.</strong></span> <span class='ocrx_word' id='word_1_758' title='bbox 2959 5509 3085 5567; x_wconf 72' lang='grc'><strong>452.</strong></span> <span class='ocrx_word' id='word_1_759' title='bbox 3171 5583 3181 5596; x_wconf 38' lang='grc' dir='ltr'><strong><em>ο</em></strong></span> 
     </span>
     <span class='ocr_line' id='line_1_80' title="bbox 639 5582 3181 5634; baseline 0 0"><span class='ocrx_word' id='word_1_760' title='bbox 639 5589 689 5634; x_wconf 70' lang='grc' dir='ltr'><strong>ι-</strong></span> <span class='ocrx_word' id='word_1_761' title='bbox 2348 5585 2396 5634; x_wconf 78' lang='lat' dir='ltr'><strong>fl</strong></span> <span class='ocrx_word' id='word_1_762' title='bbox 2437 5582 2594 5634; x_wconf 84' lang='lat' dir='ltr'><strong>Xvst.</strong></span> <span class='ocrx_word' id='word_1_763' title='bbox 2622 5591 2782 5634; x_wconf 85' lang='lat' dir='ltr'><strong>entst.</strong></span> <span class='ocrx_word' id='word_1_764' title='bbox 2818 5582 2869 5634; x_wconf 90' lang='lat'><strong>1.</strong></span> <span class='ocrx_word' id='word_1_765' title='bbox 2902 5598 3053 5634; x_wconf 90' lang='lat' dir='ltr'><strong>num.</strong></span> <span class='ocrx_word' id='word_1_766' title='bbox 3082 5585 3136 5634; x_wconf 88' lang='lat'><strong>1.</strong></span> <span class='ocrx_word' id='word_1_767' title='bbox 3171 5599 3181 5634; x_wconf 97' lang='lat' dir='ltr'><strong>l</strong></span> 
     </span>
    </p>
   </div>
   <div class='ocr_carea' id='block_1_80' title="bbox 565 5582 2146 5782">
    <p class='ocr_par' dir='ltr' id='par_1_80' title="bbox 565 5589 2139 5782">
     <span class='ocr_line' id='line_1_81' title="bbox 565 5589 2139 5782; baseline -0.004 -68"><span class='ocrx_word' id='word_1_768' title='bbox 565 5589 714 5782; x_wconf 45' lang='lat'><strong>:35)</strong></span> <span class='ocrx_word' id='word_1_769' title='bbox 753 5658 968 5782; x_wconf 63' lang='lat' dir='ltr'><strong>Tillggtg.</strong></span> <span class='ocrx_word' id='word_1_770' title='bbox 1021 5655 1338 5782; x_wconf 34' lang='lat' dir='ltr'><strong>«$1.2m;</strong></span> <span class='ocrx_word' id='word_1_771' title='bbox 1366 5652 1706 5779; x_wconf 37' lang='lat' dir='ltr'><strong>pangnaso,</strong></span> <span class='ocrx_word' id='word_1_772' title='bbox 1738 5653 1865 5709; x_wconf 71' lang='lat'><strong>265.</strong></span> <span class='ocrx_word' id='word_1_773' title='bbox 1914 5662 1967 5708; x_wconf 89' lang='lat' dir='ltr'><strong>et</strong></span> <span class='ocrx_word' id='word_1_774' title='bbox 2011 5661 2139 5708; x_wconf 90' lang='lat' dir='ltr'><strong>tom.</strong></span> 
     </span>
     <span class='ocr_line' id='line_1_82' title="bbox 665 5745 1613 5782; baseline -0.003 0"><span class='ocrx_word' id='word_1_775' title='bbox 665 5773 679 5782; x_wconf 91' lang='lat'><strong>.</strong></span> <span class='ocrx_word' id='word_1_776' title='bbox 713 5746 832 5782; x_wconf 70' lang='grc' dir='ltr'><strong>ωε.</strong></span> <span class='ocrx_word' id='word_1_777' title='bbox 971 5770 985 5782; x_wconf 83' lang='lat'><strong>.</strong></span> <span class='ocrx_word' id='word_1_778' title='bbox 1017 5745 1049 5781; x_wconf 92' lang='lat' dir='ltr'><strong>n</strong></span> <span class='ocrx_word' id='word_1_779' title='bbox 1119 5768 1129 5780; x_wconf 87' lang='lat'><strong>.</strong></span> <span class='ocrx_word' id='word_1_780' title='bbox 1197 5769 1211 5782; x_wconf 84' lang='grc'>.</span> <span class='ocrx_word' id='word_1_781' title='bbox 1360 5762 1382 5782; x_wconf 70' lang='grc' dir='ltr'><strong>ι.</strong></span> <span class='ocrx_word' id='word_1_782' title='bbox 1407 5767 1419 5779; x_wconf 81' lang='grc' dir='ltr'><strong><em>ο</em></strong></span> <span class='ocrx_word' id='word_1_783' title='bbox 1601 5765 1613 5779; x_wconf 78' lang='grc' dir='ltr'><strong><em>ο</em></strong></span> 
     </span>
    </p>
   </div>
   <div class='ocr_carea' id='block_1_81' title="bbox 2258 5582 3330 5782">
    <p class='ocr_par' dir='ltr' id='par_1_81' title="bbox 2319 5582 3330 5782">
     <span class='ocr_line' id='line_1_83' title="bbox 2319 5582 3330 5782; baseline -0.001 -142"><span class='ocrx_word' id='word_1_784' title='bbox 2319 5582 2396 5782; x_wconf 52' lang='lat' dir='ltr'><strong>gf)</strong></span> <span class='ocrx_word' id='word_1_785' title='bbox 2437 5582 2594 5654; x_wconf 83' lang='lat' dir='ltr'><strong>Xyst.</strong></span> <span class='ocrx_word' id='word_1_786' title='bbox 2622 5583 2782 5653; x_wconf 89' lang='lat' dir='ltr'><strong>epist.</strong></span> <span class='ocrx_word' id='word_1_787' title='bbox 2818 5582 2869 5646; x_wconf 85' lang='lat'><strong>1,</strong></span> <span class='ocrx_word' id='word_1_788' title='bbox 2902 5598 3053 5637; x_wconf 89' lang='lat' dir='ltr'><strong>num.</strong></span> <span class='ocrx_word' id='word_1_789' title='bbox 3082 5585 3136 5647; x_wconf 92' lang='lat'><strong>1,</strong></span> <span class='ocrx_word' id='word_1_790' title='bbox 3171 5583 3330 5640; x_wconf 89' lang='lat' dir='ltr'><strong>infra.</strong></span> 
     </span>
     <span class='ocr_line' id='line_1_84' title="bbox 2343 5653 2687 5720; baseline -0.012 -10"><span class='ocrx_word' id='word_1_791' title='bbox 2343 5656 2394 5720; x_wconf 82' lang='lat' dir='ltr'><strong>g)</strong></span> <span class='ocrx_word' id='word_1_792' title='bbox 2435 5654 2513 5708; x_wconf 77' lang='grc' dir='ltr'><strong>ια.</strong></span> <span class='ocrx_word' id='word_1_793' title='bbox 2548 5653 2687 5708; x_wconf 87' lang='lat' dir='ltr'><strong>ibid.</strong></span> 
     </span>
     <span class='ocr_line' id='line_1_85' title="bbox 2346 5724 3326 5782; baseline -0.002 -5"><span class='ocrx_word' id='word_1_794' title='bbox 2346 5724 2400 5782; x_wconf 79' lang='lat' dir='ltr'><strong>It)</strong></span> <span class='ocrx_word' id='word_1_795' title='bbox 2441 5725 2572 5782; x_wconf 72' lang='lat' dir='ltr'><strong>Ana.</strong></span> <span class='ocrx_word' id='word_1_796' title='bbox 2607 5726 2764 5782; x_wconf 83' lang='lat' dir='ltr'><strong>epist.</strong></span> <span class='ocrx_word' id='word_1_797' title='bbox 2802 5724 2922 5782; x_wconf 67' lang='grc'><strong>194.</strong></span> <span class='ocrx_word' id='word_1_798' title='bbox 2960 5739 3105 5779; x_wconf 91' lang='lat' dir='ltr'><strong>num.</strong></span> <span class='ocrx_word' id='word_1_799' title='bbox 3143 5726 3192 5782; x_wconf 87' lang='lat'><strong>1.</strong></span> <span class='ocrx_word' id='word_1_800' title='bbox 3219 5741 3326 5782; x_wconf 80' lang='lat' dir='ltr'><strong>oon</strong></span> 
     </span>
    </p>
   </div>
   <div class='ocr_carea' id='block_1_82' title="bbox 565 5724 3605 5878">
    <p class='ocr_par' dir='ltr' id='par_1_82' title="bbox 565 5724 3605 5878">
     <span class='ocr_line' id='line_1_86' title="bbox 565 5724 3605 5865; baseline 0 -83"><span class='ocrx_word' id='word_1_801' title='bbox 565 5724 832 5799; x_wconf 59' lang='lat' dir='ltr'><strong>XV,&#39;pag.</strong></span> <span class='ocrx_word' id='word_1_802' title='bbox 861 5729 985 5794; x_wconf 89' lang='lat'><strong>889,</strong></span> <span class='ocrx_word' id='word_1_803' title='bbox 1017 5736 1129 5781; x_wconf 94' lang='lat' dir='ltr'><strong>not.</strong></span> <span class='ocrx_word' id='word_1_804' title='bbox 1154 5729 1211 5792; x_wconf 63' lang='grc' dir='ltr'>ἓ,</span> <span class='ocrx_word' id='word_1_805' title='bbox 1238 5743 1325 5780; x_wconf 88' lang='lat' dir='ltr'><strong>sur</strong></span> <span class='ocrx_word' id='word_1_806' title='bbox 1360 5726 1419 5782; x_wconf 87' lang='lat' dir='ltr'><strong>S.</strong></span> <span class='ocrx_word' id='word_1_807' title='bbox 1453 5725 1613 5779; x_wconf 75' lang='lat' dir='ltr'><strong>Leon.</strong></span> <span class='ocrx_word' id='word_1_808' title='bbox 2320 5724 2400 5865; x_wconf 48' lang='grc' dir='ltr'><strong>ἑή)</strong></span> <span class='ocrx_word' id='word_1_809' title='bbox 2441 5725 2572 5794; x_wconf 86' lang='lat' dir='ltr'><strong>Aug.</strong></span> <span class='ocrx_word' id='word_1_810' title='bbox 2607 5726 2764 5794; x_wconf 82' lang='lat' dir='ltr'><strong>epist.</strong></span> <span class='ocrx_word' id='word_1_811' title='bbox 2802 5724 2922 5787; x_wconf 67' lang='grc'>194,</span> <span class='ocrx_word' id='word_1_812' title='bbox 2960 5739 3105 5779; x_wconf 91' lang='lat' dir='ltr'><strong>num.</strong></span> <span class='ocrx_word' id='word_1_813' title='bbox 3143 5726 3192 5783; x_wconf 89' lang='lat'><strong>1.</strong></span> <span class='ocrx_word' id='word_1_814' title='bbox 3219 5741 3346 5797; x_wconf 90' lang='lat' dir='ltr'><strong>opp.</strong></span> <span class='ocrx_word' id='word_1_815' title='bbox 3379 5736 3513 5786; x_wconf 92' lang='lat' dir='ltr'><strong>tom.</strong></span> <span class='ocrx_word' id='word_1_816' title='bbox 3545 5727 3605 5785; x_wconf 89' lang='lat' dir='ltr'><strong>ll.</strong></span> 
     </span>
     <span class='ocr_line' id='line_1_87' title="bbox 635 5795 3291 5878; baseline -0 -27"><span class='ocrx_word' id='word_1_817' title='bbox 635 5803 710 5878; x_wconf 55' lang='lat' dir='ltr'><strong>te)</strong></span> <span class='ocrx_word' id='word_1_818' title='bbox 749 5803 1002 5878; x_wconf 56' lang='lat' dir='ltr'><strong>Contulit.</strong></span> <span class='ocrx_word' id='word_1_819' title='bbox 1029 5796 1661 5878; x_wconf 45' lang='lat' dir='ltr'><strong>Epistt._liorp.‘Pontitl_&#39;.</strong></span> <span class='ocrx_word' id='word_1_820' title='bbox 1695 5811 1814 5866; x_wconf 86' lang='lat' dir='ltr'><strong>pag.</strong></span> <span class='ocrx_word' id='word_1_821' title='bbox 2050 5870 2083 5878; x_wconf 44' lang='grc' dir='ltr'>η</span> <span class='ocrx_word' id='word_1_822' title='bbox 2541 5795 2700 5878; x_wconf 77' lang='lat' dir='ltr'><strong>epist.</strong></span> <span class='ocrx_word' id='word_1_823' title='bbox 2891 5812 3037 5878; x_wconf 81' lang='lat' dir='ltr'><strong>num.</strong></span> <span class='ocrx_word' id='word_1_824' title='bbox 3075 5798 3127 5864; x_wconf 88' lang='lat'><strong>1,</strong></span> <span class='ocrx_word' id='word_1_825' title='bbox 3157 5796 3291 5853; x_wconf 88' lang='lat' dir='ltr'><strong>ibid.</strong></span> 
     </span>
    </p>
   </div>
   <div class='ocr_carea' id='block_1_83' title="bbox 634 5796 2146 5938">
    <p class='ocr_par' dir='ltr' id='par_1_83' title="bbox 634 5796 2101 5938">
     <span class='ocr_line' id='line_1_88' title="bbox 662 5796 2011 5867; baseline -0.001 -16"><span class='ocrx_word' id='word_1_826' title='bbox 662 5796 728 5867; x_wconf 46' lang='lat' dir='ltr'><strong>c)’</strong></span> <span class='ocrx_word' id='word_1_827' title='bbox 749 5796 996 5852; x_wconf 84' lang='lat' dir='ltr'><strong>Contant.</strong></span> <span class='ocrx_word' id='word_1_828' title='bbox 1029 5799 1221 5866; x_wconf 86' lang='lat' dir='ltr'><strong>Epistt.</strong></span> <span class='ocrx_word' id='word_1_829' title='bbox 1255 5798 1413 5850; x_wconf 82' lang='lat' dir='ltr'><strong>Rom.</strong></span> <span class='ocrx_word' id='word_1_830' title='bbox 1448 5796 1661 5851; x_wconf 68' lang='lat' dir='ltr'><strong>Pontia&quot;.</strong></span> <span class='ocrx_word' id='word_1_831' title='bbox 1695 5811 1814 5866; x_wconf 86' lang='lat' dir='ltr'><strong>pag.</strong></span> <span class='ocrx_word' id='word_1_832' title='bbox 1855 5796 2011 5850; x_wconf 69' lang='lat'><strong>1227.</strong></span> 
     </span>
     <span class='ocr_line' id='line_1_89' title="bbox 634 5803 2101 5938; baseline -0.001 -16"><span class='ocrx_word' id='word_1_833' title='bbox 634 5803 715 5938; x_wconf 42' lang='lat' dir='ltr'><strong>id)</strong></span> <span class='ocrx_word' id='word_1_834' title='bbox 758 5870 902 5936; x_wconf 83' lang='lat' dir='ltr'><strong>Pagi.</strong></span> <span class='ocrx_word' id='word_1_835' title='bbox 939 5868 1005 5922; x_wconf 84' lang='lat' dir='ltr'><strong>ad</strong></span> <span class='ocrx_word' id='word_1_836' title='bbox 1036 5882 1161 5922; x_wconf 84' lang='lat' dir='ltr'><strong>ann.</strong></span> <span class='ocrx_word' id='word_1_837' title='bbox 1197 5869 1321 5934; x_wconf 69' lang='grc'><strong>452,</strong></span> <span class='ocrx_word' id='word_1_838' title='bbox 1354 5864 1382 5936; x_wconf 66' lang='lat'><strong>5</strong></span> <span class='ocrx_word' id='word_1_839' title='bbox 1413 5868 1467 5932; x_wconf 83' lang='lat'><strong>6,</strong></span> <span class='ocrx_word' id='word_1_840' title='bbox 1498 5877 1551 5923; x_wconf 83' lang='lat' dir='ltr'><strong>et</strong></span> <span class='ocrx_word' id='word_1_841' title='bbox 1581 5868 1646 5922; x_wconf 74' lang='lat' dir='ltr'><strong>ad</strong></span> <span class='ocrx_word' id='word_1_842' title='bbox 1677 5882 1802 5921; x_wconf 79' lang='lat' dir='ltr'><strong>ann.</strong></span> <span class='ocrx_word' id='word_1_843' title='bbox 1840 5864 1963 5928; x_wconf 80' lang='grc'><strong>440.</strong></span> <span class='ocrx_word' id='word_1_844' title='bbox 1996 5862 2022 5930; x_wconf 72' lang='grc' dir='ltr'>ι</span> <span class='ocrx_word' id='word_1_845' title='bbox 2050 5870 2101 5921; x_wconf 61' lang='grc' dir='ltr'><strong>Ἀ.</strong></span> 
     </span>
    </p>
   </div>
   <div class='ocr_carea' id='block_1_84' title="bbox 2258 5796 2952 5938">
    <p class='ocr_par' dir='ltr' id='par_1_84' title="bbox 2320 5796 2952 5934">
     <span class='ocr_line' id='line_1_90' title="bbox 2320 5796 2952 5930; baseline -0.002 -79"><span class='ocrx_word' id='word_1_846' title='bbox 2433 5796 2509 5849; x_wconf 92' lang='lat' dir='ltr'><strong>ld.</strong></span> <span class='ocrx_word' id='word_1_847' title='bbox 2541 5796 2700 5877; x_wconf 76' lang='lat' dir='ltr'><strong>epist.</strong></span> <span class='ocrx_word' id='word_1_848' title='bbox 2733 5797 2855 5860; x_wconf 87' lang='lat'><strong>191,</strong></span> <span class='ocrx_word' id='word_1_849' title='bbox 2891 5813 2952 5878; x_wconf 80' lang='lat' dir='ltr'><strong>nu</strong></span> 
     </span>
     <span class='ocr_line' id='line_1_91' title="bbox 2322 5861 2952 5934; baseline -0.016 -4"><span class='ocrx_word' id='word_1_850' title='bbox 2322 5870 2362 5932; x_wconf 75' lang='grc' dir='ltr'>(ι</span> <span class='ocrx_word' id='word_1_851' title='bbox 2434 5861 2510 5920; x_wconf 82' lang='lat' dir='ltr'><strong>ld.</strong></span> <span class='ocrx_word' id='word_1_852' title='bbox 2544 5873 2702 5934; x_wconf 82' lang='lat' dir='ltr'><strong>epist.</strong></span> <span class='ocrx_word' id='word_1_853' title='bbox 2734 5863 2835 5922; x_wconf 70' lang='lat'><strong>194</strong></span> <span class='ocrx_word' id='word_1_854' title='bbox 2861 5879 2952 5923; x_wconf 83' lang='lat' dir='ltr'><strong>ett.</strong></span> 
     </span>
    </p>
   </div>
  </div>
