3976 6336
172 322 253 381 577

1469 292 2002 353 PROLEGOMENA.

3281 296 3387 353 δη

172 436 213 489 in
260 440 345 495 (ιιι.
399 414 662 474 catholica
722 412 985 469 doctrinae
1040 410 1300 467 adversus
1364 409 1683 480 Pelagianos
1710 412 1928 481 Asiane
1967 410 2235 465 notissimi.
2278 408 2509 464 Proinde
2550 411 2644 464 alii
2687 412 2911 467 severius
2954 412 3240 480 coercendi,
3288 415 3383 467 alii

171 527 351 581 asserta:
393 523 587 565 summa
642 508 814 577 capita
865 504 1132 571 exhibuit,
1181 503 1295 558 haec
1339 502 1440 557 sub
1485 502 1693 556 initium

172 616 379 684 adjiciens
404 603 473 675 (α)
507 620 518 656 :
550 600 754 670 Itaque,
784 604 943 671 frater
980 598 1299 663 charissime,
1329 596 1557 666 quamvis
1594 610 1695 647 non

173 722 208 763 te
229 704 456 760 rideamus
484 692 642 747 oculis
671 693 862 756 carnis,
884 692 1059 745 animo
1080 697 1247 743 tamen
1281 690 1335 742 in
1360 688 1463 758 ﬁde
1485 686 1695 755 Christi,

170 804 211 854 in
234 794 372 870 gratia
401 787 603 852 Christi,
637 788 690 841 in
721 783 958 840 membris
995 780 1186 838 Christi
1222 791 1469 845 tenemus,
1498 780 1697 851 ample-

174 896 338 950 ctimur,
366 883 663 939 osculamur.

226 984 267 1038 ι,
308 978 519 1046 llujusce
572 972 978 1044 Augustiniana‘.
1046 972 1286 1041 epistola:
1343 970 1699 1040 fragmentum

175 1078 327 1136 [eam
375 1070 623 1137 prosper;
672 1068 759 1137 qui
804 1066 1125 1137 pastoralem
1175 1063 1325 1134 Xysti
1372 1062 1699 1133 vigilantiam

173 1168 373 1229 laudans,
401 1163 495 1215 ista
535 1158 811 1228 praemittit
839 1159 914 1229 (ὸ)
944 1177 957 1214 ;
992 1158 1311 1225 Con/idiotas
1344 1156 1549 1211 Domini
1578 1171 1701 1227 pro-

173 1261 346 1317 tectione
371 1252 729 1324 prestandum,
755 1263 811 1306 ut
840 1257 977 1322 quod
1006 1261 1245 1322 operatus
1265 1259 1337 1305 est
1366 1251 1422 1303 in
1452 1248 1706 1303 Innocen-

172 1355 243 1419 tio,
267 1348 469 1407 Zosimo,
501 1342 797 1415 Bonifacio,
827 1342 1121 1409 Caelestino,
1158 1352 1393 1414 operetur
1422 1343 1473 1396 in
1506 1341 1557 1395 Χ
1561 1351 1706 1411 ysto;

172 1455 207 1500 et
229 1446 270 1497 in
294 1439 505 1494 custodia
538 1437 795 1491 Dominici
816 1439 984 1509 gregis
1016 1439 1122 1491 haec
1144 1438 1211 1491 sit
1240 1454 1360 1506 pars
1387 1437 1567 1507 glorite
1586 1435 1706 1490 huic

172 1540 382 1590 reservata
406 1530 617 1600 pastori,
649 1541 703 1581 ut
727 1530 856 1582 sicut
878 1529 957 1582 illi
980 1530 1129 1597 lupos
1154 1529 1364 1599 abegere
1388 1527 1706 1595 manifestos,

172 1630 228 1681 ita
260 1628 329 1678 hic
361 1621 576 1694 depellat
612 1622 838 1677 occultos
867 1637 885 1675 :
914 1620 1005 1675 illo
1042 1622 1248 1674 auribus
1285 1620 1390 1674 suis
1424 1619 1709 1673 doctissimi

172 1720 279 1773 senis
314 1713 633 1787 (Augustini)
673 1714 937 1767 intonante
965 1729 1218 1778 sermone,
1251 1728 1352 1782 quo
1382 1712 1707 1766 collaboran-

1795 504 2092 573 vigilantius
2112 503 2432 573 vestigandi;
2453 503 2547 556 alii
2568 506 2823 559 tractandi
2847 506 3051 575 quidem
3084 506 3266 570 lenius,
3294 506 3385 560 sed

1798 615 1902 652 non
1929 597 2131 668 segnius
2159 598 2376 651 docendi
2407 615 2427 651 :
2466 606 2520 651 ut
2548 599 2592 651 si
2622 616 2724 653 non
2756 601 3020 666 timentur,
3043 617 3106 654 ne
3132 600 3383 669 perdant;

1798 706 1901 746 non
1931 701 2100 744 tamen
2127 690 2474 763 negligantur,
2506 707 2569 744 ne
2598 700 2825 762 pereant.
2860 712 2880 746 ›

1874 786 1927 840 5.
1972 783 2221 852 Prosperi
2248 792 2370 839 vota
2402 783 2561 839 rebus
2595 786 2852 853 praeclare
2883 788 3044 855 gestis
3071 790 3389 858 comproba-

1800 879 1879 933 vit
1919 878 2121 948 Xystus
2164 878 2217 931 in
2267 877 2413 932 Petri
2457 878 2712 934 cathedra
2754 882 3095 937 constitutus.
3140 882 3196 937 Id
3231 898 3390 953 porro

1803 970 2079 1025 cumulate
2110 968 2241 1023 satis
2275 978 2537 1023 testantur
2562 970 2678 1039 ejus
2707 971 2970 1040 epistolae,
3000 989 3133 1043 quas
3164 975 3394 1030 Coutan-

1805 1065 1934 1117 tium
1965 1061 2133 1117 secuti
2160 1077 2372 1116 rursum
2404 1062 2670 1117 edidimus
2700 1081 2713 1117 :
2744 1078 2809 1119 ex
2833 1079 3057 1133 quarum
3088 1082 3192 1121 una
3216 1067 3392 1122 locum

1807 1154 2039 1209 recitans
2080 1152 2396 1209 Vincentius
2438 1154 2755 1219 Lirinensis,
2806 1155 2919 1210 haec
2947 1156 3107 1210 habet
3150 1156 3271 1225 (d):
3314 1159 3393 1212 Ad

1806 1256 2087 1300 extremum
2109 1247 2175 1299 ad
2170 1246 2411 1316 jecimus.
2426 1286 2463 1299 ..
2480 1246 2773 1316 apostolica:
2792 1247 2927 1301 sedis
2948 1251 3341 1315 auctoritatem,.
3356 1290 3391 1304 ..

1808 1341 2000 1393 scilicet
2030 1342 2196 1394 sancti
2226 1356 2376 1411 papa:
2405 1338 2580 1409 Xysti,
2613 1341 2699 1411 qui
2728 1358 2864 1395 nunc
2892 1340 3180 1396 Romanam
3210 1343 3395 1398 Eccle-

1808 1435 1941 1487 siam
1986 1434 2307 1487 uenerandus
2358 1432 2708 1487 illustrat.....
2759 1434 2845 1486 Ait
2894 1435 2967 1487 ita
3015 1445 3219 1489 sanctus
3266 1454 3398 1507 papa

1808 1524 2007 1595 Xystus
2036 1526 2088 1579 in
2118 1526 2335 1596 epistola
2360 1541 2515 1595 quam
2544 1527 2607 1578 de
2636 1542 2794 1579 causa
2826 1525 3055 1579 Nestorii
3084 1526 3397 1582 Antioclteno

1810 1620 1947 1671 misit
1977 1618 2215 1689 episcopo
2240 1618 2314 1687 (e)
2344 1636 2356 1670 :
2388 1637 2407 1670 ι
2428 1617 2589 1687 Ergo.
2622 1620 2807 1688 inquit,
2840 1620 2983 1689 quia,
3018 1621 3147 1673 sicut
3170 1622 3242 1673 ait
3265 1622 3400 1693 Apo-

1809 1713 1993 1779 stolus,
2034 1714 2160 1783 ﬁdes
2196 1730 2300 1767 una
2338 1724 2411 1769 est
2446 1729 2559 1782 qua!
2595 1715 2854 1768 evidenter
2895 1713 3000 1786 [ΑΙ.
3044 1725 3090 1767 et
3124 1715 3399 1787 vincenter]

173 1822 249 1863 tem
279 1823 431 1861 secum
459 1804 694 1858 hortatus
732 1813 835 1868 est,
868 1804 1040 1858 dicens
1072 1802 1145 1874 (ε)
1178 1821 1191 1856 :
1224 1821 1243 1855 ι
1276 1802 1409 1857 Sunt
1435 1803 1569 1855 enim
1597 1804 1713 1871 qui-
1742 1805 1787 1865 B
1817 1808 2055 1875 obtinuit,
2083 1808 2301 1861 dicenda
2322 1807 2613 1872 credamus,
2636 1818 2683 1860 et
2708 1808 2926 1860 tenenda
2954 1806 3205 1862 dicamus.
3235 1828 3253 1861 ι
3276 1810 3402 1873 Quae

169 1903 262 1955 dant
286 1900 362 1969 qui
378 1898 664 1970 justissime
690 1898 959 1951 damnatas
986 1897 1269 1964 impietates
1301 1895 1469 1948 adhuc
1500 1895 1708 1949 liberius

171 1992 468 2065 defendendas
509 2000 700 2061 putant
739 2008 757 2043 :
800 2000 846 2043 et
884 2000 1001 2043 sunt
1036 1990 1122 2059 qui
1158 1988 1407 2042 occultius
1444 1995 1708 2055 penetrant

170 2086 328 2147 domos,
360 2090 403 2136 et
431 2082 571 2152 quod
601 2083 654 2135 in
685 2090 861 2153 aperto
892 2082 1115 2135 clamare
1137 2082 1250 2151 jam
1277 2091 1528 2141 metuunt,
1556 2080 1609 2133 in
1632 2096 1708 2133 se-

168 2184 273 2229 creto
296 2176 528 2228 seminare
563 2191 665 2227 non
693 2174 981 2244 quiescunt.
1018 2172 1154 2229 Sunt
1190 2182 1361 2227 autem
1390 2172 1474 2241 qui
1504 2173 1707 2227 omnino

166 2268 395 2330 siluerunt,
426 2283 617 2337 magno
658 2268 837 2321 timore
880 2268 1189 2337 compressi;
1220 2268 1309 2321 sed
1349 2267 1518 2321 adhuc
1558 2267 1709 2321 corde

168 2362 389 2412 retittenles
422 2358 567 2429 quod
604 2374 692 2412 ore
730 2363 958 2430 proferre
1000 2376 1099 2414 non
1138 2359 1366 2424 audent;
1411 2360 1497 2429 qui
1543 2370 1713 2414 tamen

167 2466 249 2504 esse
272 2450 497 2519 fratribus
526 2462 748 2522 possunt
777 2469 839 2505 ea:
868 2453 1039 2523 priore
1066 2455 1229 2524 ipsius
1258 2455 1512 2525 dogmatis
1542 2454 1718 2523 defen-

217 2611 277 2679 (α)
311 2611 434 2680 Aug.
461 2611 629 2680 epist.
664 2612 787 2674 194.
818 2629 966 2668 num.
997 2612 1053 2666 2.

218 2681 277 2751 (b)
313 2681 487 2751 Prosp.
520 2694 705 2737 contr.
740 2684 930 2738 Collal.
963 2699 1081 2751 cap.
1116 2684 1208 2751 21,
1240 2684 1311 2739 al.
1344 2683 1435 2751 44,
1472 2700 1619 2739 ιιυιη.
1649 2685 1705 2739 ll.

216 2752 277 2822 (τ)
310 2755 435 2823 Aug.
467 2755 638 2823 epist.
672 2753 776 2810 194
802 2755 920 2824 cit.,
952 2771 1100 2811 num.
1125 2757 1180 2809 2.

172 2916 1166 2935 _—-———————

1817 1909 1938 1953 sunt
1978 1899 2181 1953 tandem
2222 1898 2315 1953 illa
2353 1898 2608 1954 credenda
2652 1909 2700 1952 et
2746 1899 3003 1953 dicenda?
3048 1900 3312 1970 Sequitur,
3354 1909 3401 1954 et

1817 1992 1888 2044 ait
1916 2007 1933 2044 :
1964 2010 1983 2042 ι
2015 1990 2111 2044 Nil
2143 1992 2300 2060 ultra,
2326 1991 2511 2058 inquit,
2536 1991 2687 2044 liceat
2716 1991 2950 2054 novitati,
2974 1991 3095 2061 quia
3127 1992 3255 2045 nihil
3279 1992 3401 2044 addi

1819 2084 2050 2137 convenit
2088 2085 2341 2137 vetustati.
2382 2084 2663 2153 Perspicua
2694 2087 2949 2153 majorum
2980 2086 3106 2149 ﬁdes
3136 2096 3182 2139 et
3222 2086 3403 2139 credu-

1818 2177 1935 2230 litas
1969 2176 2115 2230 nulla
2146 2178 2272 2231 caeni
2313 2177 2647 2247 permixtione
2675 2178 2924 2231 turbetur.
2965 2196 2983 2229 ι
3023 2177 3243 2230 Omnino
3272 2195 3403 2243 apo-

1816 2270 1992 2323 stolice
2015 2285 2033 2323 :
2062 2278 2114 2323 ut
2142 2272 2398 2341 majorum
2426 2267 2784 2322 credulitatem
2816 2268 3193 2338 perspicuitatis
3214 2266 3404 2323 lumine

1822 2372 2048 2429 ornaret,
2094 2364 2309 2418 novitias
2351 2378 2468 2418 vero
2516 2362 2857 2433 profanitates
2902 2362 3029 2416 carni
3072 2362 3403 2433 permixtione

1826 2453 2151 2509 describeret.

1887 2615 1968 2755 ἑά)
2010 2614 2163 2669 Vino.
2197 2613 2306 2669 Ltr.
2336 2625 2619 2671 Lommon.
2648 2617 2705 2670 2.
2737 2629 2856 2686 cap.
2886 2615 2974 2671 52.

1911 2685 1957 2755 e)
1997 2684 2154 2755 Xyst.
2189 2701 2277 2755 ep.
2309 2689 2362 2754 6,
2395 2702 2540 2741 num.
2574 2687 2628 2754 7,
2661 2687 2816 2741 intra.

1911 2685 1957 2756 e)
1997 2684 2154 2757 Xyst.
2189 2701 2277 2757 ep.
2309 2689 2362 2754 6,
2395 2702 2540 2741 num.
2574 2687 2628 2754 7,
2661 2684 2816 2741 intra.

1175 2910 3403 2936 —————————-—-———-——————‘

1238 3019 1569 3082 NOTITIA
1615 3016 2255 3080 SCHOENEMANNI.

1180 3167 1283 3229 (Ex
1333 3166 1531 3215 Schmn.
1576 3163 1700 3213 Bibl.
1749 3162 1877 3212 Hist.
1916 3160 2009 3211 litt.
2052 3169 2166 3211 tom.
2214 3160 2311 3223 Il.)

590 3303 621 3376 δ
656 3302 694 3357 1.
738 3301 854 3356 Vita
889 3300 1042 3372 Χεμιὶ
1079 3316 1247 3372 paper.

219 3396 331 3453 Orto
360 3396 659 3461 Romanus,
687 3395 984 3451 Caelestino
1011 3390 1274 3448 successit
1302 3404 1442 3444 anno
1465 3388 1592 3451 452,
1626 3401 1713 3441 or-

164 3489 338 3545 dinatus
368 3490 663 3546 secundum
698 3488 981 3543 Baronium
1002 3485 1071 3542 26
1099 3486 1185 3541 die
1203 3484 1416 3554 Aprilis,
1444 3482 1603 3550 Pagio
1626 3480 1714 3550 jn-

163 3581 417 3638 dicedieﬂ
431 3582 638 3639 mensis
659 3580 804 3637 Julii.
838 3580 938 3635 Hie
953 3579 1079 3633 dum
1108 3577 1285 3632 adhuc
1307 3578 1357 3630 in
1377 3573 1710 3645 presbyterio

164 3674 448 3729 constitutus
498 3684 689 3739 esset,
736 3672 860 3729 odio
908 3672 962 3727 in
1014 3670 1287 3739 Pelagium
1312 3679 1366 3724 et
1392 3666 1707 3723 leestium

164 3780 323 3821 nomen
353 3781 506 3822 suum
540 3768 803 3838 inclytum
852 3763 995 3820 fecit.
1042 3762 1176 3818 Nam
1216 3777 1336 3817 cum
1380 3762 1561 3815 nescio
1604 3772 1710 3827 quo

162 3865 287 3925 pecto
310 3856 444 3913 fama
470 3859 657 3928 aliqua
686 3858 905 3912 suborta
931 3864 1100 3921 esset,
1140 3854 1364 3926 Xystum
1397 3868 1503 3907 non
1534 3852 1707 3907 solum

161 3944 328 4018 Pelagii
349 3949 609 4004 doetrina:
657 3947 860 4014 lavere,
888 3946 982 4001 sed
1014 3946 1249 4015 ipsorum
1277 3945 1437 4000 etiam
1472 3942 1709 4011 Pelagia-

158 4053 315 4095 norum
342 4043 571 4098 amicum
608 4056 674 4097 ac
706 4050 989 4110 patronum
1031 4053 1190 4093 esse:
1238 4037 1372 4091 adeo
1402 4037 1580 4090 animo
1627 4036 1708 4089 in-

158 4144 320 4187 census
341 4145 418 4189 est
449 4134 517 4188 ad
550 4133 695 4188 banc
716 4132 1041 4188 calumniam
1068 4129 1398 4194 diluendam,
1422 4137 1479 4182 ut
1503 4127 1706 4197 primus

156 4222 195 4275 in
214 4226 423 4281 concilio
455 4225 705 4282 Caelestii
735 4241 894 4280 causa
923 4241 975 4279 a.
1003 4225 1109 4279 M8
1136 4223 1319 4276 habito
1345 4220 1626 4274 anathema
1651 4218 1703 4272 in

154 4329 251 4369 eum
279 4322 672 4389 pronuntiaret.
706 4318 825 4375 Mox
851 4319 1009 4373 etiam
1038 4318 1229 4371 litteris
1257 4315 1322 4370 ad
1347 4314 1703 4384 Augustinum

152 4420 195 4465 et
232 4412 467 4484 Alypium
502 4413 725 4483 scriptis
772 4412 1073 4467 doctrinam
1119 4423 1269 4465 suam
1318 4408 1385 4464 de
1432 4408 1601 4478 gratia
1633 4406 1703 4462 ita

153 4508 418 4577 explicavit,
454 4520 511 4564 ut
542 4510 644 4565 ille
674 4509 774 4563 sibi
800 4520 1127 4578 magnopere
1154 4520 1270 4560 eam
1302 4503 1517 4574 probari
1544 4513 1704 4572 atque

151 4597 331 4665 placere
356 4602 605 4670 epistolis
631 4602 926 4656 etiamnum
949 4597 1327 4668 superstitibus
1353 4595 1695 4665 signiﬁcaret.

150 4691 256 4757 Quae
278 4697 450 4749 omnia
472 4698 522 4751 ei
550 4710 661 4750 non
690 4703 975 4764 potuerunt
1005 4707 1109 4747 non
1139 4690 1393 4761 prodesse
1415 4689 1481 4743 ad
1513 4702 1705 4742 conse-
1730 4687 1783 4747 D

152 4788 388 4853 quendam
421 4806 700 4845 summum
754 4788 1130 4844 ecclesiasticae
1168 4784 1439 4855 dignitatis
1470 4782 1703 4852 apicem,

151 4876 355 4951 Contigit
380 4892 590 4947 autem,
622 4893 682 4936 ut
713 4882 764 4935 in
794 4883 908 4950 ipsa
936 4877 1273 4934 ordinatione
1314 4876 1432 4946 ejus
1454 4875 1707 4929 adessent

150 4970 284 5039 legati
324 4977 509 5047 Cyrilli
562 4975 915 5032 Alexandrini
952 4975 1288 5041 aliorumque
1330 4971 1705 5039 episcoporum

151 5066 271 5128 pacis
297 5067 346 5120 iu
375 5067 602 5124 Oriente
633 5066 1016 5137 componendas
1038 5081 1197 5121 causa
1229 5064 1293 5119 ad
1323 5077 1703 5134 prmcessorem

151 5154 247 5221 ejus
292 5160 472 5225 missi;
527 5169 857 5230 quapropter
907 5159 1102 5213 eximie
1146 5158 1360 5211 laetatur
1400 5158 1449 5209 in
1478 5154 1705 5222 epistola

152 5249 206 5301 ad
230 5250 475 5320 Cyrillum
501 5256 571 5310 de
601 5254 938 5309 ordinatione
959 5268 1052 5307 sua
1080 5252 1221 5307 data.
1255 5252 1455 5322 Cyrillo
1478 5255 1619 5304 enim
1650 5258 1705 5303 et

149 5337 374 5404 Ephesini
404 5347 628 5401 concilii
661 5346 869 5413 placitis
896 5346 1171 5401 leeslini
1216 5344 1465 5409 exemplo
1494 5342 1705 5395 fortiter

148 5432 347 5489 adhazsit
388 5437 697 5507 frustraque
746 5438 813 5492 ab
860 5437 1048 5491 iisdem
1096 5452 1215 5490 eum
1250 5435 1487 5489 alienare
1526 5433 1704 5487 conati

148 5534 249 5577 sunt
299 5528 586 5584 Eutherius
618 5529 955 5601 'l'hyanensis
984 5538 1037 5584 et
1063 5529 1338 5583 Helladius
1387 5525 1699 5590 Tarsensis,

148 5618 379 5689 episcopi,
412 5624 541 5678 licet
570 5637 701 5677 vere
737 5638 839 5677 non
896 5623 1074 5678 minus
1119 5637 1276 5689 quam
1324 5621 1557 5689 graviter
1600 5619 1701 5686 ῑρεὶ

149 5711 483 5781 scripsissent,
519 5715 825 5771 Nestorium
865 5731 1018 5781 atque
1046 5729 1109 5768 ac
1138 5714 1270 5767 alios
1302 5714 1581 5780 episcopos
1624 5711 1705 5763 in-

146 5798 270 5871 juste
290 5819 408 5863 esse
435 5807 741 5878 damnatos,
775 5807 1059 5864 duodecim
1092 5804 1274 5880 Cyrilli
1304 5804 1534 5876 capitula
1588 5800 1705 5859 bla-

1741 3293 1787 3356 C
1817 3292 2093 3359 Sphemam
2126 3305 2246 3346 esse
2291 3290 2581 3346 novitatem
2635 3293 2906 3350 universae
2940 3297 3220 3367 scripturae
3269 3314 3400 3354 con-

1819 3384 2058 3449 trariam,
2092 3382 2462 3453 legitimasque
2493 3396 2547 3438 et
2574 3386 2822 3455 antiquas
2843 3397 3151 3443 sanctorum
3188 3390 3401 3444 Patrum

1816 3477 2133 3531 traditiones
2190 3478 2759 3545 anathematizantem,
2810 3490 2958 3549 gesta
3008 3482 3152 3537 illius
3184 3485 3394 3539 concilii

1813 3569 1933 3623 sine
1960 3569 2165 3623 ratione
2192 3580 2247 3623 et
2276 3569 2484 3638 legibus
2512 3578 2563 3625 et
2599 3572 2665 3622 ah
2696 3572 2814 3641 ipso
2842 3573 3085 3642 principe
3117 3577 3403 3644 reprobata

1813 3661 2143 3730 omninoque
2166 3658 2349 3731 Cyrilli
2373 3661 2688 3716 ell'renatam
2723 3663 2773 3717 in
2804 3664 2908 3717 illis
2932 3667 3093 3721 luisse
3114 3667 3404 3725 licentiam.

1813 3752 1983 3807 Tanto
2016 3755 2187 3821 majus
2222 3756 2317 3824 ipsi
2350 3757 2601 3823 gaudium
2651 3753 2750 3809 fuit
2796 3758 3021 3812 mutatio
3051 3759 3272 3813 Joannis
3297 3761 3405 3813 An-

1812 3844 2065 3908 tiocheni,
2119 3849 2207 3915 qui
2263 3846 2381 3913 ipso
2431 3847 2755 3915 imperatore
2788 3847 3036 3903 hortante
3092 3852 3303 3905 tandem
3345 3867 3404 3907 se

1810 3939 2097 3991 sementim
2125 3939 2178 3991 in
2220 3938 2524 3993 Nestorium
2577 3942 2798 4008 prolata:
2845 3943 3107 3997 assentire
3152 3952 3206 3996 et
3235 3944 3401 3999 Maxi-

1810 4030 2048 4085 ntianum
2073 4046 2169 4101 pro
2199 4033 2453 4102 episcopo
2483 4033 3077 4103 Constantinopolitano
3108 4053 3403 4105 agnoscere

1810 4122 2089 4191 professus
2138 4134 2275 4179 erat.
2319 4125 2462 4178 Inter
2510 4136 2783 4179 extremas
2814 4127 2930 4195 ejus
2964 4128 3147 4183 laudes
3200 4130 3403 4189 referre

1812 4216 2008 4285 solent,
2032 4218 2171 4285 quod
2192 4234 2217 4269 a
2246 4216 2510 4286 Prospero
2527 4220 2852 4287 accepimus.
2869 4236 2989 4275 eum
3012 4221 3205 4276 Juliaui
3234 4235 3399 4292 artes,

1806 4312 2212 4379 quibusiterum
2254 4310 2306 4364 in
2338 4311 2591 4366 Ecclesiae
2632 4314 2912 4369 catholicas
2959 4318 3396 4373 communionem

1804 4404 2045 4473 irrepere
2082 4415 2307 4457 conatus
2339 4407 2427 4467 sit,
2453 4405 2722 4471 vigilantia
2752 4423 2845 4460 sua
2876 4408 3125 4462 elusisse.
3157 4409 3303 4464 Obiit
3327 4427 3393 4465 ex

1806 4493 2020 4548 Baronii
2043 4495 2247 4548 calculo
2271 4496 2357 4550 die
2382 4496 2451 4550 28
2466 4496 2829 4567 Martii,jnxta
2847 4499 3087 4567 Pagium,
3104 4501 3191 4555 die
3211 4500 3268 4556 ll
3291 4507 3400 4556 Au-

1805 4588 2130 4658 gttSti,juxta
2155 4588 2526 4644 Constantium
2552 4607 2679 4645 vero
2709 4593 2810 4647 sub
2841 4594 3040 4647 exitum
3058 4593 3183 4649 Julii
3206 4594 3397 4651 ωηο.

2203 4681 2230 4752 §
2271 4682 2336 4735 ΙΙ.
2379 4681 2589 4749 Scripta
2632 4681 2787 4753 Xyin
2834 4703 2999 4755 pupte.

1882 4773 2137 4847 Epistola:
2178 4777 2294 4845 ejus
2323 4778 2647 4843 superstites
2675 4777 2889 4846 scripta:
2932 4787 3091 4833 sunt:
3121 4779 3141 4833 Ι
3171 4790 3223 4835 et
3253 4780 3293 4835 Il
3335 4780 3400 4833 ad

1810 4867 2059 4937 Cyrillum
2082 4868 2412 4923 Alexandria?
2426 4871 2743 4941 episcopum,
2773 4884 2879 4925 scr.
2912 4872 3087 4927 medio
3109 4888 3250 4926 anno
3272 4872 3398 4928 452.

1808 4959 2032 5014 Nonnisi
2062 4977 2125 5014 ex
2160 4962 2601 5031 interpretatione
2646 4964 2831 5018 Graeca
2882 4964 3035 5019 nobis
3069 4968 3399 5021 transmissae

1809 5060 1954 5117 sunt,
1999 5050 2190 5106 Latine
2236 5051 2536 5107 Cotelerins
2576 5055 2771 5118 vertit,
2816 5056 2906 5124 qui
2951 5055 3110 5109 etiam
3149 5056 3399 5112 observat

1812 5144 2067 5213 priorem,
2099 5146 2197 5199 etsi
2230 5145 2329 5198 soli
2359 5143 2561 5217 Cyrillo
2607 5147 2947 5215 inscriptam,
3000 5161 3185 5201 revera
3236 5161 3398 5218 ency-

1812 5237 1965 5292 cliam
2018 5236 2203 5291 fuisse.
2256 5237 2340 5304 ΙΙΙ,
2394 5239 2463 5290 ad
2504 5239 2904 5304 eumdem,iscr.
2938 5254 2989 5292 a.
3032 5240 3160 5294 455.
3210 5239 3298 5305 IV,
3329 5242 3397 5293 ad

1810 5328 2071 5382 Joannem
2100 5330 2395 5401 episcOpum
2424 5332 2818 5395 Antiocltenunt,
2867 5346 2973 5386 scr.
3006 5332 3201 5388 eodem
3230 5348 3397 5389 anno.

1812 5425 1876 5488 V,
1906 5428 1971 5476 ad
2005 5425 2304 5497 Perigcncm
2333 5425 2717 5481 Corinthiorum
2742 5429 3059 5496 episc0pum.
3108 5444 3217 5481 scr.
3256 5443 3397 5483 anno

1811 5515 1937 5573 455.
1978 5517 2059 5581 Vi,
2112 5520 2179 5569 ad
2232 5520 2489 5588 synodum
2534 5517 2917 5573 Thessalonica:
2952 5518 3396 5589 congregandam,

1812 5626 1920 5665 scr.
1959 5622 2015 5666 ut
2041 5622 2094 5666 et
2121 5627 2353 5680 sequens
2382 5628 2431 5666 a.
2464 5612 2594 5665 455.
2626 5611 2735 5675 VII,
2760 5612 2829 5663 ad
2862 5608 3109 5664 Proclum
3140 5608 3395 5663 Constan-

1811 5707 2205 5777 tinOpolitanum
2257 5708 2571 5775 episcopum,
2615 5718 2720 5757 scr.
2754 5718 2878 5759 cum
2909 5704 3155 5776 sequenti
3183 5718 3235 5759 a.
3267 5701 3393 5763 457.

1809 5798 1950 5866 Vlli,
1993 5801 2059 5856 ad
2086 5802 2238 5858 totius
2265 5800 2469 5873 Illyrici
2502 5799 2790 5873 episcopos.
