3976 6336
627 272 736 335 879

1614 270 1675 329 S.
1712 265 1990 329 XYSTUS
2022 265 2095 326 111
2126 264 2338 328 ΡΑΡΔ.
2369 263 2910 328 Ρκοιεαοιιεηιι.

3733 302 3808 364 £30

703 392 1121 465 Depmlitarum,
1147 403 1285 463 quas
1326 397 1445 445 tum“
1486 393 1615 444 ante
1658 385 2049 459 pontiﬁcatum,
2098 394 2211 441 tum
2239 387 2293 449 Α
2314 383 2420 441 uite
2442 400 2498 441 a.
2542 382 2706 451 1530,
2738 387 2809 440 ἰην
2828 386 2951 455 tot.)
2978 386 3104 441 foiio
3129 402 3634 474 cant-ucusmt;
3656 419 3705 466 et
3734 426 3808 473 ter.

630 503 699 546 co
741 488 974 544 durante
1020 487 1255 556 scripsit,
1310 482 1553 539 notitiam
1605 482 1815 553 praebet
1875 480 2221 536 Constantius
2322 475 2707 545 tite(Parisiis,
2740 477 2903 541 1555.
2931 480 3107 551 ints“)
3136 481 3261 537 lolio
3286 500 3531 547 (ια-εει,

628 582 731 656 (a).
778 582 909 636 Huic
955 589 1132 635 autem
1180 578 1351 651 Xysto
1392 592 1424 632 a
1465 575 1667 632 Jacoho
1720 574 1937 632 Salonio
1985 573 2218 645 primum

628 675 810 728 tributi
837 683 985 740 sunt,
1019 680 1140 742 post
1181 673 1343 726 etiam
1381 670 1648 727 aJoaune
1693 668 1954 727 Garnerio
2004 669 2218 739 adjudi-

624 765 755 829 cati,
789 765 907 819 libri
954 776 1077 829 tres,
1124 762 1188 817 de
1216 762 1429 829 diuitiis,
1471 764 1537 817 de
1556 760 1712 817 malis
1753 760 2052 818 doctoribus
2071 769 2128 817 et
2154 761 2220 818 de

2393 568 2549 626 {553,
2584 570 2835 641 Coloniae,
2864 576 3007 645 apud
3038 574 3249 631 Petrum
3287 579 3518 651 Quentel;
3555 591 3709 664 in-{oL
3735 600 3808 658 De.

2312 673 2463 758 creta
2492 665 2629 719 Sixti
2662 681 2815 736 papa
2860 667 2951 733 Ill,
2983 683 3079 725 seu
3118 671 3350 740 Epistula
3380 678 3441 730 ad
3469 680 3748 758 Orientales;
3771 696 3809 752 in

2314 753 2564 815 Otacilii)
2603 760 2755 816 Petri
2801 761 3014 827 Crabbe,
3056 762 3119 819 Τ.
3153 766 3192 830 1,
3239 765 3330 822 fol.
3374 753 3809 845 cumvir—cccxx,

623 865 865 935 operibus
906 863 1052 933 ﬁdei,
1081 870 1136 917 et
1172 862 1245 917 de
1265 863 1535 928 castitate;
1564 860 1659 916 sed
1700 858 1980 916 fatendum
2008 871 2092 918 est
2119 875 2187 918 eo

2318 847 2453 905 ltem
2504 850 2840 949 Collectiones
2870 856 3011 913 Sinti
3059 873 3209 929 papae
3233 860 3296 914 de
3340 860 3686 938 Expurgotione
3719 894 3809 949 tua,

621 957 935 1028 conjectura
979 957 1173 1028 magis,
1218 971 1378 1027 quam
1422 956 1537 1012 ullo
1589 956 1853 1027 probabili
1898 967 2217 1029 argumento
2322 959 2453 1015 (1⁸⁸³
2495 947 2701 1020 οσηεθίι
2731 950 2991 1020 impun”
3037 966 3072 1006 ⁸
3119 951 3413 1010 καίπῆηο
3457 968 3505 1012 ει
3542 958 3702 1037 3am,
3740 947 3810 1030 fol.

620 1052 743 1107 niti.
772 1051 920 1107 Idem
940 1065 1074 1107 vero
1097 1051 1331 1108 Joannes
1359 1050 1660 1107 Garuerius
1683 1050 1974 1107 admodum
2004 1052 2212 1123 prolixa

619 1146 1007 1203 dissertatione
1023 1145 1090 1200 ad
1120 1143 1295 1215 Opera
1313 1143 1463 1199 alarii
1483 1142 1803 1201 Mercatoris
1825 1143 1877 1200 id
1899 1144 2005 1216 egit
2031 1145 2131 1215 (lt),
2154 1153 2213 1202 ut

616 1238 787 1297 libros
811 1238 1262 1313 llypomnesticam
1285 1239 1424 1310 apud
1451 1237 1811 1312 Augustinum
1838 1241 1891 1295 in
1912 1241 2210 1310 appendice

620 1335 750 1390 torni
774 1331 823 1389 X
849 1334 936 1389 ed.
967 1332 1439 1390 Benedictinorum
1483 1331 1730 1403 vulgatos
1754 1331 1928 1405 Xysto
1971 1331 2096 1388 huic
2121 1348 2211 1389 as-

615 1437 843 1486 sereret.
875 1428 983 1486 Sed
1011 1429 1209 1484 refellit
1234 1443 1355 1483 eum
1388 1426 1590 1481 Natalis
1638 1425 1948 1482 Alexander
1973 1442 2098 1483 saec.
2131 1442 2163 1482 v
2184 1467 2203 1495 ,

586 1560 593 1567 ι
614 1536 773 1593 pagg.
804 1520 875 1577 49
906 1537 989 1592 sq.
1011 1520 1167 1578 Gesta
1188 1522 1255 1576 de
1271 1518 1429 1593 Χειδιὶ
1458 1522 1762 1594 purgatione
1783 1528 1831 1575 et
1866 1519 2207 1594 Polychronii

612 1610 1084 1687 Hierosolymitani
1131 1615 1360 1684 episcopi
1406 1615 1774 1686 accusatione,
1838 1615 2002 1688 ipsius
2047 1612 2205 1686 Xysti

608 1710 757 1783 jussu
782 1710 1019 1775 collecta,
1068 1725 1188 1781 qua:
1216 1709 1407 1764 Petrus
1434 1707 1695 1763 Crabhius
1725 1710 1777 1763 in
1815 1708 2059 1763 conciliis
2083 1724 2113 1762 a
2140 1724 2200 1764 se

2308 1048 2823 1098 ωαιιι-αςαιιν,

2382 1129 2512 1222 Βία
2538 1139 2627 1188 est
2654 1134 2825 1204 prima
2851 1134 3022 1191 editio
3046 1133 3453 1210 Ecpurgatiouis
3488 1143 3618 1202 iliios
3638 1147 3811 1222 huic:

2312 1218 2682 1294 Poiychronii,
2710 1243 2871 1297 quam
2904 1228 3095 1285 Petrus
3137 1228 3402 1289 Crabbios
3428 1236 3476 1291 in
3501 1218 3811 1304 desummo.

2306 1320 2429 1386 stis,
2458 1320 2749 1377 admodum
2780 1325 3057 1381 mendacis
3085 1339 3148 1381 ac
3167 1327 3469 1397 depratatis
3487 1339 3810 1407 exemplaribus

2306 1411 2689 1483 deprehendit.
2726 1418 2861 1486 ρυω
2886 1432 3008 1473 eum
3034 1417 3255 1475 horrida
3283 1424 3504 1490 quadam
3529 1425 3738 1486 barbarie
3760 1437 3809 1492 in

2305 1504 2453 1562 inter
2476 1521 2538 1565 se
2563 1512 2977 1576 concordarent,
3007 1520 3064 1566 ut
3086 1511 3418 1569 dissiderent
3437 1520 3651 1574 maxime
3669 1525 3811 1580 verbo.

2303 1612 2424 1654 rem
2453 1604 2957 1676 sententiarumque
2981 1606 3325 1677 singularum
3345 1611 3614 1679 varietate,
3642 1616 3717 1671 ille
3735 1634 3808 1676 non

2303 1693 2472 1749 modo
2502 1708 2607 1750 non
2638 1696 2921 1768 indignum
2962 1700 3292 1755 existimavit
3337 1705 3606 1774 utriusque
3639 1716 3807 1780 textum,

608 1804 769 1859 editis
798 1805 1030 1874 primum
1060 1803 1349 1873 evolgavit,
1387 1818 1491 1857 non
1515 1803 1689 1858 solum
1723 1803 1944 1858 horrido
1970 1818 2034 1859 ac
2069 1803 2187 1859 bar-

2303 1787 2451 1842 nttlla
2472 1788 2610 1845 facta
2630 1793 2950 1861 mutatione,
2965 1791 3174 1848 duabus
3185 1794 3455 1850 columnis
3470 1811 3806 1873 repraesentare,

606 1888 741 1953 baro
768 1912 1059 1965 sermone,
1106 1897 1201 1953 sed
1244 1897 1543 1951 innumeris
1585 1897 1747 1951 etiam
1799 1897 1850 1950 itt
1883 1895 2194 1952 bistoricam

605 1988 890 2044 veritatem
924 1988 1158 2059 peccatis
1206 1986 1481 2043 inficetum
1541 1987 1890 2058 impostoretn
1940 1989 2193 2059 produnt.

606 2080 953 2137 Constantius
978 2097 1041 2136 ex
1072 2082 1261 2137 eadem
1308 2079 1521 2136 ofﬁcina
1554 2081 1820 2151 prodiisse
1849 2082 2151 2152 suspicatur
2175 2122 2192 2148 ,

606 2182 710 2244 dua
737 2177 1078 2231 Sinuessanas:
1102 2174 1293 2247 synodi
1322 2173 1425 2229 sub
1447 2173 1776 2240 Marcellino,
1810 2174 2066 2229 ltomaum
2094 2173 2195 2229 sub

600 2256 887 2341 Sylvestro
917 2278 974 2325 et
998 2269 1209 2325 Liberin
1239 2280 1421 2340 gesta,
1466 2268 1535 2323 de
1558 2267 1754 2338 quibus
1784 2266 1899 2324 suis
1946 2268 2033 2323 ille
2061 2269 2193 2324 locis

600 2363 910 2418 acutissime
955 2370 1012 2418 et
1056 2362 1367 2417 doctissime
1390 2361 1665 2426 disseruit,
1702 2372 1928 2431 procusa
1967 2361 2187 2430 fuerint,

599 2471 795 2524 nempe
844 2455 1155 2528 Symmachi
1209 2470 1359 2525 papa:
1404 2455 1736 2524 temporibus
1780 2462 1836 2508 et
1879 2455 1932 2507 iu
1963 2455 2189 2524 gratiam

598 2550 808 2626 judicii,
841 2551 982 2619 quod
1010 2551 1248 2605 Romana
1291 2550 1529 2622 synodus
1576 2550 1795 2603 ineunte
1818 2550 2016 2604 szccuio
2044 2563 2096 2603 vt
2122 2549 2189 2603 de

597 2660 761 2701 causa
814 2645 975 2713 hujus
1024 2643 1295 2712 pontificis
1348 2643 1593 2713 protulit.
1646 2643 1830 2711 itaque
1879 2642 1996 2696 haec
2044 2645 2188 2697 fraus

596 2736 754 2807 longe
800 2735 993 2792 lsidori
1040 2736 1353 2791 Mercatoris
1398 2734 1709 2803 imposmris
1747 2744 1834 2791 est
1880 2734 2184 2803 antiquior,

598 2829 694 2900 qui
718 2841 895 2884 tamen
920 2830 1038 2899 ipse
1067 2827 1289 2883 minimc
1310 2828 1514 2882 otiosus
1540 2826 1659 2893 fuit,
1684 2828 1779 2883 sed
1808 2826 1981 2900 Xysto
2013 2828 2078 2883 111
2106 2826 2188 2881 af-

594 2920 751 2977 ﬁnxit
777 2920 1068 2993 Epistolam
1112 2920 1180 2974 ad
1230 2919 1544 2988 Orientales,
1573 2924 1659 2975 cui
1710 2931 1764 2975 et
1791 2920 2185 2977 etituinatiouis

594 3013 747 3071 Bassi
800 3023 855 3069 et
905 3014 1241 3085 purgationis
1288 3009 1448 3084 Xysti
1502 3012 1736 3067 fabulam
1789 3013 2035 3079 inseruit,
2086 3011 2183 3067 sed

593 3108 849 3180 quidquid
877 3107 950 3163 ibi
983 3108 1227 3175 disserit,
1273 3105 1403 3160 illud
1426 3120 1496 3160 ex
1524 3121 1633 3161 ttuo
1657 3105 1941 3161 Anastasio
1968 3105 2183 3173 vulgato

2298 1881 2395 1936 sed
2450 1885 2736 1955 utriusque
2780 1885 3174 1956 discrepantias
3206 1888 3375 1943 etiam
3408 1890 3706 1960 conjecture
3740 1911 3811 1968 ope

2296 1986 2628 2043 componere
2664 1985 2721 2032 et
2764 1976 2832 2032 ad
2877 1978 3149 2035 saniorem
3192 1995 3415 2036 sensum
3469 1984 3811 2057 poiitioremque

2295 2068 2599 2122 orationem
2623 2070 2887 2126 reducere
2909 2072 3060 2127 uisus
3086 2080 3192 2128 est.
3216 2072 3396 2143 Atque
3422 2074 3551 2142 inec,
3572 2092 3711 2147 quam
3733 2081 3813 2149 ipse

2296 2159 2553 2215 conﬂatit
2577 2164 2843 2232 narratio,
2886 2164 3125 2221 medium
3154 2164 3303 2222 inter
3333 2176 3577 2240 utrasque
3593 2171 3812 2228 columnas

2294 2248 2471 2305 locum
2501 2265 2753 2324 occupat.

2366 2346 2526 2402 1589.
2555 2348 2814 2418 Parisiis;
2840 2350 3027 2424 iit-fol.
3057 2351 3199 2408 Sixti
3232 2351 3305 2409 111
3337 2352 3396 2408 1⁵.
3423 2348 3490 2410 ΙΙ.
3512 2353 3658 2411 Liber
3680 2356 3735 2412 de
3752 2356 3810 2411 di-

2289 2438 2465 2506 vitiis;
2503 2442 2746 2510 ejusdent
2776 2444 3018 2514 Epistula
3042 2446 3113 2501 de
3143 2444 3306 2502 malis
3335 2446 3632 2503 doctoribus
3655 2462 3701 2505 et
3721 2465 3813 2521 ope-

2298 2529 2447 2584 ribus
2480 2532 2623 2600 fidei,
2657 2544 2712 2588 et
2755 2534 2823 2589 de
2848 2536 3057 2604 judicio
3087 2536 3315 2602 futuro;
3359 2539 3591 2608 ejusdem
3615 2539 3748 2595 Liber
3766 2542 3815 2597 de

2287 2628 2537 2681 castitate
2577 2626 2643 2681 ad
2692 2628 2979 2698 quemdam
3035 2645 3164 2685 vere
3190 2628 3598 2701 Christianum;
3639 2633 3690 2689 in
3708 2631 3811 2692 Bibl.

2289 2712 2410 2767 PP.
2438 2714 2599 2786 Bign.
2628 2719 2884 2776 secunda:
2909 2721 3000 2776 ed.
3025 2729 3175 2778 temo
3203 2722 3277 2783 ν.

2359 2805 2523 2861 1591.
2572 2806 2786 2875 Ποιηω;
2821 2810 3001 2879 iit-{0L
3049 2813 3189 2869 Sixti
3239 2829 3401 2885 papa
3444 2815 3512 2871 Ill
3541 2817 3815 2888 Epistolaad

2285 2892 2617 2965 Orientales;
2648 2898 2703 2953 in
2730 2899 3048 2960 Collectione
3076 2902 3373 2976 Epistolar.
3419 2901 3623 2966 Deerat.
3660 2909 3814 2976 Pontif.

2285 2986 2441 3045 Rom.
2464 2990 2589 3047 Aut.
2617 2990 2776 3049 Card.
2809 2995 3036 3066 (Σατρίαν.
3075 2999 3140 3054 Τ.
3163 2998 3207 3055 1.
3404 2993 3408 2999 ’

2358 3083 2519 3140 1594.
2548 3084 2752 3153 Ilonue,
2785 3104 2811 3142 e
2837 3099 3041 3161 typogr.
3063 3091 3226 3159 Vat.;
3258 3094 3448 3165 ἰηοῙοΙ.
3479 3095 3607 3153 Sixti
3636 3096 3815 3166 papelll

592 3176 690 3258 seu
723 3176 1015 3273 pontificali
1040 3200 1178 3256 libro
1205 3208 1509 3255 mutuatum
1536 3212 1660 3253 esse
1690 3207 1875 3253 monet
1907 3196 2175 3253 Consum-

2288 3176 2538 3247 Epistolw
2555 3180 2695 3246 duae,
2715 3183 2995 3239 videlicet:
3022 3186 3083 3240 1ο
3100 3188 3168 3240 ad
3189 3186 3451 3259 Cyrillum
3470 3188 3817 3245 Almndrinum

593 3300 719 3349 "us.
875 3380 906 3456 5
946 3376 1036 3437 111.
1082 3379 1345 3437 Editiones
1383 3380 1693 3455 scriptorum
1720 3376 1895 3454 Xysti.

659 3496 800 3553 Ante
835 3494 1119 3550 Baronium
1150 3495 1285 3550 nihil
1313 3496 1609 3551 litterarum
1641 3496 1993 3565 genuinarnm
2028 3498 2179 3566 hystt

593 3593 892 3662 prosmhat.
926 3591 1112 3645 lsidori
1143 3589 1308 3645 fetum
1347 3588 1594 3645 ediderat
1624 3589 1875 3645 Merlinus
1901 3600 1954 3645 et
1985 3589 2178 3643 iterum

593 3679 867 3749 Crabbius,
903 3681 1130 3736 fortasse
1158 3681 1211 3735 in
1242 3683 1533 3736 Itomanam
1579 3698 1790 3752 quoque
1820 3683 2178 3750 Epistolarum

589 3772 952 3830 Decretalium
981 3773 1355 3828 collectionem
1384 3782 1633 3843 receptus
1656 3774 1773 3827 fuit.
1796 3774 1908 3842 Qua
1931 3774 2177 3830 absoluta

588 3866 804 3923 demum
833 3868 965 3921 duas
989 3868 1266 3937 epistolas,
1294 3865 1361 3921 111
1384 3865 1589 3922 scilicet
1605 3875 1659 3921 ct
1680 3865 1766 3934 IV,
1788 3883 1819 3922 e
1846 3883 1974 3923 mss.
1994 3883 2181 3923 exem-

587 3959 827 4035 plaribus
867 3959 1142 4016 Vaticanis
1186 3969 1373 4015 nactus
1418 3970 1502 4015 est
1546 3961 1800 4015 Antonius
1859 3961 1922 4015 de
1974 3961 2180 4031 Aquino

589 4064 793 4111 etcum
840 4050 1068 4106 Baronio
1110 4052 1547 4120 communicavit,
1582 4052 1675 4124 qui
1709 4054 1759 4106 in
1800 4052 2083 4107 Annalibus
2109 4050 2177 4107 ad

586 4160 789 4201 annum
819 4145 927 4201 433
958 4160 1049 4200 eas
1080 4145 1381 4216 proposuit.
1412 4143 1543 4198 Post
1582 4145 1800 4213 longum
1844 4144 1974 4199 satis
2006 4146 2176 4199 inter-

586 4242 783 4299 vallum
810 4250 1034 4313 quatuor
1062 4254 1226 4294 novas
1257 4238 1322 4305 V,
1367 4236 1454 4302 Vl,
1482 4237 1598 4306 \‘Il,
1630 4235 1763 4304 Vill,
1792 4237 1844 4292 itt
1874 4238 2063 4292 iisdem
2093 4237 2176 4292 bi-

586 4330 877 4388 bliotheca:
926 4330 1206 4386 codicibus
1256 4329 1613 4399 deprehendit
1656 4329 1824 4383 Lucas
1872 4326 2177 4385 llolstenius

587 4440 785 4496 easque
816 4424 921 4479 luci
946 4423 1097 4479 dedit
1125 4424 1277 4480 card.
1305 4423 1652 4480 Barberinius
1675 4425 1727 4479 in
1759 4422 2071 4481 Collectione
2094 4424 2181 4481 Bi-

589 4518 781 4589 partita
804 4515 1040 4571 Romana
1064 4532 1129 4571 ex
1152 4516 1369 4572 schedis
1398 4515 1657 4572 llolstenii
1686 4527 1804 4586 post
1826 4517 2029 4573 obitum
2058 4518 2174 4590 ejus

2283 3270 2352 3327 de
2381 3282 2564 3327 amoto
2594 3274 2849 3333 Nestoriu
2875 3288 2933 3352 et
2958 3277 3229 3335 dantnatis
3262 3282 3386 3350 ejus
3416 3283 3706 3353 hmresihus,
3729 3299 3819 3353 gra-

2287 3365 2579 3432 tulatot'ia;
2612 3367 2671 3420 σι’
2697 3369 2765 3422 ad
2792 3369 3055 3425 Joannem
3096 3371 3482 3429 Antiochenam
3520 3376 3735 3445 ejusdem
3755 3390 3818 3431 at-

2281 3462 2561 3528 gumeuti;
2588 3476 2657 3518 es
2686 3462 2949 3519 Vaticano
2976 3466 3169 3522 codice
3184 3468 3355 3523 editae
3382 3472 3444 3523 ini
3461 3467 3667 3524 Βασιιῦ
3686 3470 3820 3524 Am-

2279 3552 2416 3607 libns
2443 3555 2511 3609 ad
2539 3570 2590 3608 a.
2616 3554 2741 3619 453,
2779 3570 2909 3611 num
2957 3556 3120 3614 ill-2t
3173 3571 3316 3616 tom.
3350 3560 3426 3629 νς
3455 3563 3539 3618 ed.
3568 3562 3763 3633 περιήιε
3779 3577 3816 3617 tt.

2282 3646 2443 3710 1607,
2499 3660 2622 3719 pag.
2674 3649 2780 3705 655
2806 3650 2912 3716 37;
2962 3652 3053 3707 ed.
3082 3652 3271 3709 Colon.
3323 3658 3455 3728 Agr;
3502 3656 3649 3720 10M,
3698 3670 3813 3726 pagg.

2280 3738 2548 3807 7l8,7l9;
2576 3741 2665 3797 ed.
2698 3742 2994 3798 Mausiame
3029 3755 3163 3802 tom.
3199 3746 3314 3812 VII,
3346 3748 3565 3803 451-55.
3601 3749 3714 3801 Acta
3739 3746 3816 3801 Es-

2277 3835 2600 3905 pnrgationis
2637 3835 2795 3906 διμιιὶ
2832 3835 2985 3903 juxta
3016 3840 3344 3896 mendosum
3382 3840 3653 3911 exemplar
3693 3841 3819 3894 habet

2279 3926 2479 3983 ibidem
2511 3944 2662 3986 nutu.
2692 3927 2764 3984 32
2783 3944 2902 4002 seq.

2739 4074 2786 4113 ‘
2878 4037 3094 4081 ειεευιο
3132 4040 3272 4081 ινιτ.

2352 4111 2513 4169 16011.
2554 4110 2783 4171 Colonia:
2835 4118 3096 4186 Agripp.,°
3124 4110 3309 4191 iit-fol.
3360 4119 3503 4188 Vita,
3540 4119 3763 4191 Epistula!
3781 4124 3820 4173 et

2279 4203 2507 4261 Decreta
2535 4207 2675 4262 Sinti
2705 4222 2856 4279 papae
2884 4206 2985 4280 HI;
3017 4213 3071 4267 in
3096 4211 3349 4269 Conciliis
3379 4213 3503 4272 See.
3537 4212 3684 4277 Binii,
3716 4211 3766 4266 τ.
3788 4210 3818 4279 l,

2276 4295 2373 4353 toi.
2407 4298 2631 4355 922-261
2667 4301 2873 4373 Nempe
2902 4305 3025 4360 dua:
3068 4307 3253 4361 insunt
3300 4320 3371 4362 ex
3404 4307 3633 4362 Beronio
3654 4312 3701 4361 et
3739 4304 3821 4371 epi-

2276 4392 2413 4447 stola
2448 4395 2518 4448 ad
2554 4392 2869 4454 Orientales.
2899 4399 3029 4455 Atta
3067 4398 3492 4473 Expurgationis
3537 4399 3666 4457 Bisti
3701 4397 3823 4469 juxta

2278 4487 2371 4545 ed.
2400 4488 2629 4546 Crabbei
2654 4491 2799 4547 edita
2828 4501 2958 4547 sunt
2978 4492 3077 4548 fol.
3110 4493 3381 4550 918-939.

625 4561 670 4570 _.
690 4561 781 4571 ....,
804 4561 1040 4571 -.-.........
1066 4561 1129 4571 ν..
1153 4561 1368 4572 -.........-
1686 4561 1804 4586 ,,.,.,.
1827 4561 2029 4573 -.,.......
2059 4561 2086 4573 ν
2117 4561 2173 4572 ...,

593 4561 760 4664 Edita.
804 4608 1042 4664 Tandem
1071 4608 1307 4676 reliquas
1334 4607 1467 4662 duas
1510 4610 1714 4665 invenit
1741 4607 2046 4677 Cotelerius,
2078 4561 2173 4668 sed

2352 4582 2514 4639 1618.
2555 4582 2790 4641 Colonies
2832 4586 2996 4659 Agr.;
3043 4588 3214 4658 iit-fol.
3249 4587 3392 4645 Sisti
3428 4600 3582 4659 papa:
3612 4584 3673 4642 111

587 4700 774 4758 Graece
802 4711 1032 4757 tantum.
1058 4701 1319 4771 Quocirca
1350 4702 1418 4758 de
1441 4718 1540 4758 suo
1563 4702 1652 4759 ille
1685 4703 1738 4758 in
1770 4703 2017 4758 Latinum
2050 4720 2175 4760 ver-

589 4796 674 4861 tit,
703 4804 760 4851 et
790 4795 841 4850 itt
882 4793 1229 4851 Monumenlis
1260 4793 1405 4850 Eccl.
1435 4793 1630 4853 Crarca:
1659 4797 1890 4867 imprimi
1926 4798 2173 4868 curavit,

586 4889 913 4960 easdemque
957 4899 1411 4961 reprmsentarunt
1458 4890 1711 4947 Balusius
1748 4902 1803 4947 et
1840 4890 2173 4949 Ilarduinus.

585 4982 846 5041 Omnibus
870 4983 1105 5056 denique
1134 4985 1502 5043 cmaculandis
1518 4994 1574 5042 et
1597 4987 1933 5042 illustrandis
1954 5003 2174 5047 manum

584 5077 822 5135 admovit
848 5074 1199 5148 Constantius,
1227 5094 1389 5157 quem
1417 5080 1662 5151 sequitur
1688 5076 2024 5138 Gallandius.

1192 5228 1410 5273 8£CULO
1444 5228 1557 5273 XVI.

658 5324 815 5384 1523.
850 5326 1060 5385 Parisiis
1076 5347 1097 5396 ;
1115 5329 1293 5402 in-fol.
1313 5330 1447 5386 Sixti
1472 5345 1621 5401 papzn
1642 5331 1879 5389 decreta.
1908 5334 1941 5389 i.
1965 5349 2015 5389 e.
2039 5331 2170 5404 Epi-

582 5420 715 5474 stola
743 5420 813 5475 ad
846 5420 1137 5477 Orientales
1161 5421 1228 5480 ab
1260 5423 1463 5479 lsidoro
1490 5424 1787 5482 Mercatore
1821 5426 2078 5494 centieta;
2112 5429 2165 5485 in

580 5509 699 5568 lac.
732 5512 944 5569 Mcrlini
975 5514 1218 5572 Consiliis
1246 5514 1311 5573 '1‘.
1353 5515 1405 5584 l;
1450 5517 1703 5575 editionis
1728 5519 1948 5576 alterius
1977 5520 2161 5596 (Colo-

654 5714 733 5787 (o)
762 5716 908 5772 "anc
930 5716 1173 5773 notitiam
1202 5720 1324 5787 vide
1355 5716 1513 5774 infra.
1549 5718 1706 5775 Ent'r.

661 5784 734 5851 to)
781 5791 1015 5844 ttahetur
1066 5791 1182 5847 haec
1219 5784 1529 5847 dissertatio
1585 5789 1835 5848 Garncrii
1887 5792 1942 5848 in
1982 5798 2172 5851 nostro

2275 4675 2347 4731 de
2371 4675 2594 4742 divitiis,
2619 4678 2775 4733 malis
2796 4678 3118 4735 doctoribus
3142 4690 3201 4736 et
3231 4681 3525 4747 castitate;
3547 4679 3603 4734 in
3625 4676 3695 4731 ι.
3716 4673 3823 4729 Bibl.

2276 4764 2398 4824 PP.
2432 4778 2563 4824 tom.
2594 4768 2658 4835 ν,
2690 4785 2745 4839 p.
2777 4784 2837 4825 rt.

2349 4858 2511 4916 1644.
2546 4859 2795 4929 Parisiis,
2823 4878 2853 4917 e
2882 4869 3088 4936 typogr.
3122 4864 3329 4936 Regia:
3350 4864 3442 4920 in-
3458 4863 3695 4939 fol.Vita,
3721 4857 3822 4926 Epi-

2275 4955 2431 5009 stulae
2449 4965 2501 5008 et
2528 4954 2761 5010 Decreta
2780 4957 2921 5011 Sinti
2949 4968 3104 5027 papae
3121 4957 3211 5026 lli,
3235 4970 3366 5013 eum
3384 4959 3529 5013 notis
3552 4956 3667 5014 Sec.
3690 4950 3824 5021 Binii;

2277 5047 2333 5103 in
2360 5045 2494 5101 Coll.
2523 5045 2686 5118 Regia
2714 5044 3065 5103 Conciliantur
3088 5048 3150 5103 Τ.
3187 5048 3303 5113 νη,
3343 5063 3506 5119 pagg.
3543 5047 3682 5102 1α12.

2350 5141 2507 5198 1662.
2540 5141 2741 5209 Romae,
2773 5142 2911 5213 typis
2934 5140 3054 5195 Jac.
3097 5142 3488 5215 Dragondelli;
3518 5137 3673 5196 lit-8'.
3703 5130 3825 5207 Χεεῆ

2275 5246 2427 5308 papas
2455 5236 2523 5291 ill
2554 5237 2814 5307 Epistulae
2841 5244 3073 5307 quatuor
3097 5249 3130 5291 e
3157 5233 3323 5290 codd.
3358 5231 3634 5289 Vaticanis
3671 5238 3825 5284 recens

2275 5342 2465 5398 erutm,
2489 5331 2741 5386 videlicet
2765 5348 2780 5385 :
2806 5331 2869 5385 1ο
2896 5330 2967 5383 ad
2992 5328 3302 5402 Perigenem
3345 5327 3716 5383 Corinthiorum
3740 5317 3823 5389 epis

2272 5440 2481 5496 scapum
2497 5442 2516 5490 ;
2535 5425 2599 5481 2°
2630 5425 2699 5479 ad
2714 5425 2982 5480 uniuersos
3006 5424 3273 5495 episcopos
3301 5424 3510 5494 synodo
3536 5416 3672 5492 apud
3697 5412 3822 5468 Tltes-

2269 5521 2558 5577 salonieant
2583 5518 3004 5593 congregandos;
3025 5519 3090 5575 3°
3115 5517 3185 5572 ad
3227 5514 3522 5583 Proelum;
3562 5509 3625 5567 4·
3642 5507 3706 5565 ad
3732 5501 3823 5559 stti-

2273 5724 2438 5852 lai’lrlgo
2460 5724 2731 5851 apiriori
2758 5733 2907 5782 tome
2927 5718 3163 5792 XLVIII,
3195 5723 3263 5780 ad
3285 5736 3462 5795 Opera
3496 5717 3641 5781 Harii
3664 5711 3815 5772 Icta

2383 5814 2430 5851 5.
2462 5814 2619 5851 ινιτ.
