4018 6338
192 427 275 491 ω
1097 407 1318 469 EPIST.
1359 407 1403 468 I.
1437 406 1643 468 XYSTI
1701 404 1732 462 ε

1845 404 1906 466 ε
1943 407 2037 466 AD
2073 396 2448 470 CYRILLUM.

244 549 290 605 2.
326 538 474 599 Valde
498 536 680 609 igitur.
707 533 902 602 fateor,
931 532 1097 589 laetati
1134 547 1346 600 sumus,
1384 531 1511 603 quia
1540 530 1719 587 conti-
1746 532 1802 592 Α

193 644 246 717 git
269 636 400 693 nobis
425 645 522 688 una
551 628 849 699 eademque
877 627 1282 697 opportunitate
1319 634 1374 681 et
1400 640 1522 696 qum
1558 622 1627 679 ad
1660 624 1725 678 li-

188 738 303 798 dein,
331 739 378 785 et
404 739 517 796 quae
562 725 628 777 ad
668 736 768 778 nos
798 722 944 793 ipsos
976 718 1272 791 pertinent,
1298 717 1723 775 communicare.

185 829 351 886 Omnes
372 817 558 890 quippe
581 815 777 871 fratres
799 824 1096 885 praesentes
1120 812 1309 869 habuit
1334 810 1607 867 ordinatio
1628 823 1726 867 no-

182 934 285 978 stra.
315 914 433 983 Quis
474 908 616 967 enim
675 925 783 966 non
842 910 1106 965 interesse
1160 908 1309 964 visus
1354 916 1459 971 est.
1510 905 1726 978 quando

183 1012 339 1069 Oriens
368 1020 454 1076 per
472 1017 600 1060 suos
620 1000 649 1042 δ
679 1003 885 1074 legatos
914 1000 1126 1069 aderat,
1151 1002 1242 1071 qui
1266 999 1484 1072 quidem
1511 1008 1724 1071 specta-

182 1112 280 1162 runt
304 1113 451 1156 unum
481 1095 722 1150 omnium
748 1110 863 1161 cor,
894 1103 951 1151 et
976 1110 1135 1149 unam
1162 1095 1217 1149 in
1251 1093 1461 1150 cunctis
1490 1092 1724 1147 animam

186 1198 493 1265 agnoverunt.
538 1201 939 1259 consonamque
985 1185 1187 1242 divinm
1231 1184 1593 1241 multitudinis
1630 1198 1726 1240 vo-

181 1284 411 1344 ceinlSic
436 1280 678 1337 Romana
715 1279 955 1335 Ecclesia
988 1294 1153 1334 unum
1192 1276 1510 1349 suffragium
1538 1290 1725 1333 cuSto-

177 1377 282 1434 divit
304 1376 352 1431 in
380 1373 712 1428 institutione
743 1372 1115 1443 praedicatoris
1155 1370 1305 1435 fidei,
1338 1370 1475 1425 utin
1511 1370 1627 1440 ipsa
1658 1369 1724 1423 li-

178 1472 244 1530 dei
265 1464 624 1540 praedicatione
648 1480 807 1518 unam
832 1478 1046 1531 semper
1074 1462 1394 1518 sententiam
1426 1462 1684 1517 servavit.

229 1564 273 1618 5.
300 1557 548 1627 Quoniam
576 1573 706 1627 ergo
738 1556 938 1612 sufficit
965 1556 1153 1626 paucis
1182 1557 1364 1611 verbis
1386 1555 1727 1627 significasse

176 1651 526 1711 ordinatiOnem
566 1665 763 1716 meam,
799 1650 955 1706 nobis
1004 1650 1330 1720 loquendum
1368 1657 1620 1718 superest
1657 1647 1725 1705 de

174 1748 228 1804 iis
262 1761 367 1816 quae
411 1752 633 1798 sanctus
674 1741 843 1797 frater
892 1753 1077 1797 noster
1121 1742 1392 1814 Cyrillns,
1442 1741 1727 1797 immemor

174 1838 367 1912 proprie
403 1837 747 1893 contumelia:
791 1846 846 1891 et
896 1836 1163 1903 laborum,
1207 1838 1464 1904 pustulat.
1512 1838 1724 1893 Etenim

1893 531 2149 603 Ὀμολογῶ
2191 535 2376 597 τοίνυν,
2417 530 2612 609 σφόδρα
2654 534 2904 605 ἥσθημεν,
2950 532 3033 592 ὅτι
3072 536 3261 598 συνέϐη
3306 541 3428 611 ἡμῖν

1830 621 1915 679 διὰ
1934 630 2058 697 μιᾶς
2086 628 2278 687 καὶτῆς
2308 628 2463 687 αὐτῆς
2491 629 2751 704 εὐκαιρίας
2766 630 2889 684 τάτε
2911 632 3031 704 περὶ
3058 638 3150 691 τῆς
3170 633 3422 699 πίστεως,

1827 722 1911 776 καὶ
1943 721 2011 775 τά
2038 724 2157 796 περὶ
2179 723 2332 791 αόμῶν
2367 723 2530 777 αὐτῶν
2570 723 3019 779 ἀνακοινώσασθαι⁸
3054 723 3293 787 ἄπαυτας
3323 728 3425 801 γὰρ

1830 811 1969 887 ἴσχε
1996 818 2115 876 τοὺς
2144 813 2385 889 ἀδελφοὺς
2424 816 2681 893 παρόντας
2724 821 2756 877 ἡ
2799 822 3093 897 χειροτονία
3137 822 3292 891 ἡμῶν.
3338 826 3429 886 Τίς

1826 910 1929 985 γάρ
1952 902 2011 963 ἂν
2039 906 2177 971 ἴδοξε
2200 916 2269 980 μή
2296 912 2699 986 παραγενέσθαι.
2731 911 2881 968 όπότε
2917 915 2948 973 ἡ
2977 914 3189 974 ἀνοτολὴ
3218 913 3300 971 διά
3327 924 3429 971 τῶν

1830 998 1968 1055 ἰδίων
1994 1008 2019 1035 ⁸⁸
2046 1000 2413 1078 πρεσϐυτέρων
2457 1004 2797 1077 παρεγένετο,
2855 1006 2939 1059 καί
2985 1003 3263 1061 ὶθεάσαντο
3312 1011 3429 1079 μίαν

1830 1092 2035 1148 πάντων
2062 1090 2298 1167 καρδίαν,
2330 1096 2414 1149 καί
2438 1098 2560 1165 μίαν
2587 1097 2637 1149 ἔν
2656 1100 2790 1151 πᾶσι
2818 1094 3001 1168 ψυχὴν
3025 1096 3275 1173 ἔγνωσαν.
3310 1098 3432 1172 ὁμόο

1830 1185 1990 1258 φωνόν
2010 1206 2064 1240 τε
2094 1191 2185 1241 τοῦ
2214 1188 2349 1241 θείου
2381 1186 2602 1248 πλήθους
2627 1193 2819 1260 φωνήν;
2847 1187 3012 1249 οὕτως
3038 1192 3070 1249 ἡ
3090 1194 3220 1247 κατά
3238 1190 3433 1265 Ῥώμην

1828 1279 2089 1338 Ἐκκλησία
2130 1282 2249 1353 μίαν
2285 1279 2446 1354 ψῆφον
2488 1282 2695 1355 ἐφύλαξε
2735 1289 2799 1357 τῇ
2843 1285 3164 1340 καταστάσει
3206 1291 3297 1340 τοῦ
3339 1294 3432 1347 τῆς

1831 1373 2056 1432 πίστεως
2095 1377 2327 1449 κήρυκος,
2379 1374 2555 1451 ῶσπερ
2601 1376 2652 1429 ἐν
2680 1376 2819 1447 αὐτῷ
2854 1382 2928 1447 τῷ
2963 1384 3056 1437 τῆς
3085 1380 3310 1440 πίστεως
3338 1402 3428 1438 κη-

1830 1467 2057 1545 ρύγματι
2084 1470 2206 1538 μίαν
2234 1469 2315 1521 ἀεὶ
2342 1470 2541 1540 γνώμην
2574 1478 2595 1506 ε
2633 1469 2907 1545 ἕτήρησαν.

1904 1561 2106 1622 Ἐπείδή
2135 1566 2301 1617 τοίνυν
2326 1564 2472 1637 ἀρκεῖ
2493 1560 2576 1617 διὰ
2607 1562 2851 1637 βραχέων
2873 1560 3183 1621 δεδηλῶσθαί
3210 1584 3311 1637 μου
3342 1572 3433 1626 τήν

1834 1656 2187 1729 χειροτονίαν,
2242 1654 2475 1714 λαλητέον
2526 1653 2699 1710 λοιπόν
2744 1656 2892 1725 ἡμῖν,
2950 1658 3071 1731 περὶ
3118 1652 3185 1709 ὧν
3231 1655 3434 1730 ὁάγιος

1833 1744 2039 1819 ἀδελφός
2064 1746 2318 1819 κυριλλος,
2368 1748 2667 1817 ἀανημονῶν
2706 1756 2798 1808 τῆς
2834 1745 2965 1808 ἰδίας
2994 1747 3194 1825 ὕϐρεως
3224 1752 3434 1805 καὶτῶν

1833 1840 2089 1909 καμάτων.
2131 1841 2281 1894 αἰτεῖ.
2315 1838 2485 1915 ’Δρκεῖ
2521 1842 2611 1910 μὲν
2641 1842 2743 1915 γάρ
2784 1841 2847 1895 τὰ
2881 1840 2975 1900 ἤδη
3004 1844 3262 1916 ’γραφέντα
3292 1846 3435 1913 παρά

174 1933 407 1991 sufticiunt
433 1946 555 2001 quae
580 1930 690 1999 jam
716 1945 745 1982 a
773 1930 943 1985 beata:
969 1933 1247 1987 memoria:
1286 1930 1575 1986 decessore
1604 1946 1727 1987 meo

1845 1940 1925 1989 τοῦ
1968 1942 2060 1994 τῆς
2104 1938 2357 2006 μακαρίας
2386 1938 2587 2007 μνήμης
2626 1942 2718 1989 τοῦ
2745 1937 2833 2004 ἐμὲ
2862 1939 3285 2013 προηγησάμενον
3315 1942 3435 2014 περὶ

174 2029 339 2098 scripta
377 2023 595 2080 fuerunt
641 2026 710 2079 de
755 2024 883 2091 fide,
929 2040 1027 2095 pro
1070 2041 1171 2094 qua
1212 2025 1509 2095 gaudemus
1539 2026 1731 2080 trium-

172 2122 364 2194 pilantes
389 2118 692 2175 secundum
732 2119 987 2172 auxilium
1030 2116 1236 2173 Christi
1287 2116 1383 2172 Dei
1424 2119 1621 2186 nostri,
1672 2118 1726 2173 in

173 2230 301 2288 quem
329 2214 549 2284 qttrestio
579 2221 723 2267 mota
756 2210 956 2267 fuerat.
982 2213 1233 2267 Attamen
1260 2212 1518 2281 quoniam
1547 2214 1729 2279 pigere

172 2325 255 2366 non
291 2308 459 2372 debet,
511 2321 666 2377 smpe
714 2315 962 2377 repetere
1008 2321 1131 2376 qua:
1173 2304 1464 2360 salubriter
1507 2304 1727 2360 definita

172 2411 289 2472 sunt,
334 2398 701 2456 necessarium
734 2398 880 2463 duxi,
916 2397 1163 2454 scribens
1195 2414 1337 2453 nunc
1375 2398 1442 2454 ad
1474 2398 1729 2454 fraterni-

172 2504 302 2550 tatem
328 2503 462 2549 tuam
495 2508 601 2563 per
640 2503 860 2547 sanctos
906 2492 1099 2547 fratres
1142 2502 1196 2546 et
1236 2491 1591 2563 coepisvopos
1633 2508 1730 2547 no-

171 2600 281 2644 suos
309 2587 704 2657 Hermogenem
750 2596 805 2641 et
854 2586 1228 2656 Lampetium,
1265 2586 1382 2642 haec
1427 2589 1611 2658 paucis
1638 2588 1734 2644 de-

169 2683 354 2747 clarare,
369 2697 482 2751 qua:
502 2698 551 2734 ni
571 2682 686 2734 nlto
704 2680 813 2748 jam
827 2695 1080 2735 sermone
1102 2680 1232 2735 olim
1256 2682 1567 2750 apostolica:
1586 2682 1735 2737 sedis

170 2774 388 2828 sententia
410 2773 691 2838 definivit;
711 2782 851 2828 etne
869 2772 1080 2828 fatiscat
1100 2774 1349 2838 audiens,
1364 2774 1458 2829 sed
1482 2786 1536 2830 et
1567 2775 1736 2831 liben-

170 2875 234 2920 ter
256 2866 452 2931 audiat,
478 2866 615 2937 quia
651 2866 803 2920 vicit.
838 2865 893 2920 Si
916 2866 1061 2919 enim
1100 2863 1378 2921 Nestorins
1400 2864 1426 2903 ἀ
1451 2868 1734 2934 impiarum

173 2958 548 3028 disputationum
566 2959 832 3029 magister
846 2958 1014 3013 libros
1027 2958 1190 3014 edidit
1209 2960 1504 3029 praedicans
1515 2959 1740 3015 subver-

175 3050 321 3116 tenda,
343 3063 537 3123 quanto
550 3054 727 3123 magis
739 3067 837 3107 nos
854 3061 1071 3121 oportet
1083 3068 1347 3123 apparere
1362 3070 1423 3124 pa
1432 3064 1596 3110 ternm
1610 3054 1737 3111 fidei

173 3145 404 3211 custodes,
428 3162 547 3215 qua:
561 3156 695 3202 sunt
710 3156 734 3184 ο
748 3146 1007 3201 subversa
1024 3147 1247 3203 omnino
1274 3149 1631 3205 auferentes?

224 3252 270 3310 ι.
292 3256 508 3313 Sanctus
534 3270 725 3315 autem
758 3268 811 3315 et
839 3261 1199 3331 coepiscopns
1225 3272 1409 3317 noster
1432 3261 1600 3318 frater
1626 3277 1728 3318 an-
1759 3258 1806 3321 C

172 3346 294 3401 tistes
311 3350 796 3407 Alexandrinorum
830 3352 1114 3419 Ecclesim,
1133 3356 1429 3411 05lendens
1455 3357 1729 3426 quomodo

170 3449 459 3506 etquantam
494 3444 623 3499 fidei
659 3460 843 3499 curam
886 3456 1060 3516 gerat,
1094 3456 1558 3519 contemnensqne
1599 3464 1731 3505 con-

171 3532 382 3587 tumelias
417 3551 550 3603 quas
581 3536 822 3607 gloriose
860 3539 1157 3594 secundum
1190 3543 1509 3609 Apostolum
1540 3557 1730 3612 passus

170 3633 235 3680 est
260 3624 319 3693 (ll
347 3625 465 3683 Cor.
498 3644 601 3693 nt,
636 3630 719 3699 9),
751 3632 923 3700 magis
966 3632 1206 3687 ordinari
1238 3634 1524 3701 Erclesias,
1569 3650 1728 3705 quam

169 3730 218 3771 se
237 3719 474 3777 vindicari
499 3722 804 3779 desiderat.
834 3724 1137 3782 Confestim
1164 3736 1345 3783 autem
1374 3728 1425 3783 in
1450 3728 1729 3799 naufragio

168 3809 498 3872 laborantibus
527 3818 669 3888 petit
710 3818 907 3887 aperiri
948 3832 1209 3888 portum:
1251 3820 1372 3889 ejus
1402 3820 1561 3875 unius
1599 3835 1731 3876 con-

170 3910 317 3961 tentus
345 3918 539 3970 morte.
569 3910 667 3980 qui
694 3926 815 3966 enm
846 3912 898 3966 in
922 3912 1191 3983 imperitia
1215 3913 1404 3968 doctor
1426 3927 1550 3968 esse
1577 3912 1728 3969 vide-

173 4006 310 4064 retur,
342 4000 634 4057 vindicavit
676 4002 778 4058 sibi
824 4003 1087 4058 Dominici
1132 4013 1157 4052 8
1186 4004 1418 4059 temonis
1454 4003 1730 4073 guberna-

169 4091 301 4157 cula;
327 4096 414 4149 sed
446 4111 778 4166 permanere
807 4097 859 4151 in
888 4097 1019 4153 sede
1045 4112 1151 4153 non
1182 4098 1377 4167 potuit,
1409 4098 1498 4168 qui
1530 4097 1732 4154 docere

174 4185 382 4241 nescivit.
405 4188 566 4244 Solus
587 4189 753 4259 igitur
775 4190 869 4246 ille
890 4174 959 4245 sit
981 4190 1289 4261 naufragus.
1318 4205 1476 4260 quem
1503 4190 1556 4244 in
1581 4198 1731 4245 tanta

167 4272 361 4343 caligine
402 4281 756 4349 propriarum
803 4281 1173 4337 doctrinarum
1216 4281 1350 4336 nihil
1390 4290 1731 4347 cernentem.

164 4363 423 4435 impietatis
452 4371 659 4428 fluctus
689 4372 857 4428 allisit
876 4375 1101 4441 scoilulo
1125 4373 1499 4442 depositionis.
1534 4373 1731 4428 Ilabuit

160 4459 345 4525 quidem
383 4479 582 4521 omnes
612 4479 720 4521 una
762 4476 1090 4535 tempestas;
1142 4481 1349 4533 verum,
1392 4481 1459 4521 eo
1506 4464 1601 4537 qui
1629 4466 1729 4521 ista

161 4550 451 4619 excogitavit
496 4555 825 4623 submerso,
857 4556 1040 4611 sanari
1068 4556 1185 4611 vult
1212 4565 1461 4612 caeteros.
1508 4558 1605 4613 Est
1628 4559 1730 4613 ita-

1834 2035 1929 2087 τῆς
1968 2032 2215 2089 πίστεως.
2265 2029 2399 2105 ὑπὲρ
2448 2027 2507 2090 ἧς
2558 2032 2812 2105 χαίρομεν
2863 2031 3256 2109 θριαμϐεύοντες
3301 2035 3437 2088 κατά

1835 2120 2069 2193 βοήθειαν
2095 2128 2186 2176 τοῦ
2215 2128 2439 2196 Χριστοῦ
2462 2128 2551 2177 τοῦ
2578 2129 2704 2178 Θεοῦ
2738 2126 2900 2196 ἡμῶν,
2942 2124 3052 2178 καθ’
3073 2122 3128 2178 οὗ
3169 2127 3198 2183 ἡ
3225 2129 3434 2190 ζήτησις

1836 2215 2093 2274 ἐκεκίνητο.
2128 2212 2301 2285 Ὀμως
2332 2212 2503 2275 ἐπειδή
2532 2216 2616 2269 οὐκ
2649 2216 2877 2273 ὀκνητέον
2908 2216 3274 2289 ἀναλαμϐάνειν
3296 2218 3461 2273 πολ-υ

1835 2307 1973 2368 λάκις
2000 2310 2069 2363 τά
2096 2307 2252 2380 ὑγιῶς
2294 2306 2583 2384 ὁρισθέντα.
2618 2310 2885 2381 ἀναγκαῖον
2910 2310 3197 2383 ἡγησάμην.
3228 2310 3433 2385 γράφων

1836 2407 1927 2454 νῦν
1954 2402 2084 2477 πρὸς
2113 2406 2204 2459 την
2230 2406 2324 2460 σήν
2350 2398 2658 2472 ἀδελφότητα
2683 2399 2767 2455 διά
2790 2408 2891 2455 τῶν
2920 2399 3078 2471 ἁγίων
3104 2399 3324 2473 ἀδελφῶν
3354 2408 3435 2456 καὶ

1839 2495 2230 2550 συνεπισκόπων
2266 2497 2405 2567 ἡμῶν
2434 2493 2760 2569 Ἑρμογένους
2804 2499 2887 2549 καὶ
2930 2499 3244 2567 Δαμπετίου,
3268 2504 3436 2553 ταῦτα

1841 2587 2024 2648 δηλοῦν
2051 2587 2133 2643 διὰ
2159 2590 2425 2663 βραχίων.
2467 2589 2599 2662 ἅπερ
2645 2588 2809 2661 πολλῷ
2838 2588 2931 2648 ἤδη
2964 2598 3036 2662 τῷ
3069 2586 3201 2663 λόγῳ
3222 2591 3380 2645 πάλαι
3406 2595 3433 2649 ἡ

1842 2685 2100 2757 ἀπόφασις
2138 2689 2229 2739 τοῦ
2276 2682 2614 2738 ἀποστολικοῦ
2652 2682 2825 2757 θρόνου
2871 2684 3045 2758 ὥρισε
3082 2688 3163 2737 καί
3204 2690 3275 2754 μη
3302 2686 3433 2738 ἀποο

1845 2782 1983 2852 κάμῃ
2010 2775 2374 2845 ἀκούων,ξάλλά
2398 2778 2481 2829 καί
2504 2774 2691 2833 ἣδιστα
2713 2776 2960 2835 ἀκουέτω,
2991 2773 3071 2831 ὅτι
3090 2780 3354 2835 νενίκηκεν.
3380 2784 3435 2830 Εἰ

1844 2874 1943 2949 γὰρ
1972 2874 2244 2945 Νεστόριος
2282 2870 2306 2925 ό
2336 2878 2433 2926 τῶν
2461 2872 2673 2925 ἀνοσίων
2706 2869 2980 2946 διατριϐῶν
3024 2867 3325 2931 διδάσκαλος
3354 2872 3435 2942 βι-
3488 2934 3517 2944 ἢ

1846 2966 1964 3020 ϐλία
1992 2962 2251 3029 ἐκδέδωκε,
2280 2964 2543 3037 κηρύττων
2582 2963 2647 3019 τὰ
2695 2964 3016 3037 καθαιρετέα,
3059 2962 3211 3035 πόσῳ
3240 2959 3436 3035 ’μᾶλλον

1848 3066 1984 3131 ἡμᾶς
2028 3056 2109 3114 δεῖ
2154 3059 2415 3130 φαίνεσθαι
2467 3064 2559 3117 τῆς
2612 3064 2865 3131 πατρικῆς
2906 3061 3135 3118 πίστεως
3187 3054 3429 3128 φύλακας,

1846 3154 2012 3211 πάντη
2041 3154 2373 3223 ἀναιροῦντας
2400 3150 2467 3204 τὰ
2494 3150 2847 3224 καθῃρημένας

1908 3246 1965 3300 Ὀ
1994 3243 2048 3300 δὲ
2080 3243 2225 3317 ἅγιος
2254 3246 2338 3296 καὶ
2388 3245 2763 3301 συνεπίσκοπος
2810 3248 2950 3313 ἡμῶν
2991 3240 3194 3317 ἀδελφός
3234 3243 3260 3299 ό
3306 3267 3436 3320 προσ

1834 3344 2029 3402 στάτης
2057 3348 2156 3395 τῶν
2184 3336 2548 3413 ’Δλεξανδρέων
2576 3336 2885 3402 Ἐκκλησίας,
2922 3334 3157 3392 δεικνύων
3187 3337 3329 3401 ὅπως
3351 3354 3438 3395 και

1834 3434 1957 3490 ὅσον
1994 3432 2013 3471 ί
2065 3436 2336 3510 φροντίζων
2392 3438 2479 3490 τῆς
2537 3430 2793 3489 πίστεως.
2852 3437 3170 3508 καταφρονῶν
3222 3453 3279 3487 τε
3335 3441 3437 3487 τῶν

1836 3529 2051 3608 ὕϐρεων,
2087 3527 2148 3587 ἃς
2180 3525 2386 3589 ἐνδόξως
2426 3526 2552 3579 κατά
2590 3524 2674 3579 τόν
2722 3522 3005 3577 ἀπόστολον
3043 3526 3275 3591 πέπονθε,
3307 3526 3439 3596 μάλ·

1833 3622 1921 3677 λον
1976 3620 2282 3678 διοικηθῆναι
2335 3617 2426 3677 τὰς
2474 3614 2791 3676 Ἐκκλησίας.
2833 3614 2863 3673 ἢ
2904 3615 3086 3670 ἔαυτόν
3129 3614 3439 3675 ἐκδικηθῄαε

1835 3716 2090 3785 ἐπιθυμεῖ.
2138 3714 2322 3767 Αὐτίκα
2370 3708 2423 3765 δὲ
2470 3715 2582 3770 τοῖς
2623 3710 2671 3761 ἐν
2718 3710 2944 3781 ναυαγίῳ
2984 3710 3259 3778 κάμνουσιν
3307 3713 3440 3767 αἰτεῖ

1838 3809 2145 3878 ἀνοιχθῆναι
2197 3806 2394 3876 λιμένα’
2443 3805 2631 3858 ἐκείνου
2677 3803 2832 3872 μόνου
2883 3805 3194 3879 ἀρκούμενος
3234 3813 3309 3877 τῷ
3350 3807 3441 3861 θα⁶

1836 3904 1993 3972 νάτῳ,
2029 3898 2083 3961 ὃς
2114 3898 2269 3955 δοκῶν
2298 3895 2426 3953 εἶναι
2454 3900 2505 3952 ἐν
2534 3895 2845 3972 ἀπαιδευσίᾳ
2875 3896 3202 3963 διδάσκαλος,
3235 3898 3439 3965 ἓξεδίκεε

1840 3996 2011 4067 ἐαυτῷ
2038 3995 2105 4050 τὰ
2133 4000 2222 4048 τοῦ
2254 3990 2567 4047 δεσποτικοῦ
2597 3991 2755 4064 φόϐου
2784 3989 3025 4051 πηδάλια,
3058 3992 3161 4046 ἀλλ’
3190 3992 3440 4063 ἐπιμενειν

1839 4096 1914 4162 τῷ
1942 4087 2097 4164 θρόνῳ
2128 4088 2218 4140 οὐκ
2246 4084 2464 4146 ἠδυνήθη
2487 4128 2498 4146 .
2543 4083 2796 4139 διδάσκειν
2833 4087 2917 4138 οὐκ
2960 4082 3126 4144 εἰδὼς.
3159 4086 3319 4145 Μόνος
3349 4081 3438 4139 οὖν

1840 4182 1919 4241 εἴη
1948 4184 2243 4254 ναυάγησας
2273 4180 2447 4240 αὐτὸς,
2482 4175 2534 4232 όν
2564 4180 2611 4231 ἐν
2658 4180 2887 4249 τοσαύτῃ
2928 4178 3119 4249 ὁμίχλῃ
3164 4186 3263 4233 τῶν
3302 4177 3440 4234 ἰδίων

1840 4274 2166 4347 διδανμάτων
2194 4271 2351 4344 μηδὲν
2381 4271 2598 4348 ὁρῶντα,
2617 4271 2674 4327 τό
2701 4279 2793 4333 τῆς
2821 4271 3065 4332 ἀσεϐείας
3094 4276 3244 4342 κῦμα
3272 4294 3438 4345 προσο

1837 4370 2016 4443 ἐρῥηξε
2059 4377 2133 4441 τῷ
2172 4368 2406 4439 σκοπέλῳ
2454 4375 2545 4426 τῆς
2593 4366 2953 4439 καθαιρέσεως.
2996 4362 3164 4436 ’Ἐσχε
3209 4367 3300 4436 μέν
3348 4363 3435 4421 οὖν

1840 4468 2039 4525 πάντας
2071 4466 2267 4536 χειμὼν
2317 4459 2405 4522 εἷς·
2452 4463 2576 4517 ἀλλά
2622 4461 2941 4521 Βυθισθέντος
2984 4466 3073 4515 τοῦ
3112 4468 3279 4517 ταῦτα
3324 4465 3441 4517 επι-

1840 4562 2137 4621 νοήσαντος,
2170 4556 2473 4630 ὑγιασθῆναι
2500 4555 2738 4625 βούλεται
2766 4557 2885 4615 τοῦς
2903 4554 3131 4616 λοιποὺς.
3164 4552 3314 4612 Ἐστι
3343 4562 3440 4612 τοί-

158 4653 243 4709 que
262 4652 313 4699 et
334 4645 406 4717 .in
442 4648 608 4704 nobis
655 4648 847 4706 eadem
887 4650 1176 4707 sententia.
1208 4650 1436 4708 Prmstat
1470 4650 1614 4708 enim
1640 4651 1729 4723 pie

1845 4674 1925 4707 νυν
1958 4652 2043 4705 καὶ
2074 4650 2120 4703 ἐν
2160 4650 2276 4721 ἡμῖν
2307 4650 2336 4706 ἡ
2367 4648 2497 4707 αὺτή
2541 4647 2726 4721 ψῆφος.
2757 4646 2999 4703 Εὐσεϐεῐν
3034 4649 3135 4723 γὰρ
3166 4653 3286 4725 περὶ
3312 4655 3435 4708 τούο

214 4807 238 4883 ξ
408 4807 776 4883 πρεσϐευτῶν.

213 4868 237 4909 δ
278 4868 581 4932 Cthele'rius
613 4881 832 4945 quidem
861 4879 1093 4935 litteram
1124 4880 1368 4936 Grzecam
1414 4888 1631 4935 secutus
1662 4879 1733 4935 ita

160 4947 410 5012 convertit,
443 4964 535 5016 per
560 4951 883 5019 presbyteros
912 4967 1072 5008 suos:
1102 4953 1196 5005 sed
1228 4950 1480 5005 mendum
1505 4952 1558 5004 in
1583 4950 1735 5005 Grae-

154 5022 461 5099 tulit-lexllllll
482 5022 1226 5099 ἱΠειιείδδθηιὶιξπρεσϐευτῶν
1240 5022 1736 5099 Ιιιουπρεσϐυτὲρων

157 5091 515 5145 restituendum
530 5106 662 5146 esse
676 5109 781 5147 non
802 5091 1007 5149 inficias
1021 5095 1165 5159 ierit,
1180 5098 1270 5162 qui
1286 5091 1733 5149 anin'iadverterit

154 5167 252 5234 cum
272 5174 435 5234 supra
479 5179 645 5218 num.
702 5165 754 5226 1,
801 5175 911 5219 tum
965 5182 1107 5221 nunc
1154 5166 1394 5221 Orientis
1443 5166 1732 5234 episcopos

154 5223 281 5307 Xysti
310 5223 649 5307 ordinatinni
700 5223 807 5290 non
860 5238 965 5291 alio
997 5236 1213 5292 nomine
1245 5223 1543 5307 praesentes
1594 5223 1727 5307 dici.

156 5304 236 5379 tusi
264 5304 695 5379 nuod_ipsoritin
722 5308 884 5379 legati
919 5304 1287 5379 Ilerttmgeués
1315 5319 1371 5363 et
1414 5306 1730 5376 Lampetius

154 5368 227 5450 illi
264 5368 664 5450 interfuissent.
716 5368 806 5432 lliv
826 5392 1003 5434 autem
1043 5368 1204 5450 leuati
1256 5396 1363 5434 non
1403 5368 1728 5450 presbyteri,

153 5442 228 5494 sed
258 5448 504 5521 ενίδρορί
556 5458 742 5516 erant,
787 5442 1109 5521 Lampetius
1126 5449 1292 5516 Casii,
1339 5442 1734 5518 et'Heriiioge-

155 5525 233 5593 "33$
258 5514 735 5590 Ηιιίιιοεὶιιότυιη,
760 5514 937 5578 ειηιιιό
966 5524 1017 5578 in
1056 5514 1481 5594 Augustamnica
1513 5514 1733 5592 provin-

154 5598 241 5639 ειει.

212 5667 232 5740 ξ
257 5659 397 5740 ᾕρει.-
419 5666 695 5740 ἐτήρησεν.

211 5727 232 5761 ⁸³
262 5736 400 5802 Apud
433 5727 682 5809 Caiuler.
712 5736 1006 5809 etBaluz.,
1038 5738 1213 5806 impiis
1239 5738 1433 5793 schola
1456 5736 1731 5809 magister.

158 5794 431 5880 Nestorium
473 5808 688 5861 nullius
715 5808 913 5880 schola:
946 5794 1261 5880 magistrum
1293 5794 1573 5865 εχειιιίεμέ
1595 5808 1735 5877 legi-

159 5883 277 5954 tutis,
334 5874 440 5954 sed
476 5890 543 5930 ex
580 5878 937 5954 _Antiochena
989 5874 1229 5937 Ecclesia
1264 5882 1314 5937 in
1367 5874 1733 5951 ερίδεοβδιέω

157 5944 298 6018 regis:
325 5945 473 6004 urbis
494 5944 691 6001 sedem
719 5961 1075 6024 assumptum,
1100 5954 1285 6011 statim
1308 5944 1569 6011 adversus
1596 5954 1725 6010 nati'

482 6038 791 6127 Panos.»
812 6035 891 6126 ι,

1848 4807 2072 4861 vitalem
2104 4804 2302 4859 Christi
2334 4813 2495 4874 atque
2526 4804 2805 4875 genitricis
2836 4803 2953 4871 ejus
2984 4805 3299 4875 dignitatem
3333 4809 3440 4864 lin-

1848 4879 1967 4948 pias
1988 4876 2385 4948 disputationes
2414 4881 2658 4931 excitare
2685 4891 2748 4930 ac
2781 4877 2966 4948 fovere
2988 4879 3239 4946 erupisse.

1925 4947 2150 5002 °Baluz.
2183 4962 2305 5001 cum
2351 4946 2610 5009 Coteler..
2652 4947 3012 5019 subvertenda,
3063 4949 3222 5019 quasi
3269 4950 3337 5006 de
3383 4966 3443 5006 re

1848 5021 2089 5075 nonduin
2119 5028 2235 5073 acta
2259 5031 2531 5087 ageretur.
2567 5018 2967 5075 l’rmfercndum
3000 5018 3144 5090 quad
3180 5033 3231 5076 et
3263 5023 3440 5077 littera

1848 5091 2036 5147 Graeca
2069 5092 2255 5159 exigit.
2288 5090 2528 5144 subversa
2559 5106 2754 5159 nempe
2786 5108 2907 5161 qum
2934 5090 3213 5146 Nemorins
3245 5094 3441 5157 pra-di-

1849 5170 2091 5226 caverat,
2118 5162 2349 5231 primuin
2377 5162 2681 5229 leestini,
2713 5171 2824 5217 tum
2852 5164 3011 5218 etiam
3033 5163 3287 5233 presini
3312 5179 3442 5219 ron-

1849 5235 1958 5290 cilii
1992 5233 2313 5287 auctoritate
2343 5233 2604 5290 subversa
2635 5243 2782 5289 sunt.

1926 5303 1947 5343 ί
1974 5303 2160 5378 forte,
2192 5310 2463 5378 φροντίζει.

1926 5386 1951 5423 8
1983 5375 2169 5431 Griera
2198 5375 2376 5431 littera
2406 5376 2582 5432 verbis
2605 5376 2869 5432 Dominici
2886 5381 3086 5434 timoris
3108 5386 3201 5432 aut
3228 5383 3445 5432 terroris

1851 5447 2044 5502 Latine
2067 5450 2430 5503 cmrvrrtenda
2456 5459 2626 5505 esset.
2649 5449 2951 5505 C0telerius
2973 5466 3127 5511 vero.
3156 5464 3446 5515 utramque

1852 5533 2042 5591 vocem
2070 5518 2137 5572 ad
2176 5518 2327 5590 Xysti
2360 5534 2588 5589 scopum
2616 5521 2793 5575 minus
2822 5531 2998 5591 aptam
3030 5522 3299 5590 judicans,
3339 5520 3446 5575 Do-

1854 5590 2059 5644 minica:
2083 5591 2348 5661 religionis
2378 5592 2677 5647 substituit.
2729 5592 2834 5645 Sed
2860 5590 3155 5648 Obscurum
3207 5609 3313 5650 nun
3362 5605 3448 5648 cst

1854 5664 2215 5729 interpretem
2260 5662 2505 5718 Grtecnm
2546 5662 2930 5718 vocabulorum
2972 5665 3237 5719 affinitate
3284 5665 3447 5720 decc-

1849 5743 2027 5804 ptum,
2055 5733 2108 5787 itt
2134 5735 2430 5804 exemplari
2456 5732 2651 5790 Latino
2671 5735 2870 5789 timoris
2908 5745 3001 5790 aut
3044 5736 3289 5801 terroris,
3326 5736 3449 5790 loco

1850 5805 2091 5877 temonis,
2118 5804 2365 5877 ilegis.~e.
2403 5804 2643 5877 Lectioni
2693 5816 2896 5861 nostrte
2943 5818 3173 5877 cognata
3205 5805 3323 5863 haec
3360 5816 3450 5877 est

1849 5873 2129 5931 leestini
2182 5873 2235 5929 in
2286 5876 2512 5945 epistula
2561 5876 2631 5931 ει
2662 5877 2727 5931 ad
2760 5873 3148 5936 Maximi-anum
3175 5893 3331 5935 num.
3366 5876 3398 5934 1
3429 5892 3449 5913 ο

2885 6042 2961 6105 19

1798 6000 1799 6003 η
1848 5946 2017 6006 Sume
2041 5945 2392 6020 gubernacula
2412 5958 2550 6006 nota
2578 5947 2666 6007 tibi
2696 5952 2861 6007 navis.
