4018 6338
233 392 317 453 589

1143 369 1357 425 EPIST.
1393 368 1455 425 ll.
1500 367 1704 424 XYSTI
1744 368 1948 425 ΡΑΡᾹΞ
1989 370 2080 424 ΑΙ)
2117 370 2486 427 CYRILLUM.

3349 371 3459 441 590

230 511 345 563 lectu
380 490 792 562 complectimur.
825 486 1057 542 Tantum
1103 486 1250 541 enim
1282 484 1375 539 tibi
1427 484 1589 539 debet
1613 482 1757 539 orbis

1888 486 2030 549 ιξίας,
2063 485 2299 563 ἀδελφικῇ
2343 486 2562 542 διαθέσει
2602 489 3019 565 περιπλεκόμεθα.
3059 498 3312 549 Τοσοῦτον
3352 515 3458 574 γαρ

229 592 457 655 Ecclesia,
484 592 733 653 quantum
764 582 858 635 tibi
893 595 1077 635 omnes
1107 587 1234 633 sunt
1262 577 1511 645 obnoxii,
1542 578 1630 649 qui
1662 579 1761 633 uti.

229 701 316 762 que
339 693 497 737 omnes
524 675 703 742 ubique
730 672 913 728 vicisti.

282 780 330 834 2.
374 771 651 830 Insistcnte
705 766 888 836 igitur,
930 776 983 820 et
1026 764 1317 819 salubriter
1353 770 1545 820 cuncta
1577 777 1769 833 sugge-

228 880 356 930 rente
376 866 476 921 [ilio
501 871 687 917 nostro
716 861 1041 915 Themisone
1071 858 1471 923 archidiacono,
1500 869 1767 927 congruas

224 966 439 1022 dedimus
464 958 668 1011 litteras
697 966 722 992 ει
750 955 814 1010 ad
838 955 1030 1010 fratres
1062 961 1117 1009 et
1149 953 1497 1023 coepiscopos
1528 960 1764 1022 nostros,

225 1059 279 1113 ad
330 1066 454 1122 quos
500 1050 765 1118 petierant
812 1046 1057 1115 prtedicli
1113 1044 1525 1100 consacerdotes
1573 1044 1765 1099 nostri.

225 1141 543 1205 Sutftciebant
571 1138 792 1208 quidem
817 1138 944 1203 illas,
969 1152 1101 1207 quas
1127 1146 1180 1192 et
1201 1147 1357 1191 antea
1388 1151 1484 1205 per
1511 1134 1769 1191 Ecclesiae

222 1230 796 1299 Constantinopolitaum
826 1225 853 1265 ι)
876 1227 1133 1289 clericos,
1164 1236 1217 1281 et
1248 1235 1431 1296 postea
1466 1242 1563 1297 per
1587 1226 1770 1281 diaco-

224 1347 305 1387 nos
334 1338 427 1382 tua:
448 1322 745 1378 sanctitatis
773 1322 961 1391 plenas
982 1319 1234 1375 omnibus
1257 1319 1576 1375 necessariis
1602 1320 1724 1375 misi
1750 1337 1766 1374 :

222 1436 265 1479 at
309 1436 436 1477 nunc
465 1414 822 1485 “obsequens
871 1422 979 1469 tum
1030 1415 1419 1484 exspectationi
1467 1414 1769 1470 sanetitatis

222 1527 336 1579 ture,
368 1524 471 1568 tum
500 1519 704 1565 nostra:
746 1508 1140 1574 consuetudini,
1172 1524 1291 1578 quze
1321 1508 1449 1562 ntihi
1479 1508 1769 1564 salubriter

220 1613 440 1678 suggesta
480 1610 636 1668 sunt,
683 1616 843 1671 agere
885 1615 993 1655 non
1031 1601 1227 1657 omisi:
1259 1601 1485 1670 gratiam
1525 1598 1763 1667 habens,

219 1702 333 1758 etin
360 1695 630 1754 beneﬁciis
668 1695 871 1749 ducens
904 1693 1037 1760 hoc,
1074 1693 1215 1764 quod
1250 1710 1565 1764 persuasum
1594 1694 1768 1750 habeo

219 1794 329 1850 mihi
353 1791 557 1847 cailitus
585 1788 844 1842 donatum
884 1788 1053 1842 fuisse
1093 1797 1148 1841 ut
1184 1788 1251 1843 de
1282 1803 1399 1843 mea
1430 1788 1768 1844 ordinatione

1874 601 1957 635 σοι
1986 581 2163 652 ὀφείλει
2187 584 2217 640 ἡ
2246 587 2460 653 κοσμική
2500 581 2786 649 Ἐκκλησία,
2822 581 2941 640 ὅσον
2975 607 3060 640 σοι
3102 590 3291 651 πάντες
3329 590 3456 651 dabo

1868 673 2183 747 ὑποχείρια,
2210 670 2266 734 ὅς
2293 694 2348 746 γε
2373 681 2647 745 πανταχοῦ
2667 676 2867 737 πάντας
2888 678 3171 739 νενίκηκας.

1937 768 2283 837 ἐπιμύνοντος
2325 770 2487 822 τοίνυν
2531 771 2615 822 καί
2662 768 2819 840 ὑγιῶς
2871 773 3039 825 πάντα
3086 771 3458 837 ὕποϐἀλλοντος

1869 865 1961 914 τοῦ
1988 860 2101 913 υἱοῦ
2123 860 2262 932 ήμῶν
2283 860 2573 932 Θεμίσωνος
2591 866 2679 916 τοῦ
2705 858 3091 937 ἀρχιδιακόνου.
3108 867 3172 921 τὰ
3191 868 3457 943 πρέποντα

1869 944 2157 1023 δεδώκαμεν
2197 958 2477 1026 γράμματα
2516 956 2649 1028 πρὸς
2690 958 2811 1017 τοὺς
2848 955 3089 1031 ἀδελφούς
3124 962 3211 1013 καί
3246 979 3457 1017 συνεπι-

1871 1043 2096 1105 σκόπους
2124 1045 2293 1115 ἡμῶν,
2323 1044 2450 1118 πρός
2486 1043 2574 1105 οὓς
2606 1045 2803 1121 ᾔτησαν
2827 1048 2874 1101 οἱ
2899 1052 3249 1126 προειρημένοι
3286 1066 3456 1107 συνίει

1869 1145 1981 1213 ρεῑς
2010 1140 2165 1208 ἡμῶν.
2195 1134 2367 1213 ’Ἤρκει
2394 1140 2482 1209 μὲν
2510 1141 2610 1215 γὰρ
2638 1142 2864 1212 κᾴκεῖνα,
2898 1140 2931 1196 ἃ
2959 1144 3058 1218 πρὸ
3083 1146 3267 1200 τούτου
3296 1143 3379 1201 διὰ
3399 1168 3455 1203 τε

1870 1238 1968 1287 τῶν
1993 1240 2085 1293 τῆς
2113 1233 2247 1287 κατὰ
2275 1233 2856 1294 Κωνσταντινουπόλεως
2877 1234 3169 1297 Ἐκκλησίας
3189 1238 3453 1313 κληρικῶν.

1872 1326 1954 1379 καί
1979 1322 2193 1401 ὕστερον
2220 1323 2304 1381 διὰ
2324 1333 2423 1381 τῶν
2453 1322 2689 1380 διακόνων
2714 1335 2806 1387 τῆς
2835 1335 2929 1387 σῆς
2951 1327 3218 1400 ἁγιότητος
3248 1329 3456 1403 ἴμπλεω

1870 1418 2070 1471 πάντων
2102 1419 2387 1492 ἀναγκαίων
2418 1428 2440 1455 ο
2471 1418 2767 1473 ἁπέστειλα’
2801 1419 3042 1490 ἑπόμενος
3085 1420 3138 1477 δὲ
3172 1424 3229 1478 τό
3273 1432 3359 1479 νῦν
3388 1433 3453 1503 τῇ

1869 1528 1925 1563 τε
1968 1509 2198 1584 ὑπομονῇ
2237 1518 2329 1572 τῆς
2366 1518 2460 1570 σῆς
2504 1507 2840 1583 ἁδελφότητος
2869 1514 2951 1566 καὶ
2978 1521 3050 1585 τῷ
3076 1516 3304 1591 ἡμετέρῳ
3332 1513 3454 1583 ἔθει,

1871 1602 1930 1653 οὐ
1960 1602 2249 1676 παρέλειψα
2283 1604 2348 1658 τὰ
2382 1604 2537 1676 ὑγιῶς
2574 1624 2660 1672 μοι
2695 1604 3060 1662 ὑποϐληθέντα·
3093 1609 3251 1682 χάριν
3279 1606 3461 1679 ὁμολο-

1870 1700 2002 1762 γῶν,
2034 1696 2120 1747 καί
2162 1694 2210 1746 ἐν
2250 1696 2570 1767 εὐεργεσίαις
2609 1697 2861 1766 τιθέμενος
2888 1703 3069 1763 τοῦτο,
3103 1696 3129 1753 ὃ
3172 1701 3457 1773 πέπεισμαί

1870 1807 1956 1857 μοι
1978 1787 2238 1860 οὐρανόθεν
2264 1785 2601 1863 δεδωρῆσθαι,
2629 1788 2706 1842 ἶνα
2735 1792 2852 1865 περί
2872 1810 2925 1845 τε
2956 1806 3049 1851 τῆς
3070 1794 3193 1863 ἐμῆς
3219 1808 3456 1869 χειροτοο

219 1900 270 1941 ac
296 1884 388 1940 fide
423 1881 611 1937 eadem
655 1881 719 1935 ad
771 1881 1179 1936 unanimitatem
1228 1892 1369 1935 tuam
1418 1895 1765 1936 c0useramus

1888 1880 1971 1938 νίας
2005 1882 2087 1933 καί
2124 1886 2214 1941 τῆς
2258 1884 2484 1940 πίστεως
2504 1921 2517 1945 ,
2548 1881 2613 1934 τὰ
2641 1882 2775 1936 αὐτὰ
2803 1884 2930 1958 πρὸς
2964 1888 3054 1942 τὴν
3092 1889 3187 1943 σήν
3222 1885 3459 1957 ὁμόνοιαν

218 1979 371 2035 verba.

273 2074 318 2129 5.
356 2071 427 2126 De
479 2070 818 2126 Antiocheno
862 2081 1041 2125 autem
1092 2082 1141 2123 et
1167 2070 1384 2140 reliquis
1409 2072 1497 2141 qui
1542 2087 1666 2125 cum
1699 2086 1765 2125 eo

216 2174 475 2219 sectatores
498 2161 733 2215 NeStorii
769 2162 881 2216 fieri
912 2161 1215 2224 voluerunt.
1241 2170 1294 2218 et
1334 2161 1401 2215 de
1427 2166 1632 2217 cunctis
1677 2165 1766 2233 qui

218 2265 384 2326 praeter
426 2254 851 2309 ecclesiasticam
901 2252 1239 2322 disciplinam
1292 2253 1562 2309 Ecclesias
1619 2256 1769 2308 insti-

216 2358 365 2409 luunt.
397 2357 417 2384 ο
456 2346 565 2415 jam
602 2356 756 2400 antea
814 2347 915 2401 hoc
942 2345 1278 2399 definivimus
1306 2344 1717 2400 custodiendum
1752 2365 1763 2398 :

218 2449 265 2493 ut
285 2442 323 2493 si
354 2437 695 2507 resipuerint,
722 2447 774 2491 et
808 2453 927 2492 cum
958 2452 1055 2492 suo
1081 2437 1217 2492 duce
1260 2438 1541 2506 rejccerint
1588 2420 1768 2493 omnia

216 2545 535 2602 quacumque
563 2539 754 2584 sancta
784 2528 1019 2600 synodus
1039 2529 1191 2583 ttobis
1217 2530 1661 2585 confirmantibus
1684 2547 1769 2584 re-

217 2623 339 2693 iecit,
364 2623 581 2677 redeant
611 2623 664 2676 in
697 2620 1037 2676 sacerdotum
1070 2635 1407 2675 consessum.
1444 2622 1590 2676 Sicut
1625 2624 1767 2677 enim

217 2716 532 2785 persistentes
566 2714 836 2783 prioribus
869 2729 972 2768 non
1004 2723 1292 2783 potuerunt
1332 2716 1385 2768 in
1416 2722 1597 2768 nostra
1646 2729 1769 2770 esse

217 2808 582 2868 communione.
610 2807 691 2861 sic
714 2807 956 2859 volumus
1003 2820 1115 2870 eos,
1162 2815 1378 2877 propter
1408 2807 1662 2863 unitatem
1707 2822 1769 2863 ac

220 2916 374 2969 pacem
406 2900 803 2963 Ecclesiarum,
848 2898 1245 2953 satisfacientes
1274 2909 1330 2952 ut
1375 2900 1604 2954 diximus
1648 2916 1769 2954 sus-

218 2992 323 3061 cipi.
345 2991 442 3061 Ipsi
473 3008 604 3046 vero
643 2992 693 3043 in
726 2992 929 3059 seipsos
959 2990 1305 3044 invenientur
1322 3006 1525 3061 (equam
1554 3001 1771 3048 senteno

222 3086 325 3141 tiam
354 3086 660 3156 prclulisse,
685 3086 728 3138 si
752 3093 903 3139 extra
937 3094 1235 3152 manentes,
1260 3099 1380 3139 cum
1404 3101 1468 3139 eo
1505 3085 1521 3123 τ
1557 3090 1644 3156 qui
1678 3088 1771 3141 de-

218 3180 362 3251 iectus
386 3190 437 3235 et
466 3180 727 3250 expulsus
757 3184 859 3242 est,
879 3186 1039 3232 tanta:
1069 3177 1355 3247 impietatis
1380 3194 1501 3234 sese
1524 3182 1772 3236 ostende-

221 3274 305 3328 rint
328 3275 497 3330 Socios
526 3283 691 3343 atque
717 3271 1024 3342 participes.

1871 1974 2090 2043 μίξωμεν
2117 1972 2342 2047 ῥήματα.

1943 2066 2057 2137 Περὶ
2083 2062 2136 2117 δέ
2168 2070 2258 2118 τοῦ
2288 2066 2597 2133 Ἀντιοχείας
2627 2068 2709 2117 καί
2739 2071 2838 2120 τῶν
2870 2066 3073 2129 λοιπῶν,
3102 2069 3149 2122 οἵ
3176 2089 3307 2129 τινες
3340 2070 3455 2142 μετ’

1872 2159 2026 2211 αὖτοῦ
2057 2157 2321 2212 ἀκόλουθοι
2346 2158 2576 2230 γενέσθαι
2604 2160 2883 2235 Νεστορίου
2912 2160 3155 2219 ἠθέλησαν
3176 2202 3190 2224 ,
3219 2165 3302 2217 καὶ
3333 2168 3440 2238 περῖ

1872 2253 2075 2306 πάντων
2112 2251 2164 2307 δέ
2195 2261 2293 2306 τῶν
2317 2254 2461 2329 παρὰ
2486 2257 2575 2311 την
2604 2254 3024 2313 ἐκκλησιαστικην
3047 2255 3329 2326 ἐπιστήμην
3358 2259 3440 2312 Ἐκ

1872 2346 2085 2403 κλησιας
2109 2343 2446 2403 διοικούντων,
2480 2344 2859 2417 κατειληφότες,
2899 2352 3051 2401 τοῦτο
3082 2348 3337 2421 ὡρίσαμεν
3368 2372 3461 2421 φύ-

1872 2436 2099 2499 λακτέον,
2133 2436 2212 2489 ἵνα
2238 2438 2281 2490 εἰ
2307 2434 2628 2505 ἀνανήφειαν,
2658 2438 2740 2489 καὶ
2771 2438 2901 2505 μετὰ
2926 2444 3014 2492 τοῦ
3056 2436 3186 2493 ἰδίου
3219 2440 3459 2512 ἡγεμόνος

1873 2532 2163 2589 ἀθετήσειαν
2198 2532 2400 2585 ἅπαντα
2441 2527 2573 2604 ἅπερ
2618 2532 2647 2587 ἡ
2684 2528 2805 2600 ἁγία
2850 2529 3058 2591 σύνοδος
3099 2534 3239 2601 ἡμῶν
3282 2534 3457 2588 ἐπιϐε-

1875 2626 2151 2680 ϐαιούντων
2178 2625 2412 2683 ἡθέτησεν
2442 2666 2449 2686 ,
2481 2624 2788 2679 ἐπανέλθοιεν
2811 2627 2881 2684 είς
2910 2627 2966 2680 τὸ
2995 2634 3092 2680 τῶν
3118 2627 3288 2702 ἱερέων
3314 2630 3462 2683 συνέ-

1873 2716 2026 2791 δριον.
2055 2714 2258 2792 Ὠσπερ
2289 2717 2384 2793 γὰρ
2411 2716 2725 2786 ἐπιμένοντες
2755 2723 2859 2777 τοῖς
2888 2704 3151 2793 προτέροις
3174 2720 3257 2772 οὐκ
3276 2717 3459 2779 ἠδυνή-

1873 2811 2026 2868 θησαν
2068 2811 2115 2863 ἐν
2154 2817 2216 2885 τῇ
2254 2808 2476 2883 ἡμετέρᾳ
2524 2804 2649 2862 εἶναι
2687 2812 2938 2883 κοινωνίᾳ,
2971 2809 3132 2867 οὕτως
3176 2813 3459 2882 βουλόμεθα

1874 2906 2055 2966 αὐτοὺς
2080 2902 2163 2959 διὰ
2184 2908 2273 2962 τὴν
2304 2903 2515 2963 ἑνότητα
2543 2906 2627 2956 καὶ
2653 2904 2848 2975 εἰρήνην
2887 2911 2987 2958 τῶν
3014 2905 3301 2970 ἐκκλησιῶν,
3330 2910 3461 2963 ἁπο-

1872 2997 2203 3070 λογουμένους
2240 3000 2307 3055 ὡς
2338 2998 2629 3069 εἰρήκαμεν,
2659 2994 3024 3064 ὑποδέχεσθαι.
3076 2999 3226 3051 Αὐτοὶ
3266 2998 3321 3054 δέ
3356 3002 3462 3055 καθ’

1874 3089 2067 3145 ἑαυτῶν
2096 3090 2447 3165 εὑρεθήσονται
2475 3093 2563 3147 τήν
2587 3084 2700 3145 ἴσην
2728 3088 2982 3159 ἀπόφασιν
3008 3090 3393 3161 ἐξενεγκάμενοι,
3419 3095 3463 3147 εί

1874 3181 1973 3247 ἔξω
2020 3184 2253 3255 μένοντες
2303 3179 2513 3246 δείξειαν
2556 3180 2765 3239 ἑαυτοὺς
2801 3182 2933 3254 πρὸς
2976 3181 3061 3235 τὸν
3096 3183 3466 3241 καταϐληθέντα

1800 3277 1846 3341 C
1874 3280 1955 3331 καὶ
1994 3278 2265 3341 ἐξωσθέντα
2306 3275 2564 3337 τοσαύτης
2602 3274 2844 3335 ἀσεϐείας
2881 3280 3148 3337 κοινωνούς
3192 3282 3274 3332 καὶ
3315 3279 3468 3349 μετό-

1888 3393 2044 3443 χους.

1160 3478 1474 3535 MONITUM
1516 3478 1581 3533 IN
1624 3476 2013 3538 EPISTOLAM
2052 3479 2488 3548 SEQUENTEM.

283 3573 467 3627 Liizec
496 3572 774 3639 epistola,
828 3587 984 3639 quam
1034 3586 1103 3625 ex
1155 3570 1413 3640 Ephesiui
1465 3572 1780 3627 Coneiliittt

225 3655 351 3711 parte
378 3659 491 3710 cap.
524 3644 595 3696 27
625 3646 731 3695 ltttc
762 3658 1105 3707 revocamus,
1141 3658 1169 3695 a
1200 3644 1428 3697 Baronio
1455 3654 1508 3696 et
1541 3645 1661 3697 aliis
1692 3660 1781 3699 re—

222 3716 365 3769 fertur
388 3715 448 3768 ad
479 3730 689 3768 annum
717 3712 820 3767 452
841 3757 853 3778 ,
904 3729 929 3765 a
963 3714 1308 3768 Tillemontio
1340 3723 1515 3767 autent
1550 3715 1600 3768 in
1632 3731 1783 3768 men-

223 3800 314 3837 sem
361 3786 610 3840 Martium
666 3786 790 3838 anni
839 3783 943 3839 453
990 3785 1255 3839 differtur.
1306 3786 1585 3839 Prmcessit
1635 3798 1784 3842 certe

221 3857 502 3911 concionem
546 3873 711 3925 quam
764 3855 995 3926 Cyrillus
1026 3856 1096 3909 28
1131 3857 1212 3908 die
1259 3858 1444 3910 mensis
1487 3855 1780 3920 Pltarmuti,

224 3929 307 3981 hoc
330 3940 403 3981 est
426 3929 497 3983 ‘25
528 3929 757 3997 Aprilis,
786 3928 1097 3980 conﬁrmata
1127 3928 1233 3995 jatn
1262 3943 1411 3995 pace,
1438 3930 1500 3979 ad
1528 3928 1780 3997 populum

222 4012 350 4051 suum
379 4000 583 4053 habuit.
615 3999 727 4052 Nec
759 3999 1071 4066 permittunt
1100 4000 1201 4051 itus
1227 4014 1287 4051 ac
1316 4000 1519 4051 reditus
1544 4042 1557 4063 ,
1589 4002 1783 4066 quibus

221 4070 272 4121 ad
295 4068 417 4124 hanc
441 4087 631 4137 pacem
669 4080 984 4137 perventum
1002 4079 1103 4133 est,
1129 4079 1185 4121 ιιι
1212 4070 1311 4123 hoc.
1334 4085 1363 4121 e
1392 4071 1495 4124 tius
1519 4086 1657 4124 anno
1680 4070 1785 4124 455

222 4142 478 4209 contigisse
510 4156 857 4195 censeamus.
903 4140 1005 4193 Sed
1048 4150 1099 4193 ct
1140 4155 1244 4208 qua
1296 4142 1501 4195 ratione
1540 4157 1639 4210 pax
1693 4143 1782 4195 illa

226 4209 332 4263 inita
377 4213 738 4281 confectaque
781 4211 884 4278 sit,
922 4228 1024 4264 non
1061 4212 1327 4278 ignorare.
1380 4209 1621 4282 adeoque
1669 4228 1783 4268 rem

224 4285 361 4347 paulo
382 4285 537 4337 altius
567 4292 821 4347 repetere
848 4283 1065 4347 juverit.

276 4352 325 4405 2.
356 4354 713 4407 Maximianus
744 4355 901 4421 regiae
939 4353 1083 4406 urbis
1124 4355 1347 4407 antistes
1394 4354 1477 4407 his
1506 4353 1782 4409 lecstini

223 4424 371 4476 verbis
396 4423 595 4490 (Epist.
624 4424 723 4492 24)
754 4426 1041 4496 :iniutattts,
1075 4424 1302 4477 Gloriatu
1334 4435 1381 4477 et
1410 4427 1678 4496 uigilantis
1696 4442 1792 4496 pa-

222 4497 356 4547 storis
382 4507 425 4548 et
450 4498 661 4567 benigni
690 4495 969 4567 sacerdotis
1003 4512 1265 4558 exerceas,
1306 4507 1352 4548 ct
1380 4513 1612 4566 saporem
1643 4495 1793 4549 Chri—

224 4567 383 4617 stinna’
412 4566 746 4618 salubritatis
771 4566 1045 4637 infundas,
1082 4576 1133 4619 ut
1163 4569 1273 4637 plus
1301 4568 1351 4619 in
1384 4570 1672 4636 reparando
1698 4584 1788 4637 ipo-

220 4636 354 4691 tuisse
378 4647 421 4691 te
444 4638 665 4707 liqueat,
688 4652 839 4705 quam
866 4637 952 4690 ille
984 4636 1305 4705 (Nestorius)
1338 4640 1495 4705 potuit
1522 4639 1574 4691 in
1606 4636 1787 4692 (eadem

1885 3574 1974 3641 do,
2018 3572 2163 3643 pacis
2190 3572 2439 3627 curandm
2467 3572 2641 3640 gratia
2667 3570 2974 3641 episcopos.
2999 3587 3132 3641 quos
3160 3573 3469 3632 Constantt—
3546 3636 3553 3641 ,

1890 3644 2071 3713 nepoli
2095 3659 2215 3699 esse
2230 3643 2517 3712 comperit,
2548 3656 2652 3695 una
2674 3657 2802 3713 cum,
2828 3642 3075 3696 universo
3100 3643 3249 3699 clero
3270 3660 3470 3704 convo-

1887 3712 2033 3771 carit
2058 3732 2069 3781 ;
2100 3730 2391 3783 eorumque
2418 3727 2686 3768 consensu
2717 3712 2841 3766 idin
2869 3713 3056 3782 primis
3080 3717 3381 3781 constituit,
3408 3729 3470 3775 ut

1888 3787 2182 3854 imperator
2221 3786 2459 3853 ipsorum
2488 3794 2673 3852 rogatu
2697 3783 2762 3837 ad
2786 3784 3047 3839 Joannem
3073 3786 3469 3845 Antiochenum

1889 3859 2200 3927 episcopum
2226 3858 2429 3911 litteras
2462 3854 2719 3917 mitteret,
2754 3855 2950 3925 quibus
2967 3857 3255 3925 sponderet
3280 3858 3395 3915 fore
3416 3870 3474 3916 ut

1890 3929 2065 3982 omnis
2106 3928 2474 3983 altercationis
2522 3927 2742 3979 materia
2790 3940 2821 3980 e
2850 3927 3028 3981 medio
3067 3927 3377 3997 tolleretur,
3428 3933 3473 3986 si

1891 3999 2119 4053 Nestorii
2157 4000 2461 4069 depositioni
2508 3998 2869 4061 subscriberet,
2911 3999 3156 4069 illiusque
3182 4000 3471 4056 doctrinam

1888 4071 2335 4125 anathematiznret
2362 4068 2579 4139 (Ep/tes.
2614 4086 2755 4122 conc.
2784 4084 2841 4123 ut
2871 4078 3004 4136 part.
3035 4068 3080 4124 ε.
3107 4069 3223 4138 24).
3257 4073 3347 4126 His
3377 4088 3473 4126 an-

1890 4158 2058 4195 nnens
2085 4142 2439 4198 Theodosius.
2475 4141 2663 4195 litteris
2694 4139 2760 4193 ad
2797 4139 3093 4204 Joannem,
3132 4141 3256 4195 dum
3293 4142 3470 4200 adhuc

1890 4214 2236 4267 (lmlestinum
2289 4213 2634 4279 superstitem
2681 4209 2966 4280 crederet,
3010 4226 3106 4280 per
3147 4213 3471 4270 Archelaum

1893 4286 2165 4355 tribuattm
2195 4284 2393 4355 missis,
2426 4283 2710 4351 praedictas
2738 4281 2885 4355 pacis
2904 4284 3247 4339 conditiones
3271 4301 3467 4355 propo-

1897 4355 2001 4407 suit
2025 4353 2235 4423 (Ibid).
2268 4353 2473 4419 Quibus
2498 4363 2797 4407 commotus
2823 4352 3091 4421 Joannes,
3135 4371 3240 4409 non
3272 4352 3474 4413 statim

1898 4434 2073 4479 tamen
2105 4424 2288 4485 cessit,
2321 4424 2414 4478 sed
2434 4424 2783 4489 aliquamdiu,
2805 4434 2863 4479 ut
2888 4440 2953 4479 ex
2970 4424 3189 4494 epistola
3215 4426 3475 4484 discimus

1899 4496 2085 4570 Cyrilli
2115 4497 2179 4550 ad
2208 4495 2471 4549 Donatum
2502 4494 2664 4570 (Ibid.
2698 4510 2745 4547 ε.
2771 4495 2887 4562 58),
2929 4496 3019 4570 ubi
3039 4506 3171 4570 _tota
3202 4497 3282 4570 rei
3306 4511 3476 4570 gestae

1900 4565 2071 4621 series
2098 4579 2399 4632 enarratur,
2430 4565 2812 4635 tergiversatus
2838 4575 2939 4620 est.
2966 4566 3144 4623 Primo
3170 4565 3478 4627 enim'non-

1902 4638 2031 4692 nulli
2060 4639 2149 4707 qui
2192 4653 2310 4691 cum
2352 4652 2416 4691 eo
2462 4644 2616 4691 erant
2656 4643 2905 4691 auctores
2935 4637 3037 4707 ipsi
3066 4637 3285 4695 fuerunt
3324 4650 3380 4698 ut
3410 4641 3477 4699 ad

284 4831 307 4860 ι
326 4821 429 4877 Hoc
453 4831 558 4886 est,
597 4822 753 4888 paria
786 4822 1029 4876 dedimus
1055 4822 1291 4891 episrolac
1323 4820 1569 4883 exempla
1599 4818 1664 4874 ad
1691 4833 1785 4874 eos
1814 4821 1867 4884 D
1892 4835 2027 4872 nunc
2058 4827 2162 4871 tum
2193 4817 2489 4891 patientiam
2520 4816 2805 4891 sanctitatis
2846 4826 2965 4891 tute,
3007 4826 3113 4891 tum
3142 4822 3477 4891 consuetudi-

220 4894 428 4948 Orientis
459 4895 777 4959 episcenos.
804 4893 869 4946 ad
901 4908 1035 4963 quos
1067 4893 1380 4961 Lampetius
1410 4901 1463 4945 et
1494 4892 1787 4962 Hermoge-

224 4978 302 5016 nes
324 4980 379 5015 ea
399 4964 537 5017 mitti
572 4966 869 5030 petierant.

283 5032 303 5071 δ
324 5035 417 5088 Per
441 5033 705 5089 Ecclesia:
729 5033 1335 5100 Constantinopolitanae
1356 5034 1604 5096 clericos,
1627 5031 1791 5087 Joan-

223 5118 326 5157 nem
365 5106 577 5159 scilicet
630 5106 1009 5174 presbyterum
1047 5114 1102 5158 et
1150 5105 1449 5170 EttiCit'liltll
1482 5105 1788 5167 diaconum,

224 5175 377 5244 inissa:
406 5188 529 5230 sunt
561 5188 803 5244 quatuor
847 5176 1177 5244 posteriores
1204 5175 1485 5229 Coelestini
1526 5174 1789 5243 epistolas.

222 5243 314 5298 Nec
341 5249 467 5300 alias
502 5243 593 5301 hic
623 5243 928 5315 intelligere
961 5247 1107 5312 licet,
1135 5247 1398 5314 siquidem
1421 5245 1622 5315 Xystus
1656 5245 1792 5299 hanc

224 5320 380 5370 statim
414 5318 877 5371 absordinatioue
906 5333 1021 5380 sua,
1069 5328 1352 5381 antequam
1398 5318 1535 5370 ullas
1579 5318 1794 5369 mittere

224 5390 483 5451 potuisset,
532 5390 783 5456 scripsit.
821 5390 923 5442 llas
956 5389 1115 5454 igitur
1147 5389 1356 5442 misisse
1398 5404 1455 5441 se
1486 5388 1637 5455 dicit,
1672 5386 1791 5453 quia

221 5456 419 5524 iubente
464 5460 775 5514 Cwlestino
832 5463 1059 5527 primum
1107 5460 1228 5513 illas
1256 5475 1350 5529 per
1396 5458 1650 5513 Ecclesiae
1686 5457 1793 5511 (ΣΡ.

224 5529 432 5583 clericos
464 5530 716 5591 miserit,
760 5545 820 5584 ac
854 5540 1037 5597 postea
1072 5532 1250 5601 Cyrilli
1290 5530 1532 5583 diaconis
1564 5531 1797 5601 interve-

226 5602 476 5655 nientibus
525 5617 726 5656 earum
754 5602 997 5667 exempla
1032 5600 1235 5655 eisdem
1282 5601 1579 5655 tradiderit.
1634 5600 1797 5669 Magis

258 5670 445 5742 laceret
480 5674 751 5737 misimus,
802 5672 1009 5727 scilicet
1062 5688 1127 5726 ex
1170 5672 1377 5742 synodo
1426 5672 1662 5725 Humana
1712 5673 1795 5725 cui

269 5753 406 5810 ystus
443 5744 794 5797 interfuerat.

291 5822 312 5887 αξ
335 5810 507 5887 forte,
541 5816 944 5887 ἀπεστείλαμεν.

288 5880 578 5938 ‘Gmcutn
633 5880 939 5941 Cotelerius
982 5887 1054 5941 ita
1096 5884 1361 5953 reddidit,
1400 5882 1628 5956 Sequens
1682 5900 1795 5940 vero

1894 4907 2005 4943 nem
2038 4900 2287 4953 nostram,
2316 4904 2414 4942 non
2439 4887 2711 4956 dereliqui,
2743 4897 2873 4950 etc.,
2902 4886 3041 4941 haud
3071 4889 3201 4943 satis
3228 4890 3293 4943 ad
3326 4907 3479 4947 men-

1893 4972 1998 5015 tetn
2030 4960 2184 5032 Xysti
2204 5001 2217 5023 ,
2248 4960 2492 5032 docentis
2534 4973 2655 5014 eum
2685 4972 2807 5032 esse
2834 4958 3198 5032 Romanorum
3246 4975 3480 5031 morem,

1894 5045 1947 5084 ut
1978 5029 2205 5100 propriis
2233 5031 2426 5085 litteris
2453 5046 2544 5086 eos
2566 5047 2594 5087 ν
2619 5030 2812 5099 quibus
2838 5029 3037 5085 fuerint
3060 5031 3303 5097 salutati,
3334 5029 3480 5088 resa-

1894 5102 2087 5161 lutent,
2122 5119 2291 5173 neque
2317 5102 2564 5158 dubitare
2592 5117 2651 5157 se
2680 5102 2831 5173 quin,
2865 5102 2908 5155 si
2944 5101 3070 5157 huic
3111 5102 3289 5159 ofﬁcio
3317 5102 3481 5161 dees-

1896 5184 2000 5237 set,
2029 5171 2220 5245 Cyrilli
2250 5174 2704 5245 exspectationem
2737 5171 3031 5245 deciperet.

1971 5256 1993 5281 ο
2019 5242 2125 5300 Séu
2154 5244 2218 5299 ad
2245 5242 2474 5300 litteram
2502 5261 2515 5296 :
2543 5242 2912 5313 Occupavimus
2944 5244 3039 5296 hoc
3067 5242 3281 5314 deﬁnire
3304 5254 3478 5299 custo-

1904 5317 2167 5370 diendum.
2195 5316 2402 5383 Quippe
2432 5314 2654 5369 verbum
2678 5316 2851 5369 Grtcc.
2874 5314 3226 5384 κατειληφότες
3244 5328 3345 5367 non
3366 5315 3476 5381 hic,

1904 5398 1959 5440 ut
1987 5385 2285 5440 Cotelerius
2317 5384 2508 5440 Latine
2536 5387 2818 5449 convertit,
2851 5385 3174 5451 accipientes,
3205 5385 3298 5439 sed
3328 5401 3475 5440 occa.
3542 5426 3547 5431 .

1903 5467 2086 5528 parites
2119 5466 2171 5509 et
2200 5457 2568 5528 anitcvenientes
2596 5466 2767 5528 sonat.
2802 5454 2913 5509 Hoc
2959 5464 3480 5528 a_utem_oceupatum

1904 5525 1986 5582 est
2009 5544 2035 5579 a
2056 5527 2349 5582 Caelestino
2372 5538 2423 5580 et
2445 5527 2648 5597 synodo
2664 5527 2827 5595 ipsius
2849 5527 2897 5579 in
2913 5526 3071 5597 epist.
3088 5526 3160 5579 22
3181 5525 3306 5591 n.8,
3322 5542 3483 5596 quam

1906 5599 2147 5668 apertius
2176 5599 2225 5651 in
2250 5594 2766 5668 epistola—Superiori
2799 5613 2852 5650 n.
2884 5594 3138 5668 SXystus
3167 5594 3371 5651 indicat
3399 5597 3485 5655 his

1907 5665 2087 5724 verbis
2121 5687 2133 5724 :
2165 5668 2239 5722 De
2267 5665 2469 5723 Joanne
2495 5665 2659 5722 autem
2689 5665 3002 5721 Antiochensi
3029 5667 3137 5722 hinc
3163 5668 3485 5735 deﬁuivimus

1904 5741 2085 5795 debere
2134 5741 2326 5796 servari
2355 5755 2468 5810 qua:
2507 5740 2561 5793 in
2604 5739 2789 5794 litteris
2829 5748 2949 5794 ante
2995 5738 3163 5797 missis
3184 5740 3488 5812 trascripta

1902 5820 2045 5867 sunt.

1979 5881 1999 5923 ί
2040 5880 2312 5941 Nestorio.
