  <div class='ocr_page' id='page_1' title='image "/cluster/home/n/w/nwhite01/storage/ocr_20150623/50/hvd.32044015471550/303.png"; bbox 0 0 4018 6338; ppageno 0'>
   <div class='ocr_carea' id='block_1_1' title="bbox 1424 310 2146 397">
    <p class='ocr_par' dir='ltr' id='par_1_1' title="bbox 1424 310 2146 375">
     <span class='ocr_line' id='line_1_1' title="bbox 1424 310 2146 375; baseline -0.006 0"><span class='ocrx_word' id='word_1_1' title='bbox 1424 310 1631 375; x_wconf 77' lang='lat' dir='ltr'><strong>XYSTI</strong></span> <span class='ocrx_word' id='word_1_2' title='bbox 1668 313 1734 374; x_wconf 84' lang='lat' dir='ltr'><strong>Ill</strong></span> <span class='ocrx_word' id='word_1_3' title='bbox 1770 312 1976 373; x_wconf 69' lang='grc' dir='ltr'><strong>ΡΑΡιΕ</strong></span> <span class='ocrx_word' id='word_1_4' title='bbox 2012 313 2146 372; x_wconf 73' lang='grc' dir='ltr'><strong>ΕΡΙΕ</strong></span> 
     </span>
    </p>
   </div>
   <div class='ocr_carea' id='block_1_2' title="bbox 2250 310 3747 397">
    <p class='ocr_par' dir='ltr' id='par_1_2' title="bbox 2250 313 3747 397">
     <span class='ocr_line' id='line_1_2' title="bbox 2250 313 3747 397; baseline 0.003 -30"><span class='ocrx_word' id='word_1_5' title='bbox 2250 313 2379 372; x_wconf 51' lang='lat' dir='ltr'><strong>una</strong></span> <span class='ocrx_word' id='word_1_6' title='bbox 2419 313 2508 371; x_wconf 87' lang='lat' dir='ltr'><strong>ET</strong></span> <span class='ocrx_word' id='word_1_7' title='bbox 2547 314 2897 371; x_wconf 66' lang='lat' dir='ltr'><strong>uacuum.</strong></span> <span class='ocrx_word' id='word_1_8' title='bbox 3661 335 3747 397; x_wconf 59' lang='grc' dir='ltr'><strong>επ</strong></span> 
     </span>
    </p>
   </div>
   <div class='ocr_carea' id='block_1_3' title="bbox 534 432 3744 514">
    <p class='ocr_par' dir='ltr' id='par_1_3' title="bbox 534 432 3744 514">
     <span class='ocr_line' id='line_1_3' title="bbox 534 432 3744 514; baseline 0.003 -19"><span class='ocrx_word' id='word_1_9' title='bbox 534 454 669 514; x_wconf 87' lang='lat' dir='ltr'><strong>pore</strong></span> <span class='ocrx_word' id='word_1_10' title='bbox 698 436 806 496; x_wconf 88' lang='lat' dir='ltr'><strong>alia</strong></span> <span class='ocrx_word' id='word_1_11' title='bbox 833 435 1123 496; x_wconf 85' lang='lat' dir='ltr'><strong>luminaria</strong></span> <span class='ocrx_word' id='word_1_12' title='bbox 1151 438 1478 510; x_wconf 72' lang='lat' dir='ltr'><strong>praeparavit</strong></span> <span class='ocrx_word' id='word_1_13' title='bbox 1509 436 1578 493; x_wconf 88' lang='lat' dir='ltr'><strong>ad</strong></span> <span class='ocrx_word' id='word_1_14' title='bbox 1623 449 1812 493; x_wconf 89' lang='lat' dir='ltr'><strong>eorum</strong></span> <span class='ocrx_word' id='word_1_15' title='bbox 1862 433 2118 492; x_wconf 83' lang='lat' dir='ltr'><strong>ducatum</strong></span> <span class='ocrx_word' id='word_1_16' title='bbox 2148 436 2201 496; x_wconf 77' lang='grc' dir='ltr'><strong>Α</strong></span> <span class='ocrx_word' id='word_1_17' title='bbox 2227 433 2350 489; x_wconf 91' lang='lat' dir='ltr'><strong>bem</strong></span> <span class='ocrx_word' id='word_1_18' title='bbox 2383 444 2671 501; x_wconf 88' lang='lat' dir='ltr'><strong>terrarum,</strong></span> <span class='ocrx_word' id='word_1_19' title='bbox 2708 441 2765 490; x_wconf 90' lang='lat' dir='ltr'><strong>et</strong></span> <span class='ocrx_word' id='word_1_20' title='bbox 2799 432 2855 490; x_wconf 88' lang='lat' dir='ltr'><strong>in</strong></span> <span class='ocrx_word' id='word_1_21' title='bbox 2885 432 2974 490; x_wconf 87' lang='lat' dir='ltr'><strong>illa</strong></span> <span class='ocrx_word' id='word_1_22' title='bbox 3007 440 3161 503; x_wconf 87' lang='lat' dir='ltr'><strong>parte</strong></span> <span class='ocrx_word' id='word_1_23' title='bbox 3189 448 3307 505; x_wconf 81' lang='lat' dir='ltr'><strong>quae</strong></span> <span class='ocrx_word' id='word_1_24' title='bbox 3329 447 3482 504; x_wconf 86' lang='lat' dir='ltr'><strong>errat,</strong></span> <span class='ocrx_word' id='word_1_25' title='bbox 3520 451 3570 499; x_wconf 91' lang='lat' dir='ltr'><strong>et</strong></span> <span class='ocrx_word' id='word_1_26' title='bbox 3602 446 3646 502; x_wconf 90' lang='lat' dir='ltr'><strong>in</strong></span> <span class='ocrx_word' id='word_1_27' title='bbox 3676 451 3744 511; x_wconf 67' lang='lat' dir='ltr'><strong>illa</strong></span> 
     </span>
    </p>
   </div>
   <div class='ocr_carea' id='block_1_4' title="bbox 457 530 2129 604">
    <p class='ocr_par' dir='ltr' id='par_1_4' title="bbox 457 530 2129 604">
     <span class='ocr_line' id='line_1_4' title="bbox 457 530 2129 604; baseline -0.003 -16"><span class='ocrx_word' id='word_1_28' title='bbox 457 543 460 546; x_wconf 78' lang='grc'><strong>’</strong></span> <span class='ocrx_word' id='word_1_29' title='bbox 536 533 630 604; x_wconf 93' lang='lat' dir='ltr'><strong>qui</strong></span> <span class='ocrx_word' id='word_1_30' title='bbox 661 532 820 587; x_wconf 63' lang='lat' dir='ltr'><strong>bona:</strong></span> <span class='ocrx_word' id='word_1_31' title='bbox 849 530 960 587; x_wconf 89' lang='lat' dir='ltr'><strong>sint</strong></span> <span class='ocrx_word' id='word_1_32' title='bbox 980 530 1297 597; x_wconf 75' lang='lat' dir='ltr'><strong>voluntatis,</strong></span> <span class='ocrx_word' id='word_1_33' title='bbox 1321 538 1348 568; x_wconf 72' lang='grc' dir='ltr'>ι</span> <span class='ocrx_word' id='word_1_34' title='bbox 1386 530 1890 601; x_wconf 89' lang='lat' dir='ltr'><strong>convictionemque</strong></span> <span class='ocrx_word' id='word_1_35' title='bbox 1917 536 2129 584; x_wconf 88' lang='lat' dir='ltr'><strong>contra-</strong></span> 
     </span>
    </p>
   </div>
   <div class='ocr_carea' id='block_1_5' title="bbox 533 620 2129 695">
    <p class='ocr_par' dir='ltr' id='par_1_5' title="bbox 533 620 2129 695">
     <span class='ocr_line' id='line_1_5' title="bbox 533 620 2129 695; baseline -0.004 -13"><span class='ocrx_word' id='word_1_36' title='bbox 533 625 745 683; x_wconf 83' lang='lat' dir='ltr'><strong>riorum</strong></span> <span class='ocrx_word' id='word_1_37' title='bbox 771 633 829 681; x_wconf 91' lang='lat' dir='ltr'><strong>et</strong></span> <span class='ocrx_word' id='word_1_38' title='bbox 850 623 1119 679; x_wconf 77' lang='lat' dir='ltr'><strong>mendacii</strong></span> <span class='ocrx_word' id='word_1_39' title='bbox 1148 623 1367 695; x_wconf 85' lang='lat' dir='ltr'><strong>quidem</strong></span> <span class='ocrx_word' id='word_1_40' title='bbox 1395 622 1843 691; x_wconf 76' lang='lat' dir='ltr'><strong>destructionem,</strong></span> <span class='ocrx_word' id='word_1_41' title='bbox 1885 620 2129 678; x_wconf 83' lang='lat' dir='ltr'><strong>veritatis</strong></span> 
     </span>
    </p>
   </div>
   <div class='ocr_carea' id='block_1_6' title="bbox 535 715 2130 775">
    <p class='ocr_par' dir='ltr' id='par_1_6' title="bbox 535 715 2130 775">
     <span class='ocr_line' id='line_1_6' title="bbox 535 715 2130 775; baseline -0.003 0"><span class='ocrx_word' id='word_1_42' title='bbox 535 728 717 775; x_wconf 90' lang='lat' dir='ltr'><strong>autem</strong></span> <span class='ocrx_word' id='word_1_43' title='bbox 744 719 1235 775; x_wconf 71' lang='lat' dir='ltr'><strong>conﬁrmationem.</strong></span> <span class='ocrx_word' id='word_1_44' title='bbox 1259 717 1413 775; x_wconf 88' lang='lat' dir='ltr'><strong>Sicut</strong></span> <span class='ocrx_word' id='word_1_45' title='bbox 1435 718 1599 774; x_wconf 91' lang='lat' dir='ltr'><strong>etiam</strong></span> <span class='ocrx_word' id='word_1_46' title='bbox 1629 717 1729 775; x_wconf 93' lang='lat' dir='ltr'><strong>sub</strong></span> <span class='ocrx_word' id='word_1_47' title='bbox 1776 716 1871 773; x_wconf 90' lang='lat' dir='ltr'><strong>illo</strong></span> <span class='ocrx_word' id='word_1_48' title='bbox 1887 715 1918 755; x_wconf 72' lang='grc' dir='ltr'><strong>ιι</strong></span> <span class='ocrx_word' id='word_1_49' title='bbox 1943 729 2130 771; x_wconf 84' lang='lat' dir='ltr'><strong>amaro</strong></span> 
     </span>
    </p>
   </div>
   <div class='ocr_carea' id='block_1_7' title="bbox 536 810 2131 886">
    <p class='ocr_par' dir='ltr' id='par_1_7' title="bbox 536 810 2131 886">
     <span class='ocr_line' id='line_1_7' title="bbox 536 810 2131 886; baseline -0.003 -17"><span class='ocrx_word' id='word_1_50' title='bbox 536 810 824 869; x_wconf 75' lang='lat' dir='ltr'><strong>Pharaone</strong></span> <span class='ocrx_word' id='word_1_51' title='bbox 855 812 1075 869; x_wconf 89' lang='lat' dir='ltr'><strong>beatum</strong></span> <span class='ocrx_word' id='word_1_52' title='bbox 1099 813 1317 886; x_wconf 81' lang='lat' dir='ltr'><strong>Moysen</strong></span> <span class='ocrx_word' id='word_1_53' title='bbox 1346 821 1536 869; x_wconf 88' lang='lat' dir='ltr'><strong>contra</strong></span> <span class='ocrx_word' id='word_1_54' title='bbox 1565 813 1786 868; x_wconf 81' lang='lat' dir='ltr'><strong>Jamnes</strong></span> <span class='ocrx_word' id='word_1_55' title='bbox 1807 821 1862 866; x_wconf 92' lang='lat' dir='ltr'><strong>et</strong></span> <span class='ocrx_word' id='word_1_56' title='bbox 1890 810 2131 866; x_wconf 82' lang='lat' dir='ltr'><strong>Mambre</strong></span> 
     </span>
    </p>
   </div>
   <div class='ocr_carea' id='block_1_8' title="bbox 540 903 2129 979">
    <p class='ocr_par' dir='ltr' id='par_1_8' title="bbox 540 903 2129 979">
     <span class='ocr_line' id='line_1_8' title="bbox 540 903 2129 979; baseline -0.001 -19"><span class='ocrx_word' id='word_1_57' title='bbox 540 903 613 979; x_wconf 85' lang='lat' dir='ltr'><strong>(ll</strong></span> <span class='ocrx_word' id='word_1_58' title='bbox 643 903 776 959; x_wconf 84' lang='lat' dir='ltr'><strong>Tim.</strong></span> <span class='ocrx_word' id='word_1_59' title='bbox 802 919 883 972; x_wconf 85' lang='lat' dir='ltr'><strong>tu,</strong></span> <span class='ocrx_word' id='word_1_60' title='bbox 915 904 1061 977; x_wconf 83' lang='lat' dir='ltr'><strong>8),et</strong></span> <span class='ocrx_word' id='word_1_61' title='bbox 1086 906 1230 961; x_wconf 83' lang='lat' dir='ltr'><strong>sicut</strong></span> <span class='ocrx_word' id='word_1_62' title='bbox 1254 920 1349 975; x_wconf 89' lang='lat' dir='ltr'><strong>per</strong></span> <span class='ocrx_word' id='word_1_63' title='bbox 1369 903 1649 962; x_wconf 84' lang='lat' dir='ltr'><strong>Simonem</strong></span> <span class='ocrx_word' id='word_1_64' title='bbox 1667 904 1876 977; x_wconf 80' lang='lat' dir='ltr'><strong>Magum</strong></span> <span class='ocrx_word' id='word_1_65' title='bbox 1910 903 2129 960; x_wconf 80' lang='lat' dir='ltr'><strong>Petrum</strong></span> 
     </span>
    </p>
   </div>
   <div class='ocr_carea' id='block_1_9' title="bbox 538 995 2128 1068">
    <p class='ocr_par' dir='ltr' id='par_1_9' title="bbox 538 995 2128 1068">
     <span class='ocr_line' id='line_1_9' title="bbox 538 995 2128 1068; baseline -0.003 -13"><span class='ocrx_word' id='word_1_66' title='bbox 538 995 683 1055; x_wconf 80' lang='lat' dir='ltr'><strong>bene</strong></span> <span class='ocrx_word' id='word_1_67' title='bbox 708 998 1046 1067; x_wconf 76' lang='lat' dir='ltr'><strong>vincentem;</strong></span> <span class='ocrx_word' id='word_1_68' title='bbox 1076 998 1157 1055; x_wconf 86' lang='lat' dir='ltr'><strong>sic</strong></span> <span class='ocrx_word' id='word_1_69' title='bbox 1190 1008 1247 1054; x_wconf 90' lang='lat' dir='ltr'><strong>et</strong></span> <span class='ocrx_word' id='word_1_70' title='bbox 1266 1007 1453 1055; x_wconf 89' lang='lat' dir='ltr'><strong>contra</strong></span> <span class='ocrx_word' id='word_1_71' title='bbox 1480 1012 1577 1055; x_wconf 91' lang='lat' dir='ltr'><strong>eos</strong></span> <span class='ocrx_word' id='word_1_72' title='bbox 1606 998 1697 1068; x_wconf 91' lang='lat' dir='ltr'><strong>qui</strong></span> <span class='ocrx_word' id='word_1_73' title='bbox 1723 1012 1869 1053; x_wconf 91' lang='lat' dir='ltr'><strong>nunc</strong></span> <span class='ocrx_word' id='word_1_74' title='bbox 1893 996 2128 1051; x_wconf 85' lang='lat' dir='ltr'><strong>insurre-</strong></span> 
     </span>
    </p>
   </div>
   <div class='ocr_carea' id='block_1_10' title="bbox 536 1088 2131 1161">
    <p class='ocr_par' dir='ltr' id='par_1_10' title="bbox 536 1088 2131 1161">
     <span class='ocr_line' id='line_1_10' title="bbox 536 1088 2131 1161; baseline -0.001 -17"><span class='ocrx_word' id='word_1_75' title='bbox 536 1096 765 1156; x_wconf 67' lang='lat' dir='ltr'><strong>uerunt,</strong></span> <span class='ocrx_word' id='word_1_76' title='bbox 781 1088 1030 1145; x_wconf 79' lang='lat' dir='ltr'><strong>inimicos</strong></span> <span class='ocrx_word' id='word_1_77' title='bbox 1053 1098 1200 1147; x_wconf 89' lang='lat' dir='ltr'><strong>tuam</strong></span> <span class='ocrx_word' id='word_1_78' title='bbox 1221 1090 1446 1161; x_wconf 83' lang='lat' dir='ltr'><strong>protulit</strong></span> <span class='ocrx_word' id='word_1_79' title='bbox 1472 1091 1835 1157; x_wconf 78' lang='lat' dir='ltr'><strong>sanctitatem,</strong></span> <span class='ocrx_word' id='word_1_80' title='bbox 1857 1104 1952 1159; x_wconf 90' lang='lat' dir='ltr'><strong>per</strong></span> <span class='ocrx_word' id='word_1_81' title='bbox 1973 1103 2131 1159; x_wconf 88' lang='lat' dir='ltr'><strong>quam</strong></span> 
     </span>
    </p>
   </div>
   <div class='ocr_carea' id='block_1_11' title="bbox 540 1178 2131 1254">
    <p class='ocr_par' dir='ltr' id='par_1_11' title="bbox 540 1178 2131 1254">
     <span class='ocr_line' id='line_1_11' title="bbox 540 1178 2131 1254; baseline -0.001 -16"><span class='ocrx_word' id='word_1_82' title='bbox 540 1180 704 1238; x_wconf 68' lang='lat' dir='ltr'><strong>bona</strong></span> <span class='ocrx_word' id='word_1_83' title='bbox 729 1182 846 1252; x_wconf 88' lang='lat' dir='ltr'><strong>spei</strong></span> <span class='ocrx_word' id='word_1_84' title='bbox 875 1197 1063 1239; x_wconf 83' lang='lat' dir='ltr'><strong>sumus</strong></span> <span class='ocrx_word' id='word_1_85' title='bbox 1082 1191 1140 1237; x_wconf 90' lang='lat' dir='ltr'><strong>et</strong></span> <span class='ocrx_word' id='word_1_86' title='bbox 1168 1198 1288 1250; x_wconf 88' lang='lat' dir='ltr'><strong>nos,</strong></span> <span class='ocrx_word' id='word_1_87' title='bbox 1307 1182 1448 1254; x_wconf 91' lang='lat' dir='ltr'><strong>quod</strong></span> <span class='ocrx_word' id='word_1_88' title='bbox 1466 1183 1615 1239; x_wconf 85' lang='lat' dir='ltr'><strong>orbis</strong></span> <span class='ocrx_word' id='word_1_89' title='bbox 1645 1191 1910 1238; x_wconf 90' lang='lat' dir='ltr'><strong>terrarum</strong></span> <span class='ocrx_word' id='word_1_90' title='bbox 1937 1180 2005 1235; x_wconf 92' lang='lat' dir='ltr'><strong>ab</strong></span> <span class='ocrx_word' id='word_1_91' title='bbox 2029 1178 2131 1236; x_wconf 68' lang='grc' dir='ltr'><strong>,Ε-</strong></span> 
     </span>
    </p>
   </div>
   <div class='ocr_carea' id='block_1_12' title="bbox 541 1274 2133 1348">
    <p class='ocr_par' dir='ltr' id='par_1_12' title="bbox 541 1274 2133 1348">
     <span class='ocr_line' id='line_1_12' title="bbox 541 1274 2133 1348; baseline 0.001 -19"><span class='ocrx_word' id='word_1_92' title='bbox 541 1274 764 1347; x_wconf 68' lang='lat' dir='ltr'><strong>gyptioc</strong></span> <span class='ocrx_word' id='word_1_93' title='bbox 783 1274 1040 1331; x_wconf 83' lang='lat' dir='ltr'><strong>liberetur</strong></span> <span class='ocrx_word' id='word_1_94' title='bbox 1061 1290 1283 1342; x_wconf 85' lang='lat' dir='ltr'><strong>errore;</strong></span> <span class='ocrx_word' id='word_1_95' title='bbox 1303 1275 1395 1347; x_wconf 86' lang='lat' dir='ltr'><strong>qui</strong></span> <span class='ocrx_word' id='word_1_96' title='bbox 1424 1276 1640 1348; x_wconf 80' lang='lat' dir='ltr'><strong>Moyses</strong></span> <span class='ocrx_word' id='word_1_97' title='bbox 1667 1290 1839 1331; x_wconf 84' lang='lat' dir='ltr'><strong>novus</strong></span> <span class='ocrx_word' id='word_1_98' title='bbox 1868 1274 2133 1343; x_wconf 81' lang='lat' dir='ltr'><strong>existens,</strong></span> 
     </span>
    </p>
   </div>
   <div class='ocr_carea' id='block_1_13' title="bbox 539 1365 2137 1440">
    <p class='ocr_par' dir='ltr' id='par_1_13' title="bbox 539 1365 2137 1440">
     <span class='ocr_line' id='line_1_13' title="bbox 539 1365 2137 1440; baseline -0.003 -16"><span class='ocrx_word' id='word_1_99' title='bbox 539 1379 762 1424; x_wconf 63' lang='lat' dir='ltr'><strong>onlnem</strong></span> <span class='ocrx_word' id='word_1_100' title='bbox 788 1365 1007 1438; x_wconf 79' lang='lat' dir='ltr'><strong>quidem</strong></span> <span class='ocrx_word' id='word_1_101' title='bbox 1025 1365 1336 1440; x_wconf 65' lang='lat' dir='ltr'><strong>Egyptium</strong></span> <span class='ocrx_word' id='word_1_102' title='bbox 1363 1367 1677 1425; x_wconf 63' lang='lat' dir='ltr'><strong>haereticum</strong></span> <span class='ocrx_word' id='word_1_103' title='bbox 1708 1368 2011 1439; x_wconf 89' lang='lat' dir='ltr'><strong>percuties,</strong></span> <span class='ocrx_word' id='word_1_104' title='bbox 2031 1368 2137 1420; x_wconf 87' lang='lat' dir='ltr'><strong>sal-</strong></span> 
     </span>
    </p>
   </div>
   <div class='ocr_carea' id='block_1_14' title="bbox 543 1459 2136 1530">
    <p class='ocr_par' dir='ltr' id='par_1_14' title="bbox 543 1459 2136 1530">
     <span class='ocr_line' id='line_1_14' title="bbox 543 1459 2136 1530; baseline -0.001 -14"><span class='ocrx_word' id='word_1_105' title='bbox 543 1459 696 1516; x_wconf 75' lang='lat' dir='ltr'><strong>vabis</strong></span> <span class='ocrx_word' id='word_1_106' title='bbox 749 1474 879 1516; x_wconf 80' lang='lat' dir='ltr'><strong>vero</strong></span> <span class='ocrx_word' id='word_1_107' title='bbox 922 1474 1138 1516; x_wconf 87' lang='lat' dir='ltr'><strong>omnem</strong></span> <span class='ocrx_word' id='word_1_108' title='bbox 1184 1459 1487 1517; x_wconf 83' lang='lat' dir='ltr'><strong>israelitatn</strong></span> <span class='ocrx_word' id='word_1_109' title='bbox 1537 1460 1925 1516; x_wconf 87' lang='lat' dir='ltr'><strong>orthodoxum.</strong></span> <span class='ocrx_word' id='word_1_110' title='bbox 1971 1460 2136 1530; x_wconf 91' lang='lat' dir='ltr'><strong>lgitur</strong></span> 
     </span>
    </p>
   </div>
   <div class='ocr_carea' id='block_1_15' title="bbox 488 1550 2135 1624">
    <p class='ocr_par' dir='ltr' id='par_1_15' title="bbox 488 1550 2135 1624">
     <span class='ocr_line' id='line_1_15' title="bbox 488 1550 2135 1624; baseline -0.004 -13"><span class='ocrx_word' id='word_1_111' title='bbox 488 1586 495 1592; x_wconf 93' lang='lat'><strong><em>-</em></strong></span> <span class='ocrx_word' id='word_1_112' title='bbox 542 1561 742 1611; x_wconf 80' lang='lat' dir='ltr'><strong>eontra</strong></span> <span class='ocrx_word' id='word_1_113' title='bbox 770 1552 1055 1608; x_wconf 81' lang='lat' dir='ltr'><strong>veritatem</strong></span> <span class='ocrx_word' id='word_1_114' title='bbox 1084 1553 1272 1608; x_wconf 89' lang='lat' dir='ltr'><strong>multis</strong></span> <span class='ocrx_word' id='word_1_115' title='bbox 1298 1552 1536 1608; x_wconf 84' lang='lat' dir='ltr'><strong>millibus</strong></span> <span class='ocrx_word' id='word_1_116' title='bbox 1560 1552 1727 1624; x_wconf 79' lang='lat' dir='ltr'><strong>gestis</strong></span> <span class='ocrx_word' id='word_1_117' title='bbox 1757 1560 1812 1607; x_wconf 87' lang='lat' dir='ltr'><strong>et</strong></span> <span class='ocrx_word' id='word_1_118' title='bbox 1845 1550 2135 1605; x_wconf 80' lang='lat' dir='ltr'><strong>mundissi-</strong></span> 
     </span>
    </p>
   </div>
   <div class='ocr_carea' id='block_1_16' title="bbox 544 1641 2141 1718">
    <p class='ocr_par' dir='ltr' id='par_1_16' title="bbox 544 1641 2141 1718">
     <span class='ocr_line' id='line_1_16' title="bbox 544 1641 2141 1718; baseline -0.004 -15"><span class='ocrx_word' id='word_1_119' title='bbox 544 1659 637 1703; x_wconf 80' lang='lat' dir='ltr'><strong>ma</strong></span> <span class='ocrx_word' id='word_1_120' title='bbox 658 1644 1004 1703; x_wconf 66' lang='lat' dir='ltr'><strong>orthodoxie</strong></span> <span class='ocrx_word' id='word_1_121' title='bbox 1029 1641 1061 1691; x_wconf 65' lang='grc' dir='ltr'><strong>τι</strong></span> <span class='ocrx_word' id='word_1_122' title='bbox 1099 1646 1391 1718; x_wconf 73' lang='lat' dir='ltr'><strong>margarita</strong></span> <span class='ocrx_word' id='word_1_123' title='bbox 1412 1645 1611 1701; x_wconf 89' lang='lat' dir='ltr'><strong>multas</strong></span> <span class='ocrx_word' id='word_1_124' title='bbox 1638 1644 1942 1715; x_wconf 74' lang='lat' dir='ltr'><strong>excipiente</strong></span> <span class='ocrx_word' id='word_1_125' title='bbox 1970 1644 2141 1699; x_wconf 90' lang='lat' dir='ltr'><strong>inimi-</strong></span> 
     </span>
    </p>
   </div>
   <div class='ocr_carea' id='block_1_17' title="bbox 542 1735 2138 1810">
    <p class='ocr_par' dir='ltr' id='par_1_17' title="bbox 542 1735 2138 1810">
     <span class='ocr_line' id='line_1_17' title="bbox 542 1735 2138 1810; baseline -0.003 -14"><span class='ocrx_word' id='word_1_126' title='bbox 542 1740 727 1806; x_wconf 82' lang='lat' dir='ltr'><strong>citias,</strong></span> <span class='ocrx_word' id='word_1_127' title='bbox 755 1747 811 1795; x_wconf 91' lang='lat' dir='ltr'><strong>et</strong></span> <span class='ocrx_word' id='word_1_128' title='bbox 833 1748 1065 1808; x_wconf 88' lang='lat' dir='ltr'><strong>quantas</strong></span> <span class='ocrx_word' id='word_1_129' title='bbox 1109 1739 1253 1794; x_wconf 86' lang='lat' dir='ltr'><strong>nulla</strong></span> <span class='ocrx_word' id='word_1_130' title='bbox 1279 1753 1535 1810; x_wconf 85' lang='lat' dir='ltr'><strong>umquam</strong></span> <span class='ocrx_word' id='word_1_131' title='bbox 1582 1737 1743 1793; x_wconf 87' lang='lat' dir='ltr'><strong>tradit</strong></span> <span class='ocrx_word' id='word_1_132' title='bbox 1774 1735 2016 1804; x_wconf 86' lang='lat' dir='ltr'><strong>historia,</strong></span> <span class='ocrx_word' id='word_1_133' title='bbox 2070 1737 2138 1791; x_wconf 88' lang='lat' dir='ltr'><strong>ab</strong></span> 
     </span>
    </p>
   </div>
   <div class='ocr_carea' id='block_1_18' title="bbox 2227 530 3749 625">
    <p class='ocr_par' dir='ltr' id='par_1_18' title="bbox 2227 530 3749 625">
     <span class='ocr_line' id='line_1_18' title="bbox 2227 530 3749 625; baseline 0.009 -41"><span class='ocrx_word' id='word_1_134' title='bbox 2227 545 2349 625; x_wconf 57' lang='lat' dir='ltr'><strong>qlia:</strong></span> <span class='ocrx_word' id='word_1_135' title='bbox 2374 530 2716 603; x_wconf 83' lang='lat' dir='ltr'><strong>tyrannidem</strong></span> <span class='ocrx_word' id='word_1_136' title='bbox 2759 532 3010 597; x_wconf 81' lang='lat' dir='ltr'><strong>sustinet,</strong></span> <span class='ocrx_word' id='word_1_137' title='bbox 3042 547 3275 604; x_wconf 52' lang='lat' dir='ltr'><strong>quasque</strong></span> <span class='ocrx_word' id='word_1_138' title='bbox 3301 533 3367 590; x_wconf 87' lang='lat' dir='ltr'><strong>ad</strong></span> <span class='ocrx_word' id='word_1_139' title='bbox 3402 534 3497 593; x_wconf 86' lang='lat' dir='ltr'><strong>hoc</strong></span> <span class='ocrx_word' id='word_1_140' title='bbox 3520 537 3749 615; x_wconf 71' lang='lat' dir='ltr'><strong>impugna-</strong></span> 
     </span>
    </p>
   </div>
   <div class='ocr_carea' id='block_1_19' title="bbox 2228 623 3745 706">
    <p class='ocr_par' dir='ltr' id='par_1_19' title="bbox 2228 623 3745 706">
     <span class='ocr_line' id='line_1_19' title="bbox 2228 623 3745 706; baseline 0.004 -27"><span class='ocrx_word' id='word_1_141' title='bbox 2228 623 2339 689; x_wconf 85' lang='lat' dir='ltr'><strong>tur,</strong></span> <span class='ocrx_word' id='word_1_142' title='bbox 2385 632 2444 679; x_wconf 93' lang='lat' dir='ltr'><strong>ut</strong></span> <span class='ocrx_word' id='word_1_143' title='bbox 2482 623 2551 680; x_wconf 88' lang='lat' dir='ltr'><strong>iis</strong></span> <span class='ocrx_word' id='word_1_144' title='bbox 2570 639 2694 696; x_wconf 77' lang='lat' dir='ltr'><strong>quae</strong></span> <span class='ocrx_word' id='word_1_145' title='bbox 2737 640 2846 681; x_wconf 86' lang='lat' dir='ltr'><strong>non</strong></span> <span class='ocrx_word' id='word_1_146' title='bbox 2876 625 3203 683; x_wconf 80' lang='lat' dir='ltr'><strong>conveniunt</strong></span> <span class='ocrx_word' id='word_1_147' title='bbox 3233 640 3505 685; x_wconf 81' lang='lat' dir='ltr'><strong>assensum</strong></span> <span class='ocrx_word' id='word_1_148' title='bbox 3539 633 3745 706; x_wconf 56' lang='lat' dir='ltr'><strong>putabat,</strong></span> 
     </span>
    </p>
   </div>
   <div class='ocr_carea' id='block_1_20' title="bbox 2228 714 3748 795">
    <p class='ocr_par' dir='ltr' id='par_1_20' title="bbox 2228 714 3748 795">
     <span class='ocr_line' id='line_1_20' title="bbox 2228 714 3748 795; baseline 0 -24"><span class='ocrx_word' id='word_1_149' title='bbox 2228 729 2296 771; x_wconf 91' lang='lat' dir='ltr'><strong>eo</strong></span> <span class='ocrx_word' id='word_1_150' title='bbox 2322 714 2467 786; x_wconf 90' lang='lat' dir='ltr'><strong>quod</strong></span> <span class='ocrx_word' id='word_1_151' title='bbox 2491 729 2592 772; x_wconf 92' lang='lat' dir='ltr'><strong>nec</strong></span> <span class='ocrx_word' id='word_1_152' title='bbox 2617 714 2756 771; x_wconf 86' lang='lat' dir='ltr'><strong>velit</strong></span> <span class='ocrx_word' id='word_1_153' title='bbox 2776 730 2876 772; x_wconf 92' lang='lat' dir='ltr'><strong>nec</strong></span> <span class='ocrx_word' id='word_1_154' title='bbox 2906 715 3163 785; x_wconf 83' lang='lat' dir='ltr'><strong>expedire</strong></span> <span class='ocrx_word' id='word_1_155' title='bbox 3188 716 3408 786; x_wconf 75' lang='lat' dir='ltr'><strong>iudicet,</strong></span> <span class='ocrx_word' id='word_1_156' title='bbox 3436 727 3491 775; x_wconf 93' lang='lat' dir='ltr'><strong>ut</strong></span> <span class='ocrx_word' id='word_1_157' title='bbox 3516 719 3748 795; x_wconf 65' lang='lat' dir='ltr'><strong>Egyptio.</strong></span> 
     </span>
    </p>
   </div>
   <div class='ocr_carea' id='block_1_21' title="bbox 2230 805 3696 884">
    <p class='ocr_par' dir='ltr' id='par_1_21' title="bbox 2230 805 3696 884">
     <span class='ocr_line' id='line_1_21' title="bbox 2230 805 3696 884; baseline 0.005 -19"><span class='ocrx_word' id='word_1_158' title='bbox 2230 822 2350 865; x_wconf 89' lang='lat' dir='ltr'><strong>rum</strong></span> <span class='ocrx_word' id='word_1_159' title='bbox 2381 805 2743 876; x_wconf 79' lang='lat' dir='ltr'><strong>capitulorum</strong></span> <span class='ocrx_word' id='word_1_160' title='bbox 2770 810 2948 865; x_wconf 86' lang='lat' dir='ltr'><strong>varias</strong></span> <span class='ocrx_word' id='word_1_161' title='bbox 2975 823 3167 865; x_wconf 88' lang='lat' dir='ltr'><strong>vocum</strong></span> <span class='ocrx_word' id='word_1_162' title='bbox 3200 809 3460 867; x_wconf 81' lang='lat' dir='ltr'><strong>novitates</strong></span> <span class='ocrx_word' id='word_1_163' title='bbox 3477 813 3696 884; x_wconf 80' lang='lat' dir='ltr'><strong>excipiat.</strong></span> 
     </span>
    </p>
   </div>
   <div class='ocr_carea' id='block_1_22' title="bbox 2304 900 3753 980">
    <p class='ocr_par' dir='ltr' id='par_1_22' title="bbox 2304 900 3753 980">
     <span class='ocr_line' id='line_1_22' title="bbox 2304 900 3753 980; baseline 0.006 -25"><span class='ocrx_word' id='word_1_164' title='bbox 2304 900 2359 956; x_wconf 80' lang='grc'><strong>5.</strong></span> <span class='ocrx_word' id='word_1_165' title='bbox 2394 900 2654 963; x_wconf 89' lang='lat' dir='ltr'><strong>Scribens</strong></span> <span class='ocrx_word' id='word_1_166' title='bbox 2684 900 2829 961; x_wconf 90' lang='lat' dir='ltr'><strong>enim</strong></span> <span class='ocrx_word' id='word_1_167' title='bbox 2864 900 3103 974; x_wconf 85' lang='lat' dir='ltr'><strong>Cyrillus</strong></span> <span class='ocrx_word' id='word_1_168' title='bbox 3142 902 3526 963; x_wconf 74' lang='lat' dir='ltr'><strong>Alexandriam</strong></span> <span class='ocrx_word' id='word_1_169' title='bbox 3553 906 3753 980; x_wconf 71' lang='lat' dir='ltr'><strong>blaspho.</strong></span> 
     </span>
    </p>
   </div>
   <div class='ocr_carea' id='block_1_23' title="bbox 2232 994 3753 1065">
    <p class='ocr_par' dir='ltr' id='par_1_23' title="bbox 2232 994 3753 1065">
     <span class='ocr_line' id='line_1_23' title="bbox 2232 994 3753 1065; baseline 0.005 -16"><span class='ocrx_word' id='word_1_170' title='bbox 2232 1007 2375 1049; x_wconf 90' lang='lat' dir='ltr'><strong>mam</strong></span> <span class='ocrx_word' id='word_1_171' title='bbox 2406 1008 2606 1055; x_wconf 88' lang='lat' dir='ltr'><strong>vocum</strong></span> <span class='ocrx_word' id='word_1_172' title='bbox 2630 995 2928 1057; x_wconf 81' lang='lat' dir='ltr'><strong>novitatem</strong></span> <span class='ocrx_word' id='word_1_173' title='bbox 2955 1010 3048 1064; x_wconf 90' lang='lat' dir='ltr'><strong>per</strong></span> <span class='ocrx_word' id='word_1_174' title='bbox 3068 994 3153 1050; x_wconf 83' lang='lat' dir='ltr'><strong>bis</strong></span> <span class='ocrx_word' id='word_1_175' title='bbox 3176 1009 3307 1051; x_wconf 86' lang='lat' dir='ltr'><strong>sena</strong></span> <span class='ocrx_word' id='word_1_176' title='bbox 3336 997 3552 1065; x_wconf 86' lang='lat' dir='ltr'><strong>capitula</strong></span> <span class='ocrx_word' id='word_1_177' title='bbox 3577 1001 3753 1060; x_wconf 78' lang='lat' dir='ltr'><strong>univer-</strong></span> 
     </span>
    </p>
   </div>
   <div class='ocr_carea' id='block_1_24' title="bbox 2235 1085 3755 1158">
    <p class='ocr_par' dir='ltr' id='par_1_24' title="bbox 2235 1085 3755 1158">
     <span class='ocr_line' id='line_1_24' title="bbox 2235 1085 3755 1158; baseline 0.005 -16"><span class='ocrx_word' id='word_1_178' title='bbox 2235 1099 2311 1142; x_wconf 65' lang='lat' dir='ltr'><strong>sae</strong></span> <span class='ocrx_word' id='word_1_179' title='bbox 2333 1085 2593 1145; x_wconf 87' lang='lat' dir='ltr'><strong>divinitus</strong></span> <span class='ocrx_word' id='word_1_180' title='bbox 2626 1087 2901 1157; x_wconf 64' lang='lat' dir='ltr'><strong>inspirata</strong></span> <span class='ocrx_word' id='word_1_181' title='bbox 2924 1086 3219 1158; x_wconf 73' lang='lat' dir='ltr'><strong>Scriptura.-</strong></span> <span class='ocrx_word' id='word_1_182' title='bbox 3237 1089 3567 1157; x_wconf 79' lang='lat' dir='ltr'><strong>contrariam,</strong></span> <span class='ocrx_word' id='word_1_183' title='bbox 3595 1103 3642 1148; x_wconf 88' lang='lat' dir='ltr'><strong>et</strong></span> <span class='ocrx_word' id='word_1_184' title='bbox 3657 1110 3755 1154; x_wconf 77' lang='lat' dir='ltr'><strong>aua-</strong></span> 
     </span>
    </p>
   </div>
   <div class='ocr_carea' id='block_1_25' title="bbox 2234 1178 3755 1251">
    <p class='ocr_par' dir='ltr' id='par_1_25' title="bbox 2234 1178 3755 1251">
     <span class='ocr_line' id='line_1_25' title="bbox 2234 1178 3755 1251; baseline 0.005 -16"><span class='ocrx_word' id='word_1_185' title='bbox 2234 1178 2681 1247; x_wconf 76' lang='lat' dir='ltr'><strong>thematizantem</strong></span> <span class='ocrx_word' id='word_1_186' title='bbox 2712 1179 2989 1250; x_wconf 88' lang='lat' dir='ltr'><strong>legitimas</strong></span> <span class='ocrx_word' id='word_1_187' title='bbox 3018 1190 3072 1235; x_wconf 90' lang='lat' dir='ltr'><strong>et</strong></span> <span class='ocrx_word' id='word_1_188' title='bbox 3099 1182 3348 1251; x_wconf 86' lang='lat' dir='ltr'><strong>antiquas</strong></span> <span class='ocrx_word' id='word_1_189' title='bbox 3382 1186 3755 1246; x_wconf 61' lang='lat' dir='ltr'><strong>sanctaruml’a.</strong></span> 
     </span>
    </p>
   </div>
   <div class='ocr_carea' id='block_1_26' title="bbox 2234 1270 3755 1345">
    <p class='ocr_par' dir='ltr' id='par_1_26' title="bbox 2234 1270 3755 1345">
     <span class='ocr_line' id='line_1_26' title="bbox 2234 1270 3755 1345; baseline 0.004 -20"><span class='ocrx_word' id='word_1_190' title='bbox 2234 1278 2377 1326; x_wconf 91' lang='lat' dir='ltr'><strong>trum</strong></span> <span class='ocrx_word' id='word_1_191' title='bbox 2420 1270 2761 1335; x_wconf 87' lang='lat' dir='ltr'><strong>traditiones,</strong></span> <span class='ocrx_word' id='word_1_192' title='bbox 2812 1284 2867 1328; x_wconf 89' lang='lat' dir='ltr'><strong>et</strong></span> <span class='ocrx_word' id='word_1_193' title='bbox 2916 1273 3154 1330; x_wconf 77' lang='lat' dir='ltr'><strong>maxime</strong></span> <span class='ocrx_word' id='word_1_194' title='bbox 3197 1272 3415 1331; x_wconf 83' lang='lat' dir='ltr'><strong>illorum</strong></span> <span class='ocrx_word' id='word_1_195' title='bbox 3458 1275 3546 1345; x_wconf 89' lang='lat' dir='ltr'><strong>qui</strong></span> <span class='ocrx_word' id='word_1_196' title='bbox 3587 1280 3755 1339; x_wconf 67' lang='lat' dir='ltr'><strong>exesus</strong></span> 
     </span>
    </p>
   </div>
   <div class='ocr_carea' id='block_1_27' title="bbox 2236 1365 3758 1435">
    <p class='ocr_par' dir='ltr' id='par_1_27' title="bbox 2236 1365 3758 1435">
     <span class='ocr_line' id='line_1_27' title="bbox 2236 1365 3758 1435; baseline 0.009 -17"><span class='ocrx_word' id='word_1_197' title='bbox 2236 1365 2451 1434; x_wconf 83' lang='lat' dir='ltr'><strong>quidem</strong></span> <span class='ocrx_word' id='word_1_198' title='bbox 2506 1365 2707 1422; x_wconf 84' lang='lat' dir='ltr'><strong>Christi</strong></span> <span class='ocrx_word' id='word_1_199' title='bbox 2756 1365 3029 1425; x_wconf 85' lang='lat' dir='ltr'><strong>divinitati</strong></span> <span class='ocrx_word' id='word_1_200' title='bbox 3074 1368 3371 1434; x_wconf 85' lang='lat' dir='ltr'><strong>ascribunt,</strong></span> <span class='ocrx_word' id='word_1_201' title='bbox 3424 1367 3627 1427; x_wconf 81' lang='lat' dir='ltr'><strong>humilia</strong></span> <span class='ocrx_word' id='word_1_202' title='bbox 3658 1387 3758 1435; x_wconf 63' lang='lat' dir='ltr'><strong>vero</strong></span> 
     </span>
    </p>
   </div>
   <div class='ocr_carea' id='block_1_28' title="bbox 2238 1454 3759 1531">
    <p class='ocr_par' dir='ltr' id='par_1_28' title="bbox 2238 1454 3759 1531">
     <span class='ocr_line' id='line_1_28' title="bbox 2238 1454 3759 1531; baseline 0.009 -22"><span class='ocrx_word' id='word_1_203' title='bbox 2238 1454 2562 1511; x_wconf 85' lang='lat' dir='ltr'><strong>humanitati</strong></span> <span class='ocrx_word' id='word_1_204' title='bbox 2588 1456 2859 1528; x_wconf 82' lang='lat' dir='ltr'><strong>ejusdem,</strong></span> <span class='ocrx_word' id='word_1_205' title='bbox 2891 1474 3154 1530; x_wconf 85' lang='lat' dir='ltr'><strong>nusquam</strong></span> <span class='ocrx_word' id='word_1_206' title='bbox 3191 1458 3428 1517; x_wconf 88' lang='lat' dir='ltr'><strong>unitione</strong></span> <span class='ocrx_word' id='word_1_207' title='bbox 3450 1461 3560 1531; x_wconf 82' lang='lat' dir='ltr'><strong>ejus</strong></span> <span class='ocrx_word' id='word_1_208' title='bbox 3584 1460 3759 1522; x_wconf 55' lang='lat' dir='ltr'><strong>inlusi</strong></span> 
     </span>
    </p>
   </div>
   <div class='ocr_carea' id='block_1_29' title="bbox 2239 1548 3762 1628">
    <p class='ocr_par' dir='ltr' id='par_1_29' title="bbox 2239 1548 3762 1628">
     <span class='ocr_line' id='line_1_29' title="bbox 2239 1548 3762 1628; baseline 0.007 -25"><span class='ocrx_word' id='word_1_209' title='bbox 2239 1548 2448 1619; x_wconf 84' lang='lat' dir='ltr'><strong>denda;</strong></span> <span class='ocrx_word' id='word_1_210' title='bbox 2482 1554 2762 1621; x_wconf 82' lang='lat' dir='ltr'><strong>proposuit</strong></span> <span class='ocrx_word' id='word_1_211' title='bbox 2803 1551 2852 1607; x_wconf 93' lang='lat' dir='ltr'><strong>ei</strong></span> <span class='ocrx_word' id='word_1_212' title='bbox 2879 1552 2971 1623; x_wconf 90' lang='lat' dir='ltr'><strong>qui</strong></span> <span class='ocrx_word' id='word_1_213' title='bbox 3005 1561 3137 1608; x_wconf 90' lang='lat' dir='ltr'><strong>tunc</strong></span> <span class='ocrx_word' id='word_1_214' title='bbox 3167 1561 3408 1609; x_wconf 87' lang='lat' dir='ltr'><strong>sanctam</strong></span> <span class='ocrx_word' id='word_1_215' title='bbox 3447 1553 3617 1611; x_wconf 85' lang='lat' dir='ltr'><strong>sedeat</strong></span> <span class='ocrx_word' id='word_1_216' title='bbox 3642 1570 3762 1628; x_wconf 73' lang='lat' dir='ltr'><strong>rege-</strong></span> 
     </span>
    </p>
   </div>
   <div class='ocr_carea' id='block_1_30' title="bbox 2241 1640 3763 1719">
    <p class='ocr_par' dir='ltr' id='par_1_30' title="bbox 2241 1640 3763 1719">
     <span class='ocr_line' id='line_1_30' title="bbox 2241 1640 3763 1719; baseline 0.005 -23"><span class='ocrx_word' id='word_1_217' title='bbox 2241 1640 2330 1696; x_wconf 88' lang='lat' dir='ltr'><strong>bat</strong></span> <span class='ocrx_word' id='word_1_218' title='bbox 2359 1641 2537 1713; x_wconf 76' lang='lat' dir='ltr'><strong>magni</strong></span> <span class='ocrx_word' id='word_1_219' title='bbox 2566 1642 2799 1698; x_wconf 90' lang='lat' dir='ltr'><strong>nominis</strong></span> <span class='ocrx_word' id='word_1_220' title='bbox 2840 1644 2989 1699; x_wconf 91' lang='lat' dir='ltr'><strong>urbis</strong></span> <span class='ocrx_word' id='word_1_221' title='bbox 3013 1652 3063 1714; x_wconf 73' lang='grc' dir='ltr'><strong>ι,</strong></span> <span class='ocrx_word' id='word_1_222' title='bbox 3091 1644 3186 1716; x_wconf 88' lang='lat' dir='ltr'><strong>qui</strong></span> <span class='ocrx_word' id='word_1_223' title='bbox 3213 1643 3315 1703; x_wconf 74' lang='lat' dir='ltr'><strong>fuit</strong></span> <span class='ocrx_word' id='word_1_224' title='bbox 3342 1658 3373 1700; x_wconf 89' lang='lat' dir='ltr'><strong>a</strong></span> <span class='ocrx_word' id='word_1_225' title='bbox 3400 1646 3643 1717; x_wconf 87' lang='lat' dir='ltr'><strong>principio</strong></span> <span class='ocrx_word' id='word_1_226' title='bbox 3663 1662 3763 1719; x_wconf 82' lang='lat' dir='ltr'><strong>pro-</strong></span> 
     </span>
    </p>
   </div>
   <div class='ocr_carea' id='block_1_31' title="bbox 2241 1731 3765 1807">
    <p class='ocr_par' dir='ltr' id='par_1_31' title="bbox 2241 1731 3765 1807">
     <span class='ocr_line' id='line_1_31' title="bbox 2241 1731 3765 1807; baseline 0.009 -20"><span class='ocrx_word' id='word_1_227' title='bbox 2241 1731 2401 1787; x_wconf 89' lang='lat' dir='ltr'><strong>batus</strong></span> <span class='ocrx_word' id='word_1_228' title='bbox 2421 1743 2475 1788; x_wconf 88' lang='lat' dir='ltr'><strong>et</strong></span> <span class='ocrx_word' id='word_1_229' title='bbox 2507 1744 2665 1789; x_wconf 90' lang='lat' dir='ltr'><strong>notus</strong></span> <span class='ocrx_word' id='word_1_230' title='bbox 2689 1736 2830 1790; x_wconf 87' lang='lat' dir='ltr'><strong>circa</strong></span> <span class='ocrx_word' id='word_1_231' title='bbox 2860 1736 3043 1804; x_wconf 84' lang='lat' dir='ltr'><strong>ﬁdem,</strong></span> <span class='ocrx_word' id='word_1_232' title='bbox 3073 1737 3221 1793; x_wconf 89' lang='lat' dir='ltr'><strong>circa</strong></span> <span class='ocrx_word' id='word_1_233' title='bbox 3249 1738 3430 1807; x_wconf 87' lang='lat' dir='ltr'><strong>vitam,</strong></span> <span class='ocrx_word' id='word_1_234' title='bbox 3456 1739 3588 1796; x_wconf 80' lang='lat' dir='ltr'><strong>circa</strong></span> <span class='ocrx_word' id='word_1_235' title='bbox 3606 1740 3765 1801; x_wconf 79' lang='lat' dir='ltr'><strong>doctri-</strong></span> 
     </span>
    </p>
   </div>
   <div class='ocr_carea' id='block_1_32' title="bbox 492 1825 3763 1903">
    <p class='ocr_par' dir='ltr' id='par_1_32' title="bbox 492 1825 3763 1903">
     <span class='ocr_line' id='line_1_32' title="bbox 492 1825 3763 1903; baseline 0.001 -14"><span class='ocrx_word' id='word_1_236' title='bbox 492 1866 497 1869; x_wconf 88' lang='lat'><em>-</em></span> <span class='ocrx_word' id='word_1_237' title='bbox 546 1829 636 1889; x_wconf 81' lang='lat' dir='ltr'><strong>his</strong></span> <span class='ocrx_word' id='word_1_238' title='bbox 656 1833 748 1903; x_wconf 89' lang='lat' dir='ltr'><strong>qui</strong></span> <span class='ocrx_word' id='word_1_239' title='bbox 776 1832 966 1889; x_wconf 90' lang='lat' dir='ltr'><strong>harum</strong></span> <span class='ocrx_word' id='word_1_240' title='bbox 1000 1845 1187 1886; x_wconf 84' lang='lat' dir='ltr'><strong>vocum</strong></span> <span class='ocrx_word' id='word_1_241' title='bbox 1229 1831 1523 1886; x_wconf 79' lang='lat' dir='ltr'><strong>novitatem</strong></span> <span class='ocrx_word' id='word_1_242' title='bbox 1549 1840 1740 1886; x_wconf 88' lang='lat' dir='ltr'><strong>contra</strong></span> <span class='ocrx_word' id='word_1_243' title='bbox 1764 1837 2039 1899; x_wconf 83' lang='lat' dir='ltr'><strong>paternam</strong></span> <span class='ocrx_word' id='word_1_244' title='bbox 2070 1828 2134 1882; x_wconf 85' lang='lat' dir='ltr'><strong>li-</strong></span> <span class='ocrx_word' id='word_1_245' title='bbox 2166 1825 2213 1885; x_wconf 82' lang='grc' dir='ltr'>Β</span> <span class='ocrx_word' id='word_1_246' title='bbox 2241 1841 2364 1881; x_wconf 85' lang='lat' dir='ltr'><strong>nam</strong></span> <span class='ocrx_word' id='word_1_247' title='bbox 2409 1825 2566 1882; x_wconf 84' lang='lat' dir='ltr'><strong>Verbi</strong></span> <span class='ocrx_word' id='word_1_248' title='bbox 2594 1836 2648 1882; x_wconf 89' lang='lat' dir='ltr'><strong>et</strong></span> <span class='ocrx_word' id='word_1_249' title='bbox 2677 1830 2821 1884; x_wconf 89' lang='lat' dir='ltr'><strong>circa</strong></span> <span class='ocrx_word' id='word_1_250' title='bbox 2872 1830 3149 1899; x_wconf 89' lang='lat' dir='ltr'><strong>universa,</strong></span> <span class='ocrx_word' id='word_1_251' title='bbox 3182 1830 3453 1901; x_wconf 83' lang='lat' dir='ltr'><strong>Nestorio,</strong></span> <span class='ocrx_word' id='word_1_252' title='bbox 3485 1843 3539 1889; x_wconf 90' lang='lat' dir='ltr'><strong>ut</strong></span> <span class='ocrx_word' id='word_1_253' title='bbox 3564 1843 3645 1897; x_wconf 80' lang='lat' dir='ltr'><strong>aut</strong></span> <span class='ocrx_word' id='word_1_254' title='bbox 3661 1850 3763 1892; x_wconf 83' lang='lat' dir='ltr'><strong>eoa-</strong></span> 
     </span>
    </p>
   </div>
   <div class='ocr_carea' id='block_1_33' title="bbox 546 1920 2134 1995">
    <p class='ocr_par' dir='ltr' id='par_1_33' title="bbox 546 1920 2134 1995">
     <span class='ocr_line' id='line_1_33' title="bbox 546 1920 2134 1995; baseline -0.004 -14"><span class='ocrx_word' id='word_1_255' title='bbox 546 1925 674 1981; x_wconf 84' lang='lat' dir='ltr'><strong>detu</strong></span> <span class='ocrx_word' id='word_1_256' title='bbox 705 1926 1058 1995; x_wconf 78' lang='lat' dir='ltr'><strong>apostolicam</strong></span> <span class='ocrx_word' id='word_1_257' title='bbox 1084 1934 1109 1962; x_wconf 84' lang='lat'><strong><em>°</em></strong></span> <span class='ocrx_word' id='word_1_258' title='bbox 1135 1932 1485 1994; x_wconf 87' lang='lat' dir='ltr'><strong>repererunt:</strong></span> <span class='ocrx_word' id='word_1_259' title='bbox 1522 1932 1760 1978; x_wconf 90' lang='lat' dir='ltr'><strong>nostrum</strong></span> <span class='ocrx_word' id='word_1_260' title='bbox 1786 1920 2005 1992; x_wconf 84' lang='lat' dir='ltr'><strong>quidem</strong></span> <span class='ocrx_word' id='word_1_261' title='bbox 2029 1930 2134 1986; x_wconf 89' lang='lat' dir='ltr'><strong>est,</strong></span> 
     </span>
    </p>
   </div>
   <div class='ocr_carea' id='block_1_34' title="bbox 542 2015 2141 2089">
    <p class='ocr_par' dir='ltr' id='par_1_34' title="bbox 542 2015 2141 2089">
     <span class='ocr_line' id='line_1_34' title="bbox 542 2015 2141 2089; baseline -0.004 -15"><span class='ocrx_word' id='word_1_262' title='bbox 542 2018 647 2089; x_wconf 80' lang='lat' dir='ltr'><strong>qui</strong></span> <span class='ocrx_word' id='word_1_263' title='bbox 677 2017 914 2089; x_wconf 83' lang='lat' dir='ltr'><strong>triplices</strong></span> <span class='ocrx_word' id='word_1_264' title='bbox 939 2017 1374 2088; x_wconf 82' lang='lat' dir='ltr'><strong>multiplicesque</strong></span> <span class='ocrx_word' id='word_1_265' title='bbox 1406 2015 1643 2086; x_wconf 84' lang='lat' dir='ltr'><strong>patimur</strong></span> <span class='ocrx_word' id='word_1_266' title='bbox 1678 2022 2054 2085; x_wconf 85' lang='lat' dir='ltr'><strong>tempestates,</strong></span> <span class='ocrx_word' id='word_1_267' title='bbox 2085 2022 2141 2069; x_wconf 94' lang='lat' dir='ltr'><strong>et</strong></span> 
     </span>
    </p>
   </div>
   <div class='ocr_carea' id='block_1_35' title="bbox 551 2106 2139 2184">
    <p class='ocr_par' dir='ltr' id='par_1_35' title="bbox 551 2106 2139 2184">
     <span class='ocr_line' id='line_1_35' title="bbox 551 2106 2139 2184; baseline -0.004 -16"><span class='ocrx_word' id='word_1_268' title='bbox 551 2124 694 2184; x_wconf 82' lang='lat' dir='ltr'><strong>pene</strong></span> <span class='ocrx_word' id='word_1_269' title='bbox 721 2111 774 2166; x_wconf 90' lang='lat' dir='ltr'><strong>in</strong></span> <span class='ocrx_word' id='word_1_270' title='bbox 807 2110 1330 2182; x_wconf 85' lang='lat' dir='ltr'><strong>piratasincidimus,</strong></span> <span class='ocrx_word' id='word_1_271' title='bbox 1354 2108 1420 2163; x_wconf 93' lang='lat' dir='ltr'><strong>ad</strong></span> <span class='ocrx_word' id='word_1_272' title='bbox 1442 2123 1563 2162; x_wconf 87' lang='lat' dir='ltr'><strong>eum</strong></span> <span class='ocrx_word' id='word_1_273' title='bbox 1590 2109 1827 2164; x_wconf 89' lang='lat' dir='ltr'><strong>clamare</strong></span> <span class='ocrx_word' id='word_1_274' title='bbox 1851 2107 1942 2179; x_wconf 91' lang='lat' dir='ltr'><strong>qui</strong></span> <span class='ocrx_word' id='word_1_275' title='bbox 1970 2122 1999 2161; x_wconf 92' lang='lat' dir='ltr'><strong>a</strong></span> <span class='ocrx_word' id='word_1_276' title='bbox 2028 2106 2139 2161; x_wconf 92' lang='lat' dir='ltr'><strong>Deo</strong></span> 
     </span>
    </p>
   </div>
   <div class='ocr_carea' id='block_1_36' title="bbox 552 2202 2144 2277">
    <p class='ocr_par' dir='ltr' id='par_1_36' title="bbox 552 2202 2144 2277">
     <span class='ocr_line' id='line_1_36' title="bbox 552 2202 2144 2277; baseline -0.004 -14"><span class='ocrx_word' id='word_1_277' title='bbox 552 2206 849 2274; x_wconf 82' lang='lat' dir='ltr'><strong>productus</strong></span> <span class='ocrx_word' id='word_1_278' title='bbox 874 2204 1337 2277; x_wconf 86' lang='lat' dir='ltr'><strong>estgubernator,</strong></span> <span class='ocrx_word' id='word_1_279' title='bbox 1369 2219 1603 2275; x_wconf 91' lang='lat' dir='ltr'><strong>eumque</strong></span> <span class='ocrx_word' id='word_1_280' title='bbox 1630 2217 1726 2274; x_wconf 89' lang='lat' dir='ltr'><strong>pro</strong></span> <span class='ocrx_word' id='word_1_281' title='bbox 1768 2216 1954 2258; x_wconf 89' lang='lat' dir='ltr'><strong>amore</strong></span> <span class='ocrx_word' id='word_1_282' title='bbox 2003 2202 2144 2258; x_wconf 77' lang='lat' dir='ltr'><strong>veri-</strong></span> 
     </span>
    </p>
   </div>
   <div class='ocr_carea' id='block_1_37' title="bbox 554 2295 2145 2369">
    <p class='ocr_par' dir='ltr' id='par_1_37' title="bbox 554 2295 2145 2369">
     <span class='ocr_line' id='line_1_37' title="bbox 554 2295 2145 2369; baseline -0.003 -16"><span class='ocrx_word' id='word_1_283' title='bbox 554 2297 684 2353; x_wconf 86' lang='lat' dir='ltr'><strong>tatis</strong></span> <span class='ocrx_word' id='word_1_284' title='bbox 708 2307 910 2369; x_wconf 88' lang='lat' dir='ltr'><strong>quanta</strong></span> <span class='ocrx_word' id='word_1_285' title='bbox 938 2296 1198 2368; x_wconf 86' lang='lat' dir='ltr'><strong>possibile</strong></span> <span class='ocrx_word' id='word_1_286' title='bbox 1219 2305 1303 2352; x_wconf 83' lang='lat' dir='ltr'><strong>est</strong></span> <span class='ocrx_word' id='word_1_287' title='bbox 1329 2296 1593 2354; x_wconf 72' lang='lat' dir='ltr'><strong>edoceret</strong></span> <span class='ocrx_word' id='word_1_288' title='bbox 1622 2304 1728 2351; x_wconf 71' lang='lat' dir='ltr'><strong>tua:</strong></span> <span class='ocrx_word' id='word_1_289' title='bbox 1755 2305 1932 2350; x_wconf 87' lang='lat' dir='ltr'><strong>autem</strong></span> <span class='ocrx_word' id='word_1_290' title='bbox 1958 2295 2145 2365; x_wconf 68' lang='lat' dir='ltr'><strong>gratiae</strong></span> 
     </span>
    </p>
   </div>
   <div class='ocr_carea' id='block_1_38' title="bbox 550 2389 2145 2462">
    <p class='ocr_par' dir='ltr' id='par_1_38' title="bbox 550 2389 2145 2462">
     <span class='ocr_line' id='line_1_38' title="bbox 550 2389 2145 2462; baseline -0.004 -13"><span class='ocrx_word' id='word_1_291' title='bbox 550 2390 949 2462; x_wconf 63' lang='lat' dir='ltr'><strong>sapientiaeque</strong></span> <span class='ocrx_word' id='word_1_292' title='bbox 967 2400 1050 2447; x_wconf 85' lang='lat' dir='ltr'><strong>eat</strong></span> <span class='ocrx_word' id='word_1_293' title='bbox 1077 2406 1186 2446; x_wconf 91' lang='lat' dir='ltr'><strong>non</strong></span> <span class='ocrx_word' id='word_1_294' title='bbox 1213 2390 1498 2461; x_wconf 88' lang='lat' dir='ltr'><strong>despicere</strong></span> <span class='ocrx_word' id='word_1_295' title='bbox 1525 2404 1698 2460; x_wconf 89' lang='lat' dir='ltr'><strong>neque</strong></span> <span class='ocrx_word' id='word_1_296' title='bbox 1744 2389 1920 2445; x_wconf 86' lang='lat' dir='ltr'><strong>otiose</strong></span> <span class='ocrx_word' id='word_1_297' title='bbox 1972 2398 2145 2444; x_wconf 90' lang='lat' dir='ltr'><strong>trans-</strong></span> 
     </span>
    </p>
   </div>
   <div class='ocr_carea' id='block_1_39' title="bbox 556 2484 2142 2555">
    <p class='ocr_par' dir='ltr' id='par_1_39' title="bbox 556 2484 2142 2555">
     <span class='ocr_line' id='line_1_39' title="bbox 556 2484 2142 2555; baseline -0.003 -14"><span class='ocrx_word' id='word_1_298' title='bbox 556 2498 781 2541; x_wconf 79' lang='lat' dir='ltr'><strong>currere</strong></span> <span class='ocrx_word' id='word_1_299' title='bbox 808 2484 1113 2555; x_wconf 76' lang='lat' dir='ltr'><strong>huiusmodi</strong></span> <span class='ocrx_word' id='word_1_300' title='bbox 1157 2485 1515 2555; x_wconf 58' lang='lat' dir='ltr'><strong>quaestionem</strong></span> <span class='ocrx_word' id='word_1_301' title='bbox 1547 2491 1857 2554; x_wconf 89' lang='lat' dir='ltr'><strong>tantamque</strong></span> <span class='ocrx_word' id='word_1_302' title='bbox 1902 2496 2142 2551; x_wconf 89' lang='lat' dir='ltr'><strong>causam,</strong></span> 
     </span>
    </p>
   </div>
   <div class='ocr_carea' id='block_1_40' title="bbox 557 2574 2147 2647">
    <p class='ocr_par' dir='ltr' id='par_1_40' title="bbox 557 2574 2147 2647">
     <span class='ocr_line' id='line_1_40' title="bbox 557 2574 2147 2647; baseline -0.001 -14"><span class='ocrx_word' id='word_1_303' title='bbox 557 2576 657 2633; x_wconf 66' lang='grc' dir='ltr'><strong>δρᾶ</strong></span> <span class='ocrx_word' id='word_1_304' title='bbox 687 2586 739 2632; x_wconf 91' lang='lat' dir='ltr'><strong>et</strong></span> <span class='ocrx_word' id='word_1_305' title='bbox 771 2574 1093 2647; x_wconf 87' lang='lat' dir='ltr'><strong>perscrutari</strong></span> <span class='ocrx_word' id='word_1_306' title='bbox 1118 2590 1237 2631; x_wconf 89' lang='lat' dir='ltr'><strong>cum</strong></span> <span class='ocrx_word' id='word_1_307' title='bbox 1256 2577 1547 2634; x_wconf 90' lang='lat' dir='ltr'><strong>dilectione</strong></span> <span class='ocrx_word' id='word_1_308' title='bbox 1567 2576 1693 2636; x_wconf 63' lang='lat' dir='ltr'><strong>hini</strong></span> <span class='ocrx_word' id='word_1_309' title='bbox 1721 2576 1943 2643; x_wconf 85' lang='lat' dir='ltr'><strong>laboris,</strong></span> <span class='ocrx_word' id='word_1_310' title='bbox 1971 2586 2025 2631; x_wconf 90' lang='lat' dir='ltr'><strong>et</strong></span> <span class='ocrx_word' id='word_1_311' title='bbox 2049 2576 2147 2631; x_wconf 88' lang='lat' dir='ltr'><strong>im-</strong></span> 
     </span>
    </p>
   </div>
   <div class='ocr_carea' id='block_1_41' title="bbox 558 2667 2148 2739">
    <p class='ocr_par' dir='ltr' id='par_1_41' title="bbox 558 2667 2148 2739">
     <span class='ocr_line' id='line_1_41' title="bbox 558 2667 2148 2739; baseline -0.001 -15"><span class='ocrx_word' id='word_1_312' title='bbox 558 2678 765 2739; x_wconf 86' lang='lat' dir='ltr'><strong>ponere</strong></span> <span class='ocrx_word' id='word_1_313' title='bbox 816 2667 1248 2724; x_wconf 84' lang='lat' dir='ltr'><strong>emendationem</strong></span> <span class='ocrx_word' id='word_1_314' title='bbox 1299 2684 1420 2724; x_wconf 93' lang='lat' dir='ltr'><strong>cum</strong></span> <span class='ocrx_word' id='word_1_315' title='bbox 1455 2677 1562 2724; x_wconf 89' lang='lat' dir='ltr'><strong>tota</strong></span> <span class='ocrx_word' id='word_1_316' title='bbox 1609 2671 1915 2724; x_wconf 89' lang='lat' dir='ltr'><strong>constantia</strong></span> <span class='ocrx_word' id='word_1_317' title='bbox 1947 2679 2003 2724; x_wconf 90' lang='lat' dir='ltr'><strong>et</strong></span> <span class='ocrx_word' id='word_1_318' title='bbox 2036 2669 2148 2723; x_wconf 87' lang='lat' dir='ltr'><strong>Deo</strong></span> 
     </span>
    </p>
   </div>
   <div class='ocr_carea' id='block_1_42' title="bbox 504 2759 998 2835">
    <p class='ocr_par' dir='ltr' id='par_1_42' title="bbox 504 2759 998 2835">
     <span class='ocr_line' id='line_1_42' title="bbox 504 2759 998 2835; baseline 0.008 -20"><span class='ocrx_word' id='word_1_319' title='bbox 504 2828 513 2835; x_wconf 28' lang='grc'><strong><em>1</em></strong></span> <span class='ocrx_word' id='word_1_320' title='bbox 560 2759 761 2829; x_wconf 78' lang='lat' dir='ltr'><strong>dilecta</strong></span> <span class='ocrx_word' id='word_1_321' title='bbox 782 2759 998 2825; x_wconf 78' lang='lat' dir='ltr'><strong>ﬁducia.</strong></span> 
     </span>
    </p>
   </div>
   <div class='ocr_carea' id='block_1_43' title="bbox 631 2851 2149 2924">
    <p class='ocr_par' dir='ltr' id='par_1_43' title="bbox 631 2851 2149 2924">
     <span class='ocr_line' id='line_1_43' title="bbox 631 2851 2149 2924; baseline -0.001 -16"><span class='ocrx_word' id='word_1_322' title='bbox 631 2852 686 2908; x_wconf 74' lang='grc'><strong>2.</strong></span> <span class='ocrx_word' id='word_1_323' title='bbox 722 2854 789 2908; x_wconf 81' lang='lat' dir='ltr'><strong>Et</strong></span> <span class='ocrx_word' id='word_1_324' title='bbox 815 2853 945 2909; x_wconf 92' lang='lat' dir='ltr'><strong>olim</strong></span> <span class='ocrx_word' id='word_1_325' title='bbox 997 2853 1266 2924; x_wconf 90' lang='lat' dir='ltr'><strong>siquidem</strong></span> <span class='ocrx_word' id='word_1_326' title='bbox 1312 2854 1510 2923; x_wconf 86' lang='lat' dir='ltr'><strong>saepius</strong></span> <span class='ocrx_word' id='word_1_327' title='bbox 1536 2854 1668 2923; x_wconf 88' lang='lat' dir='ltr'><strong>jam,</strong></span> <span class='ocrx_word' id='word_1_328' title='bbox 1712 2867 1776 2908; x_wconf 77' lang='lat' dir='ltr'><strong>ex</strong></span> <span class='ocrx_word' id='word_1_329' title='bbox 1818 2851 2149 2909; x_wconf 80' lang='lat' dir='ltr'><strong>Alexandria</strong></span> 
     </span>
    </p>
   </div>
   <div class='ocr_carea' id='block_1_44' title="bbox 559 2944 2151 3019">
    <p class='ocr_par' dir='ltr' id='par_1_44' title="bbox 559 2944 2151 3019">
     <span class='ocr_line' id='line_1_44' title="bbox 559 2944 2151 3019; baseline -0.003 -14"><span class='ocrx_word' id='word_1_330' title='bbox 559 2946 875 3019; x_wconf 67' lang='lat' dir='ltr'><strong>huiusmodi</strong></span> <span class='ocrx_word' id='word_1_331' title='bbox 924 2946 1195 3004; x_wconf 66' lang='lat' dir='ltr'><strong>haereticis</strong></span> <span class='ocrx_word' id='word_1_332' title='bbox 1234 2946 1454 3002; x_wconf 77' lang='lat' dir='ltr'><strong>aiaaniis</strong></span> <span class='ocrx_word' id='word_1_333' title='bbox 1493 2944 1899 3015; x_wconf 86' lang='lat' dir='ltr'><strong>insurgentibus</strong></span> <span class='ocrx_word' id='word_1_334' title='bbox 1939 2944 2151 3000; x_wconf 84' lang='lat' dir='ltr'><strong>sull‘ecit</strong></span> 
     </span>
    </p>
   </div>
   <div class='ocr_carea' id='block_1_45' title="bbox 561 3041 2149 3113">
    <p class='ocr_par' dir='ltr' id='par_1_45' title="bbox 561 3041 2149 3113">
     <span class='ocr_line' id='line_1_45' title="bbox 561 3041 2149 3113; baseline 0.001 -19"><span class='ocrx_word' id='word_1_335' title='bbox 561 3050 744 3099; x_wconf 89' lang='lat' dir='ltr'><strong>vestra</strong></span> <span class='ocrx_word' id='word_1_336' title='bbox 775 3042 1072 3113; x_wconf 91' lang='lat' dir='ltr'><strong>apostolica</strong></span> <span class='ocrx_word' id='word_1_337' title='bbox 1114 3041 1274 3099; x_wconf 85' lang='lat' dir='ltr'><strong>sedes</strong></span> <span class='ocrx_word' id='word_1_338' title='bbox 1299 3055 1397 3112; x_wconf 90' lang='lat' dir='ltr'><strong>per</strong></span> <span class='ocrx_word' id='word_1_339' title='bbox 1427 3043 1741 3097; x_wconf 87' lang='lat' dir='ltr'><strong>universum</strong></span> <span class='ocrx_word' id='word_1_340' title='bbox 1769 3053 1983 3111; x_wconf 89' lang='lat' dir='ltr'><strong>tempus</strong></span> <span class='ocrx_word' id='word_1_341' title='bbox 2020 3041 2149 3096; x_wconf 89' lang='lat' dir='ltr'><strong>illud</strong></span> 
     </span>
    </p>
   </div>
   <div class='ocr_carea' id='block_1_46' title="bbox 562 3131 2153 3206">
    <p class='ocr_par' dir='ltr' id='par_1_46' title="bbox 562 3131 2153 3206">
     <span class='ocr_line' id='line_1_46' title="bbox 562 3131 2153 3206; baseline -0.001 -17"><span class='ocrx_word' id='word_1_342' title='bbox 562 3131 635 3189; x_wconf 84' lang='lat' dir='ltr'><strong>ad</strong></span> <span class='ocrx_word' id='word_1_343' title='bbox 659 3132 997 3190; x_wconf 88' lang='lat' dir='ltr'><strong>mendacium</strong></span> <span class='ocrx_word' id='word_1_344' title='bbox 1025 3132 1481 3199; x_wconf 87' lang='lat' dir='ltr'><strong>convincendum,</strong></span> <span class='ocrx_word' id='word_1_345' title='bbox 1512 3134 1953 3204; x_wconf 86' lang='lat' dir='ltr'><strong>impietatemque</strong></span> <span class='ocrx_word' id='word_1_346' title='bbox 1983 3134 2153 3206; x_wconf 89' lang='lat' dir='ltr'><strong>repri-</strong></span> 
     </span>
    </p>
   </div>
   <div class='ocr_carea' id='block_1_47' title="bbox 2242 1918 3769 1995">
    <p class='ocr_par' dir='ltr' id='par_1_47' title="bbox 2242 1918 3769 1995">
     <span class='ocr_line' id='line_1_47' title="bbox 2242 1918 3769 1995; baseline 0.007 -21"><span class='ocrx_word' id='word_1_347' title='bbox 2242 1918 2471 1974; x_wconf 88' lang='lat' dir='ltr'><strong>sentiret</strong></span> <span class='ocrx_word' id='word_1_348' title='bbox 2521 1920 2778 1991; x_wconf 89' lang='lat' dir='ltr'><strong>capitulis</strong></span> <span class='ocrx_word' id='word_1_349' title='bbox 2825 1922 2963 1991; x_wconf 83' lang='lat' dir='ltr'><strong>ejus,</strong></span> <span class='ocrx_word' id='word_1_350' title='bbox 3010 1934 3174 1994; x_wconf 87' lang='lat' dir='ltr'><strong>atque</strong></span> <span class='ocrx_word' id='word_1_351' title='bbox 3220 1924 3583 1981; x_wconf 85' lang='lat' dir='ltr'><strong>subscriberet</strong></span> <span class='ocrx_word' id='word_1_352' title='bbox 3616 1941 3689 1995; x_wconf 89' lang='lat' dir='ltr'><strong>ea,</strong></span> <span class='ocrx_word' id='word_1_353' title='bbox 3728 1937 3769 1984; x_wconf 89' lang='lat' dir='ltr'><strong>et</strong></span> 
     </span>
    </p>
   </div>
   <div class='ocr_carea' id='block_1_48' title="bbox 2244 2012 3768 2087">
    <p class='ocr_par' dir='ltr' id='par_1_48' title="bbox 2244 2012 3768 2087">
     <span class='ocr_line' id='line_1_48' title="bbox 2244 2012 3768 2087; baseline 0.007 -22"><span class='ocrx_word' id='word_1_354' title='bbox 2244 2020 2588 2081; x_wconf 87' lang='lat' dir='ltr'><strong>permaneret</strong></span> <span class='ocrx_word' id='word_1_355' title='bbox 2632 2012 2956 2085; x_wconf 91' lang='lat' dir='ltr'><strong>episcopus,</strong></span> <span class='ocrx_word' id='word_1_356' title='bbox 3001 2023 3094 2070; x_wconf 86' lang='lat' dir='ltr'><strong>aut</strong></span> <span class='ocrx_word' id='word_1_357' title='bbox 3144 2023 3295 2073; x_wconf 87' lang='lat' dir='ltr'><strong>certe</strong></span> <span class='ocrx_word' id='word_1_358' title='bbox 3340 2016 3698 2087; x_wconf 85' lang='lat' dir='ltr'><strong>periclitaretur</strong></span> <span class='ocrx_word' id='word_1_359' title='bbox 3729 2021 3768 2076; x_wconf 89' lang='lat' dir='ltr'><strong>in</strong></span> 
     </span>
    </p>
   </div>
   <div class='ocr_carea' id='block_1_49' title="bbox 2244 2106 3765 2182">
    <p class='ocr_par' dir='ltr' id='par_1_49' title="bbox 2244 2106 3765 2182">
     <span class='ocr_line' id='line_1_49' title="bbox 2244 2106 3765 2182; baseline 0.009 -23"><span class='ocrx_word' id='word_1_360' title='bbox 2244 2106 2431 2177; x_wconf 85' lang='lat' dir='ltr'><strong>gradu,</strong></span> <span class='ocrx_word' id='word_1_361' title='bbox 2473 2118 2525 2162; x_wconf 87' lang='lat' dir='ltr'><strong>et</strong></span> <span class='ocrx_word' id='word_1_362' title='bbox 2571 2122 2599 2161; x_wconf 86' lang='lat' dir='ltr'><strong>a</strong></span> <span class='ocrx_word' id='word_1_363' title='bbox 2633 2120 2816 2163; x_wconf 83' lang='lat' dir='ltr'><strong>sancta</strong></span> <span class='ocrx_word' id='word_1_364' title='bbox 2862 2110 3102 2167; x_wconf 83' lang='lat' dir='ltr'><strong>Ecclesia</strong></span> <span class='ocrx_word' id='word_1_365' title='bbox 3145 2110 3459 2182; x_wconf 86' lang='lat' dir='ltr'><strong>pelleretur.</strong></span> <span class='ocrx_word' id='word_1_366' title='bbox 3492 2111 3576 2167; x_wconf 90' lang='lat' dir='ltr'><strong>llle</strong></span> <span class='ocrx_word' id='word_1_367' title='bbox 3607 2122 3765 2181; x_wconf 77' lang='lat' dir='ltr'><strong>autem,</strong></span> 
     </span>
    </p>
   </div>
   <div class='ocr_carea' id='block_1_50' title="bbox 2246 2199 3775 2275">
    <p class='ocr_par' dir='ltr' id='par_1_50' title="bbox 2246 2199 3775 2275">
     <span class='ocr_line' id='line_1_50' title="bbox 2246 2199 3775 2275; baseline 0.004 -22"><span class='ocrx_word' id='word_1_368' title='bbox 2246 2199 2608 2271; x_wconf 89' lang='lat' dir='ltr'><strong>propositioni</strong></span> <span class='ocrx_word' id='word_1_369' title='bbox 2647 2216 2876 2270; x_wconf 73' lang='lat' dir='ltr'><strong>nequam</strong></span> <span class='ocrx_word' id='word_1_370' title='bbox 2917 2200 3013 2256; x_wconf 87' lang='lat' dir='ltr'><strong>Dei</strong></span> <span class='ocrx_word' id='word_1_371' title='bbox 3056 2203 3250 2257; x_wconf 87' lang='lat' dir='ltr'><strong>timore</strong></span> <span class='ocrx_word' id='word_1_372' title='bbox 3290 2202 3525 2270; x_wconf 72' lang='lat' dir='ltr'><strong>praelato,</strong></span> <span class='ocrx_word' id='word_1_373' title='bbox 3553 2202 3681 2273; x_wconf 84' lang='lat' dir='ltr'><strong>eligit</strong></span> <span class='ocrx_word' id='word_1_374' title='bbox 3705 2219 3775 2275; x_wconf 90' lang='lat' dir='ltr'><strong>po-</strong></span> 
     </span>
    </p>
   </div>
   <div class='ocr_carea' id='block_1_51' title="bbox 2248 2292 3777 2366">
    <p class='ocr_par' dir='ltr' id='par_1_51' title="bbox 2248 2292 3777 2366">
     <span class='ocr_line' id='line_1_51' title="bbox 2248 2292 3777 2366; baseline 0.003 -18"><span class='ocrx_word' id='word_1_375' title='bbox 2248 2292 2354 2350; x_wconf 88' lang='lat' dir='ltr'><strong>tius</strong></span> <span class='ocrx_word' id='word_1_376' title='bbox 2379 2294 2562 2349; x_wconf 91' lang='lat' dir='ltr'><strong>multis</strong></span> <span class='ocrx_word' id='word_1_377' title='bbox 2596 2294 2834 2349; x_wconf 85' lang='lat' dir='ltr'><strong>millibus</strong></span> <span class='ocrx_word' id='word_1_378' title='bbox 2870 2295 3125 2366; x_wconf 87' lang='lat' dir='ltr'><strong>periculis</strong></span> <span class='ocrx_word' id='word_1_379' title='bbox 3158 2295 3260 2349; x_wconf 88' lang='lat' dir='ltr'><strong>sibi</strong></span> <span class='ocrx_word' id='word_1_380' title='bbox 3308 2294 3498 2364; x_wconf 90' lang='lat' dir='ltr'><strong>injuste</strong></span> <span class='ocrx_word' id='word_1_381' title='bbox 3538 2295 3777 2357; x_wconf 74' lang='lat' dir='ltr'><strong>inferendis</strong></span> 
     </span>
    </p>
   </div>
   <div class='ocr_carea' id='block_1_52' title="bbox 2248 2386 3779 2459">
    <p class='ocr_par' dir='ltr' id='par_1_52' title="bbox 2248 2386 3779 2459">
     <span class='ocr_line' id='line_1_52' title="bbox 2248 2386 3779 2459; baseline 0.003 -16"><span class='ocrx_word' id='word_1_382' title='bbox 2248 2387 2469 2444; x_wconf 89' lang='lat' dir='ltr'><strong>tradere</strong></span> <span class='ocrx_word' id='word_1_383' title='bbox 2518 2389 2890 2458; x_wconf 86' lang='lat' dir='ltr'><strong>semetipsum,</strong></span> <span class='ocrx_word' id='word_1_384' title='bbox 2920 2403 3080 2459; x_wconf 89' lang='lat' dir='ltr'><strong>quam</strong></span> <span class='ocrx_word' id='word_1_385' title='bbox 3121 2388 3265 2444; x_wconf 86' lang='lat' dir='ltr'><strong>dolis</strong></span> <span class='ocrx_word' id='word_1_386' title='bbox 3299 2386 3560 2445; x_wconf 72' lang='lat' dir='ltr'><strong>haereticis</strong></span> <span class='ocrx_word' id='word_1_387' title='bbox 3584 2389 3779 2459; x_wconf 68' lang='lat' dir='ltr'><strong>prmhere</strong></span> 
     </span>
    </p>
   </div>
   <div class='ocr_carea' id='block_1_53' title="bbox 2248 2480 3671 2544">
    <p class='ocr_par' dir='ltr' id='par_1_53' title="bbox 2248 2480 3671 2544">
     <span class='ocr_line' id='line_1_53' title="bbox 2248 2480 3671 2544; baseline 0 -9"><span class='ocrx_word' id='word_1_388' title='bbox 2248 2495 2599 2544; x_wconf 89' lang='lat' dir='ltr'><strong>consensum.</strong></span> <span class='ocrx_word' id='word_1_389' title='bbox 2634 2491 2689 2537; x_wconf 92' lang='lat' dir='ltr'><strong>et</strong></span> <span class='ocrx_word' id='word_1_390' title='bbox 2710 2480 3030 2535; x_wconf 82' lang='lat' dir='ltr'><strong>conﬁrmare</strong></span> <span class='ocrx_word' id='word_1_391' title='bbox 3059 2481 3220 2535; x_wconf 88' lang='lat' dir='ltr'><strong>totius</strong></span> <span class='ocrx_word' id='word_1_392' title='bbox 3248 2480 3403 2537; x_wconf 90' lang='lat' dir='ltr'><strong>orbis</strong></span> <span class='ocrx_word' id='word_1_393' title='bbox 3430 2495 3671 2537; x_wconf 87' lang='lat' dir='ltr'><strong>errorem.</strong></span> 
     </span>
    </p>
   </div>
   <div class='ocr_carea' id='block_1_54' title="bbox 2322 2571 3781 2642">
    <p class='ocr_par' dir='ltr' id='par_1_54' title="bbox 2322 2571 3781 2642">
     <span class='ocr_line' id='line_1_54' title="bbox 2322 2571 3781 2642; baseline 0.001 -15"><span class='ocrx_word' id='word_1_394' title='bbox 2322 2576 2375 2627; x_wconf 71' lang='grc'><strong>4.</strong></span> <span class='ocrx_word' id='word_1_395' title='bbox 2424 2571 2508 2627; x_wconf 83' lang='lat' dir='ltr'><strong>Ad</strong></span> <span class='ocrx_word' id='word_1_396' title='bbox 2556 2572 2672 2627; x_wconf 64' lang='lat' dir='ltr'><strong>haec</strong></span> <span class='ocrx_word' id='word_1_397' title='bbox 2715 2571 2956 2642; x_wconf 83' lang='lat' dir='ltr'><strong>synodus</strong></span> <span class='ocrx_word' id='word_1_398' title='bbox 2995 2574 3251 2627; x_wconf 86' lang='lat' dir='ltr'><strong>convenit</strong></span> <span class='ocrx_word' id='word_1_399' title='bbox 3303 2574 3355 2626; x_wconf 91' lang='lat' dir='ltr'><strong>in</strong></span> <span class='ocrx_word' id='word_1_400' title='bbox 3394 2572 3617 2640; x_wconf 87' lang='lat' dir='ltr'><strong>Epheso,</strong></span> <span class='ocrx_word' id='word_1_401' title='bbox 3656 2582 3703 2629; x_wconf 90' lang='lat' dir='ltr'><strong>et</strong></span> <span class='ocrx_word' id='word_1_402' title='bbox 3742 2573 3781 2629; x_wconf 89' lang='lat' dir='ltr'><strong>in</strong></span> 
     </span>
    </p>
   </div>
   <div class='ocr_carea' id='block_1_55' title="bbox 2251 2664 3781 2737">
    <p class='ocr_par' dir='ltr' id='par_1_55' title="bbox 2251 2664 3781 2737">
     <span class='ocr_line' id='line_1_55' title="bbox 2251 2664 3781 2737; baseline 0.003 -20"><span class='ocrx_word' id='word_1_403' title='bbox 2251 2665 2401 2719; x_wconf 88' lang='lat' dir='ltr'><strong>nullo</strong></span> <span class='ocrx_word' id='word_1_404' title='bbox 2421 2673 2729 2734; x_wconf 89' lang='lat' dir='ltr'><strong>correptus,</strong></span> <span class='ocrx_word' id='word_1_405' title='bbox 2774 2678 2947 2733; x_wconf 90' lang='lat' dir='ltr'><strong>neque</strong></span> <span class='ocrx_word' id='word_1_406' title='bbox 2976 2664 3242 2720; x_wconf 81' lang='lat' dir='ltr'><strong>rationem</strong></span> <span class='ocrx_word' id='word_1_407' title='bbox 3284 2664 3509 2721; x_wconf 82' lang='lat' dir='ltr'><strong>reddere</strong></span> <span class='ocrx_word' id='word_1_408' title='bbox 3538 2667 3781 2737; x_wconf 80' lang='lat' dir='ltr'><strong>expetitus,</strong></span> 
     </span>
    </p>
   </div>
   <div class='ocr_carea' id='block_1_56' title="bbox 2249 2755 3784 2828">
    <p class='ocr_par' dir='ltr' id='par_1_56' title="bbox 2249 2755 3784 2828">
     <span class='ocr_line' id='line_1_56' title="bbox 2249 2755 3784 2828; baseline 0.001 -16"><span class='ocrx_word' id='word_1_409' title='bbox 2249 2767 2538 2828; x_wconf 85' lang='lat' dir='ltr'><strong>antequam</strong></span> <span class='ocrx_word' id='word_1_410' title='bbox 2571 2757 2925 2813; x_wconf 84' lang='lat' dir='ltr'><strong>convenirent</strong></span> <span class='ocrx_word' id='word_1_411' title='bbox 2946 2757 3038 2827; x_wconf 91' lang='lat' dir='ltr'><strong>qui</strong></span> <span class='ocrx_word' id='word_1_412' title='bbox 3068 2755 3097 2795; x_wconf 67' lang='grc' dir='ltr'>δ</span> <span class='ocrx_word' id='word_1_413' title='bbox 3127 2759 3544 2815; x_wconf 82' lang='lat' dir='ltr'><strong>sustinebantur</strong></span> <span class='ocrx_word' id='word_1_414' title='bbox 3568 2760 3784 2828; x_wconf 77' lang='lat' dir='ltr'><strong>universi,</strong></span> 
     </span>
    </p>
   </div>
   <div class='ocr_carea' id='block_1_57' title="bbox 2251 2851 3787 2922">
    <p class='ocr_par' dir='ltr' id='par_1_57' title="bbox 2251 2851 3787 2922">
     <span class='ocr_line' id='line_1_57' title="bbox 2251 2851 3787 2922; baseline -0.001 -16"><span class='ocrx_word' id='word_1_415' title='bbox 2251 2860 2479 2906; x_wconf 85' lang='lat' dir='ltr'><strong>exactus</strong></span> <span class='ocrx_word' id='word_1_416' title='bbox 2509 2862 2591 2906; x_wconf 88' lang='lat' dir='ltr'><strong>est</strong></span> <span class='ocrx_word' id='word_1_417' title='bbox 2623 2851 2908 2919; x_wconf 90' lang='lat' dir='ltr'><strong>ultionem,</strong></span> <span class='ocrx_word' id='word_1_418' title='bbox 2937 2851 3065 2907; x_wconf 90' lang='lat' dir='ltr'><strong>dum</strong></span> <span class='ocrx_word' id='word_1_419' title='bbox 3091 2852 3311 2909; x_wconf 89' lang='lat' dir='ltr'><strong>illorum</strong></span> <span class='ocrx_word' id='word_1_420' title='bbox 3340 2854 3677 2922; x_wconf 82' lang='lat' dir='ltr'><strong>capitulorum</strong></span> <span class='ocrx_word' id='word_1_421' title='bbox 3700 2853 3787 2907; x_wconf 85' lang='lat' dir='ltr'><strong>bla-</strong></span> 
     </span>
    </p>
   </div>
   <div class='ocr_carea' id='block_1_58' title="bbox 2253 2946 3788 3018">
    <p class='ocr_par' dir='ltr' id='par_1_58' title="bbox 2253 2946 3788 3018">
     <span class='ocr_line' id='line_1_58' title="bbox 2253 2946 3788 3018; baseline -0.001 -15"><span class='ocrx_word' id='word_1_422' title='bbox 2253 2946 2517 3018; x_wconf 72' lang='lat' dir='ltr'><strong>sphemiae</strong></span> <span class='ocrx_word' id='word_1_423' title='bbox 2552 2946 2879 3014; x_wconf 82' lang='lat' dir='ltr'><strong>obviaverit,</strong></span> <span class='ocrx_word' id='word_1_424' title='bbox 2910 2956 2966 3003; x_wconf 91' lang='lat' dir='ltr'><strong>et</strong></span> <span class='ocrx_word' id='word_1_425' title='bbox 2994 2948 3143 3003; x_wconf 88' lang='lat' dir='ltr'><strong>omni</strong></span> <span class='ocrx_word' id='word_1_426' title='bbox 3175 2947 3501 3004; x_wconf 88' lang='lat' dir='ltr'><strong>credulitate</strong></span> <span class='ocrx_word' id='word_1_427' title='bbox 3526 2947 3570 3002; x_wconf 91' lang='lat' dir='ltr'><strong>ei</strong></span> <span class='ocrx_word' id='word_1_428' title='bbox 3600 2964 3701 3017; x_wconf 77' lang='lat' dir='ltr'><strong>qua:</strong></span> <span class='ocrx_word' id='word_1_429' title='bbox 3722 2947 3788 3002; x_wconf 89' lang='lat' dir='ltr'><strong>di-</strong></span> 
     </span>
    </p>
   </div>
   <div class='ocr_carea' id='block_1_59' title="bbox 2252 3039 3787 3112">
    <p class='ocr_par' dir='ltr' id='par_1_59' title="bbox 2252 3039 3787 3112">
     <span class='ocr_line' id='line_1_59' title="bbox 2252 3039 3787 3112; baseline -0.001 -17"><span class='ocrx_word' id='word_1_430' title='bbox 2252 3042 2395 3095; x_wconf 89' lang='lat' dir='ltr'><strong>citur</strong></span> <span class='ocrx_word' id='word_1_431' title='bbox 2437 3039 2772 3095; x_wconf 89' lang='lat' dir='ltr'><strong>damnationi</strong></span> <span class='ocrx_word' id='word_1_432' title='bbox 2821 3048 2874 3095; x_wconf 90' lang='lat' dir='ltr'><strong>et</strong></span> <span class='ocrx_word' id='word_1_433' title='bbox 2922 3040 3043 3095; x_wconf 89' lang='lat' dir='ltr'><strong>aliis</strong></span> <span class='ocrx_word' id='word_1_434' title='bbox 3089 3039 3369 3112; x_wconf 89' lang='lat' dir='ltr'><strong>aliquibus</strong></span> <span class='ocrx_word' id='word_1_435' title='bbox 3415 3040 3672 3111; x_wconf 86' lang='lat' dir='ltr'><strong>subjectus</strong></span> <span class='ocrx_word' id='word_1_436' title='bbox 3709 3050 3787 3107; x_wconf 86' lang='lat' dir='ltr'><strong>est,</strong></span> 
     </span>
    </p>
   </div>
   <div class='ocr_carea' id='block_1_60' title="bbox 2253 3132 3791 3205">
    <p class='ocr_par' dir='ltr' id='par_1_60' title="bbox 2253 3132 3791 3205">
     <span class='ocr_line' id='line_1_60' title="bbox 2253 3132 3791 3205; baseline -0.002 -17"><span class='ocrx_word' id='word_1_437' title='bbox 2253 3132 2380 3189; x_wconf 91' lang='lat' dir='ltr'><strong>dum</strong></span> <span class='ocrx_word' id='word_1_438' title='bbox 2409 3142 2563 3189; x_wconf 91' lang='lat' dir='ltr'><strong>certe</strong></span> <span class='ocrx_word' id='word_1_439' title='bbox 2584 3133 2823 3205; x_wconf 83' lang='lat' dir='ltr'><strong>Cyrillus</strong></span> <span class='ocrx_word' id='word_1_440' title='bbox 2844 3135 3225 3189; x_wconf 80' lang='lat' dir='ltr'><strong>auctoritatem</strong></span> <span class='ocrx_word' id='word_1_441' title='bbox 3243 3133 3450 3205; x_wconf 89' lang='lat' dir='ltr'><strong>judicis</strong></span> <span class='ocrx_word' id='word_1_442' title='bbox 3468 3149 3568 3189; x_wconf 92' lang='lat' dir='ltr'><strong>non</strong></span> <span class='ocrx_word' id='word_1_443' title='bbox 3590 3133 3791 3197; x_wconf 72' lang='lat' dir='ltr'><strong>habetat,</strong></span> 
     </span>
    </p>
   </div>
   <div class='ocr_carea' id='block_1_61' title="bbox 562 3208 3796 3299">
    <p class='ocr_par' dir='ltr' id='par_1_61' title="bbox 562 3208 3796 3299">
     <span class='ocr_line' id='line_1_61' title="bbox 562 3208 3796 3299; baseline -0 -20"><span class='ocrx_word' id='word_1_444' title='bbox 562 3223 840 3293; x_wconf 89' lang='lat' dir='ltr'><strong>mendam,</strong></span> <span class='ocrx_word' id='word_1_445' title='bbox 889 3234 944 3281; x_wconf 92' lang='lat' dir='ltr'><strong>et</strong></span> <span class='ocrx_word' id='word_1_446' title='bbox 970 3226 1288 3299; x_wconf 89' lang='lat' dir='ltr'><strong>corrigenda</strong></span> <span class='ocrx_word' id='word_1_447' title='bbox 1327 3242 1446 3297; x_wconf 72' lang='lat' dir='ltr'><strong>quae</strong></span> <span class='ocrx_word' id='word_1_448' title='bbox 1474 3229 1841 3283; x_wconf 86' lang='lat' dir='ltr'><strong>necessarium</strong></span> <span class='ocrx_word' id='word_1_449' title='bbox 1877 3227 1999 3296; x_wconf 76' lang='lat' dir='ltr'><strong>fuit,</strong></span> <span class='ocrx_word' id='word_1_450' title='bbox 2029 3244 2151 3284; x_wconf 89' lang='lat' dir='ltr'><strong>mu-</strong></span> <span class='ocrx_word' id='word_1_451' title='bbox 2182 3208 2229 3274; x_wconf 73' lang='grc' dir='ltr'><strong>Ο</strong></span> <span class='ocrx_word' id='word_1_452' title='bbox 2258 3227 2354 3283; x_wconf 88' lang='lat' dir='ltr'><strong>aed</strong></span> <span class='ocrx_word' id='word_1_453' title='bbox 2382 3226 2502 3294; x_wconf 89' lang='lat' dir='ltr'><strong>ejus</strong></span> <span class='ocrx_word' id='word_1_454' title='bbox 2544 3226 2635 3295; x_wconf 90' lang='lat' dir='ltr'><strong>qui</strong></span> <span class='ocrx_word' id='word_1_455' title='bbox 2659 3225 2985 3296; x_wconf 75' lang='lat' dir='ltr'><strong>iudicandus</strong></span> <span class='ocrx_word' id='word_1_456' title='bbox 3012 3236 3096 3282; x_wconf 91' lang='lat' dir='ltr'><strong>est</strong></span> <span class='ocrx_word' id='word_1_457' title='bbox 3129 3226 3409 3297; x_wconf 90' lang='lat' dir='ltr'><strong>ordinem,</strong></span> <span class='ocrx_word' id='word_1_458' title='bbox 3455 3242 3520 3281; x_wconf 88' lang='lat' dir='ltr'><strong>eo</strong></span> <span class='ocrx_word' id='word_1_459' title='bbox 3544 3224 3671 3297; x_wconf 91' lang='lat' dir='ltr'><strong>quod</strong></span> <span class='ocrx_word' id='word_1_460' title='bbox 3696 3239 3796 3279; x_wconf 79' lang='lat' dir='ltr'><strong>con-</strong></span> 
     </span>
    </p>
   </div>
   <div class='ocr_carea' id='block_1_62' title="bbox 561 3315 2151 3391">
    <p class='ocr_par' dir='ltr' id='par_1_62' title="bbox 561 3315 2151 3391">
     <span class='ocr_line' id='line_1_62' title="bbox 561 3315 2151 3391; baseline 0.002 -19"><span class='ocrx_word' id='word_1_461' title='bbox 561 3315 935 3390; x_wconf 88' lang='lat' dir='ltr'><strong>niendumque</strong></span> <span class='ocrx_word' id='word_1_462' title='bbox 976 3319 1162 3377; x_wconf 90' lang='lat' dir='ltr'><strong>orbem</strong></span> <span class='ocrx_word' id='word_1_463' title='bbox 1210 3331 1480 3376; x_wconf 87' lang='lat' dir='ltr'><strong>terrarum</strong></span> <span class='ocrx_word' id='word_1_464' title='bbox 1529 3319 1596 3376; x_wconf 90' lang='lat' dir='ltr'><strong>ad</strong></span> <span class='ocrx_word' id='word_1_465' title='bbox 1639 3321 1868 3391; x_wconf 89' lang='lat' dir='ltr'><strong>gloriam</strong></span> <span class='ocrx_word' id='word_1_466' title='bbox 1927 3320 2151 3385; x_wconf 87' lang='lat' dir='ltr'><strong>Christi,</strong></span> 
     </span>
    </p>
   </div>
   <div class='ocr_carea' id='block_1_63' title="bbox 562 3410 2155 3487">
    <p class='ocr_par' dir='ltr' id='par_1_63' title="bbox 562 3410 2155 3487">
     <span class='ocr_line' id='line_1_63' title="bbox 562 3410 2155 3487; baseline 0.003 -23"><span class='ocrx_word' id='word_1_467' title='bbox 562 3417 676 3464; x_wconf 86' lang='lat' dir='ltr'><strong>tam</strong></span> <span class='ocrx_word' id='word_1_468' title='bbox 709 3410 810 3467; x_wconf 89' lang='lat' dir='ltr'><strong>sub</strong></span> <span class='ocrx_word' id='word_1_469' title='bbox 844 3410 936 3471; x_wconf 91' lang='lat' dir='ltr'><strong>illo</strong></span> <span class='ocrx_word' id='word_1_470' title='bbox 967 3420 1050 3468; x_wconf 91' lang='lat' dir='ltr'><strong>ter</strong></span> <span class='ocrx_word' id='word_1_471' title='bbox 1072 3412 1233 3469; x_wconf 87' lang='lat' dir='ltr'><strong>beato</strong></span> <span class='ocrx_word' id='word_1_472' title='bbox 1263 3419 1322 3470; x_wconf 91' lang='lat' dir='ltr'><strong>et</strong></span> <span class='ocrx_word' id='word_1_473' title='bbox 1349 3412 1495 3469; x_wconf 89' lang='lat' dir='ltr'><strong>inter</strong></span> <span class='ocrx_word' id='word_1_474' title='bbox 1519 3423 1740 3471; x_wconf 87' lang='lat' dir='ltr'><strong>sanctos</strong></span> <span class='ocrx_word' id='word_1_475' title='bbox 1767 3414 2012 3471; x_wconf 88' lang='lat' dir='ltr'><strong>habendo</strong></span> <span class='ocrx_word' id='word_1_476' title='bbox 2039 3416 2155 3487; x_wconf 87' lang='lat' dir='ltr'><strong>epi-</strong></span> 
     </span>
    </p>
   </div>
   <div class='ocr_carea' id='block_1_64' title="bbox 564 3502 2154 3577">
    <p class='ocr_par' dir='ltr' id='par_1_64' title="bbox 564 3502 2154 3577">
     <span class='ocr_line' id='line_1_64' title="bbox 564 3502 2154 3577; baseline 0.003 -21"><span class='ocrx_word' id='word_1_477' title='bbox 564 3502 781 3572; x_wconf 67' lang='lat' dir='ltr'><strong>scopo‘</strong></span> <span class='ocrx_word' id='word_1_478' title='bbox 819 3503 1081 3573; x_wconf 87' lang='lat' dir='ltr'><strong>Damaso,</strong></span> <span class='ocrx_word' id='word_1_479' title='bbox 1112 3519 1272 3574; x_wconf 88' lang='lat' dir='ltr'><strong>quam</strong></span> <span class='ocrx_word' id='word_1_480' title='bbox 1319 3505 1422 3560; x_wconf 85' lang='lat' dir='ltr'><strong>sub</strong></span> <span class='ocrx_word' id='word_1_481' title='bbox 1463 3503 1705 3574; x_wconf 90' lang='lat' dir='ltr'><strong>pluribus</strong></span> <span class='ocrx_word' id='word_1_482' title='bbox 1752 3505 1873 3560; x_wconf 89' lang='lat' dir='ltr'><strong>aliis</strong></span> <span class='ocrx_word' id='word_1_483' title='bbox 1906 3505 2154 3577; x_wconf 88' lang='lat' dir='ltr'><strong>gloriosis</strong></span> 
     </span>
    </p>
   </div>
   <div class='ocr_carea' id='block_1_65' title="bbox 566 3594 2155 3669">
    <p class='ocr_par' dir='ltr' id='par_1_65' title="bbox 566 3594 2155 3669">
     <span class='ocr_line' id='line_1_65' title="bbox 566 3594 2155 3669; baseline 0.005 -22"><span class='ocrx_word' id='word_1_484' title='bbox 566 3604 732 3665; x_wconf 88' lang='lat' dir='ltr'><strong>atque</strong></span> <span class='ocrx_word' id='word_1_485' title='bbox 757 3594 1187 3654; x_wconf 87' lang='lat' dir='ltr'><strong>admirabilibus.</strong></span> <span class='ocrx_word' id='word_1_486' title='bbox 1232 3597 1397 3669; x_wconf 88' lang='lat' dir='ltr'><strong>Cujus</strong></span> <span class='ocrx_word' id='word_1_487' title='bbox 1434 3599 1511 3654; x_wconf 91' lang='lat' dir='ltr'><strong>rei</strong></span> <span class='ocrx_word' id='word_1_488' title='bbox 1541 3599 1717 3669; x_wconf 88' lang='lat' dir='ltr'><strong>gratia</strong></span> <span class='ocrx_word' id='word_1_489' title='bbox 1746 3606 1804 3654; x_wconf 91' lang='lat' dir='ltr'><strong>et</strong></span> <span class='ocrx_word' id='word_1_490' title='bbox 1828 3614 1927 3655; x_wconf 90' lang='lat' dir='ltr'><strong>nos</strong></span> <span class='ocrx_word' id='word_1_491' title='bbox 1954 3616 2155 3669; x_wconf 83' lang='lat' dir='ltr'><strong>praesu-</strong></span> 
     </span>
    </p>
   </div>
   <div class='ocr_carea' id='block_1_66' title="bbox 566 3686 2157 3761">
    <p class='ocr_par' dir='ltr' id='par_1_66' title="bbox 566 3686 2157 3761">
     <span class='ocr_line' id='line_1_66' title="bbox 566 3686 2157 3761; baseline 0.005 -20"><span class='ocrx_word' id='word_1_492' title='bbox 566 3686 770 3743; x_wconf 89' lang='lat' dir='ltr'><strong>mimus</strong></span> <span class='ocrx_word' id='word_1_493' title='bbox 814 3688 912 3745; x_wconf 89' lang='lat' dir='ltr'><strong>bas</strong></span> <span class='ocrx_word' id='word_1_494' title='bbox 940 3688 1361 3760; x_wconf 87' lang='lat' dir='ltr'><strong>supplicationes</strong></span> <span class='ocrx_word' id='word_1_495' title='bbox 1386 3688 1584 3747; x_wconf 72' lang='lat' dir='ltr'><strong>offerre</strong></span> <span class='ocrx_word' id='word_1_496' title='bbox 1614 3707 1628 3746; x_wconf 89' lang='lat'><strong>:</strong></span> <span class='ocrx_word' id='word_1_497' title='bbox 1665 3698 1724 3745; x_wconf 91' lang='lat' dir='ltr'><strong>ut</strong></span> <span class='ocrx_word' id='word_1_498' title='bbox 1753 3691 2026 3761; x_wconf 86' lang='lat' dir='ltr'><strong>adjuvetis</strong></span> <span class='ocrx_word' id='word_1_499' title='bbox 2067 3708 2157 3749; x_wconf 84' lang='lat' dir='ltr'><strong>or-</strong></span> 
     </span>
    </p>
   </div>
   <div class='ocr_carea' id='block_1_67' title="bbox 569 3848 2151 3924">
    <p class='ocr_par' dir='ltr' id='par_1_67' title="bbox 569 3848 2151 3924">
     <span class='ocr_line' id='line_1_67' title="bbox 569 3848 2151 3924; baseline 0.001 -17"><span class='ocrx_word' id='word_1_500' title='bbox 569 3848 726 3923; x_wconf 78' lang='lat' dir='ltr'><strong>iussu</strong></span> <span class='ocrx_word' id='word_1_501' title='bbox 760 3852 1072 3924; x_wconf 89' lang='lat' dir='ltr'><strong>pelleretur.</strong></span> <span class='ocrx_word' id='word_1_502' title='bbox 1100 3851 1197 3908; x_wconf 79' lang='lat' dir='ltr'><strong>llic</strong></span> <span class='ocrx_word' id='word_1_503' title='bbox 1233 3850 1410 3909; x_wconf 87' lang='lat' dir='ltr'><strong>obiter</strong></span> <span class='ocrx_word' id='word_1_504' title='bbox 1437 3852 1701 3924; x_wconf 88' lang='lat' dir='ltr'><strong>notandus</strong></span> <span class='ocrx_word' id='word_1_505' title='bbox 1726 3851 2002 3924; x_wconf 12' lang='lat' dir='ltr'><strong>rltcclesite</strong></span> <span class='ocrx_word' id='word_1_506' title='bbox 2032 3867 2151 3908; x_wconf 90' lang='lat' dir='ltr'><strong>mos</strong></span> 
     </span>
    </p>
   </div>
   <div class='ocr_carea' id='block_1_68' title="bbox 570 3923 2149 4008">
    <p class='ocr_par' dir='ltr' id='par_1_68' title="bbox 570 3923 2149 4008">
     <span class='ocr_line' id='line_1_68' title="bbox 570 3923 2149 4008; baseline -0.001 -29"><span class='ocrx_word' id='word_1_507' title='bbox 570 3923 845 4008; x_wconf 74' lang='lat' dir='ltr'><strong>antiquus,</strong></span> <span class='ocrx_word' id='word_1_508' title='bbox 875 3940 983 3995; x_wconf 91' lang='lat' dir='ltr'><strong>quo</strong></span> <span class='ocrx_word' id='word_1_509' title='bbox 1011 3938 1202 4008; x_wconf 76' lang='lat' dir='ltr'><strong>recens</strong></span> <span class='ocrx_word' id='word_1_510' title='bbox 1231 3924 1469 4008; x_wconf 74' lang='lat' dir='ltr'><strong>instituti</strong></span> <span class='ocrx_word' id='word_1_511' title='bbox 1497 3923 1736 4006; x_wconf 77' lang='lat' dir='ltr'><strong>episcopi</strong></span> <span class='ocrx_word' id='word_1_512' title='bbox 1769 3937 1989 4008; x_wconf 69' lang='lat' dir='ltr'><strong>nomen,</strong></span> <span class='ocrx_word' id='word_1_513' title='bbox 2020 3939 2149 4008; x_wconf 43' lang='lat' dir='ltr'><strong>syri.-</strong></span> 
     </span>
    </p>
   </div>
   <div class='ocr_carea' id='block_1_69' title="bbox 568 3993 2152 4066">
    <p class='ocr_par' dir='ltr' id='par_1_69' title="bbox 568 3993 2152 4066">
     <span class='ocr_line' id='line_1_69' title="bbox 568 3993 2152 4066; baseline -0.001 -14"><span class='ocrx_word' id='word_1_514' title='bbox 568 3993 753 4053; x_wconf 83' lang='lat' dir='ltr'><strong>odieis‘</strong></span> <span class='ocrx_word' id='word_1_515' title='bbox 770 3993 1199 4066; x_wconf 33' lang='lat' dir='ltr'><strong>ejus‘susceptis,</strong></span> <span class='ocrx_word' id='word_1_516' title='bbox 1229 3994 1285 4050; x_wconf 90' lang='lat' dir='ltr'><strong>in</strong></span> <span class='ocrx_word' id='word_1_517' title='bbox 1310 3993 1729 4066; x_wconf 73' lang='lat' dir='ltr'><strong>communionis</strong></span> <span class='ocrx_word' id='word_1_518' title='bbox 1775 3993 2152 4050; x_wconf 70' lang='lat' dir='ltr'><strong>indicinm&#39;di-</strong></span> 
     </span>
    </p>
   </div>
   <div class='ocr_carea' id='block_1_70' title="bbox 572 4065 2151 4151">
    <p class='ocr_par' dir='ltr' id='par_1_70' title="bbox 572 4065 2151 4151">
     <span class='ocr_line' id='line_1_70' title="bbox 572 4065 2151 4151; baseline 0 -30"><span class='ocrx_word' id='word_1_519' title='bbox 572 4065 789 4151; x_wconf 58' lang='lat' dir='ltr'><strong>ptgchis</strong></span> <span class='ocrx_word' id='word_1_520' title='bbox 810 4066 1044 4151; x_wconf 63' lang='lat' dir='ltr'><strong>inscribi</strong></span> <span class='ocrx_word' id='word_1_521' title='bbox 1064 4065 1289 4151; x_wconf 76' lang='lat' dir='ltr'><strong>st_tleb_at.</strong></span> <span class='ocrx_word' id='word_1_522' title='bbox 1305 4065 1419 4151; x_wconf 74' lang='lat' dir='ltr'><strong>Hoc</strong></span> <span class='ocrx_word' id='word_1_523' title='bbox 1449 4065 1919 4151; x_wconf 44' lang='lat' dir='ltr'><strong>pactohBassiaqu:</strong></span> <span class='ocrx_word' id='word_1_524' title='bbox 1952 4066 2151 4151; x_wconf 54' lang='lat' dir='ltr'><strong>Ephesi</strong></span> 
     </span>
    </p>
   </div>
   <div class='ocr_carea' id='block_1_71' title="bbox 574 4135 2150 4207">
    <p class='ocr_par' dir='ltr' id='par_1_71' title="bbox 574 4135 2150 4207">
     <span class='ocr_line' id='line_1_71' title="bbox 574 4135 2150 4207; baseline -0.001 -12"><span class='ocrx_word' id='word_1_525' title='bbox 574 4135 863 4207; x_wconf 76' lang='lat' dir='ltr'><strong>episcopus</strong></span> <span class='ocrx_word' id='word_1_526' title='bbox 901 4139 955 4192; x_wconf 90' lang='lat' dir='ltr'><strong>in</strong></span> <span class='ocrx_word' id='word_1_527' title='bbox 984 4135 1413 4194; x_wconf 82' lang='lat' dir='ltr'><strong>Cbalcedonensi</strong></span> <span class='ocrx_word' id='word_1_528' title='bbox 1444 4137 1672 4207; x_wconf 91' lang='lat' dir='ltr'><strong>concilio</strong></span> <span class='ocrx_word' id='word_1_529' title='bbox 1700 4146 1805 4191; x_wconf 86' lang='lat' dir='ltr'><strong>act.</strong></span> <span class='ocrx_word' id='word_1_530' title='bbox 1842 4135 1903 4191; x_wconf 78' lang='lat' dir='ltr'><strong>ll</strong></span> <span class='ocrx_word' id='word_1_531' title='bbox 1938 4152 1991 4206; x_wconf 90' lang='lat' dir='ltr'><strong>p.</strong></span> <span class='ocrx_word' id='word_1_532' title='bbox 2023 4137 2150 4201; x_wconf 79' lang='lat'><strong>695,</strong></span> 
     </span>
    </p>
   </div>
   <div class='ocr_carea' id='block_1_72' title="bbox 558 4206 2155 4277">
    <p class='ocr_par' dir='ltr' id='par_1_72' title="bbox 558 4206 2155 4277">
     <span class='ocr_line' id='line_1_72' title="bbox 558 4206 2155 4277; baseline -0.001 -12"><span class='ocrx_word' id='word_1_533' title='bbox 558 4222 700 4265; x_wconf 57' lang='lat' dir='ltr'><strong>JItum</strong></span> <span class='ocrx_word' id='word_1_534' title='bbox 720 4208 914 4265; x_wconf 89' lang='lat' dir='ltr'><strong>Proclo</strong></span> <span class='ocrx_word' id='word_1_535' title='bbox 935 4209 1364 4273; x_wconf 71' lang='lat' dir='ltr'><strong>compunicasse</strong></span> <span class='ocrx_word' id='word_1_536' title='bbox 1383 4221 1445 4264; x_wconf 89' lang='lat' dir='ltr'><strong>se</strong></span> <span class='ocrx_word' id='word_1_537' title='bbox 1470 4206 1807 4277; x_wconf 77' lang='lat' dir='ltr'><strong>approbavit,</strong></span> <span class='ocrx_word' id='word_1_538' title='bbox 1826 4208 2155 4264; x_wconf 83' lang='lat' dir='ltr'><strong>testantibus</strong></span> 
     </span>
    </p>
   </div>
   <div class='ocr_carea' id='block_1_73' title="bbox 576 4277 2159 4350">
    <p class='ocr_par' dir='ltr' id='par_1_73' title="bbox 576 4277 2159 4350">
     <span class='ocr_line' id='line_1_73' title="bbox 576 4277 2159 4350; baseline -0.003 -13"><span class='ocrx_word' id='word_1_539' title='bbox 576 4277 839 4337; x_wconf 63' lang='lat' dir='ltr'><strong>Ecclesiae</strong></span> <span class='ocrx_word' id='word_1_540' title='bbox 867 4279 972 4336; x_wconf 67' lang='grc' dir='ltr'><strong>(ΞΡ.</strong></span> <span class='ocrx_word' id='word_1_541' title='bbox 996 4279 1213 4336; x_wconf 82' lang='lat' dir='ltr'><strong>clericis</strong></span> <span class='ocrx_word' id='word_1_542' title='bbox 1234 4323 1249 4348; x_wconf 94' lang='lat'><strong>,</strong></span> <span class='ocrx_word' id='word_1_543' title='bbox 1278 4279 1420 4349; x_wconf 91' lang='lat' dir='ltr'><strong>quod</strong></span> <span class='ocrx_word' id='word_1_544' title='bbox 1460 4293 1636 4350; x_wconf 69' lang='lat' dir='ltr'><strong>resera</strong></span> <span class='ocrx_word' id='word_1_545' title='bbox 1677 4280 1899 4350; x_wconf 77' lang='lat' dir='ltr'><strong>suscepit</strong></span> <span class='ocrx_word' id='word_1_546' title='bbox 1944 4296 2081 4346; x_wconf 83' lang='lat' dir='ltr'><strong>eum,</strong></span> <span class='ocrx_word' id='word_1_547' title='bbox 2110 4290 2159 4335; x_wconf 84' lang='lat' dir='ltr'><strong>et</strong></span> 
     </span>
    </p>
   </div>
   <div class='ocr_carea' id='block_1_74' title="bbox 578 4349 2156 4423">
    <p class='ocr_par' dir='ltr' id='par_1_74' title="bbox 578 4349 2156 4423">
     <span class='ocr_line' id='line_1_74' title="bbox 578 4349 2156 4423; baseline 0 -18"><span class='ocrx_word' id='word_1_548' title='bbox 578 4351 973 4423; x_wconf 57' lang='lat' dir='ltr'><strong>mutuniati:</strong></span> <span class='ocrx_word' id='word_1_549' title='bbox 997 4352 1044 4405; x_wconf 89' lang='lat' dir='ltr'><strong>ei</strong></span> <span class='ocrx_word' id='word_1_550' title='bbox 1067 4351 1228 4423; x_wconf 73' lang='lat' dir='ltr'><strong>beatte</strong></span> <span class='ocrx_word' id='word_1_551' title='bbox 1255 4349 1516 4423; x_wconf 73' lang='lat' dir='ltr'><strong>memoria</strong></span> <span class='ocrx_word' id='word_1_552' title='bbox 1546 4349 1784 4423; x_wconf 70' lang='lat' dir='ltr'><strong>Procles,</strong></span> <span class='ocrx_word' id='word_1_553' title='bbox 1810 4349 1857 4401; x_wconf 65' lang='lat' dir='ltr'><strong>tt</strong></span> <span class='ocrx_word' id='word_1_554' title='bbox 1888 4352 2005 4419; x_wconf 68' lang='lat' dir='ltr'><strong>fecit</strong></span> <span class='ocrx_word' id='word_1_555' title='bbox 2031 4367 2156 4423; x_wconf 71' lang='lat' dir='ltr'><strong>syn-</strong></span> 
     </span>
    </p>
   </div>
   <div class='ocr_carea' id='block_1_75' title="bbox 578 4410 1799 4493">
    <p class='ocr_par' dir='ltr' id='par_1_75' title="bbox 578 4410 1799 4493">
     <span class='ocr_line' id='line_1_75' title="bbox 578 4410 1799 4493; baseline -0.002 -16"><span class='ocrx_word' id='word_1_556' title='bbox 578 4410 757 4477; x_wconf 68' lang='grc' dir='ltr'><strong>ὼὸιαε</strong></span> <span class='ocrx_word' id='word_1_557' title='bbox 785 4423 1005 4489; x_wconf 76' lang='lat' dir='ltr'><strong>litteras,</strong></span> <span class='ocrx_word' id='word_1_558' title='bbox 1029 4431 1077 4493; x_wconf 81' lang='lat' dir='ltr'><strong>et</strong></span> <span class='ocrx_word' id='word_1_559' title='bbox 1105 4427 1161 4476; x_wconf 80' lang='lat' dir='ltr'><strong>in</strong></span> <span class='ocrx_word' id='word_1_560' title='bbox 1189 4420 1585 4493; x_wconf 70' lang='lat' dir='ltr'><strong>dgpticltiseum</strong></span> <span class='ocrx_word' id='word_1_561' title='bbox 1607 4410 1799 4493; x_wconf 71' lang='lat' dir='ltr'><strong>posuit.</strong></span> 
     </span>
    </p>
   </div>
   <div class='ocr_carea' id='block_1_76' title="bbox 654 4490 2159 4559">
    <p class='ocr_par' dir='ltr' id='par_1_76' title="bbox 654 4490 2159 4559">
     <span class='ocr_line' id='line_1_76' title="bbox 654 4490 2159 4559; baseline 0.001 -11"><span class='ocrx_word' id='word_1_562' title='bbox 654 4501 683 4530; x_wconf 76' lang='grc'><strong>⁸</strong></span> <span class='ocrx_word' id='word_1_563' title='bbox 717 4494 829 4548; x_wconf 79' lang='lat' dir='ltr'><strong>Hoc</strong></span> <span class='ocrx_word' id='word_1_564' title='bbox 852 4503 953 4557; x_wconf 85' lang='lat' dir='ltr'><strong>est,</strong></span> <span class='ocrx_word' id='word_1_565' title='bbox 977 4492 1043 4547; x_wconf 88' lang='lat' dir='ltr'><strong>ad</strong></span> <span class='ocrx_word' id='word_1_566' title='bbox 1068 4508 1162 4548; x_wconf 84' lang='lat' dir='ltr'><strong>eos</strong></span> <span class='ocrx_word' id='word_1_567' title='bbox 1185 4490 1541 4547; x_wconf 68' lang='lat' dir='ltr'><strong>revincendos</strong></span> <span class='ocrx_word' id='word_1_568' title='bbox 1557 4506 1644 4559; x_wconf 88' lang='lat' dir='ltr'><strong>qut</strong></span> <span class='ocrx_word' id='word_1_569' title='bbox 1675 4490 1982 4547; x_wconf 86' lang='lat' dir='ltr'><strong>hominibus</strong></span> <span class='ocrx_word' id='word_1_570' title='bbox 2003 4493 2159 4550; x_wconf 75' lang='lat' dir='ltr'><strong>bona:</strong></span> 
     </span>
    </p>
   </div>
   <div class='ocr_carea' id='block_1_77' title="bbox 584 4564 1267 4620">
    <p class='ocr_par' dir='ltr' id='par_1_77' title="bbox 584 4564 1267 4620">
     <span class='ocr_line' id='line_1_77' title="bbox 584 4564 1267 4620; baseline -0.006 -1"><span class='ocrx_word' id='word_1_571' title='bbox 584 4564 877 4620; x_wconf 87' lang='lat' dir='ltr'><strong>voluntatis</strong></span> <span class='ocrx_word' id='word_1_572' title='bbox 901 4564 1267 4618; x_wconf 81' lang='lat' dir='ltr'><strong>adversantur.</strong></span> 
     </span>
    </p>
   </div>
   <div class='ocr_carea' id='block_1_78' title="bbox 656 4630 2159 4706">
    <p class='ocr_par' dir='ltr' id='par_1_78' title="bbox 656 4630 2159 4706">
     <span class='ocr_line' id='line_1_78' title="bbox 656 4630 2159 4706; baseline -0.001 -15"><span class='ocrx_word' id='word_1_573' title='bbox 656 4633 684 4675; x_wconf 70' lang='grc' dir='ltr'><strong>ι»</strong></span> <span class='ocrx_word' id='word_1_574' title='bbox 714 4634 897 4705; x_wconf 88' lang='lat' dir='ltr'><strong>Lupus</strong></span> <span class='ocrx_word' id='word_1_575' title='bbox 923 4649 1098 4688; x_wconf 69' lang='lat' dir='ltr'><strong>amore</strong></span> <span class='ocrx_word' id='word_1_576' title='bbox 1120 4634 1171 4686; x_wconf 94' lang='lat' dir='ltr'><strong>in</strong></span> <span class='ocrx_word' id='word_1_577' title='bbox 1202 4630 1498 4706; x_wconf 81' lang='lat' dir='ltr'><strong>archetypo</strong></span> <span class='ocrx_word' id='word_1_578' title='bbox 1523 4630 1817 4706; x_wconf 79' lang='lat' dir='ltr'><strong>offendisse</strong></span> <span class='ocrx_word' id='word_1_579' title='bbox 1844 4650 1901 4686; x_wconf 83' lang='lat' dir='ltr'><strong>se</strong></span> <span class='ocrx_word' id='word_1_580' title='bbox 1930 4652 2159 4706; x_wconf 58' lang='lat' dir='ltr'><strong>praemo-</strong></span> 
     </span>
    </p>
   </div>
   <div class='ocr_carea' id='block_1_79' title="bbox 582 4704 2159 4791">
    <p class='ocr_par' dir='ltr' id='par_1_79' title="bbox 582 4704 2159 4791">
     <span class='ocr_line' id='line_1_79' title="bbox 582 4704 2159 4791; baseline 0 -30"><span class='ocrx_word' id='word_1_581' title='bbox 582 4719 742 4773; x_wconf 85' lang='lat' dir='ltr'><strong>neas,</strong></span> <span class='ocrx_word' id='word_1_582' title='bbox 792 4704 845 4760; x_wconf 88' lang='lat' dir='ltr'><strong>in</strong></span> <span class='ocrx_word' id='word_1_583' title='bbox 877 4716 1023 4791; x_wconf 62' lang='lat' dir='ltr'><strong>textu</strong></span> <span class='ocrx_word' id='word_1_584' title='bbox 1068 4704 1731 4791; x_wconf 32' lang='lat' dir='ltr'><strong>ireqjore‘exhtbetnquasi.</strong></span> <span class='ocrx_word' id='word_1_585' title='bbox 1771 4704 1872 4791; x_wconf 75' lang='lat' dir='ltr'><strong>ltic_</strong></span> <span class='ocrx_word' id='word_1_586' title='bbox 1896 4704 2159 4791; x_wconf 74' lang='lat' dir='ltr'><strong>Pharaoni</strong></span> 
     </span>
    </p>
   </div>
   <div class='ocr_carea' id='block_1_80' title="bbox 584 4772 2160 4917">
    <p class='ocr_par' dir='ltr' id='par_1_80' title="bbox 584 4772 2160 4917">
     <span class='ocr_line' id='line_1_80' title="bbox 584 4772 2160 4844; baseline 0 -11"><span class='ocrx_word' id='word_1_587' title='bbox 584 4788 930 4844; x_wconf 85' lang='lat' dir='ltr'><strong>comparatus</strong></span> <span class='ocrx_word' id='word_1_588' title='bbox 979 4772 1214 4844; x_wconf 74' lang='lat' dir='ltr'><strong>Cyrillus</strong></span> <span class='ocrx_word' id='word_1_589' title='bbox 1242 4772 1453 4827; x_wconf 79' lang='lat' dir='ltr'><strong>Pharao</strong></span> <span class='ocrx_word' id='word_1_590' title='bbox 1481 4774 1653 4827; x_wconf 71' lang='lat' dir='ltr'><strong>minor</strong></span> <span class='ocrx_word' id='word_1_591' title='bbox 1680 4775 1942 4831; x_wconf 86' lang='lat' dir='ltr'><strong>dicendus</strong></span> <span class='ocrx_word' id='word_1_592' title='bbox 1970 4779 2160 4833; x_wconf 87' lang='lat' dir='ltr'><strong>innua-</strong></span> 
     </span>
     <span class='ocr_line' id='line_1_81' title="bbox 585 4843 2156 4917; baseline -0.001 -13"><span class='ocrx_word' id='word_1_593' title='bbox 585 4856 695 4904; x_wconf 87' lang='lat' dir='ltr'><strong>tur.</strong></span> <span class='ocrx_word' id='word_1_594' title='bbox 718 4848 825 4905; x_wconf 85' lang='lat' dir='ltr'><strong>Sed</strong></span> <span class='ocrx_word' id='word_1_595' title='bbox 848 4862 1022 4917; x_wconf 89' lang='lat' dir='ltr'><strong>neque</strong></span> <span class='ocrx_word' id='word_1_596' title='bbox 1042 4847 1096 4902; x_wconf 91' lang='lat' dir='ltr'><strong>in</strong></span> <span class='ocrx_word' id='word_1_597' title='bbox 1117 4846 1216 4899; x_wconf 87' lang='lat' dir='ltr'><strong>hac</strong></span> <span class='ocrx_word' id='word_1_598' title='bbox 1235 4843 1550 4917; x_wconf 85' lang='lat' dir='ltr'><strong>conjectura</strong></span> <span class='ocrx_word' id='word_1_599' title='bbox 1577 4855 1747 4911; x_wconf 90' lang='lat' dir='ltr'><strong>stans,</strong></span> <span class='ocrx_word' id='word_1_600' title='bbox 1783 4848 1920 4902; x_wconf 78' lang='lat' dir='ltr'><strong>forte</strong></span> <span class='ocrx_word' id='word_1_601' title='bbox 1943 4850 2156 4914; x_wconf 79' lang='lat' dir='ltr'><strong>Achori,</strong></span> 
     </span>
    </p>
   </div>
   <div class='ocr_carea' id='block_1_81' title="bbox 585 4916 2157 4989">
    <p class='ocr_par' dir='ltr' id='par_1_81' title="bbox 585 4916 2157 4989">
     <span class='ocr_line' id='line_1_82' title="bbox 585 4916 2157 4989; baseline 0 -16"><span class='ocrx_word' id='word_1_602' title='bbox 585 4933 695 4989; x_wconf 85' lang='lat' dir='ltr'><strong>quo</strong></span> <span class='ocrx_word' id='word_1_603' title='bbox 741 4916 961 4989; x_wconf 85' lang='lat' dir='ltr'><strong>nomine</strong></span> <span class='ocrx_word' id='word_1_604' title='bbox 1001 4916 1724 4989; x_wconf 77' lang='lat' dir='ltr'><strong>Pharaonemllehrmorutn</strong></span> <span class='ocrx_word' id='word_1_605' title='bbox 1758 4930 2157 4987; x_wconf 85' lang='lat' dir='ltr'><strong>persecutorem</strong></span> 
     </span>
    </p>
   </div>
   <div class='ocr_carea' id='block_1_82' title="bbox 586 4986 2162 5058">
    <p class='ocr_par' dir='ltr' id='par_1_82' title="bbox 586 4986 2162 5058">
     <span class='ocr_line' id='line_1_83' title="bbox 586 4986 2162 5058; baseline -0.001 -11"><span class='ocrx_word' id='word_1_606' title='bbox 586 4986 884 5047; x_wconf 64' lang='lat' dir='ltr'><strong>secundum</strong></span> <span class='ocrx_word' id='word_1_607' title='bbox 914 4989 1169 5058; x_wconf 84' lang='lat' dir='ltr'><strong>quosdam</strong></span> <span class='ocrx_word' id='word_1_608' title='bbox 1207 4986 1533 5055; x_wconf 81' lang='lat' dir='ltr'><strong>appellatum</strong></span> <span class='ocrx_word' id='word_1_609' title='bbox 1563 4990 1658 5052; x_wconf 90' lang='lat' dir='ltr'><strong>ait,</strong></span> <span class='ocrx_word' id='word_1_610' title='bbox 1690 4986 1787 5056; x_wconf 85' lang='lat' dir='ltr'><strong>pro</strong></span> <span class='ocrx_word' id='word_1_611' title='bbox 1832 5006 2007 5045; x_wconf 86' lang='lat' dir='ltr'><strong>amore</strong></span> <span class='ocrx_word' id='word_1_612' title='bbox 2039 4992 2162 5045; x_wconf 87' lang='lat' dir='ltr'><strong>sub-</strong></span> 
     </span>
    </p>
   </div>
   <div class='ocr_carea' id='block_1_83' title="bbox 586 5058 2164 5129">
    <p class='ocr_par' dir='ltr' id='par_1_83' title="bbox 586 5058 2164 5129">
     <span class='ocr_line' id='line_1_84' title="bbox 586 5058 2164 5129; baseline -0.001 -12"><span class='ocrx_word' id='word_1_613' title='bbox 586 5061 916 5117; x_wconf 84' lang='lat' dir='ltr'><strong>stituendum</strong></span> <span class='ocrx_word' id='word_1_614' title='bbox 944 5061 1213 5128; x_wconf 85' lang='lat' dir='ltr'><strong>opinatur.</strong></span> <span class='ocrx_word' id='word_1_615' title='bbox 1246 5059 1418 5127; x_wconf 80' lang='lat' dir='ltr'><strong>ipsum</strong></span> <span class='ocrx_word' id='word_1_616' title='bbox 1450 5058 1731 5129; x_wconf 76' lang='lat' dir='ltr'><strong>archetypi</strong></span> <span class='ocrx_word' id='word_1_617' title='bbox 1756 5062 2041 5117; x_wconf 85' lang='lat' dir='ltr'><strong>lectionem</strong></span> <span class='ocrx_word' id='word_1_618' title='bbox 2067 5062 2164 5117; x_wconf 86' lang='lat' dir='ltr'><strong>Ba-</strong></span> 
     </span>
    </p>
   </div>
   <div class='ocr_carea' id='block_1_84' title="bbox 589 5129 2157 5199">
    <p class='ocr_par' dir='ltr' id='par_1_84' title="bbox 589 5129 2157 5199">
     <span class='ocr_line' id='line_1_85' title="bbox 589 5129 2157 5199; baseline 0.002 -13"><span class='ocrx_word' id='word_1_619' title='bbox 589 5129 787 5199; x_wconf 80' lang='lat' dir='ltr'><strong>luzius,</strong></span> <span class='ocrx_word' id='word_1_620' title='bbox 827 5131 1042 5189; x_wconf 85' lang='lat' dir='ltr'><strong>etiamsi</strong></span> <span class='ocrx_word' id='word_1_621' title='bbox 1073 5130 1218 5184; x_wconf 87' lang='lat' dir='ltr'><strong>omni</strong></span> <span class='ocrx_word' id='word_1_622' title='bbox 1262 5144 1425 5184; x_wconf 73' lang='lat' dir='ltr'><strong>sensu</strong></span> <span class='ocrx_word' id='word_1_623' title='bbox 1450 5129 1761 5185; x_wconf 89' lang='lat' dir='ltr'><strong>destitutam</strong></span> <span class='ocrx_word' id='word_1_624' title='bbox 1790 5129 2041 5199; x_wconf 80' lang='lat' dir='ltr'><strong>fateatur,</strong></span> <span class='ocrx_word' id='word_1_625' title='bbox 2070 5149 2157 5189; x_wconf 90' lang='lat' dir='ltr'><strong>re-</strong></span> 
     </span>
    </p>
   </div>
   <div class='ocr_carea' id='block_1_85' title="bbox 590 5200 2155 5271">
    <p class='ocr_par' dir='ltr' id='par_1_85' title="bbox 590 5200 2155 5271">
     <span class='ocr_line' id='line_1_86' title="bbox 590 5200 2155 5271; baseline 0.001 -14"><span class='ocrx_word' id='word_1_626' title='bbox 590 5215 723 5261; x_wconf 65' lang='lat' dir='ltr'><strong>reca</strong></span> <span class='ocrx_word' id='word_1_627' title='bbox 735 5204 827 5259; x_wconf 88' lang='lat' dir='ltr'><strong>vit.</strong></span> <span class='ocrx_word' id='word_1_628' title='bbox 853 5203 1160 5271; x_wconf 71' lang='lat' dir='ltr'><strong>Simplicior</strong></span> <span class='ocrx_word' id='word_1_629' title='bbox 1173 5216 1240 5255; x_wconf 88' lang='lat' dir='ltr'><strong>ac</strong></span> <span class='ocrx_word' id='word_1_630' title='bbox 1253 5200 1380 5254; x_wconf 88' lang='lat' dir='ltr'><strong>nulli</strong></span> <span class='ocrx_word' id='word_1_631' title='bbox 1401 5200 1574 5255; x_wconf 88' lang='lat' dir='ltr'><strong>errori</strong></span> <span class='ocrx_word' id='word_1_632' title='bbox 1595 5201 1829 5258; x_wconf 85' lang='lat' dir='ltr'><strong>obnoxia</strong></span> <span class='ocrx_word' id='word_1_633' title='bbox 1846 5211 1933 5258; x_wconf 88' lang='lat' dir='ltr'><strong>est</strong></span> <span class='ocrx_word' id='word_1_634' title='bbox 1950 5214 2155 5259; x_wconf 85' lang='lat' dir='ltr'><strong>nostra.</strong></span> 
     </span>
    </p>
   </div>
   <div class='ocr_carea' id='block_1_86' title="bbox 716 5273 1086 5346">
    <p class='ocr_par' dir='ltr' id='par_1_86' title="bbox 716 5273 1086 5346">
     <span class='ocr_line' id='line_1_87' title="bbox 716 5273 1086 5346; baseline -0.005 -16"><span class='ocrx_word' id='word_1_635' title='bbox 716 5275 844 5331; x_wconf 90' lang='lat' dir='ltr'><strong>Scil.</strong></span> <span class='ocrx_word' id='word_1_636' title='bbox 870 5273 1086 5346; x_wconf 71' lang='lat' dir='ltr'><strong>Cyrillo.</strong></span> 
     </span>
    </p>
   </div>
   <div class='ocr_carea' id='block_1_87' title="bbox 662 5341 1194 5409">
    <p class='ocr_par' dir='ltr' id='par_1_87' title="bbox 662 5341 1194 5409">
     <span class='ocr_line' id='line_1_88' title="bbox 662 5341 1194 5409; baseline -0.002 -8"><span class='ocrx_word' id='word_1_637' title='bbox 662 5341 689 5382; x_wconf 71' lang='grc' dir='ltr'><em>δ</em></span> <span class='ocrx_word' id='word_1_638' title='bbox 709 5346 765 5402; x_wconf 82' lang='lat' dir='ltr'><strong>Id</strong></span> <span class='ocrx_word' id='word_1_639' title='bbox 791 5354 895 5409; x_wconf 88' lang='lat' dir='ltr'><strong>est.</strong></span> <span class='ocrx_word' id='word_1_640' title='bbox 913 5341 1194 5401; x_wconf 59' lang='lat' dir='ltr'><strong>&#39;Nestorio.</strong></span> 
     </span>
    </p>
   </div>
   <div class='ocr_carea' id='block_1_88' title="bbox 665 5413 2163 5488">
    <p class='ocr_par' dir='ltr' id='par_1_88' title="bbox 665 5413 2163 5488">
     <span class='ocr_line' id='line_1_89' title="bbox 665 5413 2163 5488; baseline 0.006 -19"><span class='ocrx_word' id='word_1_641' title='bbox 665 5424 689 5488; x_wconf 54' lang='grc' dir='ltr'>ὲ</span> <span class='ocrx_word' id='word_1_642' title='bbox 719 5416 873 5485; x_wconf 82' lang='lat' dir='ltr'><strong>Apud</strong></span> <span class='ocrx_word' id='word_1_643' title='bbox 900 5416 1131 5485; x_wconf 87' lang='lat' dir='ltr'><strong>Lupum,</strong></span> <span class='ocrx_word' id='word_1_644' title='bbox 1155 5424 1477 5488; x_wconf 83' lang='lat' dir='ltr'><strong>pepererunt.</strong></span> <span class='ocrx_word' id='word_1_645' title='bbox 1499 5413 1688 5486; x_wconf 88' lang='lat' dir='ltr'><strong>Cyrilli</strong></span> <span class='ocrx_word' id='word_1_646' title='bbox 1711 5415 1780 5471; x_wconf 73' lang='lat' dir='ltr'><strong>l2</strong></span> <span class='ocrx_word' id='word_1_647' title='bbox 1806 5418 2163 5478; x_wconf 87' lang='lat' dir='ltr'><strong>anathemati-</strong></span> 
     </span>
    </p>
   </div>
   <div class='ocr_carea' id='block_1_89' title="bbox 586 5487 1106 5543">
    <p class='ocr_par' dir='ltr' id='par_1_89' title="bbox 586 5487 1106 5543">
     <span class='ocr_line' id='line_1_90' title="bbox 586 5487 1106 5543; baseline 0.004 -2"><span class='ocrx_word' id='word_1_648' title='bbox 586 5487 688 5541; x_wconf 87' lang='lat' dir='ltr'><strong>smi</strong></span> <span class='ocrx_word' id='word_1_649' title='bbox 722 5488 809 5543; x_wconf 85' lang='lat' dir='ltr'><strong>hic</strong></span> <span class='ocrx_word' id='word_1_650' title='bbox 840 5497 1106 5543; x_wconf 80' lang='lat' dir='ltr'><strong>laxantur.</strong></span> 
     </span>
    </p>
   </div>
   <div class='ocr_carea' id='block_1_90' title="bbox 668 5552 2156 5629">
    <p class='ocr_par' dir='ltr' id='par_1_90' title="bbox 668 5552 2156 5629">
     <span class='ocr_line' id='line_1_91' title="bbox 668 5552 2156 5629; baseline 0.003 -15"><span class='ocrx_word' id='word_1_651' title='bbox 668 5552 689 5593; x_wconf 67' lang='grc' dir='ltr'><strong><em>ί</em></strong></span> <span class='ocrx_word' id='word_1_652' title='bbox 712 5560 844 5615; x_wconf 88' lang='lat' dir='ltr'><strong>Cum</strong></span> <span class='ocrx_word' id='word_1_653' title='bbox 876 5572 1193 5629; x_wconf 86' lang='lat' dir='ltr'><strong>nuncupare</strong></span> <span class='ocrx_word' id='word_1_654' title='bbox 1210 5557 1411 5614; x_wconf 70' lang='lat' dir='ltr'><strong>Iulium</strong></span> <span class='ocrx_word' id='word_1_655' title='bbox 1440 5558 1764 5629; x_wconf 84' lang='lat' dir='ltr'><strong>potuissent,</strong></span> <span class='ocrx_word' id='word_1_656' title='bbox 1784 5559 1874 5629; x_wconf 81' lang='lat' dir='ltr'><strong>qui</strong></span> <span class='ocrx_word' id='word_1_657' title='bbox 1914 5561 2156 5618; x_wconf 80' lang='lat' dir='ltr'><strong>Athana-</strong></span> 
     </span>
    </p>
   </div>
   <div class='ocr_carea' id='block_1_91' title="bbox 2258 3315 3795 3390">
    <p class='ocr_par' dir='ltr' id='par_1_91' title="bbox 2258 3315 3795 3390">
     <span class='ocr_line' id='line_1_92' title="bbox 2258 3315 3795 3390; baseline -0.001 -18"><span class='ocrx_word' id='word_1_658' title='bbox 2258 3324 2341 3372; x_wconf 89' lang='lat' dir='ltr'><strong>tra</strong></span> <span class='ocrx_word' id='word_1_659' title='bbox 2368 3317 2596 3373; x_wconf 91' lang='lat' dir='ltr'><strong>invicem</strong></span> <span class='ocrx_word' id='word_1_660' title='bbox 2622 3317 2893 3373; x_wconf 89' lang='lat' dir='ltr'><strong>moverint</strong></span> <span class='ocrx_word' id='word_1_661' title='bbox 2919 3320 3268 3390; x_wconf 65' lang='lat' dir='ltr'><strong>quaestiones.</strong></span> <span class='ocrx_word' id='word_1_662' title='bbox 3311 3319 3374 3374; x_wconf 85' lang='lat' dir='ltr'><strong>Et</strong></span> <span class='ocrx_word' id='word_1_663' title='bbox 3402 3327 3519 3375; x_wconf 91' lang='lat' dir='ltr'><strong>erat</strong></span> <span class='ocrx_word' id='word_1_664' title='bbox 3549 3315 3795 3389; x_wconf 76' lang='lat' dir='ltr'><strong>przesidens</strong></span> 
     </span>
    </p>
   </div>
   <div class='ocr_carea' id='block_1_92' title="bbox 2260 3410 3799 3485">
    <p class='ocr_par' dir='ltr' id='par_1_92' title="bbox 2260 3410 3799 3485">
     <span class='ocr_line' id='line_1_93' title="bbox 2260 3410 3799 3485; baseline -0.001 -19"><span class='ocrx_word' id='word_1_665' title='bbox 2260 3426 2390 3467; x_wconf 87' lang='lat' dir='ltr'><strong>reus</strong></span> <span class='ocrx_word' id='word_1_666' title='bbox 2445 3422 2500 3468; x_wconf 91' lang='lat' dir='ltr'><strong>et</strong></span> <span class='ocrx_word' id='word_1_667' title='bbox 2532 3410 2546 3449; x_wconf 85' lang='grc'>¹</span> <span class='ocrx_word' id='word_1_668' title='bbox 2582 3414 2879 3469; x_wconf 89' lang='lat' dir='ltr'><strong>sententiat</strong></span> <span class='ocrx_word' id='word_1_669' title='bbox 2938 3415 3234 3484; x_wconf 88' lang='lat' dir='ltr'><strong>princeps,</strong></span> <span class='ocrx_word' id='word_1_670' title='bbox 3287 3412 3434 3485; x_wconf 89' lang='lat' dir='ltr'><strong>quii</strong></span> <span class='ocrx_word' id='word_1_671' title='bbox 3482 3412 3799 3468; x_wconf 86' lang='lat' dir='ltr'><strong>sustinebatur</strong></span> 
     </span>
    </p>
   </div>
   <div class='ocr_carea' id='block_1_93' title="bbox 2262 3506 3207 3576">
    <p class='ocr_par' dir='ltr' id='par_1_93' title="bbox 2262 3506 3207 3576">
     <span class='ocr_line' id='line_1_94' title="bbox 2262 3506 3207 3576; baseline 0 -16"><span class='ocrx_word' id='word_1_672' title='bbox 2262 3506 2446 3561; x_wconf 88' lang='lat' dir='ltr'><strong>multis</strong></span> <span class='ocrx_word' id='word_1_673' title='bbox 2477 3506 2762 3562; x_wconf 89' lang='lat' dir='ltr'><strong>sententiis</strong></span> <span class='ocrx_word' id='word_1_674' title='bbox 2791 3506 3207 3576; x_wconf 88' lang='lat' dir='ltr'><strong>supponendus.</strong></span> 
     </span>
    </p>
   </div>
   <div class='ocr_carea' id='block_1_94' title="bbox 2334 3599 3802 3671">
    <p class='ocr_par' dir='ltr' id='par_1_94' title="bbox 2334 3599 3802 3671">
     <span class='ocr_line' id='line_1_95' title="bbox 2334 3599 3802 3671; baseline -0.003 -17"><span class='ocrx_word' id='word_1_675' title='bbox 2334 3600 2388 3654; x_wconf 89' lang='lat'><strong>5.</strong></span> <span class='ocrx_word' id='word_1_676' title='bbox 2418 3599 2515 3654; x_wconf 85' lang='lat' dir='ltr'><strong>His</strong></span> <span class='ocrx_word' id='word_1_677' title='bbox 2537 3599 2729 3671; x_wconf 83' lang='lat' dir='ltr'><strong>gestis,</strong></span> <span class='ocrx_word' id='word_1_678' title='bbox 2761 3600 2884 3655; x_wconf 89' lang='lat' dir='ltr'><strong>aliis</strong></span> <span class='ocrx_word' id='word_1_679' title='bbox 2930 3600 3154 3671; x_wconf 89' lang='lat' dir='ltr'><strong>quidem</strong></span> <span class='ocrx_word' id='word_1_680' title='bbox 3189 3609 3384 3656; x_wconf 89' lang='lat' dir='ltr'><strong>cuncta</strong></span> <span class='ocrx_word' id='word_1_681' title='bbox 3419 3614 3536 3669; x_wconf 71' lang='lat' dir='ltr'><strong>qum</strong></span> <span class='ocrx_word' id='word_1_682' title='bbox 3570 3608 3675 3653; x_wconf 90' lang='lat' dir='ltr'><strong>acta</strong></span> <span class='ocrx_word' id='word_1_683' title='bbox 3703 3606 3802 3652; x_wconf 89' lang='lat' dir='ltr'><strong>sunt</strong></span> 
     </span>
    </p>
   </div>
   <div class='ocr_carea' id='block_1_95' title="bbox 2260 3692 3801 3769">
    <p class='ocr_par' dir='ltr' id='par_1_95' title="bbox 2260 3692 3801 3769">
     <span class='ocr_line' id='line_1_96' title="bbox 2260 3692 3801 3769; baseline -0.001 -20"><span class='ocrx_word' id='word_1_684' title='bbox 2260 3693 2513 3769; x_wconf 84' lang='lat' dir='ltr'><strong>lacrymis</strong></span> <span class='ocrx_word' id='word_1_685' title='bbox 2553 3693 2739 3766; x_wconf 89' lang='lat' dir='ltr'><strong>digna,</strong></span> <span class='ocrx_word' id='word_1_686' title='bbox 2784 3695 2905 3753; x_wconf 89' lang='lat' dir='ltr'><strong>aliis</strong></span> <span class='ocrx_word' id='word_1_687' title='bbox 2934 3709 3066 3752; x_wconf 89' lang='lat' dir='ltr'><strong>vero</strong></span> <span class='ocrx_word' id='word_1_688' title='bbox 3112 3695 3344 3753; x_wconf 88' lang='lat' dir='ltr'><strong>ridicula</strong></span> <span class='ocrx_word' id='word_1_689' title='bbox 3387 3692 3801 3760; x_wconf 79' lang='lat' dir='ltr'><strong>videbantur;ita</strong></span> 
     </span>
    </p>
   </div>
   <div class='ocr_carea' id='block_1_96' title="bbox 2255 3855 3800 3930">
    <p class='ocr_par' dir='ltr' id='par_1_96' title="bbox 2255 3855 3800 3930">
     <span class='ocr_line' id='line_1_97' title="bbox 2255 3855 3800 3930; baseline -0.002 -17"><span class='ocrx_word' id='word_1_690' title='bbox 2255 3855 2520 3925; x_wconf 88' lang='lat' dir='ltr'><strong>Quocirca</strong></span> <span class='ocrx_word' id='word_1_691' title='bbox 2561 3858 2936 3915; x_wconf 86' lang='lat' dir='ltr'><strong>Theodoretus</strong></span> <span class='ocrx_word' id='word_1_692' title='bbox 2976 3860 3069 3916; x_wconf 90' lang='lat' dir='ltr'><strong>lib.</strong></span> <span class='ocrx_word' id='word_1_693' title='bbox 3114 3876 3147 3915; x_wconf 89' lang='lat' dir='ltr'><strong>v</strong></span> <span class='ocrx_word' id='word_1_694' title='bbox 3178 3860 3321 3917; x_wconf 81' lang='lat' dir='ltr'><strong>Hist.</strong></span> <span class='ocrx_word' id='word_1_695' title='bbox 3353 3875 3473 3930; x_wconf 85' lang='lat' dir='ltr'><strong>cap.</strong></span> <span class='ocrx_word' id='word_1_696' title='bbox 3508 3860 3542 3915; x_wconf 81' lang='lat'><strong>5</strong></span> <span class='ocrx_word' id='word_1_697' title='bbox 3567 3858 3800 3915; x_wconf 66' lang='lat' dir='ltr'><strong>ueletiam</strong></span> 
     </span>
    </p>
   </div>
   <div class='ocr_carea' id='block_1_97' title="bbox 2256 3930 3804 3998">
    <p class='ocr_par' dir='ltr' id='par_1_97' title="bbox 2256 3930 3804 3998">
     <span class='ocr_line' id='line_1_98' title="bbox 2256 3930 3804 3998; baseline -0.001 -16"><span class='ocrx_word' id='word_1_698' title='bbox 2256 3930 2597 3997; x_wconf 79' lang='lat' dir='ltr'><strong>Apollinarin</strong></span> <span class='ocrx_word' id='word_1_699' title='bbox 2626 3934 2716 3998; x_wconf 75' lang='lat' dir='ltr'><strong>qui</strong></span> <span class='ocrx_word' id='word_1_700' title='bbox 2745 3947 2868 3986; x_wconf 90' lang='lat' dir='ltr'><strong>cum</strong></span> <span class='ocrx_word' id='word_1_701' title='bbox 2898 3931 3130 3986; x_wconf 84' lang='lat' dir='ltr'><strong>Datnaso</strong></span> <span class='ocrx_word' id='word_1_702' title='bbox 3166 3935 3571 3987; x_wconf 87' lang='lat' dir='ltr'><strong>communicare</strong></span> <span class='ocrx_word' id='word_1_703' title='bbox 3596 3945 3651 3984; x_wconf 89' lang='lat' dir='ltr'><strong>se</strong></span> <span class='ocrx_word' id='word_1_704' title='bbox 3675 3932 3804 3997; x_wconf 83' lang='lat' dir='ltr'><strong>jacti-</strong></span> 
     </span>
    </p>
   </div>
   <div class='ocr_carea' id='block_1_98' title="bbox 2258 4000 3805 4069">
    <p class='ocr_par' dir='ltr' id='par_1_98' title="bbox 2258 4000 3805 4069">
     <span class='ocr_line' id='line_1_99' title="bbox 2258 4000 3805 4069; baseline -0.002 -13"><span class='ocrx_word' id='word_1_705' title='bbox 2258 4002 2425 4064; x_wconf 76' lang='lat' dir='ltr'><strong>tabat,</strong></span> <span class='ocrx_word' id='word_1_706' title='bbox 2456 4000 2661 4057; x_wconf 62' lang='lat' dir='ltr'><strong>dixisse</strong></span> <span class='ocrx_word' id='word_1_707' title='bbox 2695 4012 2957 4057; x_wconf 86' lang='lat' dir='ltr'><strong>testatur:</strong></span> <span class='ocrx_word' id='word_1_708' title='bbox 2990 4003 3153 4057; x_wconf 79' lang='lat' dir='ltr'><strong>Miror</strong></span> <span class='ocrx_word' id='word_1_709' title='bbox 3180 4014 3249 4069; x_wconf 86' lang='lat' dir='ltr'><strong>te,</strong></span> <span class='ocrx_word' id='word_1_710' title='bbox 3287 4021 3321 4057; x_wconf 89' lang='grc' dir='ltr'>ο</span> <span class='ocrx_word' id='word_1_711' title='bbox 3349 4005 3529 4065; x_wconf 80' lang='lat' dir='ltr'><strong>amice,</strong></span> <span class='ocrx_word' id='word_1_712' title='bbox 3553 4014 3647 4055; x_wconf 87' lang='lat' dir='ltr'><strong>tam</strong></span> <span class='ocrx_word' id='word_1_713' title='bbox 3669 4005 3805 4069; x_wconf 75' lang='lat' dir='ltr'><strong>imps-</strong></span> 
     </span>
    </p>
   </div>
   <div class='ocr_carea' id='block_1_99' title="bbox 2258 4070 3804 4144">
    <p class='ocr_par' dir='ltr' id='par_1_99' title="bbox 2258 4070 3804 4144">
     <span class='ocr_line' id='line_1_100' title="bbox 2258 4070 3804 4144; baseline -0.001 -21"><span class='ocrx_word' id='word_1_714' title='bbox 2258 4070 2435 4124; x_wconf 80' lang='lat' dir='ltr'><strong>denter</strong></span> <span class='ocrx_word' id='word_1_715' title='bbox 2479 4090 2760 4144; x_wconf 79' lang='lat' dir='ltr'><strong>repugnare</strong></span> <span class='ocrx_word' id='word_1_716' title='bbox 2788 4075 3195 4144; x_wconf 73' lang='lat' dir='ltr'><strong>veritati,.idque</strong></span> <span class='ocrx_word' id='word_1_717' title='bbox 3233 4091 3355 4129; x_wconf 75' lang='lat' dir='ltr'><strong>cum</strong></span> <span class='ocrx_word' id='word_1_718' title='bbox 3397 4075 3549 4143; x_wconf 87' lang='lat' dir='ltr'><strong>probe</strong></span> <span class='ocrx_word' id='word_1_719' title='bbox 3570 4073 3693 4127; x_wconf 68' lang='lat' dir='ltr'><strong>scias</strong></span> <span class='ocrx_word' id='word_1_720' title='bbox 3718 4070 3804 4123; x_wconf 79' lang='lat' dir='ltr'><strong>De-</strong></span> 
     </span>
    </p>
   </div>
   <div class='ocr_carea' id='block_1_100' title="bbox 2258 4145 3806 4215">
    <p class='ocr_par' dir='ltr' id='par_1_100' title="bbox 2258 4145 3806 4215">
     <span class='ocr_line' id='line_1_101' title="bbox 2258 4145 3806 4215; baseline -0.001 -21"><span class='ocrx_word' id='word_1_721' title='bbox 2258 4158 2458 4196; x_wconf 81' lang='lat' dir='ltr'><strong>ntasunt</strong></span> <span class='ocrx_word' id='word_1_722' title='bbox 2507 4161 2729 4197; x_wconf 70' lang='lat' dir='ltr'><strong>asserere</strong></span> <span class='ocrx_word' id='word_1_723' title='bbox 2774 4146 3052 4215; x_wconf 62' lang='lat' dir='ltr'><strong>perfectum</strong></span> <span class='ocrx_word' id='word_1_724' title='bbox 3104 4145 3363 4201; x_wconf 80' lang='lat' dir='ltr'><strong>hominem</strong></span> <span class='ocrx_word' id='word_1_725' title='bbox 3409 4162 3443 4198; x_wconf 79' lang='grc' dir='ltr'><em>α</em></span> <span class='ocrx_word' id='word_1_726' title='bbox 3499 4152 3598 4198; x_wconf 71' lang='lat' dir='ltr'><strong>t’eo</strong></span> <span class='ocrx_word' id='word_1_727' title='bbox 3639 4159 3806 4215; x_wconf 30' lang='lat' dir='ltr'><strong>urstnns</strong></span> 
     </span>
    </p>
   </div>
   <div class='ocr_carea' id='block_1_101' title="bbox 2260 4213 3805 4286">
    <p class='ocr_par' dir='ltr' id='par_1_101' title="bbox 2260 4213 3805 4286">
     <span class='ocr_line' id='line_1_102' title="bbox 2260 4213 3805 4286; baseline -0.001 -21"><span class='ocrx_word' id='word_1_728' title='bbox 2260 4223 2426 4286; x_wconf 75' lang='lat' dir='ltr'><strong>ptum,</strong></span> <span class='ocrx_word' id='word_1_729' title='bbox 2457 4224 2505 4267; x_wconf 83' lang='lat' dir='ltr'><strong>te</strong></span> <span class='ocrx_word' id='word_1_730' title='bbox 2530 4213 2846 4269; x_wconf 65' lang='lat' dir='ltr'><strong>remran&#39;nm</strong></span> <span class='ocrx_word' id='word_1_731' title='bbox 2870 4213 3125 4286; x_wconf 72' lang='lat' dir='ltr'><strong>njﬁrmare</strong></span> <span class='ocrx_word' id='word_1_732' title='bbox 3164 4233 3265 4270; x_wconf 80' lang='lat' dir='ltr'><strong>non</strong></span> <span class='ocrx_word' id='word_1_733' title='bbox 3292 4233 3585 4273; x_wconf 73' lang='lat' dir='ltr'><strong>cessare...</strong></span> <span class='ocrx_word' id='word_1_734' title='bbox 3627 4213 3754 4279; x_wconf 74' lang='lat' dir='ltr'><strong>Quod</strong></span> <span class='ocrx_word' id='word_1_735' title='bbox 3772 4213 3805 4264; x_wconf 75' lang='lat' dir='ltr'><strong>ti</strong></span> 
     </span>
    </p>
   </div>
   <div class='ocr_carea' id='block_1_102' title="bbox 2262 4284 3801 4355">
    <p class='ocr_par' dir='ltr' id='par_1_102' title="bbox 2262 4284 3801 4355">
     <span class='ocr_line' id='line_1_103' title="bbox 2262 4284 3801 4355; baseline 0.001 -19"><span class='ocrx_word' id='word_1_736' title='bbox 2262 4284 2399 4355; x_wconf 62' lang='lat' dir='ltr'><strong>falsa</strong></span> <span class='ocrx_word' id='word_1_737' title='bbox 2427 4295 2544 4339; x_wconf 79' lang='lat' dir='ltr'><strong>sunt</strong></span> <span class='ocrx_word' id='word_1_738' title='bbox 2574 4304 2687 4353; x_wconf 71' lang='lat' dir='ltr'><strong>qua:</strong></span> <span class='ocrx_word' id='word_1_739' title='bbox 2708 4288 2814 4340; x_wconf 85' lang='lat' dir='ltr'><strong>dici</strong></span> <span class='ocrx_word' id='word_1_740' title='bbox 2823 4284 2952 4349; x_wconf 60' lang='lat' dir='ltr'><strong>ntus,</strong></span> <span class='ocrx_word' id='word_1_741' title='bbox 2984 4304 3119 4341; x_wconf 81' lang='lat' dir='ltr'><strong>nunc</strong></span> <span class='ocrx_word' id='word_1_742' title='bbox 3139 4288 3321 4343; x_wconf 82' lang='lat' dir='ltr'><strong>saltem</strong></span> <span class='ocrx_word' id='word_1_743' title='bbox 3353 4288 3585 4341; x_wconf 75' lang='lat' dir='ltr'><strong>renuntia</strong></span> <span class='ocrx_word' id='word_1_744' title='bbox 3610 4286 3801 4344; x_wconf 68' lang='lat' dir='ltr'><strong>novitati,</strong></span> 
     </span>
    </p>
   </div>
   <div class='ocr_carea' id='block_1_103' title="bbox 2262 4353 3808 4429">
    <p class='ocr_par' dir='ltr' id='par_1_103' title="bbox 2262 4353 3808 4429">
     <span class='ocr_line' id='line_1_104' title="bbox 2262 4353 3808 4429; baseline -0.003 -21"><span class='ocrx_word' id='word_1_745' title='bbox 2262 4353 2310 4429; x_wconf 69' lang='lat' dir='ltr'><strong>et</strong></span> <span class='ocrx_word' id='word_1_746' title='bbox 2332 4353 2856 4429; x_wconf 57' lang='lat' dir='ltr'><strong>Damasijoclrt&#39;uant</strong></span> <span class='ocrx_word' id='word_1_747' title='bbox 2880 4357 3209 4429; x_wconf 64' lang='lat' dir='ltr'><strong>amplectere.</strong></span> <span class='ocrx_word' id='word_1_748' title='bbox 3239 4361 3378 4413; x_wconf 86' lang='lat' dir='ltr'><strong>Tum</strong></span> <span class='ocrx_word' id='word_1_749' title='bbox 3398 4361 3480 4413; x_wconf 87' lang='lat' dir='ltr'><strong>his</strong></span> <span class='ocrx_word' id='word_1_750' title='bbox 3509 4355 3808 4429; x_wconf 49' lang='lat' dir='ltr'><strong>atlnlitfl‘lten-</strong></span> 
     </span>
    </p>
   </div>
   <div class='ocr_carea' id='block_1_104' title="bbox 2262 4424 3806 4500">
    <p class='ocr_par' dir='ltr' id='par_1_104' title="bbox 2262 4424 3806 4500">
     <span class='ocr_line' id='line_1_105' title="bbox 2262 4424 3806 4500; baseline -0.003 -20"><span class='ocrx_word' id='word_1_751' title='bbox 2262 4425 2510 4500; x_wconf 61' lang='lat' dir='ltr'><strong>duratus,</strong></span> <span class='ocrx_word' id='word_1_752' title='bbox 2536 4426 2629 4500; x_wconf 80' lang='lat' dir='ltr'><strong>Ea:</strong></span> <span class='ocrx_word' id='word_1_753' title='bbox 2652 4434 2746 4481; x_wconf 81' lang='lat' dir='ltr'><strong>hac</strong></span> <span class='ocrx_word' id='word_1_754' title='bbox 2768 4424 3131 4499; x_wconf 79' lang='lat' dir='ltr'><strong>(Apolliitarii)</strong></span> <span class='ocrx_word' id='word_1_755' title='bbox 3165 4431 3345 4485; x_wconf 74' lang='lat' dir='ltr'><strong>radice</strong></span> <span class='ocrx_word' id='word_1_756' title='bbox 3377 4428 3706 4500; x_wconf 66' lang='lat' dir='ltr'><strong>pullularunt</strong></span> <span class='ocrx_word' id='word_1_757' title='bbox 3731 4424 3806 4500; x_wconf 72' lang='grc' dir='ltr'><strong>Εε-</strong></span> 
     </span>
    </p>
   </div>
   <div class='ocr_carea' id='block_1_105' title="bbox 2263 4498 3808 4582">
    <p class='ocr_par' dir='ltr' id='par_1_105' title="bbox 2263 4498 3808 4582">
     <span class='ocr_line' id='line_1_106' title="bbox 2263 4498 3808 4582; baseline 0.001 -32"><span class='ocrx_word' id='word_1_758' title='bbox 2263 4498 2432 4582; x_wconf 62' lang='grc' dir='ltr'><strong>ςζεδὲἱδ</strong></span> <span class='ocrx_word' id='word_1_759' title='bbox 2459 4499 2633 4582; x_wconf 69' lang='lat' dir='ltr'><strong>opinio</strong></span> <span class='ocrx_word' id='word_1_760' title='bbox 2664 4498 3385 4582; x_wconf 51' lang='lat' dir='ltr'><strong>illm-attinntessemateriam</strong></span> <span class='ocrx_word' id='word_1_761' title='bbox 3408 4503 3575 4582; x_wconf 74' lang='lat' dir='ltr'><strong>carnis</strong></span> <span class='ocrx_word' id='word_1_762' title='bbox 3608 4508 3651 4552; x_wconf 86' lang='lat' dir='ltr'><strong>et</strong></span> <span class='ocrx_word' id='word_1_763' title='bbox 3675 4498 3808 4582; x_wconf 65' lang='lat' dir='ltr'><strong>deite-</strong></span> 
     </span>
    </p>
   </div>
   <div class='ocr_carea' id='block_1_106' title="bbox 2264 4567 3809 4642">
    <p class='ocr_par' dir='ltr' id='par_1_106' title="bbox 2264 4567 3809 4642">
     <span class='ocr_line' id='line_1_107' title="bbox 2264 4567 3809 4642; baseline -0.001 -22"><span class='ocrx_word' id='word_1_764' title='bbox 2264 4567 2350 4642; x_wconf 74' lang='lat' dir='ltr'><strong>tis,</strong></span> <span class='ocrx_word' id='word_1_765' title='bbox 2385 4579 2433 4622; x_wconf 85' lang='lat' dir='ltr'><strong>et</strong></span> <span class='ocrx_word' id='word_1_766' title='bbox 2456 4567 2573 4642; x_wconf 67' lang='grc' dir='ltr'><strong>Δῐιια</strong></span> <span class='ocrx_word' id='word_1_767' title='bbox 2621 4586 2736 4634; x_wconf 72' lang='lat' dir='ltr'><strong>qua:</strong></span> <span class='ocrx_word' id='word_1_768' title='bbox 2779 4570 3043 4642; x_wconf 84' lang='lat' dir='ltr'><strong>Unigeniti</strong></span> <span class='ocrx_word' id='word_1_769' title='bbox 3081 4573 3344 4627; x_wconf 80' lang='lat' dir='ltr'><strong>divinitati</strong></span> <span class='ocrx_word' id='word_1_770' title='bbox 3375 4574 3655 4642; x_wconf 65' lang='lat' dir='ltr'><strong>passionem</strong></span> <span class='ocrx_word' id='word_1_771' title='bbox 3684 4571 3809 4642; x_wconf 75' lang='lat' dir='ltr'><strong>attri-</strong></span> 
     </span>
    </p>
   </div>
   <div class='ocr_carea' id='block_1_107' title="bbox 2185 4638 3806 4731">
    <p class='ocr_par' dir='ltr' id='par_1_107' title="bbox 2185 4638 3806 4731">
     <span class='ocr_line' id='line_1_108' title="bbox 2185 4638 3806 4731; baseline 0.003 -40"><span class='ocrx_word' id='word_1_772' title='bbox 2185 4670 2241 4731; x_wconf 70' lang='grc' dir='ltr'><strong><em>Β</em></strong></span> <span class='ocrx_word' id='word_1_773' title='bbox 2264 4638 2390 4731; x_wconf 43' lang='lat' dir='ltr'><strong>fuit.</strong></span> <span class='ocrx_word' id='word_1_774' title='bbox 2443 4639 2649 4722; x_wconf 76' lang='lat' dir='ltr'><strong>Quibus</strong></span> <span class='ocrx_word' id='word_1_775' title='bbox 2685 4638 3113 4731; x_wconf 37' lang='lat' dir='ltr'><strong>‘vcrltis&#39;nnotare</strong></span> <span class='ocrx_word' id='word_1_776' title='bbox 3164 4644 3323 4731; x_wconf 53' lang='lat' dir='ltr'><strong>forte.</strong></span> <span class='ocrx_word' id='word_1_777' title='bbox 3350 4638 3806 4731; x_wconf 38' lang='lat' dir='ltr'><strong>Voluit_‘Cyrillunt.</strong></span> 
     </span>
    </p>
   </div>
   <div class='ocr_carea' id='block_1_108' title="bbox 2264 4710 3810 4780">
    <p class='ocr_par' dir='ltr' id='par_1_108' title="bbox 2264 4710 3810 4780">
     <span class='ocr_line' id='line_1_109' title="bbox 2264 4710 3810 4780; baseline -0.001 -17"><span class='ocrx_word' id='word_1_778' title='bbox 2264 4710 2375 4780; x_wconf 68' lang='lat' dir='ltr'><strong>cui,</strong></span> <span class='ocrx_word' id='word_1_779' title='bbox 2410 4712 2532 4778; x_wconf 86' lang='lat' dir='ltr'><strong>quia</strong></span> <span class='ocrx_word' id='word_1_780' title='bbox 2560 4713 2720 4780; x_wconf 88' lang='lat' dir='ltr'><strong>epist.</strong></span> <span class='ocrx_word' id='word_1_781' title='bbox 2761 4713 2781 4768; x_wconf 87' lang='grc' dir='ltr'>ι</span> <span class='ocrx_word' id='word_1_782' title='bbox 2814 4713 2878 4765; x_wconf 87' lang='lat' dir='ltr'><strong>ad</strong></span> <span class='ocrx_word' id='word_1_783' title='bbox 2909 4713 3227 4769; x_wconf 83' lang='lat' dir='ltr'><strong>Successum</strong></span> <span class='ocrx_word' id='word_1_784' title='bbox 3272 4713 3323 4769; x_wconf 83' lang='lat' dir='ltr'><strong>id</strong></span> <span class='ocrx_word' id='word_1_785' title='bbox 3359 4714 3576 4777; x_wconf 82' lang='lat' dir='ltr'><strong>excidit,</strong></span> <span class='ocrx_word' id='word_1_786' title='bbox 3610 4720 3810 4764; x_wconf 80' lang='lat' dir='ltr'><strong>tttttnattt</strong></span> 
     </span>
    </p>
   </div>
   <div class='ocr_carea' id='block_1_109' title="bbox 2263 4776 3806 4849">
    <p class='ocr_par' dir='ltr' id='par_1_109' title="bbox 2263 4776 3806 4849">
     <span class='ocr_line' id='line_1_110' title="bbox 2263 4776 3806 4849; baseline -0.001 -16"><span class='ocrx_word' id='word_1_787' title='bbox 2263 4776 2362 4833; x_wconf 86' lang='lat' dir='ltr'><strong>Dei</strong></span> <span class='ocrx_word' id='word_1_788' title='bbox 2404 4776 2540 4836; x_wconf 76' lang='lat' dir='ltr'><strong>verbi</strong></span> <span class='ocrx_word' id='word_1_789' title='bbox 2586 4776 2822 4836; x_wconf 77' lang='lat' dir='ltr'><strong>naturam</strong></span> <span class='ocrx_word' id='word_1_790' title='bbox 2872 4785 3198 4840; x_wconf 81' lang='lat' dir='ltr'><strong>incantatam</strong></span> <span class='ocrx_word' id='word_1_791' title='bbox 3254 4787 3483 4847; x_wconf 75' lang='lat' dir='ltr'><strong>(liceret,</strong></span> <span class='ocrx_word' id='word_1_792' title='bbox 3537 4776 3806 4849; x_wconf 70' lang='lat' dir='ltr'><strong>Itnjusznodi</strong></span> 
     </span>
    </p>
   </div>
   <div class='ocr_carea' id='block_1_110' title="bbox 2263 4852 3809 4921">
    <p class='ocr_par' dir='ltr' id='par_1_110' title="bbox 2263 4852 3809 4921">
     <span class='ocr_line' id='line_1_111' title="bbox 2263 4852 3809 4921; baseline -0.009 -4"><span class='ocrx_word' id='word_1_793' title='bbox 2263 4852 2574 4921; x_wconf 64' lang='lat' dir='ltr'><strong>Qninionem</strong></span> <span class='ocrx_word' id='word_1_794' title='bbox 2627 4853 2998 4912; x_wconf 87' lang='lat' dir='ltr'><strong>Theodoretus</strong></span> <span class='ocrx_word' id='word_1_795' title='bbox 3041 4870 3102 4910; x_wconf 77' lang='lat' dir='ltr'><strong>ac</strong></span> <span class='ocrx_word' id='word_1_796' title='bbox 3145 4857 3277 4911; x_wconf 88' lang='lat' dir='ltr'><strong>socii</strong></span> <span class='ocrx_word' id='word_1_797' title='bbox 3312 4856 3452 4911; x_wconf 75' lang='lat' dir='ltr'><strong>falso</strong></span> <span class='ocrx_word' id='word_1_798' title='bbox 3496 4852 3809 4921; x_wconf 79' lang='lat' dir='ltr'><strong>altlngebant.</strong></span> 
     </span>
    </p>
   </div>
   <div class='ocr_carea' id='block_1_111' title="bbox 2263 4919 3808 4995">
    <p class='ocr_par' dir='ltr' id='par_1_111' title="bbox 2263 4919 3808 4995">
     <span class='ocr_line' id='line_1_112' title="bbox 2263 4919 3808 4995; baseline -0.003 -15"><span class='ocrx_word' id='word_1_799' title='bbox 2263 4919 2422 4980; x_wconf 85' lang='lat' dir='ltr'><strong>Unde</strong></span> <span class='ocrx_word' id='word_1_800' title='bbox 2450 4926 2735 4979; x_wconf 84' lang='lat' dir='ltr'><strong>Damasum</strong></span> <span class='ocrx_word' id='word_1_801' title='bbox 2779 4941 2883 4979; x_wconf 84' lang='lat' dir='ltr'><strong>non</strong></span> <span class='ocrx_word' id='word_1_802' title='bbox 2914 4928 3094 4992; x_wconf 85' lang='lat' dir='ltr'><strong>modo,</strong></span> <span class='ocrx_word' id='word_1_803' title='bbox 3126 4938 3185 4982; x_wconf 90' lang='lat' dir='ltr'><strong>ut</strong></span> <span class='ocrx_word' id='word_1_804' title='bbox 3221 4926 3403 4995; x_wconf 85' lang='lat' dir='ltr'><strong>Lupus</strong></span> <span class='ocrx_word' id='word_1_805' title='bbox 3436 4919 3808 4991; x_wconf 76' lang='lat' dir='ltr'><strong>interpretatur,</strong></span> 
     </span>
    </p>
   </div>
   <div class='ocr_carea' id='block_1_112' title="bbox 2262 4995 3810 5119">
    <p class='ocr_par' dir='ltr' id='par_1_112' title="bbox 2262 4995 3810 5119">
     <span class='ocr_line' id='line_1_113' title="bbox 2262 4995 3810 5119; baseline 0 -70"><span class='ocrx_word' id='word_1_806' title='bbox 2262 5006 2485 5119; x_wconf 55' lang='lat' dir='ltr'><strong>Eropter</strong></span> <span class='ocrx_word' id='word_1_807' title='bbox 2513 4998 2731 5051; x_wconf 89' lang='lat' dir='ltr'><strong>Lucium</strong></span> <span class='ocrx_word' id='word_1_808' title='bbox 2778 4996 3030 5051; x_wconf 73' lang='lat' dir='ltr'><strong>{trianum</strong></span> <span class='ocrx_word' id='word_1_809' title='bbox 3072 4999 3411 5068; x_wconf 84' lang='lat' dir='ltr'><strong>episcopum,</strong></span> <span class='ocrx_word' id='word_1_810' title='bbox 3447 4995 3810 5053; x_wconf 74' lang='lat' dir='ltr'><strong>autllaximttut</strong></span> 
     </span>
     <span class='ocr_line' id='line_1_114' title="bbox 2310 5067 3810 5119; baseline 0 0"><span class='ocrx_word' id='word_1_811' title='bbox 2310 5068 2520 5119; x_wconf 80' lang='lat' dir='ltr'><strong>vnicntn</strong></span> <span class='ocrx_word' id='word_1_812' title='bbox 2550 5067 2619 5119; x_wconf 90' lang='lat' dir='ltr'><strong>ab</strong></span> <span class='ocrx_word' id='word_1_813' title='bbox 2644 5083 2709 5119; x_wconf 90' lang='lat' dir='ltr'><strong>eo</strong></span> <span class='ocrx_word' id='word_1_814' title='bbox 2738 5067 3043 5119; x_wconf 84' lang='lat' dir='ltr'><strong>damnatos.</strong></span> <span class='ocrx_word' id='word_1_815' title='bbox 3096 5070 3191 5119; x_wconf 84' lang='lat' dir='ltr'><strong>sed</strong></span> <span class='ocrx_word' id='word_1_816' title='bbox 3238 5073 3401 5119; x_wconf 81' lang='lat' dir='ltr'><strong>etiam</strong></span> <span class='ocrx_word' id='word_1_817' title='bbox 3454 5069 3679 5119; x_wconf 85' lang='lat' dir='ltr'><strong>maxime</strong></span> <span class='ocrx_word' id='word_1_818' title='bbox 3713 5078 3810 5119; x_wconf 78' lang='lat' dir='ltr'><strong>ltro-</strong></span> 
     </span>
    </p>
   </div>
   <div class='ocr_carea' id='block_1_113' title="bbox 2308 5067 3810 5138">
    <p class='ocr_par' dir='ltr' id='par_1_113' title="bbox 2308 5067 3810 5138">
     <span class='ocr_line' id='line_1_115' title="bbox 2308 5067 3810 5138; baseline 0 -19"><span class='ocrx_word' id='word_1_819' title='bbox 2308 5068 2520 5138; x_wconf 82' lang='lat' dir='ltr'><strong>ynicntn</strong></span> <span class='ocrx_word' id='word_1_820' title='bbox 2550 5067 2619 5122; x_wconf 89' lang='lat' dir='ltr'><strong>ab</strong></span> <span class='ocrx_word' id='word_1_821' title='bbox 2644 5083 2709 5121; x_wconf 90' lang='lat' dir='ltr'><strong>eo</strong></span> <span class='ocrx_word' id='word_1_822' title='bbox 2738 5067 3043 5131; x_wconf 83' lang='lat' dir='ltr'><strong>damnatos,</strong></span> <span class='ocrx_word' id='word_1_823' title='bbox 3096 5070 3191 5123; x_wconf 88' lang='lat' dir='ltr'><strong>sed</strong></span> <span class='ocrx_word' id='word_1_824' title='bbox 3238 5067 3401 5125; x_wconf 82' lang='lat' dir='ltr'><strong>etiam</strong></span> <span class='ocrx_word' id='word_1_825' title='bbox 3454 5069 3679 5138; x_wconf 84' lang='lat' dir='ltr'><strong>maxime</strong></span> <span class='ocrx_word' id='word_1_826' title='bbox 3713 5078 3810 5128; x_wconf 81' lang='lat' dir='ltr'><strong>pro-</strong></span> 
     </span>
    </p>
   </div>
   <div class='ocr_carea' id='block_1_114' title="bbox 2270 5137 3811 5210">
    <p class='ocr_par' dir='ltr' id='par_1_114' title="bbox 2270 5137 3811 5210">
     <span class='ocr_line' id='line_1_116' title="bbox 2270 5137 3811 5210; baseline 0 -20"><span class='ocrx_word' id='word_1_827' title='bbox 2270 5147 2388 5210; x_wconf 79' lang='lat' dir='ltr'><strong>pter</strong></span> <span class='ocrx_word' id='word_1_828' title='bbox 2422 5138 2743 5204; x_wconf 68' lang='lat' dir='ltr'><strong>Apollinarii</strong></span> <span class='ocrx_word' id='word_1_829' title='bbox 2780 5154 2993 5210; x_wconf 82' lang='lat' dir='ltr'><strong>errores</strong></span> <span class='ocrx_word' id='word_1_830' title='bbox 3022 5141 3090 5191; x_wconf 89' lang='lat' dir='ltr'><strong>ab</strong></span> <span class='ocrx_word' id='word_1_831' title='bbox 3119 5141 3307 5194; x_wconf 88' lang='lat' dir='ltr'><strong>eodem</strong></span> <span class='ocrx_word' id='word_1_832' title='bbox 3341 5142 3504 5210; x_wconf 83' lang='lat' dir='ltr'><strong>epist.</strong></span> <span class='ocrx_word' id='word_1_833' title='bbox 3537 5137 3570 5190; x_wconf 71' lang='grc' dir='ltr'>ὅ</span> <span class='ocrx_word' id='word_1_834' title='bbox 3595 5139 3657 5191; x_wconf 87' lang='lat' dir='ltr'><strong>ad</strong></span> <span class='ocrx_word' id='word_1_835' title='bbox 3697 5138 3811 5210; x_wconf 69' lang='lat' dir='ltr'><strong>Pau-</strong></span> 
     </span>
    </p>
   </div>
   <div class='ocr_carea' id='block_1_115' title="bbox 2268 5206 3812 5280">
    <p class='ocr_par' dir='ltr' id='par_1_115' title="bbox 2268 5206 3812 5280">
     <span class='ocr_line' id='line_1_117' title="bbox 2268 5206 3812 5280; baseline -0.002 -16"><span class='ocrx_word' id='word_1_836' title='bbox 2268 5206 2439 5264; x_wconf 88' lang='lat' dir='ltr'><strong>linum</strong></span> <span class='ocrx_word' id='word_1_837' title='bbox 2513 5210 2845 5280; x_wconf 74' lang='lat' dir='ltr'><strong>proscriptos</strong></span> <span class='ocrx_word' id='word_1_838' title='bbox 2875 5251 2889 5275; x_wconf 91' lang='lat'><strong>,</strong></span> <span class='ocrx_word' id='word_1_839' title='bbox 2960 5209 3044 5262; x_wconf 83' lang='lat' dir='ltr'><strong>hic</strong></span> <span class='ocrx_word' id='word_1_840' title='bbox 3104 5206 3588 5267; x_wconf 78' lang='lat' dir='ltr'><strong>commemoratum</strong></span> <span class='ocrx_word' id='word_1_841' title='bbox 3644 5207 3812 5263; x_wconf 81' lang='lat' dir='ltr'><strong>intelli-</strong></span> 
     </span>
    </p>
   </div>
   <div class='ocr_carea' id='block_1_116' title="bbox 2267 5288 2537 5349">
    <p class='ocr_par' dir='ltr' id='par_1_116' title="bbox 2267 5288 2537 5349">
     <span class='ocr_line' id='line_1_118' title="bbox 2267 5288 2537 5349; baseline -0.011 -13"><span class='ocrx_word' id='word_1_842' title='bbox 2267 5293 2396 5349; x_wconf 74' lang='lat' dir='ltr'><strong>gere</strong></span> <span class='ocrx_word' id='word_1_843' title='bbox 2414 5288 2537 5349; x_wconf 81' lang='lat' dir='ltr'><strong>est.</strong></span> 
     </span>
    </p>
   </div>
   <div class='ocr_carea' id='block_1_117' title="bbox 2342 5348 3023 5418">
    <p class='ocr_par' dir='ltr' id='par_1_117' title="bbox 2342 5348 3023 5418">
     <span class='ocr_line' id='line_1_119' title="bbox 2342 5348 3023 5418; baseline -0.003 -13"><span class='ocrx_word' id='word_1_844' title='bbox 2342 5359 2370 5398; x_wconf 76' lang='grc' dir='ltr'><strong><em>ε</em></strong></span> <span class='ocrx_word' id='word_1_845' title='bbox 2396 5348 3023 5418; x_wconf 62' lang='lat' dir='ltr'><strong>Constantinopolitanae.</strong></span> 
     </span>
    </p>
   </div>
   <div class='ocr_carea' id='block_1_118' title="bbox 2349 5417 3811 5495">
    <p class='ocr_par' dir='ltr' id='par_1_118' title="bbox 2349 5417 3811 5495">
     <span class='ocr_line' id='line_1_120' title="bbox 2349 5417 3811 5495; baseline -0.001 -18"><span class='ocrx_word' id='word_1_846' title='bbox 2349 5417 2651 5495; x_wconf 43' lang='lat' dir='ltr'><strong>{Grazcum</strong></span> <span class='ocrx_word' id='word_1_847' title='bbox 2704 5424 2924 5495; x_wconf 75' lang='lat' dir='ltr'><strong>verbum</strong></span> <span class='ocrx_word' id='word_1_848' title='bbox 2963 5424 3158 5483; x_wconf 85' lang='lat' dir='ltr'><strong>Latino</strong></span> <span class='ocrx_word' id='word_1_849' title='bbox 3198 5425 3638 5495; x_wconf 69' lang='lat' dir='ltr'><strong>exspectabantur,</strong></span> <span class='ocrx_word' id='word_1_850' title='bbox 3663 5422 3811 5495; x_wconf 77' lang='lat' dir='ltr'><strong>aptius</strong></span> 
     </span>
    </p>
   </div>
   <div class='ocr_carea' id='block_1_119' title="bbox 2272 5492 3809 5560">
    <p class='ocr_par' dir='ltr' id='par_1_119' title="bbox 2272 5492 3809 5560">
     <span class='ocr_line' id='line_1_121' title="bbox 2272 5492 3809 5560; baseline -0.001 -12"><span class='ocrx_word' id='word_1_851' title='bbox 2272 5493 2543 5551; x_wconf 86' lang='lat' dir='ltr'><strong>redditum</strong></span> <span class='ocrx_word' id='word_1_852' title='bbox 2585 5505 2747 5549; x_wconf 87' lang='lat' dir='ltr'><strong>esset.</strong></span> <span class='ocrx_word' id='word_1_853' title='bbox 2779 5494 2857 5550; x_wconf 86' lang='lat' dir='ltr'><strong>De</strong></span> <span class='ocrx_word' id='word_1_854' title='bbox 2897 5494 3104 5551; x_wconf 81' lang='lat' dir='ltr'><strong>Joanne</strong></span> <span class='ocrx_word' id='word_1_855' title='bbox 3133 5492 3474 5551; x_wconf 79' lang='lat' dir='ltr'><strong>Antiocheno</strong></span> <span class='ocrx_word' id='word_1_856' title='bbox 3513 5505 3570 5552; x_wconf 92' lang='lat' dir='ltr'><strong>et</strong></span> <span class='ocrx_word' id='word_1_857' title='bbox 3600 5495 3711 5550; x_wconf 89' lang='lat' dir='ltr'><strong>aliis</strong></span> <span class='ocrx_word' id='word_1_858' title='bbox 3735 5492 3809 5560; x_wconf 86' lang='lat' dir='ltr'><strong>qui</strong></span> 
     </span>
    </p>
   </div>
   <div class='ocr_carea' id='block_1_120' title="bbox 2264 5565 3807 5637">
    <p class='ocr_par' dir='ltr' id='par_1_120' title="bbox 2264 5565 3807 5637">
     <span class='ocr_line' id='line_1_122' title="bbox 2264 5565 3807 5637; baseline -0.005 -15"><span class='ocrx_word' id='word_1_859' title='bbox 2264 5579 2386 5637; x_wconf 82' lang='lat' dir='ltr'><strong>cum</strong></span> <span class='ocrx_word' id='word_1_860' title='bbox 2417 5581 2485 5619; x_wconf 89' lang='lat' dir='ltr'><strong>eo</strong></span> <span class='ocrx_word' id='word_1_861' title='bbox 2510 5576 2686 5637; x_wconf 77' lang='lat' dir='ltr'><strong>erant,</strong></span> <span class='ocrx_word' id='word_1_862' title='bbox 2716 5565 2819 5637; x_wconf 85' lang='lat' dir='ltr'><strong>hoc</strong></span> <span class='ocrx_word' id='word_1_863' title='bbox 2846 5565 3045 5620; x_wconf 58' lang='lat' dir='ltr'><strong>dictum</strong></span> <span class='ocrx_word' id='word_1_864' title='bbox 3079 5581 3199 5623; x_wconf 88' lang='lat' dir='ltr'><strong>esse</strong></span> <span class='ocrx_word' id='word_1_865' title='bbox 3229 5565 3387 5622; x_wconf 83' lang='lat' dir='ltr'><strong>facile</strong></span> <span class='ocrx_word' id='word_1_866' title='bbox 3416 5568 3639 5637; x_wconf 78' lang='lat' dir='ltr'><strong>quisque</strong></span> <span class='ocrx_word' id='word_1_867' title='bbox 3666 5565 3807 5619; x_wconf 87' lang='lat' dir='ltr'><strong>videt.</strong></span> 
     </span>
    </p>
   </div>
   <div class='ocr_carea' id='block_1_121' title="bbox 583 5625 3810 5708">
    <p class='ocr_par' dir='ltr' id='par_1_121' title="bbox 583 5625 3810 5708">
     <span class='ocr_line' id='line_1_123' title="bbox 583 5625 3810 5708; baseline 0.002 -26"><span class='ocrx_word' id='word_1_868' title='bbox 583 5625 653 5685; x_wconf 81' lang='lat' dir='ltr'><strong>aii</strong></span> <span class='ocrx_word' id='word_1_869' title='bbox 690 5631 756 5685; x_wconf 88' lang='lat' dir='ltr'><strong>ad</strong></span> <span class='ocrx_word' id='word_1_870' title='bbox 787 5645 848 5687; x_wconf 89' lang='lat' dir='ltr'><strong>se</strong></span> <span class='ocrx_word' id='word_1_871' title='bbox 872 5625 1229 5699; x_wconf 81' lang='lat' dir='ltr'><strong>confugientis</strong></span> <span class='ocrx_word' id='word_1_872' title='bbox 1258 5625 1698 5708; x_wconf 55' lang='lat' dir='ltr'><strong>callStllll,_(l_oll§C</strong></span> <span class='ocrx_word' id='word_1_873' title='bbox 1720 5625 1835 5687; x_wconf 82' lang='lat' dir='ltr'><strong>sedi</strong></span> <span class='ocrx_word' id='word_1_874' title='bbox 1864 5647 1977 5708; x_wconf 70' lang='lat' dir='ltr'><strong>sine</strong></span> <span class='ocrx_word' id='word_1_875' title='bbox 2004 5635 2159 5689; x_wconf 87' lang='lat' dir='ltr'><strong>resti—</strong></span> <span class='ocrx_word' id='word_1_876' title='bbox 2261 5635 2367 5693; x_wconf 89' lang='lat' dir='ltr'><strong>Sed</strong></span> <span class='ocrx_word' id='word_1_877' title='bbox 2403 5646 2563 5690; x_wconf 87' lang='lat' dir='ltr'><strong>antea</strong></span> <span class='ocrx_word' id='word_1_878' title='bbox 2601 5625 2883 5692; x_wconf 28' lang='lat' dir='ltr'><strong>Ne’storius</strong></span> <span class='ocrx_word' id='word_1_879' title='bbox 2915 5637 3048 5692; x_wconf 68' lang='lat' dir='ltr'><strong>falso</strong></span> <span class='ocrx_word' id='word_1_880' title='bbox 3092 5649 3321 5708; x_wconf 87' lang='lat' dir='ltr'><strong>negatur</strong></span> <span class='ocrx_word' id='word_1_881' title='bbox 3362 5625 3604 5694; x_wconf 63' lang='lat' dir='ltr'><strong>rationein</strong></span> <span class='ocrx_word' id='word_1_882' title='bbox 3629 5636 3810 5692; x_wconf 70' lang='lat' dir='ltr'><strong>reddat</strong></span> 
     </span>
    </p>
   </div>
   <div class='ocr_carea' id='block_1_122' title="bbox 592 5702 2157 5772">
    <p class='ocr_par' dir='ltr' id='par_1_122' title="bbox 592 5702 2157 5772">
     <span class='ocr_line' id='line_1_124' title="bbox 592 5702 2157 5772; baseline 0.004 -19"><span class='ocrx_word' id='word_1_883' title='bbox 592 5710 857 5770; x_wconf 88' lang='lat' dir='ltr'><strong>tueretur,</strong></span> <span class='ocrx_word' id='word_1_884' title='bbox 884 5715 1225 5772; x_wconf 85' lang='lat' dir='ltr'><strong>propugnare</strong></span> <span class='ocrx_word' id='word_1_885' title='bbox 1249 5715 1354 5755; x_wconf 89' lang='lat' dir='ltr'><strong>non</strong></span> <span class='ocrx_word' id='word_1_886' title='bbox 1386 5702 1616 5767; x_wconf 84' lang='lat' dir='ltr'><strong>destitit;</strong></span> <span class='ocrx_word' id='word_1_887' title='bbox 1650 5702 1934 5765; x_wconf 81' lang='lat' dir='ltr'><strong>Damasum</strong></span> <span class='ocrx_word' id='word_1_888' title='bbox 1964 5705 2018 5758; x_wconf 92' lang='lat' dir='ltr'><strong>in</strong></span> <span class='ocrx_word' id='word_1_889' title='bbox 2047 5720 2157 5759; x_wconf 86' lang='lat' dir='ltr'><strong>nte-</strong></span> 
     </span>
    </p>
   </div>
   <div class='ocr_carea' id='block_1_123' title="bbox 596 5771 2155 5843">
    <p class='ocr_par' dir='ltr' id='par_1_123' title="bbox 596 5771 2155 5843">
     <span class='ocr_line' id='line_1_125' title="bbox 596 5771 2155 5843; baseline 0.006 -22"><span class='ocrx_word' id='word_1_890' title='bbox 596 5772 738 5826; x_wconf 75' lang='lat' dir='ltr'><strong>diuut</strong></span> <span class='ocrx_word' id='word_1_891' title='bbox 775 5772 1012 5837; x_wconf 75' lang='lat' dir='ltr'><strong>proferre</strong></span> <span class='ocrx_word' id='word_1_892' title='bbox 1039 5771 1364 5843; x_wconf 86' lang='lat' dir='ltr'><strong>maluerunt,</strong></span> <span class='ocrx_word' id='word_1_893' title='bbox 1390 5783 1449 5826; x_wconf 90' lang='lat' dir='ltr'><strong>ut</strong></span> <span class='ocrx_word' id='word_1_894' title='bbox 1473 5772 1562 5841; x_wconf 91' lang='lat' dir='ltr'><strong>qui</strong></span> <span class='ocrx_word' id='word_1_895' title='bbox 1585 5773 1898 5843; x_wconf 87' lang='lat' dir='ltr'><strong>Apollinarii</strong></span> <span class='ocrx_word' id='word_1_896' title='bbox 1930 5776 2155 5830; x_wconf 87' lang='lat' dir='ltr'><strong>damna-</strong></span> 
     </span>
    </p>
   </div>
   <div class='ocr_carea' id='block_1_124' title="bbox 565 5834 2148 5912">
    <p class='ocr_par' dir='ltr' id='par_1_124' title="bbox 565 5834 2148 5912">
     <span class='ocr_line' id='line_1_126' title="bbox 565 5834 2148 5912; baseline 0.001 -12"><span class='ocrx_word' id='word_1_897' title='bbox 565 5834 671 5911; x_wconf 57' lang='lat' dir='ltr'><strong>ira</strong></span> <span class='ocrx_word' id='word_1_898' title='bbox 696 5834 974 5905; x_wconf 69' lang='lat' dir='ltr'><strong>haeresim,</strong></span> <span class='ocrx_word' id='word_1_899' title='bbox 1005 5857 1195 5908; x_wconf 83' lang='lat' dir='ltr'><strong>quanta</strong></span> <span class='ocrx_word' id='word_1_900' title='bbox 1232 5834 1438 5912; x_wconf 81' lang='lat' dir='ltr'><strong>Cyrillo</strong></span> <span class='ocrx_word' id='word_1_901' title='bbox 1473 5834 1823 5899; x_wconf 76' lang='lat' dir='ltr'><strong>instauratum</strong></span> <span class='ocrx_word' id='word_1_902' title='bbox 1866 5847 2148 5909; x_wconf 86' lang='lat' dir='ltr'><strong>volebant,</strong></span> 
     </span>
    </p>
   </div>
   <div class='ocr_carea' id='block_1_125' title="bbox 2260 5708 2540 5776">
    <p class='ocr_par' dir='ltr' id='par_1_125' title="bbox 2260 5708 2540 5776">
     <span class='ocr_line' id='line_1_127' title="bbox 2260 5708 2540 5776; baseline 0.007 -13"><span class='ocrx_word' id='word_1_903' title='bbox 2260 5708 2540 5776; x_wconf 75' lang='lat' dir='ltr'><strong>expetitus.</strong></span> 
     </span>
    </p>
   </div>
   <div class='ocr_carea' id='block_1_126' title="bbox 2339 5776 2959 5843">
    <p class='ocr_par' dir='ltr' id='par_1_126' title="bbox 2339 5776 2959 5843">
     <span class='ocr_line' id='line_1_128' title="bbox 2339 5776 2959 5843; baseline 0.003 -11"><span class='ocrx_word' id='word_1_904' title='bbox 2339 5778 2355 5816; x_wconf 74' lang='grc' dir='ltr'>ί</span> <span class='ocrx_word' id='word_1_905' title='bbox 2386 5776 2573 5843; x_wconf 83' lang='lat' dir='ltr'><strong>Forte,</strong></span> <span class='ocrx_word' id='word_1_906' title='bbox 2603 5778 2959 5838; x_wconf 79' lang='lat' dir='ltr'><strong>sententiabat.</strong></span> 
     </span>
    </p>
   </div>
   <div class='ocr_carea' id='block_1_127' title="bbox 2336 5844 3807 5919">
    <p class='ocr_par' dir='ltr' id='par_1_127' title="bbox 2336 5844 3807 5919">
     <span class='ocr_line' id='line_1_129' title="bbox 2336 5844 3807 5919; baseline 0.003 -20"><span class='ocrx_word' id='word_1_907' title='bbox 2336 5848 2352 5899; x_wconf 86' lang='lat' dir='ltr'><strong>i</strong></span> <span class='ocrx_word' id='word_1_908' title='bbox 2401 5848 2636 5912; x_wconf 70' lang='lat' dir='ltr'><strong>Warsum</strong></span> <span class='ocrx_word' id='word_1_909' title='bbox 2685 5850 2771 5905; x_wconf 89' lang='lat' dir='ltr'><strong>hic</strong></span> <span class='ocrx_word' id='word_1_910' title='bbox 2829 5850 3221 5919; x_wconf 71' lang='lat' dir='ltr'><strong>praeferendum</strong></span> <span class='ocrx_word' id='word_1_911' title='bbox 3273 5852 3467 5911; x_wconf 76' lang='lat' dir='ltr'><strong>fuisset</strong></span> <span class='ocrx_word' id='word_1_912' title='bbox 3512 5844 3807 5914; x_wconf 70' lang='lat' dir='ltr'><strong>exspectabo-</strong></span> 
     </span>
    </p>
   </div>
  </div>
