4018 6338
329 307 429 366 597

767 303 982 363 EPIST.
1020 303 1108 362 IV.
1153 303 1477 363 EU'I‘HERII
1517 303 1909 362 TYANENSIS
1946 302 2188 372 EPISC.,
2229 305 2408 376 £76.,
2451 305 2546 364 AD
2574 304 2871 366 'XYSTUM
2909 307 3164 368 PAPAM.

3483 316 3590 374 598

331 429 384 477 at
409 429 464 476 et
504 419 598 476 ille
633 417 724 489 qui
749 418 1142 474 Antiochenam
1187 418 1409 474 tenebat
1439 417 1741 484 Ecclesium
1771 416 1890 486 Dei,
1922 421 1975 481 Α
1997 427 2161 488 atque
2194 420 2486 478 concilium
2508 465 2522 489 ,
2575 421 2799 492 etquod
2840 424 3092 482 omnibus
3135 425 3448 494 placuisset,
3484 444 3588 484 una

327 525 444 587 post
475 515 592 570 haec
620 515 866 578 veniens,
903 511 1161 586 Cyrillum
1203 512 1420 583 quidem
1461 521 1518 570 et
1555 512 1899 580 Memnonem

323 607 654 666 damnationi
681 606 981 677 subjiceret
1022 607 1296 662 communi
1321 615 1348 644 ι
1374 605 1598 661 decreto
1624 605 1738 661 Deo
1765 606 1898 674 ami-

322 702 658 760 cissimorum
706 700 1280 771 sanctissimorumque
1317 701 1694 770 episcoporum
1725 713 1898 769 usque

320 796 384 854 ad
412 796 602 868 viginti
623 795 856 851 duorum
878 793 1442 862 metropolitanorum,
1463 799 1899 861 caneret-umque

317 891 405 962 qui
431 885 639 961 pariter
667 889 914 959 aderant,
942 888 1035 959 qui
1065 886 1194 944 illos
1224 887 1498 942 haereseos
1523 899 1587 941 ac
1613 883 1898 940 seditionis

318 983 591 1054 principes
635 982 953 1054 iudicarunt
999 992 1058 1037 et
1094 979 1590 1037 ecclesiasticarum
1617 977 1646 1018 ιι
1667 978 1896 1035 aemulos

314 1077 684 1142 sanctionum;
729 1085 958 1132 caeteros
983 1090 1111 1130 vero
1139 1073 1229 1144 qui
1271 1073 1356 1129 eis
1399 1071 1466 1128 ad
1495 1071 1676 1127 omnia
1705 1071 1896 1130 incon-

309 1185 442 1241 grua
471 1171 766 1240 complices
798 1169 1146 1232 exstiterant,
1179 1166 1387 1222 alienos
1435 1181 1465 1220 a
1507 1165 1894 1220 communione

310 1263 575 1320 iecerunt.
619 1263 728 1319 Sed
761 1263 838 1317 illi
869 1261 1071 1333 egregii
1104 1271 1296 1316 contra
1326 1262 1613 1316 veritatem
1647 1259 1808 1316 simul
1837 1269 1893 1316 et
1948 1283 1956 1290 ε

306 1355 522 1426 regulas
558 1355 915 1425 sibimetipsis
964 1353 1352 1422 indulgentiam
1391 1353 1726 1423 relaxantes,
1781 1361 1892 1408 ter-

304 1447 539 1502 ribilium
591 1446 970 1519 mysteriorum
1027 1445 1470 1500 communionem
1526 1444 1892 1502 irreverenter

302 1539 406 1596 sibi
432 1541 690 1594 continuo
719 1548 1211 1608 praesumpserant;
1254 1537 1388 1592 alios
1423 1551 1550 1592 vero
1585 1539 1890 1594 communi-

299 1649 425 1691 care
456 1635 556 1690 sibi
589 1634 891 1704 periculose
919 1632 1167 1689 fecerunt
1198 1651 1211 1687 :
1241 1633 1316 1688 ita
1356 1641 1413 1687 ut
1459 1645 1651 1688 omnes
1689 1630 1888 1688 divinae

299 1728 503 1797 regulae
532 1738 553 1766 ε
583 1727 806 1782 decreto
831 1726 1169 1797 subjaceant,
1193 1739 1316 1795 quae
1343 1739 1439 1780 eos
1465 1726 1556 1795 qui
1587 1725 1660 1779 ita
1693 1734 1886 1795 regunt

296 1823 526 1876 omnino
559 1822 898 1886 perdamnat.

363 1915 421 1969 6.
468 1915 594 1970 time
624 1915 911 1970 addiscens
959 1914 1070 1970 Deo
1103 1913 1465 1970 amicissimus
1493 1923 1552 1970 et
1592 1913 1768 1970 bonus
1803 1913 1885 1967 vi-

293 2020 411 2066 ctor
445 2010 718 2081 princeps,
770 2009 1027 2064 continuo
1069 2004 1363 2064 deﬁnivittl
1393 2023 1590 2064 vacare
1631 2022 1754 2078 qua
1801 2006 1882 2062 sic

289 2099 604 2158 inordinate
632 2102 1195 2172 inconsequenterque
1217 2108 1341 2155 sunt
1368 2109 1521 2170 gesta
1545 2109 1735 2156 contra
1757 2113 1880 2154 eum

287 2196 374 2267 qui
427 2197 483 2251 in
518 2196 668 2251 nullo
695 2195 978 2251 convictus
1006 2205 1110 2262 est,
1151 2194 1383 2264 abrupte
1414 2209 1545 2249 vero
1591 2202 1647 2249 et
1677 2193 1881 2248 furiose

283 2287 568 2355 addictus;
599 2289 780 2344 denuo
828 2299 1010 2342 autem
1056 2286 1125 2342 de
1165 2286 1420 2356 dogmate
1463 2300 1585 2338 cum
1634 2283 1880 2340 veritatis

284 2396 476 2440 amore
506 2381 623 2438 ﬁeri
653 2383 1010 2452 quaestionem
1052 2395 1147 2447 per
1183 2378 1667 2448 interrogationem
1709 2388 1764 2434 et
1795 2395 1879 2434 re-

281 2478 642 2546 sponsionem
673 2485 729 2531 et
750 2475 1294 2541 demonstrationem,
1321 2488 1443 2544 quae
1471 2472 1731 2528 omnibus
1753 2487 1876 2526 sua-

279 2567 461 2635 deret,
501 2583 607 2623 non
635 2583 754 2640 qure
783 2568 1106 2622 auctoritate
1149 2567 1432 2637 tyrannica
1467 2568 1779 2635 imperaret.

346 2659 405 2716 7.
451 2658 535 2715 llli
579 2676 708 2714 vero
753 2659 819 2714 ad
867 2659 1191 2716 solutionem
1237 2672 1507 2712 canonum
1561 2657 1613 2712 id
1656 2674 1874 2728 quoque

278 2755 624 2825 adjecerunt,
657 2765 715 2810 ut
746 2770 846 2812 nec
872 2755 958 2811 bis
990 2755 1093 2826 piis
1117 2755 1312 2810 litteris
1343 2755 1661 2811 obedirent.
1697 2755 1766 2809 Et
1793 2757 1874 2810 ni-

277 2846 351 2906 hil
385 2848 459 2904 de
492 2849 599 2904 ﬁde
627 2848 808 2904 dicere
837 2848 924 2904 vel
954 2847 1140 2902 audire
1181 2848 1593 2918 acquiescentcs
1620 2848 1868 2912 ulterius,

275 2940 340 2996 ad
374 2941 556 2997 solam
591 2956 650 2997 se
697 2941 936 2998 universi
976 2940 1331 3011 pertinaciam
1374 2943 1741 2997 contulerunt.
1788 2941 1870 2998 Ad

273 3049 608 3091 consensum
628 3044 916 3104 cmperunt
935 3036 1136 3091 habere
1163 3035 1335 3104 iniqui
1357 3034 1568 3105 judicii,
1591 3035 1729 3092 alios
1749 3037 1868 3108 qui-

272 3126 401 3183 dem
437 3126 645 3196 fraude,
679 3129 816 3183 alios
846 3128 1124 3197 violentia,
1154 3129 1291 3184 alios
1319 3127 1579 3198 praemiis.

340 3222 404 3278 8.
437 3220 836 3294 Constupentes
863 3239 1027 3293 super
1066 3223 1152 3278 his
1184 3239 1306 3289 nos,
1341 3239 1439 3294 per
1471 3225 1700 3281 multum
1731 3235 1836 3282 tem

271 3329 373 3385 pus
424 3316 786 3386 rogabamus,
835 3317 1262 3383 obtestabamur,
1306 3331 1428 3372 cum
1469 3319 1616 3373 omni
1669 3318 1865 3376 ﬁducia

271 3409 731 3477 provocabamus,
757 3417 816 3464 ut
844 3410 976 3464 nihil
1005 3409 1454 3465 irrationabiliter
1485 3410 1639 3466 ﬁeret
1661 3421 1754 3466 aut
1785 3421 1864 3466 te-

269 3511 537 3567 neretur;
563 3500 661 3557 sed
687 3501 754 3556 de
781 3502 1082 3573 quastione
1118 3501 1343 3574 quidem
1371 3502 1684 3572 dogmatum
1713 3512 1770 3560 et
1793 3506 1862 3562 de

267 3594 468 3666 Cyrilli
505 3595 758 3665 capitulis
805 3595 1110 3652 communis
1158 3605 1556 3670 proponeretur
1597 3605 1861 3656 tractatus

267 3783 389 3844 tur,
438 3783 537 3828 hoc
564 3784 665 3838 est,
699 3777 766 3830 de
812 3791 919 3844 quo
949 3777 1398 3844 exspectabamus
1428 3778 1542 3834 fore
1585 3789 1644 3834 ut
1676 3782 1865 3838 multi-

265 3843 398 3914 plici
449 3850 730 3924 sententiae
773 3843 1138 3924 subjiciendus
1185 3861 1331 3905 esset
1370 3859 1429 3905 ut
1481 3866 1630 3920 reus,
1674 3852 1719 3907 is
1745 3855 1862 3924 ipse

263 3917 598 3972 sententiam
627 3919 758 3973 dicit
785 3928 843 3973 ut
868 3921 1054 3988 judex.

337 4019 364 4087 ἐ
395 4009 682 4087 Decretum
714 4013 960 4087 hoccunt
993 4011 1062 4066 45
1089 4013 1466 4087 episcoporum
1495 4015 1858 4087 subscriptio-

264 4081 638 4155 nibusexstat
671 4085 722 4136 in
749 4084 1019 4154 Ephesino
1041 4081 1419 4139 Conciliabula.
1453 4086 1584 4141 Lab.
1610 4081 1738 4141 toni.
1764 4089 1854 4155 ΙΙΙ,

264 4165 395 4222 pag.
441 4153 569 4209 598.
596 4154 714 4208 Mox
747 4157 1207 4225 lortelegendum,
1243 4167 1396 4228 atque
1419 4153 1856 4228 vigintiduorum.

336 4245 367 4284 δ
395 4246 515 4304 lloc
541 4258 642 4313 est,
675 4249 1014 4303 adversarios.
1065 4249 1294 4304 Eosdem
1340 4252 1392 4306 in
1429 4252 1652 4308 decreto
1697 4254 1860 4308 modo

262 4319 440 4392 citato
470 4319 549 4382 sic
572 4322 930 4387 compellant:
959 4319 1060 4388 Tu,
1093 4320 1289 4392 Cyrille
1316 4323 1685 4382 Alexandrina.
1705 4335 1753 4378 et
1780 4335 1856 4391 tu,

265 4387 522 4443 Memnon
568 4393 722 4464 hujus
768 4393 984 4446 civitatis
1023 4387 1283 4464 episcope,
1329 4397 1510 4448 scitote
1539 4411 1627 4449 vos
1655 4387 1858 4464 deposi;

263 4468 446 4535 tos....
475 4471 529 4514 ut
555 4463 641 4532 qui
671 4464 721 4516 in
757 4481 912 4518 causa
944 4464 1112 4535 fuistis
1143 4463 1207 4518 ut
1226 4463 1446 4519 Patrum
1485 4481 1707 4520 canones
1736 4483 1859 4521 eon-

263 4534 621 4604 cutcarentur.
661 4546 704 4587 et
744 4534 1107 4604 imperatorum
1143 4535 1348 4590 decreta
1391 4548 1854 4592 contemnerentur.

2005 512 2274 567 sententia
2309 512 2652 581 ﬁrmaretur;
2695 514 2764 572 de
2801 530 2866 570 eo
2896 524 2917 554 ο
2945 531 3073 581 vero
3121 518 3212 588 qui
3247 519 3586 588 tyrannidem

1995 600 2083 660 sic
2120 611 2307 671 aperte
2348 606 2664 674 pertulerat,
2702 607 2967 678 judicium
3015 625 3183 666 verax
3231 612 3386 667 fieret
3428 626 3590 682 atque

1999 693 2330 766 legitimum;
2363 709 2421 758 ut
2451 699 2733 756 convictus
2763 700 2981 772 quidem
3004 703 3074 758 de
3109 704 3466 773 corruptione
3495 724 3590 762 ve-

2001 789 2193 857 ritatis,
2223 791 2676 864 adjudicationem
2698 810 2938 854 consone
2972 799 3269 854 sustineret
3310 801 3377 855 ab
3408 802 3585 856 omni-

2000 881 2130 938 bus:
2163 884 2208 938 si
2241 899 2374 941 vero
2402 901 2468 942 ex
2493 895 2606 942 toto
2645 889 2897 944 innoxius
2924 890 3262 960 probaretur,
3295 891 3349 946 in
3383 893 3586 962 snsipto

1999 973 2277 1032 abdicaret
2301 976 2392 1032 illa
2418 979 2694 1034 nobiscum
2723 995 3077 1051 quaecumque
3103 982 3398 1053 incongrua
3420 981 3438 1020 τ
3464 984 3584 1054 qui-

1998 1069 2121 1126 dam
2143 1072 2229 1127 vel
2257 1070 2376 1141 ejus
2404 1087 2649 1142 personae
2674 1073 2758 1128 vel
2789 1089 2858 1130 ex
2893 1075 3126 1131 aliorum
3155 1077 3376 1134 nomine
3403 1093 3468 1133 ex
3490 1091 3584 1132 su-

1997 1167 2240 1236 spicione
2264 1176 2357 1222 aut
2388 1169 2739 1236 accusatione
2765 1168 3120 1239 jactaverant.

2067 1257 2120 1312 9.
2149 1256 2259 1314 Sed
2301 1259 2401 1314 ista
2432 1257 2648 1329 quidem
2691 1259 3051 1330 displicebant
3099 1262 3164 1318 iis
3199 1263 3290 1334 qui
3341 1277 3414 1320 ex
3463 1263 3577 1318 sola

1995 1352 2319 1409 auctoritate
2357 1353 2666 1422 devincere,
2713 1371 2820 1410 non
2860 1366 3041 1410 autem
3088 1355 3176 1411 vel
3225 1357 3456 1413 suadere
3487 1358 3576 1412 vel

1991 1445 2211 1501 suaderi
2261 1445 2535 1504 volebant.
2585 1447 2981 1518 Praecipiebant
3033 1463 3163 1505 vero
3208 1451 3473 1505 universis
3518 1459 3577 1504 ut

1991 1535 2218 1608 abrupte
2245 1537 2766 1595 anathematizarent
2800 1548 2856 1596 et
2899 1540 3229 1596 damnationi
3267 1542 3576 1596 subscribe-

1990 1639 2132 1686 rent.
2173 1630 2514 1700 Quicumque
2552 1638 2733 1687 autem
2781 1645 2840 1687 se
2881 1633 3160 1703 integriori
3194 1632 3572 1688 deliberationi

1989 1732 2281 1788 servasset,
2317 1723 2696 1792 damnabatur,
2729 1733 2755 1772 8
2781 1724 3135 1780 ordinabatur
3166 1726 3234 1779 ab
3265 1725 3364 1792 eis,
3407 1726 3576 1795 subji-

1915 1819 1962 1879 B
1987 1816 2228 1872 ciebatur
2257 1817 2564 1883 calumniis,
2597 1818 2754 1873 mala:
2781 1817 3040 1873 doctrinm
3067 1818 3384 1878 vocabatur.
3415 1818 3563 1873 Ordiv

1989 1911 2254 1964 nabantur
2302 1926 2402 1980 pro
2450 1910 2648 1966 talibus
2676 1909 2835 1966 alteri
2867 1928 2880 1964 :
2909 1912 3030 1982 quia
3076 1911 3381 1967 consentire
3415 1911 3554 1966 nolo»

1988 2003 2117 2058 bant
2147 2000 2172 2040 ι)
2200 2003 2422 2062 laudare
2466 2007 2684 2076 quidem
2729 2005 3074 2062 damnatione
3117 2005 3274 2077 digna
3313 2007 3566 2076 capitula,

1985 2095 2248 2152 damnare
2270 2113 2400 2153 vero
2423 2114 2544 2152 eum
2569 2098 2682 2169 qui,
2713 2107 2970 2169 quantum
3001 2113 3100 2153 nos
3126 2099 3333 2154 conscii
3361 2115 3568 2164 smnus,

1986 2189 2117 2244 nihil
2145 2190 2291 2244 aliud
2324 2190 2460 2245 dixit
2492 2191 2596 2246 nisi
2638 2206 2699 2246 ea
2741 2206 2864 2262 quae
2893 2206 2920 2245 a
2960 2192 3160 2247 sanctis
3206 2192 3484 2261 prepbetis
3515 2202 3570 2246 et

1983 2283 2327 2353 evangelistis
2349 2293 2403 2338 et
2429 2284 2691 2353 apostolis
2712 2299 2809 2354 per
2830 2284 3092 2355 Spiritum
3120 2295 3366 2340 sanctum
3398 2286 3567 2340 mani-

1982 2374 2118 2430 feste
2138 2386 2263 2430 sunt
2289 2375 2502 2430 tradita.

2054 2467 2139 2522 l0.
2193 2467 2456 2524 Volebam
2496 2469 2640 2524 enim
2692 2479 2745 2524 et
2782 2469 3052 2538 apostolos
3098 2468 3393 2536 criminari,
3439 2469 3564 2524 dum

1978 2583 2309 2642 supervacue
2367 2570 2678 2640 adjudicant
2721 2570 2870 2625 illum
2919 2571 3008 2640 qui
3058 2585 3121 2625 ea
3157 2586 3276 2640 qua:
3325 2571 3564 2639 ipsorum

1977 2684 2100 2729 sunt
2133 2672 2477 2745 praedicabat.
2505 2672 2692 2729 Talem
2731 2688 2960 2744 namque
3007 2684 3058 2728 et
3102 2688 3285 2728 eorum
3332 2689 3454 2742 qua:
3483 2672 3565 2728 di-

1975 2785 2167 2832 cuntur
2203 2786 2478 2846 gestorum
2522 2775 2768 2832 fecerunt
2818 2773 3125 2841 actionem,
3171 2784 3227 2829 ut
3272 2775 3565 2830 inconsona

1972 2889 2029 2933 et
2058 2878 2258 2934 incerta
2298 2878 2560 2933 adversus
2601 2877 2749 2932 illum
2794 2879 2966 2931 virum
2997 2876 3322 2947 proferrent,
3362 2884 3418 2931 et
3447 2876 3559 2945 ple-

1971 2997 2197 3053 rumque
2226 2981 2726 3049 irreprehensibilia
2765 2982 3223 3048 reprehenderent
3258 2997 3274 3034 :
3310 2981 3434 3046 Cur,
3478 2981 3558 3034 in-

1970 3083 2176 3156 quiunt,
2204 3080 2477 3136 Nestorius
2507 3083 2662 3150 dixit,
2687 3083 2828 3154 quod
2855 3083 3030 3152 passio
3047 3099 3149 3137 non
3174 3082 3435 3147 deitatem,
3469 3081 3563 3134 sed

1850 3258 1866 3269 ο
1894 3199 1940 3262 C
1970 3185 2348 3241 humanitatem
2388 3184 2580 3241 Christi
2619 3185 2634 3224 ί
2667 3187 2934 3258 attigerit?
2969 3185 3236 3241 interdum
3267 3201 3397 3241 vero
3429 3183 3560 3238 falsa

1976 3292 2302 3360 scriberent,
2354 3290 2608 3362 ponendo
2653 3290 2800 3360 quod
2847 3291 2916 3345 ab
2971 3291 3086 3359 ipso
3136 3289 3276 3344 dicta
3326 3287 3562 3342 fuissent

1973 3393 2138 3450 verba
2183 3409 2300 3464 qua:
2355 3407 2455 3448 nec
2503 3392 2832 3462 quicumque
2882 3392 3198 3457 inﬁdelium,
3241 3389 3409 3445 itmno
3461 3405 3561 3444 nec

1969 3497 2264 3569 agrestium
2291 3495 2623 3562 daemonum,
2655 3495 2838 3550 dicere
2870 3495 3326 3564 prmsumpsisset,
3362 3492 3411 3546 id
3447 3501 3553 3558 est,

1967 3601 2107 3675 quod
2157 3597 2395 3656 Christus
2435 3595 2612 3654 essetl
2654 3597 2892 3652 Christus
2944 3596 3179 3665 Domini,
3232 3596 3364 3651 sicut
3405 3594 3559 3663 Saul,

1967 3783 2339 3858 Chrysostomi
2369 3786 2712 3843 adversarios
2741 3788 2938 3844 abnsos
2971 3803 3090 3844 esse
3121 3786 3553 3843 observavimus.

2038 3865 2064 3904 ά
2097 3867 2241 3923 Inter
2283 3877 2398 3923 acta
2448 3867 2709 3938 Ephesini
2751 3870 3093 3925 conciliabuli
3137 3884 3258 3939 pag.
3299 3869 3404 3924 705
3440 3868 3555 3922 haec

1964 3937 2259 3993 Theodosii
2290 3937 2506 3994 sanctio
2531 3939 2784 3997 habetur.

2041 4027 2064 4056 ε
2087 4018 2358 4076 Nestorio.

2041 4097 2061 4136 τ
2090 4099 2298 4168 Negare
2344 4115 2449 4154 non
2484 4102 2703 4166 audent,
2756 4101 3038 4172 incongrua
3084 4100 3369 4172 etrscripto
3399 4098 3553 4151 ubdi-
3613 4123 3618 4131 -

1964 4172 2134 4224 cauda
2167 4187 2288 4226 esse
2307 4189 2364 4225 ea
2390 4187 2616 4242 quorum
2647 4188 2805 4227 causa
2829 4171 3110 4226 Nestorius
3136 4171 3418 4226 damnatus
3442 4182 3550 4224 est.

2039 4252 2066 4292 ⁸
2090 4253 2364 4308 Orationis
2384 4255 2553 4307 series
2582 4256 2814 4320 postulat
2837 4253 3190 4317 abdicabatur,
3217 4267 3308 4306 seu
3329 4251 3548 4322 depone-

1964 4321 2112 4376 batur
2141 4323 2202 4376 ab
2233 4325 2326 4388 eis,
2366 4333 2455 4378 aut
2485 4324 2609 4390 quid
2638 4324 2835 4379 simile.

2037 4400 2297 4459 hClarius
2343 4404 2443 4458 hoc
2491 4404 2562 4458 ita
2612 4403 2915 4467 efferretur,
2949 4405 3069 4473 quia
3109 4419 3225 4456 cum
3271 4403 3374 4456 itt'is
3411 4404 3552 4455 ineo

1962 4476 2244 4547 consentire
2287 4473 2546 4541 nolebant,
2577 4484 2636 4529 ut
2673 4476 2940 4530 laudarent
2977 4476 3182 4547 quidem
3220 4474 3551 4528 damnatione

1963 4545 2121 4614 digna
2141 4547 2388 4613 capitula,
2409 4547 2711 4600 damnarent
2740 4564 2876 4602 erro.
2901 4545 3053 4612 Qu0d
3090 4558 3268 4601 autem
3302 4549 3551 4613 proxime

266 4601 376 4690 ΗΜ
417 4604 715 4690 θδξθιὝθΐβ
760 4601 861 4670 “31s
905 4606 952 4660 id
988 4607 1140 4689 ,(111φά
1190 4607 1302 4662 “lic
1345 4606 1564 4690 Ραζνωῖι
1610 4626 1854 4690 “molles.
1885 4612 1940 4674 D
1965 4601 2215 4684 legimus;
2251 4601 2641 4690 Ordinabantur
2666 4601 2760 4690 pro
2783 4601 2968 4673 taltbits
2993 4618 3166 4686 alteri,
3200 4601 3433 4690 tnaiune
3465 4617 3551 4667 di-

266 4673 360 4748 l_tic
407 4675 780 4748 ecclesiasticas
835 4673 1218 4733 constitutiones
1264 4681 1470 4734 vocari.
1525 4681 1642 4748 Ipsa
1695 4673 1854 4735 etiam

261 4743 512 4822 Joannes
565 4746 617 4800 in
664 4749 934 4822 promotio
970 4750 1254 4822 sententia:
1291 4743 1561 4807 adversus
1595 4752 1858 4822 Cyrillum

263 4831 316 4870 et
364 4816 709 4897 Memnonem
757 4820 976 4887 prolata:
1015 4820 1378 4876 locutionibus
1428 4822 1618 4878 iisdem
1641 4816 1860 4894 'promi-

265 4902 405 4941 scue
434 4896 618 4942 υιηυΐο

348 4993 371 5018 ε
398 4981 725 5037 Antiocheni
777 4983 1032 5038 videlicet
1075 4985 1325 5050 concilii,
1379 4985 1535 5053 cujus
1581 5002 1794 5045 canone
1824 4989 1858 5043 4

265 5053 623 5130 canIituitur
656 5071 669 5106 :
700 5054 760 5108 Si
801 5057 914 5125 quis
941 5057 1210 5130 episcopus
1235 5075 1273 5130 a7
1289 5058 1486 5128 synodo
1513 5059 1668 5128 fuerit
1696 5061 1859 5130 depo-

265 5125 497 5197 situm...
528 5135 578 5178 et
598 5129 980 5197 prmumpserit
1003 5125 1277 5182 sacerdotii
1307 5125 1394 5181 seu
1421 5125 1559 5184 sacri
1580 5125 1850 5186 ministerii

264 5195 501 5272 aliquam
529 5200 799 5272 actionem,
823 5195 933 5272 non
972 5200 1016 5272 ei
1039 5198 1261 5272 amplius
1295 5201 1446 5254 liceat
1475 5218 1637 5272 neque
1662 5203 1715 5256 in
1744 5201 1852 5256 alia

263 5267 470 5335 synodo
511 5284 654 5335 spem
684 5271 1020 5322 restitu'ionis
1053 5267 1325 5324 habere....
1367 5273 1456 5326 sed
1495 5267 1851 5326 et'communi-

269 5349 448 5391 cantes
469 5339 516 5391 ei
537 5340 689 5410 adjici
714 5341 776 5393 ab
798 5337 1053 5393 Ecclesia.
1075 5341 1415 5410 Quapropter
1443 5342 1583 5396 infra
1616 5345 1856 5399 restitui-

266 5423 394 5480 mus
431 5410 750 5480 perdamnat,
790 5411 875 5463 ubi
917 5411 1199 5465 obtinebat
1239 5415 1600 5478 perdamnant.
1643 5415 1854 5472 Clarius

268 5479 644 5557 legereturput
673 5498 846 5534 omnes
871 5483 1164 5557 subiaceant
1193 5484 1397 5537 decreto
1423 5485 1612 5540 divina
1638 5488 1853 5557 regulae,

264 5567 403 5626 qum.
438 5552 542 5606 Sed
576 5553 715 5605 hunc
746 5567 1013 5626 canonem
1043 5554 1097 5606 in
1121 5557 1266 5622 ipsos
1293 5557 1378 5624 qui
1415 5557 1562 5610 illum
1597 5552 1859 5626 objiciunt

266 5622 428 5694 facile
457 5634 775 5690 retorquere
802 5625 947 5687 licet,
976 5625 1236 5694 siquidem
1262 5622 1637 5683 communione
1662 5622 1855 5684 Nesto-

266 5692 340 5746 rii
374 5709 476 5745 non
491 5694 854 5769 _absisteltant_,
883 5692 1052 5769 quem
1074 5695 1350 5753 leestini
1369 5698 1618 5769 iejusque
1643 5701 1857 5756 concilii

265 5761 564 5838 sententia,
615 5779 662 5838 a7
696 5773 774 5820 tot
811 5761 1096 5835 Ephesium
1142 5771 1331 5838 synodi
1367 5761 1614 5826 Patribus
1657 5772 1856 5826 conﬁr—

268 5843 440 5894 mata,
481 5834 782 5898 depositum
816 5834 1100 5895 noverant.
1153 5834 1356 5897 Eodem
1389 5841 1612 5898 decreto
1637 5842 1862 5901 Joannis

1963 4698 2107 4760 ctum
2133 4699 2214 4742 est
2245 4697 2463 4758 propter
2489 4687 2814 4752 Nestorium.
2842 4690 2994 4760 cujus
3022 4690 3140 4743 loci»
3163 4687 3450 4760 ordinatus
3468 4696 3554 4760 est

1965 4757 2342 4813 Maximianus.
2377 4764 2458 4814 An
2495 4760 2745 4816 similiter
2786 4762 2876 4816 alii
2908 4757 3146 4816 aliorum
3179 4759 3312 4814 locis
3343 4757 3554 4812 suffecti

1963 4830 2097 4895 sint,
2124 4833 2454 4897 ignoramus.
2495 4830 2726 4886 Tantum
2760 4833 2944 4902 plures
2975 4851 3003 4884 ρ
3039 4831 3259 4885 svdibus
3283 4831 3398 4884 suis
3431 4828 3551 4899 pul-

1961 4914 2056 4956 sos
2083 4917 2203 4956 esse
2232 4919 2380 4956 num.
2419 4904 2472 4957 lt
2511 4911 2568 4958 et
2597 4904 2665 4958 12
2693 4904 2974 4976 perspicue
3003 4902 3282 4957 docemur.

2039 4980 2055 5020 ί
2084 4981 2142 5038 In
2171 4999 2236 5038 eo
2267 4999 2372 5039 non
2402 4995 2517 5038 erat
2551 4985 2970 5051 reprehensione
2998 4983 3216 5053 dignus.
3249 4980 3388 5050 quod
3414 4980 3552 5053 duas

1961 5053 2164 5126 Christi
2199 5065 2419 5110 naturas
2451 5054 2811 5124 distinguens,
2863 5052 3167 5126 passionem
3200 5052 3548 5126 hmnanitati,

1956 5141 2062 5180 non
2077 5125 2280 5190 deitati,
2315 5127 2676 5192 attribuebat;
2697 5127 2790 5182 sed
2817 5124 2981 5196 quod,
3015 5142 3254 5196 personae
3285 5124 3547 5196 unitatem

1955 5213 2061 5250 non
2083 5197 2390 5256 admittens.
2418 5198 2582 5252 Deum
2608 5214 2821 5268 passum
2834 5193 3094 5268 negabat,
3114 5197 3187 5250 uti
3204 5193 3427 5268 negabat
3453 5207 3552 5268 na-

1954 5267 2458 5341 tumsQuapropter
2498 5278 2551 5324 et
2593 5264 2831 5341 Deiparte
2874 5264 3066 5326 nomen
3101 5269 3280 5324 Maria:
3324 5264 3550 5319 nolebat

1955 5339 2194 5410 ascribi:
2233 5342 2332 5394 hoc
2374 5348 2582 5410 taptum
2631 5339 2943 5410 exigebatur
2983 5341 3052 5396 ab
3092 5356 3176 5403 eo,
3219 5348 3277 5392 ut
3329 5346 3552 5406 propter

1958 5409 2136 5481 unitas
2167 5413 2216 5464 in
2257 5426 2361 5464 una
2411 5405 2570 5468 Verbi
2601 5405 2834 5481 persona
2865 5422 3084 5466 naturas
3111 5411 3280 5465 Deum
3325 5405 3548 5478 passum

1956 5495 2079 5536 esse
2102 5480 2384 5538 fateretur.

2037 5559 2051 5610 l
2089 5560 2283 5628 Lupus,
2311 5564 2397 5630 qui
2423 5561 2551 5632 legit
2575 5560 2766 5617 Christi
2789 5562 3064 5625 Dominus.
3093 5569 3240 5617 recte
3264 5577 3295 5616 a
3322 5557 3540 5615 Baluzit

1963 5633 2283 5687 emendatus
2315 5644 2430 5698 est;
2465 5649 2724 5698 nusquam
2766 5637 2908 5689 enim
2943 5640 3018 5687 vel
3053 5635 3204 5694 Saul.
3236 5635 3320 5686 vel
3352 5632 3543 5694 Datitl,

1967 5703 2049 5756 vel
2078 5706 2273 5774 Cyrus,
2305 5714 2395 5758 aut
2422 5705 2598 5772 quivis
2618 5706 2752 5758 alius
2773 5703 2963 5763 Christi
2988 5705 3237 5759 Dominus
3267 5703 3442 5760 dictus
3465 5711 3546 5757 est

1967 5787 2057 5828 aut
2086 5775 2192 5829 dici
2230 5785 2410 5844 queat.
2449 5774 2599 5842 Quod
2644 5785 2821 5830 autem
2865 5777 3137 5832 llelladius
3167 5790 3218 5830 et
3251 5775 3550 5844 Eutherius

1965 5860 1996 5900 a
2022 5843 2273 5902 Nestorio
2302 5846 2502 5902 dictum
2534 5853 2750 5915 negant,
2778 5847 2876 5902 hoc
2904 5851 2971 5905 ab
3002 5850 3095 5903 itlo
3119 5851 3320 5904 dictum
3351 5860 3472 5903 esse
3492 5843 3551 5903 in
