4018 6338
234 316 320 381 601

881 312 1095 372 EPIST.
1142 312 1201 368 V.
1244 310 1450 369 XYSTI
1487 309 1693 367 ΡΑΡᾹΞ
1731 308 1825 365 AD
1861 304 2215 365 CYRILLUM
2252 300 2820 362 ALEXANDRINUM.

3379 300 3488 365 60!

230 439 339 515 quid
366 436 430 493 da
458 453 519 494 eo
533 450 693 505 tmpte
719 434 917 489 dictum
939 442 1037 499 est,
1064 432 1189 487 dum
1214 440 1366 487 certe
1388 438 1573 500 aperte
1603 427 1792 482 dicere
1817 438 1865 498 Α
1896 434 2096 478 nostra:
2136 437 2262 493 erga
2310 430 2552 477 vestram
2606 418 2880 475 credimus
2929 417 3292 473 sanctitatem.
3341 417 3489 475 Civis

228 534 512 600 debuisset,
545 540 600 587 ut
631 531 701 585 ab
729 546 795 586 eo
824 543 989 584 sensu
1026 528 1255 599 quisque
1284 524 1497 580 cautior
1524 521 1790 579 reddere-

227 640 347 687 tur:
379 628 515 683 sicut
556 625 704 681 clare
747 623 1127 678 abominamur
1175 634 1272 674 nos
1306 617 1498 690 Cyrilli
1527 613 1791 685 capitula,

225 730 275 781 et
291 732 599 792 qutcsumus
625 716 907 772 universos
930 725 987 769 ut
1013 728 1074 770 se
1093 713 1162 768 ab
1184 711 1347 766 insita
1369 710 1514 765 illius
1545 706 1795 777 maligni-

224 823 325 872 tate
368 811 703 880 custodiant,
744 808 1245 879 prmcouvinoentcs
1282 819 1375 860 eas
1403 818 1523 874 qu:e
1573 803 1626 855 in
1657 799 1794 869 ipsis

223 918 333 967 sunt
362 906 753 977 blasphemiae,
781 912 840 958 et
867 916 959 958 cas
980 901 1126 956 clare
1153 900 1405 954 omnibus
1438 896 1787 967 publicantes.

284 1002 370 1061 19..
402 1001 528 1058 Herc
556 1014 723 1072 pauca
753 998 821 1054 de
856 996 1100 1067 plurimis
1127 1008 1251 1049 cum
1293 992 1460 1047 multa
1501 990 1792 1045 abbrevia-

224 1098 359 1156 tione
383 1093 806 1164 conscripsimus
827 1131 843 1156 ,
870 1091 1104 1147 scientes
1130 1088 1271 1159 quod
1305 1087 1495 1141 horum
1528 1085 1792 1139 malorum

220 1192 463 1251 nimietas
498 1205 606 1244 non
638 1187 812 1242 solum
844 1184 1093 1241 Jeremiae
1125 1180 1600 1237 lamentationibus
1634 1179 1792 1249 digna

220 1288 281 1344 sit
301 1326 317 1351 .
348 1284 444 1340 sed
478 1293 531 1339 et
557 1282 864 1336 universam
893 1277 1209 1348 tragmdiatn
1236 1275 1591 1345 superaverit.
1623 1273 1796 1344 [toga-

219 1396 329 1439 mus
358 1394 523 1445 vero,
553 1386 607 1433 et
634 1378 837 1431 sanctis
869 1383 975 1427 tua:
1006 1370 1377 1441 religiositatis
1424 1366 1792 1438 provolvimur

218 1474 438 1548 pedibus
458 1516 474 1538 ,
503 1483 559 1527 ttt
591 1486 808 1526 manum
840 1467 1090 1539 porrigas
1119 1466 1449 1529 salutarent,
1489 1472 1543 1518 et
1583 1460 1795 1515 auferas

217 1569 398 1628 mundi
426 1566 802 1636 naufragium,
846 1563 1198 1631 omniumque
1242 1558 1434 1614 horum
1481 1555 1792 1626 inquisitio-

216 1679 328 1721 nem
352 1662 548 1731 jubeas
574 1658 691 1715 lieti
714 1702 728 1726 ,
759 1666 816 1712 et
846 1655 930 1711 his
961 1654 1165 1709 illicitis
1191 1653 1470 1708 casio-tem
1503 1647 1793 1717 superduci

214 1755 643 1821 correctionem,
675 1763 734 1807 ut
760 1757 1080 1806 revocentur
1107 1746 1323 1818 quidem
1351 1745 1519 1799 sancti
1550 1753 1795 1813 pastores

1896 517 2039 571 enim
2084 525 2269 571 noster
2299 524 2326 552 η
2357 516 2634 581 existens,
2680 528 2867 568 errore
2909 513 3075 567 totius
3112 513 3267 565 orbis
3306 513 3489 568 extin-

1895 620 2014 675 cto,
2049 610 2196 664 illius
2221 608 2540 678 apostolica:
2568 608 2711 663 sedis
2740 608 2913 662 factus
2942 616 3027 663 est
3056 619 3441 663 ornamentum
3464 648 3482 670 ,

1892 711 1953 758 et
1989 717 2019 756 a
2064 702 2222 756 beato
2265 701 2428 755 Petro
2458 701 2738 756 dexteram
2770 701 3048 757 societatis
3076 701 3283 766 accepit
3318 698 3482 771 (Gal.

1894 809 1965 860 tt,
1987 792 2057 867 9)
2078 834 2092 858 ,
2127 804 2183 847 ut
2210 803 2494 862 appareret
2517 793 2586 847 ab
2613 796 2859 864 utrisque
2888 807 3097 864 mquam
3128 792 3483 848 subtilitatem

1894 888 2203 959 dogmatum
2235 886 2520 942 custodiri.

1967 982 2053 1038 15.
2083 982 2255 1037 Etiam
2282 995 2594 1051 quaesumus
2623 997 2691 1036 ne
2718 981 3081 1051 despiciamur
3110 994 3139 1034 a
3167 981 3324 1034 vobis
3350 993 3482 1045 nos,

1896 1093 2031 1148 quos
2059 1087 2137 1133 tot
2164 1077 2301 1131 mala
2328 1076 2689 1131 circumdant.
2718 1076 2833 1130 Non
2857 1077 3000 1129 enim
3030 1076 3098 1130 de
3128 1074 3370 1144 pecuniis
3397 1073 3483 1129 vel

1894 1171 2062 1241 gloria
2107 1177 2200 1223 aut
2239 1169 2485 1239 quolibet
2525 1168 2636 1222 alio
2677 1168 3055 1236 temporalium
3101 1167 3482 1232 decertatnus;

1894 1264 1989 1319 sed
2032 1281 2127 1334 pro
2158 1265 2372 1334 pietatis
2404 1263 2751 1333 possessione
2780 1261 3094 1325 communi,
3127 1276 3224 1331 pro
3254 1273 3486 1329 paterno

1897 1357 2017 1413 fidei
2050 1361 2301 1412 thesauro
2321 1397 2336 1416 .
2368 1372 2463 1425 pro
2492 1370 2587 1424 spe
2614 1354 2890 1408 communi
2915 1352 3186 1417 lldelinm,
3215 1367 3314 1422 pro
3342 1351 3483 1408 bona

1895 1448 2238 1505 ctmfessione
2268 1447 2642 1516 apostolorum
2667 1488 2682 1513 ,
2716 1462 2814 1513 pro
2853 1443 3148 1499 immortali
3178 1444 3482 1499 certamine

1898 1552 2192 1615 martyrum
2210 1583 2224 1608 ,
2250 1552 2298 1597 et
2324 1542 2558 1596 maxime
2585 1556 2682 1609 pro
2703 1541 2934 1594 adventu
2962 1538 3356 1607 clententiaque
3381 1537 3486 1591 Do-

1896 1636 2090 1689 ntiu'tca
2114 1651 2129 1698 ;
2161 1633 2316 1703 cujus
2342 1632 2597 1688 virtutem
2624 1632 2994 1687 invincibilem
3023 1629 3339 1685 invocantes
3366 1628 3489 1686 siue

1896 1727 2203 1781 cessatione
2218 1726 2545 1779 clamamus:
2571 1724 2755 1786 Parce,
2777 1723 3014 1788 Domine,
3034 1722 3222 1791 populo
3238 1732 3345 1783 tuo,
3364 1728 3487 1775 etne

215 1852 295 1924 qui
331 1850 534 1917 Injuste
563 1813 692 1903 sunt
728 1860 758 1899 a
799 1844 912 1898 suis
939 1813 1138 1897 ovibus
1159 1839 1377 1909 elfttgati
1398 1880 1413 1904 ,
1445 1845 1502 1893 et
1532 1836 1791 1891 reddatur

1919 1819 2096 1874 lederis
2126 1820 2473 1874 [nereditatem
2503 1828 2643 1871 tuam
2672 1818 2725 1871 in
2759 1816 3088 1888 opprobrium
3112 1814 3272 1883 (Joel.
3291 1828 3349 1880 It,
3372 1813 3482 1880 I7).

213 1943 462 2017 gregibus
490 1940 626 1996 ordo
654 1949 708 1995 et
732 1937 953 2009 antiqua
983 1932 1271 1990 concordia
1294 1973 1311 1995 ,
1344 1942 1397 1987 et
1428 1939 1482 1985 ttt
1517 1945 1623 1983 non
1656 1928 1796 1983 ultra

214 2039 535 2095 lamentatus
564 2042 621 2089 et
645 2030 883 2101 mugitus
912 2045 1007 2100 pro
1032 2028 1177 2083 votis
1207 2025 1507 2080 oﬂ'erantur
1545 2038 1612 2077 ac
1652 2019 1796 2091 psal~

213 2129 306 2186 mis
328 2171 343 2194 ,
373 2128 507 2182 dum
541 2125 697 2180 multi
725 2124 954 2194 dispersi
985 2127 1152 2180 sunt;
1187 2130 1239 2175 et
1271 2117 1619 2189 nequiquam
1652 2114 1795 2183 peri-

212 2222 470 2279 clitentur
498 2220 645 2275 circa
675 2232 737 2273 ea
769 2232 888 2286 qua:
916 2214 1187 2286 prmcipua
1232 2219 1391 2273 sunt,
1437 2209 1564 2263 dum
1609 2211 1791 2261 vitant

210 2317 272 2372 ab
300 2314 582 2370 haereticis
608 2312 693 2368 vel
721 2311 991 2366 lavacrum
1021 2304 1450 2379 regenerationis
1478 2304 1559 2357 vel
1593 2301 1778 2370 mySti-

211 2422 318 2465 cam
368 2404 813 2462 communionem
856 2401 1150 2469 accipere,
1198 2412 1319 2467 qua:
1359 2396 1428 2450 ab
1476 2393 1795 2449 orthodoxis

209 2514 428 2556 sumere
458 2497 525 2551 ad
556 2497 785 2553 salutent
817 2494 1036 2549 minime
1060 2492 1463 2562 permittuntur.

276 2592 357 2648 l5.
389 2593 526 2661 Quae
552 2607 615 2645 ex
644 2598 795 2661 parte
820 2587 1037 2659 quidem
1068 2584 1315 2639 videntes
1337 2624 1352 2648 ,
1381 2598 1447 2636 ex
1476 2590 1626 2648 parte
1656 2593 1790 2633 vero

212 2686 492 2742 audientes
512 2728 528 2752 ,
550 2687 681 2739 olim
710 2682 1173 2740 concurrissemus
1195 2678 1258 2731 ad
1285 2676 1621 2731 sanctitatem
1650 2683 1791 2727 tuam

212 2795 302 2835 nos
328 2781 428 2847 qui
457 2793 491 2836 e
518 2778 749 2833 diversis
777 2776 1091 2846 regionibus
1120 2787 1337 2836 stttuus,
1370 2771 1421 2824 id
1454 2778 1539 2824 est
1577 2784 1641 2823 ex
1690 2769 1795 2821 Ett-

210 2875 515 2942 phralesia,
548 2889 613 2928 ex
644 2882 873 2941 utraque
904 2868 1116 2936 Cilicia,
1146 2866 1380 2923 secunda
1411 2863 1750 2936 Cappadocia
1774 2904 1793 2931 ,

206 2964 457 3037 Bithynia
479 3005 494 3029 ,
521 2963 803 3020 Thessalia
835 2973 886 3019 et
918 2962 1103 3018 Mmsia
1134 2978 1146 3014 :
1176 2971 1234 3015 ut
1262 2970 1314 3015 ct
1347 2960 1521 3013 fontes
1551 2956 1795 3012 elTuude-

208 3072 388 3114 remus
424 3057 781 3128 lacrymarum
801 3099 815 3122 ,
841 3065 897 3111 et
919 3053 1133 3124 publice
1156 3053 1484 3108 deberemus
1508 3047 1793 3119 peregrina

205 3162 253 3206 et
282 3150 503 3205 insueta
536 3149 698 3219 hujus
724 3149 848 3202 vita:
873 3148 1010 3202 mala
1034 3187 1051 3212 ,
1083 3145 1185 3200 nisi
1213 3145 1481 3200 detineret
1508 3157 1605 3197 nos
1640 3145 1793 3213 lupo-

1973 1912 2267 1968 Euthcrius
2294 1913 2579 1983 cpiscOpus
2610 1910 2929 1979 metmpolis
2956 1907 3325 1979 Tyauensium
3357 1904 3485 1957 sub-

1899 2008 2087 2078 scripsi
2118 2048 2135 2073 ,
2165 2017 2221 2062 et
2248 2020 2435 2074 quaeso
2461 2015 2521 2059 ut
2550 2020 2635 2059 me
2664 2017 2789 2058 ores
2821 2002 3148 2058 incolumem
3168 2039 3183 2065 ,
3213 1999 3324 2053 Deo
3349 1996 3485 2053 antio

1896 2100 2115 2155 cissime
2145 2109 2200 2153 et
2229 2098 2570 2152 sanctissime
2603 2105 2776 2166 pater.

1969 2191 2246 2247 llelladius
2287 2192 2575 2260 episcopus
2622 2185 2938 2256 metropolis
2969 2183 3123 2240 Tarsi
3151 2179 3483 2251 subscripsi;

1895 2296 1951 2342 et
1985 2301 2114 2357 mgo
2154 2297 2212 2339 ttt
2251 2299 2338 2340 me
2379 2300 2503 2339 ores
2533 2282 2896 2346 incolumem,
2932 2279 3045 2334 Deo
3070 2275 3402 2332 amicissime
3428 2282 3484 2331 et

1894 2380 2230 2434 sanctissime
2262 2386 2430 2449 pater.

2436 2468 2463 2507 δ
2506 2465 2845 2524 EPISTULA
2883 2464 2951 2532 V,

1942 2580 1989 2620 3.
2022 2580 2173 2620 XYSTI
2205 2578 2354 2619 ΡΑΡΕ
2408 2578 2474 2617 AD
2506 2576 2768 2616 CYillLlllbl
2821 2569 3265 2613 ALEVANDIUNU'.
3309 2567 3445 2610 Ροςτ

1965 2653 2136 2692 ΡΑΩΕΜ
2168 2651 2377 2690 FACTA.“
2411 2649 2569 2688 INTER
2600 2642 2754 2686 lPaUIl
2776 2644 3038 2685 εἵιιιιιυιι
3064 2644 3129 2682 ΕΤ
3146 2640 3407 2683 δολκηει.

1896 2729 1993 2784 Βιὶ
2024 2733 2177 2801 hujus
2210 2729 2511 2783 relationem
2550 2727 2603 2780 in
2642 2734 2890 2801 (concutit
2921 2724 3363 2801 episcoperttn't‘se
3390 2734 3484 2773 no-

1966 2788 2297 2870 tttmiferisse.
2347 2800 2552 2862 Quanta
2584 2798 2699 2870 hinc
2732 2788 2974 2870 Ecrlesioz
3015 2788 3482 2870 ltetvt'tia..__1"elirem

1967 2863 2127 2943 fuisse
2167 2870 2402 2924 laborum
2449 2868 2632 2936 (Syr-illi
2679 2868 2872 2943 exitum
2894 2908 2908 2927 ,
2942 2879 3128 2933 eosque
3155 2863 3252 2917 sibi
3284 2872 3329 2917 et
3362 2878 3484 2915 con-

1966 2939 2087 2997 cilio
2115 2960 2207 2995 suo
2239 2944 2293 2996 in
2327 2942 2561 2995 omnibus
2596 2939 2841 3003 probatos
2872 2952 2999 2989 ειδε.

1930 3035 2145 3093 thrus
2172 3037 2456 3105 episcopus
2488 3031 2724 3088 CratLLo
2753 3030 3017 3099 episcopo
3048 3024 3443 3083 Alexandrino.

1968 3151 2018 3205 Ι.
2050 3151 2234 3221 Magna
2276 3162 2460 3204 sumus
2499 3146 2684 3200 lzntitia
2722 3142 3023 3197 alacritatis
3058 3140 3301 3209 impleti,
3332 3145 3485 3208 post-

206 3257 318 3299 rttm
378 3252 561 3297 terror
608 3241 979 3297 insidiantium
1024 3241 1280 3311 gregibus
1329 3238 1395 3293 ad
1444 3237 1688 3305 rapinam
1737 3245 1795 3293 et
1821 3209 1867 3273 (ἶ
1897 3260 2088 3316 quam,
2125 3248 2264 3299 sicut
2294 3243 2554 3308 legimus,
2590 3256 2657 3295 ex
2692 3239 2802 3293 alto
2836 3255 2933 3291 nos
2963 3235 3162 3292 Oriens
3194 3245 3217 3274 ο
3254 3233 3488 3289 visitavit

206 3335 268 3390 ad
311 3350 567 3391 errorem
608 3348 933 3401 omnemque
975 3332 1380 3388 adversitatem.
1431 3330 1579 3386 Unde
1620 3331 1791 3385 coacti

207 3442 391 3485 sumus
440 3438 624 3483 nostra
665 3427 782 3484 vice
819 3429 1059 3497 dirigere
1089 3425 1535 3495 religiosissimos
1563 3423 1794 3479 clericos

205 3531 257 3576 et
285 3522 630 3589 monachos,
663 3522 754 3592 qui
788 3521 1049 3589 impleant
1082 3521 1259 3575 locum
1306 3528 1574 3575 nostrum.

274 3616 363 3672 14.
400 3616 726 3683 Quaesumus
752 3616 913 3686 igitur
940 3623 997 3669 ut
1020 3614 1223 3683 absque
1250 3613 1513 3668 dilatione
1537 3626 1795 3683 exsurga-

205 3708 271 3763 tis
291 3750 309 3775 ,
338 3721 401 3765 et
436 3708 646 3764 fervido
675 3709 792 3763 zelo
822 3723 1072 3778 magnum
1104 3706 1347 3761 victoria:
1378 3713 1638 3772 tropaeum
1671 3720 1801 3759 cou-

205 3811 279 3856 tra
318 3804 650 3859 aemulorum
694 3817 897 3857 cuneos
936 3800 1189 3872 erigatis,
1223 3812 1350 3854 ante
1380 3800 1567 3855 oculos
1598 3799 1800 3855 haben-

206 3903 285 3950 tes
316 3896 453 3953 boni
485 3894 725 3951 Pastoris
752 3893 1087 3963 diligentiam
1118 3891 1279 3947 simul
1308 3900 1362 3947 et
1390 3892 1629 3946 studium
1656 3890 1797 3947 circa

205 4001 362 4043 ovem
391 4003 516 4058 qua:
540 3996 821 4043 erraverat
845 3986 1000 4057 (Luc.
1025 4001 1119 4053 xv,
1140 3984 1221 4054 4).
1251 3985 1318 4038 Et
1345 3999 1450 4038 non
1476 3984 1683 4053 absque
1710 3996 1801 4051 pe-

207 4082 383 4137 riculo
412 4082 715 4152 deputetis,
743 4081 788 4136 si
816 4080 942 4152 qttid
973 4079 1251 4136 fastidiose
1277 4081 1420 4134 circa
1448 4087 1525 4135 tot
1553 4089 1797 4150 pastores

207 4181 261 4227 et
287 4188 426 4228 oves
456 4183 682 4244 agatur;
724 4173 851 4227 dum
895 4172 1001 4227 illa:
1043 4171 1261 4241 quidem
1302 4178 1521 4233 errent.
1556 4171 1629 4225 illi
1671 4186 1799 4226 vero

208 4264 550 4338 tyrannieam
593 4264 897 4321 su5tineant
932 4264 1266 4319 violentiam.
1300 4263 1590 4318 lmitamini
1623 4263 1800 4332 potius

209 4368 263 4410 et
316 4372 581 4427 magnum
634 4355 854 4427 pietatis
905 4371 1209 4426 praeconem
1266 4356 1488 4411 Paulum
1518 4397 1533 4421 ,
1583 4356 1799 4410 oculum

208 4450 434 4518 mundi,
486 4465 645 4522 quem
697 4465 798 4506 nos
840 4459 898 4506 ut
941 4452 1135 4521 pignus
1176 4450 1379 4507 habere
1419 4450 1802 4507 familiaritatis

1900 3338 2054 3411 (Luc.
2086 3354 2135 3403 ι,
2161 3338 2275 3399 78).
2314 3338 2450 3390 Ecce
2479 3336 2622 3391 enim
2654 3332 2904 3388 sollicitis
2934 3330 3123 3394 nobis,
3156 3327 3280 3399 quia
3313 3327 3489 3381 nemi-

1902 3447 2023 3487 nem
2069 3429 2247 3499 perire
2298 3429 2578 3490 volumus,
2618 3425 2884 3480 sanctitas
2931 3432 3019 3475 tua
3062 3419 3488 3483 rediu'egratum

1900 3541 2095 3597 eorpus
2116 3523 2372 3580 Ecclesia:
2399 3521 2510 3576 suis
2538 3518 2787 3590 epistolis
2811 3508 3089 3573 indicavit.
3118 3510 3488 3569 Redeuntibus

1901 3619 2019 3689 ejus
2042 3617 2094 3672 in
2120 3633 2217 3672 sua
2246 3616 2484 3670 membra
2509 3611 2882 3681 compagibus.
2911 3607 3185 3663 neminem
3216 3602 3482 3672 forisjatn

1904 3713 2151 3766 videmus
2183 3724 2397 3773 errare,
2430 3708 2552 3776 quia
2586 3708 2725 3759 intus
2756 3718 2946 3758 omnes
2981 3702 3185 3769 positos
3219 3698 3355 3754 fides
3381 3710 3487 3753 una

1905 3814 2152 3860 testator.
2183 3802 2454 3856 laetamur
2499 3816 2531 3854 e
2572 3797 2753 3853 medio
2795 3804 3041 3849 nostrum
3080 3791 3169 3862 qui
3214 3791 3313 3845 hoc
3352 3803 3493 3859 opus

1903 3896 2032 3953 fecit
2070 3895 2305 3948 ablatum
2338 3891 2363 3929 ά
2398 3910 2410 3946 :
2441 3892 2541 3946 soli
2585 3890 2688 3944 sibi
2733 3902 2877 3943 nunc
2915 3902 3022 3941 non
3059 3882 3302 3939 credenti
3343 3879 3491 3953 quod

1903 3989 2078 4045 sensit
2119 3986 2367 4055 intelligit
2408 3983 2681 4047 obfuisse,
2730 3980 2819 4048 qui
2866 3988 3053 4033 contra
3100 3975 3244 4031 hunc
3270 3983 3295 4012 θ
3328 3974 3490 4028 nixus

1904 4090 1987 4137 est
2007 4120 2023 4145 ,
2051 4093 2207 4147 quem
2242 4076 2560 4145 profitemur
2590 4071 2843 4126 omnibus
2875 4067 3163 4136 profuisse.

1975 4171 2030 4227 2.
2060 4170 2166 4226 Sed
2196 4168 2453 4224 convenit
2483 4183 2511 4219 a
2544 4163 2791 4219 tristibus
2821 4175 2921 4215 nos
2952 4159 3018 4213 ad
3061 4158 3184 4213 l;eta
3223 4153 3493 4222 transire,

1907 4264 2031 4336 quia
2064 4264 2179 4332 ipse
2209 4261 2294 4315 cui
2327 4260 2558 4329 qumstio
2588 4266 2731 4310 mota
2773 4254 2976 4317 fuerat,
3007 4250 3076 4305 de
3104 4248 3347 4304 Ecclesia
3378 4245 3493 4301 uni.

1909 4354 2107 4410 versali
2138 4366 2374 4409 mmrore
2402 4349 2635 4412 sublato,
2670 4355 2882 4414 tempus
2910 4342 3066 4397 nobis
3094 4338 3340 4410 prtestitit
3367 4351 3495 4409 gau.

1908 4447 2145 4503 diorum.
2178 4443 2425 4499 Christus
2450 4442 2684 4510 denique
2714 4438 2859 4493 Deus
2886 4441 3097 4501 noster,
3128 4445 3289 4504 quam
3322 4428 3342 4470 τ
3371 4445 3498 4489 vero

209 4638 445 4708 propius
472 4637 664 4703 abest,
696 4635 838 4708 quod
862 4635 1098 4692 Joannes
1125 4633 1181 4689 in
1205 4591 1433 4708 epistola
1463 4633 1527 4687 ad
1550 4631 1803 4708 Theodo-
1830 4634 1883 4693 D
1910 4630 2127 4685 Patrum
2149 4628 2374 4708 editor”
2396 4627 2509 4708 ipsa
2540 4622 2699 4677 verba
2723 4663 2739 4684 .
2775 4613 3501 4708 .sednsententi‘as-quasdam

210 4704 358 4765 sium
408 4708 618 4780 Synod.
648 4704 787 4780 Aeap.
816 4708 913 4780 9l__
936 4722 1066 4780 pag.
1087 4708 1194 4761 798
1222 4708 1296 4759 ait
1326 4722 1338 4757 :
1374 4704 1803 4780 Deposituntsive

209 4774 521 4835 damnattim
570 4774 813 4832 habemus
862 4777 1162 4831 Nestorium
1192 4816 1205 4831 .
1238 4816 1251 4831 .
1287 4791 1302 4830 .‘
1332 4815 1345 4828 .
1375 4774 1803 4828 attuthemntismo

210 4852 549 4924 subjicientes
575 4864 905 4924 quietumque
924 4850 986 4924 ab
1013 4866 1072 4901 eo
1090 4849 1260 4924 aliene
1284 4862 1346 4900 ac
1370 4849 1637 4918 peregrine
1666 4846 1803 4899 dicta

209 4920 333 4978 serit
364 4933 551 4976 contra
577 4922 910 4989 apostolicam
935 4920 1239 4973 doctrinam.

281 5003 313 5078 ς
347 4994 549 5061 Utpote
577 4986 735 5078 natus
766 4990 955 5057 Tarsi,
983 4993 1140 5060 cujus
1170 4986 1448 5045 Helladius
1476 4986 1529 5043 id
1559 4986 1803 5043 scribens

206 5072 508 5135 episcopus
536 5072 674 5119 erat.

282 5136 312 5176 ι’
344 5128 587 5207 Cyrinus
606 5175 625 5207 ,
654 5142 728 5207 ut_
744 5133 994 5207 Rusticus
1022 5132 1197 5207 Vigilii
1239 5146 1393 5207 papae
1419 5129 1679 5207 diaconus
1707 5128 1810 5185 ali-

210 5200 432 5278 quanto
460 5216 582 5273 post
614 5205 825 5260 initium
849 5204 1047 5278 dialogi
1075 5200 1595 5278 contra_Acepltalos
1620 5200 1812 5278 obser~

209 5274 301 5333 vat
327 5319 346 5343 ,
378 5279 627 5347 epistolas
654 5293 774 5331 suas
804 5274 1220 5347 etOrieutalium
1246 5274 1310 5327 de
1328 5289 1457 5347 pace
1483 5274 1810 5347 transmissus

214 5343 479 5403 Romanis
507 5347 752 5402 Ecclesim
780 5346 885 5401 sedi
910 5363 941 5400 a
970 5347 1292 5400 sanctissimo
1317 5344 1485 5415 Xysto
1512 5343 1815 5410 conﬁrmari

210 5421 429 5490 sategit.
461 5418 662 5489 Xystus
693 5417 937 5490 epistolis
966 5417 1076 5490 illis
1102 5418 1153 5469 itt
1183 5417 1392 5490 synodo
1431 5416 1772 5490 sacerdotum
1796 5456 1812 5480 ,

212 5485 421 5554 qui'ad
448 5485 803 5545 ordinationis
828 5488 998 5553 ipsius
1028 5488 1167 5542 diem
1196 5485 1583 5543 celebrandum
1617 5499 1816 5538 conve-

216 5571 456 5626 nerant,
492 5562 746 5629 perlectis
770 5601 784 5623 ,
813 5576 876 5612 ex
907 5560 1093 5612 eadem
1140 5557 1384 5629 synodo,
1416 5557 1492 5609 uti
1531 5558 1664 5608 infra
1698 5572 1752 5612 tt.
1784 5556 1816 5629 7

216 5626 791 5699 testatum-rescripsit.
818 5630 1000 5686 Cvrillt
1034 5626 1246 5683 labores
1286 5645 1408 5683 cum
1442 5644 1468 5680 a
1500 5644 1557 5681 se
1601 5637 1709 5681 tum
1749 5626 1817 5680 ab

215 5706 379 5760 omni
418 5698 747 5759 fraternitate
776 5703 989 5771 probari
1022 5704 1073 5754 itt
1106 5703 1354 5755 omnibus
1393 5706 1447 5752 et
1477 5698 1812 5771 cooftrmari.

224 5776 353 5832 Hoc
380 5777 705 5845 tescriptum
733 5769 894 5830 etiam
918 5772 1174 5829 Rusticus
1206 5776 1254 5845 in
1283 5770 1684 5845 citatodialogu
1710 5769 1821 5823 lau-

218 5847 431 5919 4mm,
474 5856 525 5903 et
560 5839 635 5909 ἐκ
680 5860 749 5901 eo
784 5852 939 5910 ‘non.
990 5853 1046 5898 ut
1090 5839 1415 5903 existimavit
1464 5839 1814 5897 Bibliotheca:

1909 4700 2217 4758 summatim
2248 4687 2515 4753 delibatos
2542 4694 2831 4757 excerpsit.
2866 4691 2996 4744 Tam
3042 4687 3341 4757 pretiosum
3385 4700 3503 4740 mo-

1910 4774 2208 4827 nimentum
2254 4770 2325 4824 :tb
2368 4768 2606 4823 Antonio
2632 4765 2700 4819 de
2731 4763 2943 4830 Aquino
2968 4776 3000 4814 e
3030 4758 3505 4830 Vaticautrcotlicn

1911 4844 2246 4911 descriptum
2282 4838 2628 4911 liaronins‘iu
2668 4827 2971 4911 Annalibus
3016 4830 3081 4883 ad
3122 4843 3253 4911 ann.
3283 4827 3507 4883 ηδε-ιιι

1910 4900 2145 4969 deutluin
2176 4919 2405 4967 curawt.
2436 4909 2568 4964 Illud
2598 4905 2789 4961 deinde
2820 4902 3069 4957 Labbeus
3116 4900 3277 4965 patth
3316 4915 3508 4954 etnett-

1911 4968 2088 5040 datius
2145 4985 2279 5038 actis
2342 4982 2633 5045 Ephesium
2682 4974 2888 5047 Syttodi
2941 4982 3081 5042 part.
3137 4985 3196 5025 ιιι
3247 4984 3375 5040 cap.
3437 4968 3500 5023 41

1912 5073 2031 5128 pag.
2073 5057 2211 5110 1175
2239 5053 2489 5128 subjecit.

1991 5110 2013 5166 ἶ
2048 5128 2130 5183 Ad
2158 5110 2421 5181 Joannem
2454 5120 2647 5177 alludit
2670 5118 2761 5190 qui
2802 5114 3010 5190 Orienti
3051 5119 3321 5190 praeerat,
3355 5110 3514 5190 cujus

1909 5199 2022 5269 jam
2063 5196 2599 5269 acceperatlitteras
2639 5184 2760 5247 cum
2804 5187 3020 5243 creteris
3055 5184 3210 5256 pacis
3248 5184 3516 5237 coniectat

1916 5265 2089 5341 gestis
2116 5265 2495 5341 qtneCyrillus
2524 5265 2770 5341 miserat.

1990 5338 2017 5377 ἀ
2047 5324 2354 5393 Nestorium
2400 5336 2685 5399 videlicet,
2732 5330 2887 5402 cujus
2925 5340 3090 5399 opera
3135 5324 3205 5379 ab
3250 5324 3513 5380 Ecclesia:

1921 5426 2187 5480 compage
2219 5411 2391 5480 multa
2420 5404 3076 5480 membragdiscesserant.

1996 5493 2019 5520 ⁸
2053 5466 2151 5535 llic
2191 5479 2438 5535 Nestorio
2481 5476 2679 5548 opponi
2712 5476 2926 5548 videtur
2949 5469 3186 5548 _Cyri|lus
3207 5509 3221 5529 ,
3254 5466 3343 5534 qui
3377 5466 3507 5547 huic

1925 5554 2190 5610 residens
2214 5594 2228 5616 ,
2261 5538 2779 5617 omnihus'prol‘uit;
2814 5544 2907 5597 sed
2928 5538 3078 5617 bona
3112 5550 3289 5617 tamen
3336 5538 3518 5617 potius

1925 5610 2229 5695 intelligere
2254 5636 2344 5695 est
2365 5610 2676 5695 Christum,
2705 5630 2860 5681 ciuus
2886 5613 3201 5695 dignitatem
3232 5610 3514 5695 (Vestorius

1923 5679 2274 5764 impugnavit.
2304 5693 2473 5748 Totus
2500 5694 2601 5746 iste
2630 5679 2785 5744 locus
2820 5679 2961 5755 apud
3006 5684 3206 5737 Barou.
3239 5679 3401 5736 valde
3427 5688 3511 5739 est

1922 5769 2273 5832 depraVatus.

1997 5826 2017 5879 ἀ
2054 5838 2126 5895 lta
2160 5836 2357 5894 Baron.
2390 5835 2456 5892 At
2484 5832 2641 5899 Lab.,
2671 5843 2827 5903 quam
2857 5841 2979 5885 vero
3001 5826 3094 5885 sit.
