4018 6338
662 377 769 435 Εὒδ

1570 370 1775 431 XYSTI
1814 371 1883 431 Ill
1918 370 2123 429 PAPIE
2164 370 2249 426 ΕΡ

2361 369 2520 428 om:
2563 371 2650 427 er
2692 371 3029 445 Decuma.
3209 322 3232 333 »ἢ
3266 330 3291 345 ’δ
3468 336 3519 345 id
3761 401 3836 465 σοι
3926 438 3927 459 ,

652 494 734 561 πμ
768 505 864 555 sua
893 504 1089 559 mum,
1121 486 1478 555 monstravit,
1508 485 1728 555 quando
1768 486 1842 541 ita
1877 501 1968 543 res
1998 485 2250 558 dignatus
2275 489 2325 553 Α
2423 486 2478 545 ι.
2519 486 2638 544 Non
2681 502 2743 544 se
2788 487 2961 549 exsuli
2991 496 3019 537 II
3047 496 3231 547 vestro
3269 498 3476 551 sanctus
3521 495 3665 560 frater
3704 522 3837 573 noster
3926 492 3927 551 ζ

660 584 1111 653 “nominare.
1134 592 1203 641 ut
1242 589 1410 643 tanta
1439 579 1520 637 rei
1548 588 1604 635 et
1631 578 1756 637 talis
1787 588 1813 617 ι
1840 578 2099 643 indicium
2130 593 2250 636 ser-

662 683 818 745 yaret
844 690 1067 741 sitorum
1098 672 1398 737 comenttti
1425 673 1792 734 sacerdotum.
1830 671 1888 729 In
1926 689 2091 729 unum
2120 688 2253 730 con-

660 766 870 839 gregati
909 766 1144 838 apostoli
1180 766 1251 827 de
1284 765 1393 831 lida
1430 780 1576 836 sane
1620 775 1922 825 tractarunt
1953 784 1963 820 :
1998 767 2051 823 in
2088 782 2252 825 unum

664 878 808 918 nunc
834 860 1228 918 convenientes
1252 860 1536 931 apostolici
1562 860 1631 915 de
1657 859 1776 930 ejus
1805 859 2040 915 victoria
2068 870 2271 931 gratu-,

664 956 872 1019 lantur.
912 952 959 1017 0
993 954 1187 1019 relatio
1225 953 1391 1023 digna
1430 952 1711 1019 mittente,
1743 952 1904 1023 digna
1940 953 2250 1009 conventu!

665 1048 858 1107 Gaudii
888 1046 1130 1115 calcatis
1158 1046 1417 1104 indicium
1448 1046 1585 1103 tales
1613 1045 1817 1103 habere
1847 1033 2039 1102 debuit
2065 1048 2255 1117 cogni-

662 1152 839 1210 tores.
870 1140 941 1197 Et
968 1139 1089 1210 quia
1120 1154 1211 1197 res
1237 1149 1293 1203 et
1320 1152 1483 1194 causa
1514 1138 1795 1208 deposcit,
1826 1136 2007 1193 locum
2036 1153 2254 1211 quoque

658 1231 931 1301 convenit
958 1229 987 1270 δ
1018 1246 1127 1291 ιιοιι
1157 1229 1347 1287 taceri.

738 1325 794 1385 ὅ.
824 1324 910 1382 Ad
939 1324 1159 1385 beatum
1187 1324 1493 1394 apostolum
1524 1322 1745 1380 Petrum
1785 1320 2105 1380 fraternitas
2132 1323 2255 1380 uni-

667 1433 825 1477 versa
866 1416 1120 1475 convenit
1146 1431 1160 1472 :
1191 1430 1320 1473 ecce
1347 1414 1671 1473 auditorium
1700 1429 2007 1485 congruens
2037 1414 2251 1483 audito-

670 1510 845 1577 ribus,
889 1508 1223 1567 conveniens
1249 1507 1554 1565 audiendis.
1585 1507 1902 1563 Habuerunt
1941 1506 2253 1578 coepiscopi

665 1602 842 1667 nostri
871 1600 1023 1663 illum
1059 1600 1543 1670 congratulationis
1583 1609 1774 1657 testem
1795 1640 1812 1668 ,
1841 1616 2001 1671 quem
2034 1612 2056 1639 ο
2089 1601 2254 1657 habe-

670 1707 792 1755 mus
824 1693 1050 1755 honoris
1079 1694 1403 1760 exordium;
1434 1703 1634 1748 sanctae
1663 1707 1894 1763 namque
1931 1702 1986 1749 et
2026 1708 2251 1749 venera-

669 1786 765 1851 bili
803 1786 1044 1860 synodo,
1084 1802 1241 1858 quam
1281 1788 1477 1844 natalis
1511 1784 1539 1825 ά
1569 1787 1699 1843 mihi
1737 1788 1852 1843 dies
1889 1786 2105 1843 favente
2148 1788 2255 1844 Do-

2356 578 2593 643 .loannes
2629 578 2942 646 addiderat,
2984 596 3091 639 non
3132 580 3250 652 eius
3284 591 3367 639 est
3386 584 3671 658 blaspheme
3691 606 3834 668 mai.
3926 628 3927 635 η

2356 674 2570 731 catione
2608 673 2913 743 deceptus;
2943 689 3066 733 nam
3087 717 3105 743 ,
3135 684 3389 746 quantum
3413 695 3582 740 rerum
3606 688 3751 751 exitus
3771 696 3838 754 do-
3926 674 3927 735 Ῑ

2356 776 2446 824 cet
2463 808 2479 834 ,
2511 767 2796 839 suspendit
2824 783 2976 825 suam
3002 772 3324 827 sententiam
3346 814 3363 841 ,
3392 789 3493 832 non
3517 784 3720 850 negavit.
3742 786 3835 849 Nam

2355 859 2487 931 quid
2534 862 2587 916 in
2620 861 2957 918 inventorem
2989 863 3251 920 malorum
3278 875 3456 935 posset
3474 868 3605 928 aliud
3623 875 3832 953 judicare,

2356 956 2462 1012 nisi
2491 951 2524 995 Ιι
2547 958 2688 1024 quod
2718 957 2982 1027 probatur
3012 958 3128 1027 ipse
3156 972 3252 1028 per
3277 960 3574 1021 sacerdotes
3597 980 3704 1025 suos
3733 951 3835 1044 cujus
3926 986 3927 1039 ι

2354 1047 2613 1119 agebatur
2637 1061 2800 1104 causa
2819 1089 2837 1115 ,
2867 1048 3115 1106 sentire?
3143 1049 3414 1107 Statuerat
3438 1052 3534 1109 hoc
3557 1056 3766 1118 nimirum
3788 1065 3834 1122 de

2354 1149 2672 1199 nostrorum
2707 1140 2988 1197 desertore
3015 1149 3317 1197 castrorum
3337 1184 3353 1209 ,
3381 1143 3519 1213 quod
3542 1159 3569 1199 a
3591 1146 3774 1210 ducibus
3792 1155 3835 1209 ﬁ.

2356 1230 2442 1287 dei
2477 1227 2497 1270 ί
2529 1230 2786 1287 suaderet
2815 1229 3037 1302 perﬁdia
3060 1230 3313 1303 judicari.
3353 1231 3631 1305 Numquam
3666 1253 3835 1300 sesno-

2354 1333 2472 1381 stro
2510 1338 2736 1381 numero
2764 1332 3078 1394 separasset
3096 1364 3113 1390 ,
3142 1323 3195 1379 in
3224 1338 3383 1395 quem
3414 1327 3579 1395 potuit
3607 1336 3655 1386 et
3676 1338 3834 1393 reverti.

2432 1414 2467 1471 5
2497 1416 2740 1483 Exsulta,
2769 1413 2935 1472 frater
2960 1414 3301 1484 cbarissime,
3327 1426 3381 1472 et
3408 1416 3472 1472 ad
3501 1433 3593 1475 nos
3613 1424 3836 1482 recollectis

2357 1507 2613 1564 fratribus
2637 1513 2809 1565 victor
2834 1507 3066 1565 exsulta.
3096 1507 3383 1578 Quaerebat
3412 1509 3632 1566 Ecclesia
3656 1527 3763 1585 quos
3784 1532 3839 1575 ro-

2355 1602 2517 1674 cepit.
2548 1600 2683 1656 Nam
2724 1602 2769 1657 si
2798 1601 3076 1657 neminem
3107 1601 3287 1670 perire
3314 1600 3552 1657 volumus
3577 1601 3637 1659 de
3658 1607 3836 1678 pusillis,

2356 1704 2556 1764 quanto
2604 1694 2774 1763 magis
2820 1691 3159 1764 gaudendum
3194 1693 3354 1748 nobis
3379 1702 3459 1748 est
3495 1695 3693 1753 sanitate
3714 1710 3839 1758 recto-

2358 1787 2519 1842 rum?
2566 1786 2822 1856 Legimus
2851 1801 2957 1841 una
2998 1786 3114 1841 ovis
3150 1797 3408 1855 quantum
3438 1788 3605 1857 gaudii
3642 1801 3839 1860 reportata

670 1878 820 1935 mino
865 1887 1258 1949 congregarat,
1308 1878 1434 1950 quia
1484 1877 1562 1934 sic
1609 1877 1938 1935 credendum
1979 1887 2091 1948 est,
2137 1879 2253 1949 ipse
2283 1886 2331 1947 Β
2358 1877 2675 1949 prmstiterit
2699 1876 2855 1942 (Luc.
2884 1894 2973 1945 xv,
2998 1877 3055 1949 6)
3082 1893 3097 1943 ;
3128 1887 3181 1934 et
3204 1876 3403 1933 idcirco
3426 1877 3842 1949 intelligendumcst

578 2024 587 2029 ,
671 1968 955 2040 praesedit,
996 1969 1431 2042 quandoquidem
1472 1969 1740 2040 probatur
1780 1985 1881 2026 nec
1919 1970 2115 2040 spiritu
2150 1986 2253 2026 nec

670 2072 901 2128 corpore
928 2058 1191 2115 defuisse.
1220 2059 1389 2116 Aﬂuit
1419 2060 1642 2131 palmas,
1671 2060 1762 2129 qui
1784 2061 2116 2116 contentioni
2145 2077 2252 2117 non

661 2149 1041 2222 defuit;juvit
1074 2152 1378 2208 animorum
1406 2159 1530 2207 vota
1560 2162 1869 2213 nourorum
1888 2195 1906 2221 ,
1936 2153 2027 2223 qui
2055 2162 2081 2192 ο
2109 2154 2258 2209 videt

662 2241 914 2313 symbolo
942 2243 1175 2314 primum
1215 2245 1355 2300 inter
1385 2244 1677 2314 Apostolos
1718 2244 1921 2301 tradito
1959 2244 2253 2316 derogari:

671 2350 776 2391 non
807 2350 998 2407 passus
1035 2347 1119 2394 est
1154 2334 1174 2376 ί
1206 2337 1498 2393 nefandum
1536 2345 1699 2407 caput
1735 2337 1975 2408 gaudere
2002 2339 2254 2407 solatiis,

673 2443 771 2485 nec
799 2429 1002 2485 turbari
1040 2430 1134 2486 diu
1176 2430 1302 2486 sivit
1341 2430 1605 2489 lutulento
1644 2430 1857 2500 gurgite
1896 2430 2065 2485 fontis
2110 2432 2256 2488 illius

672 2524 945 2595 perspicui
971 2526 1286 2596 puritatem.
1313 2524 1394 2581 Ad
1422 2539 1523 2581 nos
1552 2525 1759 2582 reversi
1787 2533 1914 2581 sunt
1938 2525 2155 2592 fratres,
2185 2527 2254 2581 ad

673 2629 802 2683 uos,
832 2616 1051 2686 inquam
1074 2656 1091 2683 ,
1121 2617 1213 2686 qui
1255 2617 1500 2672 morbum
1537 2618 1809 2672 communi
1851 2618 2032 2673 studio
2066 2633 2253 2688 perse-

672 2717 933 2780 quentes,
963 2712 1264 2768 animarum
1291 2712 1601 2767 curavimus
1631 2713 1942 2768 sanitatem.

746 2901 773 2931 ι
802 2893 865 2947 Et
895 2890 984 2947 hic
1009 2891 1260 2947 indicium
1281 2930 1296 2956 ,
1325 2898 1379 2945 et
1416 2888 1555 2944 infra
1579 2930 1593 2955 ,
1625 2887 1821 2943 Gaudii
1859 2887 2075 2944 calestis
2111 2889 2249 2944 indi-

672 2964 808 3018 cium
854 2962 1236 3032 praeferimus;
1286 2963 1531 3031 quamvis
1575 2960 1861 3030 utrobique
1914 2961 1969 3013 in
2017 2961 2279 3031 vulgatis‘

674 3035 917 3107 obtineat
933 3035 1213 3107 judicium.
1243 3032 1454 3107 Quippe
1481 3032 1638 3107 dere
1665 3048 1772 3107 non
1803 3032 1979 3101 agitur
2004 3032 2250 3107 judican-

664 3106 739 3175 da
762 3146 777 3171 ,
805 3106 901 3169 sed
931 3103 998 3160 de
1028 3106 1308 3162 indicanda
1337 3114 1394 3159 et
1422 3104 1764 3174 percipienda
1786 3147 1800 3169 ,
1834 3119 1967 3175 qua;
2004 3103 2249 3174 cognito-

673 3172 762 3232 res
792 3193 897 3232 non
927 3176 992 3230 ad
1034 3172 1671 3232 excutiendam'causam
1696 3215 1710 3239 ,
1755 3172 1958 3233 sed'ad
2005 3172 2246 3230 lmtitiam

674 3263 795 3303 cum
834 3250 916 3303 eis
953 3263 1021 3302 ex
1058 3261 1219 3301 causa
1267 3245 1501 3301 feliciter
1546 3245 1696 3298 finita
1739 3246 2245 3300 communicandam

670 3300 927 3401 sigma.
959 3300 1317 3405 inveteratus
1345 3326 1521 3405 autem
1550 3314 1705 3405 libris
1743 3317 2005 3390 judicium
2027 3326 2083 3373 et
2108 3317 2250 3373 indi-
2274 3300 2322 3364 ϐ

677 3392 817 3453 ciuus
842 3406 949 3448 non
979 3391 1135 3445 aliter
1166 3389 1474 3459 pinguntur.

750 3460 777 3499 ⁵
806 3460 961 3526 Aptttl
994 3457 1187 3515 Baron.
1212 3501 1227 3526 ,
1258 3458 1490 3517 convenit
1516 3457 1728 3511 intueri.

751 3542 774 3571 ε
799 3528 871 3587 Af
874 3532 993 3586 linis
1013 3540 1097 3587 est
1120 3532 1205 3584 hic
1224 3531 1376 3585 locus
1398 3529 1475 3582 illi
1495 3529 1668 3583 Siricii
1694 3530 1744 3581 in
1765 3529 1987 3583 exordio
2009 3530 2166 3598 epist.
2185 3533 2247 3587 tl:

677 3601 807 3659 Cum
839 3603 894 3656 in
924 3619 1081 3656 unum
1109 3601 1317 3671 plurimi
1359 3601 1767 3655 conuenissemus
1807 3601 1877 3653 ad
1921 3602 2089 3654 sancti
2123 3618 2252 3672 apo-

676 3675 796 3735 stoli
825 3673 968 3731 Petri
995 3675 1272 3745 reliquias,
1313 3689 1403 3744 per
1441 3686 1590 3741 quem
1627 3686 1674 3725 et
1704 3671 2022 3741 apostolatus
2055 3680 2105 3728 et
2136 3674 2250 3746 epi-

677 3755 918 3793 scopatus
946 3746 1000 3793 in
1030 3744 1229 3793 Christo
1257 3744 1405 3793 cmnit
1435 3742 1724 3793 exordium.

677 3755 918 3812 scopatus
946 3746 1000 3803 in
1030 3744 1229 3803 Christo
1257 3744 1405 3809 coepit
1435 3744 1724 3798 exordium.
2167 3744 2173 3746 ⁷

682 3885 707 3887 _
749 3812 775 3853 ἀ
808 3816 923 3871 Non
966 3818 1013 3871 is
1055 3832 1162 3887 quo
1204 3815 1258 3869 in
1304 3815 1460 3887 terris
1498 3812 1819 3887 ortus,_sed
1861 3828 1965 3887 quo
1999 3815 2252 3887 Ecclesia:

578 3906 587 3911 ε
678 3885 937 3943 Romanas
962 3884 1242 3941 ordinatus
1264 3893 1349 3942 est
1371 3885 1673 3954 episcopus.
1705 3884 1856 3937 Hunc
1880 3884 2021 3938 diem
2052 3886 2254 3951 pariter

677 3959 745 4015 ab
775 3958 1057 4014 Anastasio
1084 3960 1100 4013 I
1126 3960 1353 4013 natalem
1376 3971 1525 4011 suum
1549 3966 1793 4011 vocatum
1821 3970 1945 4011 esse
1962 4001 1979 4028 ,
2002 3957 2068 4028 ad
2097 3973 2253 4012 eum-

678 4044 817 4096 que.
866 4030 1026 4087 veluti
1075 4045 1227 4085 more
1275 4031 1677 4098 iamﬂrecepto,
1726 4027 1927 4098 multos
1966 4027 2253 4098 episcopos

678 4098 894 4157 invitari
945 4100 1325 4164 consuevisse,
1375 4097 1532 4169 Xysti
1577 4097 2019 4169 successur‘Leo
2071 4097 2253 4169 plures

583 4194 593 4205 ο
678 4171 730 4225 in
762 4172 949 4227 eadem
974 4172 1288 4227 celebritate
1314 4167 1591 4224 sermones
1620 4167 1823 4221 habuit.
1871 4167 1938 4220 Et
1982 4169 2034 4223 in
2072 4167 2253 4238 primo

586 4276 591 4281 -
676 4244 895 4310 quidem
919 4284 934 4308 ,
964 4258 1083 4312 cap.
1119 4245 1154 4300 5
1176 4288 1190 4311 ,
1224 4241 1486 4312 plurimos
1502 4240 1802 4312 episcopos
1829 4239 1897 4292 ad
1928 4239 2075 4312 illam
2116 4257 2249 4297 con-

584 4363 593 4369 .
678 4314 863 4371 venire
892 4309 1081 4375 solitus
1111 4309 1262 4371 notat
1288 4312 1375 4367 bis
1403 4310 1582 4365 verbis
1610 4328 1623 4364 :
1658 4310 1883 4380 Cumque
1919 4309 2058 4365 hanc
2098 4329 2250 4369 uerte-

676 4385 915 4442 rabilium
952 4385 1370 4441 consaeerdotum
1406 4381 1870 4453 splendidissimum
1912 4381 2254 4451 frequentiam

584 4468 587 4473 '
676 4458 856 4519 video,
884 4455 1343 4529 angelicumnobis
1379 4455 1549 4529 in_tot
1585 4454 1774 4529 sanctis
1811 4454 1975 4529 sentio
2011 4455 2254 4529 interesse

678 4522 1000 4582 conventum.
1035 4524 1241 4582 Exinde
1266 4523 1633 4581 celebritatem
1667 4524 1842 4587 illam,
1876 4522 2028 4594 Xysti
2059 4527 2249 4594 instar,

677 4597 746 4651 ad
772 4597 916 4654 beati
947 4598 1091 4655 Petri
1114 4598 1341 4667 gloriam
1370 4594 1640 4667 referens,
1669 4594 1899 4663 adjecit:
1930 4594 2043 4667 Nec
2072 4598 2247 4666 abest,

677 4678 735 4727 ut
773 4669 1009 4737 conﬁdo,
1053 4665 1240 4723 ab'hoc
1265 4676 1396 4722 satu
1423 4666 1699 4723 beatissimi
1726 4667 1949 4737 apostoli
1985 4665 2124 4722 Petri
2163 4665 2251 4736 pia

678 4739 910 4807 dignatio
933 4735 1125 4811 αμα
1162 4738 1397 4802 deuotio,
1440 4751 1534 4811 nec
1569 4735 1788 4791 vestram
1815 4735 2251 4811 deuotioumille

678 4811 898 4877 deserit,
940 4807 1089 4881 cujus
1126 4826 1222 4865 nos
1269 4807 1546 4881 reuerentia
1589 4809 1938 4879 congregavit.
1985 4808 2248 4876 Quocirca

677 4877 1047 4939 sermonem's
1066 4881 1149 4937 sie
1171 4879 1412 4949 claudit:
1454 4877 1481 4933 ι
1488 4878 1544 4932 lli
1566 4894 1686 4949 ergo
1713 4877 1848 4931 hanc
1875 4882 2131 4934 servitutis
2156 4897 2252 4936 no-

674 4963 797 5009 stra:
817 4968 1147 5010 unus-mu
1173 4967 1321 5017 nisu,
1351 4948 1432 5003 illi
1459 4948 1777 5009 ascribamus
1804 4951 1897 5003 hoc
1924 4950 2126 5020 festum,
2151 4967 2248 5007 cu-

672 5026 760 5096 jus
804 5024 1091 5094 patrocinio
1129 5023 1274 5096 sedis;
1304 5021 1465 5096 ipsius
1506 5022 1787 5096 meruimus
1823 5037 1936 5096 esse
1966 5032 2246 5078 consortes.

604 5105 619 5121 '
672 5092 878 5151 Eadem
921 5110 1135 5164 quoque
1177 5094 1391 5148 ratione
1429 5092 1497 5148 de
1538 5092 1640 5151 hoc
1682 5092 1820 5147 festo
1861 5093 2070 5147 Hilarus
2112 5108 2249 5164 papa

674 5168 834 5233 epist.
865 5168 899 5224 8
926 5166 1179 5233 loquitur.

747 5181 834 5223 ιιι.
865 5181 899 5224 tt
926 5181 978 5223 to
1016 5181 1179 5221 uitur.

747 5248 771 5276 ο
804 5237 957 5307 Apud
979 5181 1216 5299 Earum,
1241 5232 1567 5307 quiuideret.
1599 5232 1730 5307 Quae
1766 5233 1821 5307 in
1861 5231 2150 5307 epistolam
2181 5235 2252 5291 15

671 5305 905 5365 Nestorii
951 5323 1099 5363 num.
1148 5308 1183 5361 4
1222 5305 1291 5360 de
1334 5305 1535 5360 Nicmni
1585 5305 1820 5375 symboli
1863 5305 2249 5372 depravatione

670 5389 924 5435 annotata
957 5387 1083 5435 sunt
1108 5419 1122 5440 ,
1155 5377 1379 5431 videsis.

746 5450 765 5489 ί
796 5451 933 5507 Cum
960 5448 1162 5519 XyStus
1189 5446 1494 5519 Ne5torium
1540 5463 1683 5519 nunc
1728 5445 2008 5515 nefandum
2044 5454 2206 5519 caput
2229 5486 2244 5511 ,

671 5536 798 5578 mox
820 5516 1055 5577 exsulem
1077 5528 1294 5575 vestrum
1315 5560 1329 5582 ,
1357 5518 1587 5573 subinde
1611 5520 1921 5572 inventorem
1947 5516 2203 5569 malorum
2227 5557 2242 5582 ,

668 5593 1197 5665 posteadesertorem
1232 5599 1520 5665 castrorum
1545 5597 1735 5665 vocet,
1780 5589 1991 5656 aliaque
2030 5588 2241 5642 ratione

666 5659 831 5733 supra
861 5661 1143 5732 indigitet,
1192 5662 1397 5717 nomini
1437 5661 1581 5733 illius
1624 5659 1841 5733 videtur
1879 5672 2100 5725 parcere
2145 5672 2243 5714 vo-

667 5730 869 5800 luisse,
902 5730 1044 5805 quod
1077 5747 1143 5805 ne
1171 5734 1338 5787 semel
1368 5732 1585 5805 quidem
1615 5730 1871 5805 appellat.

739 5815 765 5854 ι
799 5799 1050 5865 liusticus
1073 5804 1331 5861 diaconus
1361 5804 1521 5871 paulo
1552 5812 1676 5870 post
1705 5801 1911 5856 initium
1943 5799 2079 5871 Dial.
2109 5814 2241 5855 con-

668 5884 753 5931 Ira
790 5876 995 5941 Acepb.
1037 5875 1256 5943 proprio
1294 5870 1437 5943 stylo
1482 5875 1581 5928 ista
1630 5873 1708 5929 sic
1746 5871 1959 5928 reddit:
1986 5870 2240 5937 Quoniam

2358 1972 2485 2043 quid
2513 1971 2687 2027 laudis
2728 1971 2924 2026 habeat
2952 1980 3129 2026 tantos
3170 1985 3455 2027 revocasse
3495 1981 3722 2042 pastores.
3745 1976 3839 2034 Gre-

2357 2079 2451 2135 ges
2501 2065 2839 2134 aspiciuntur
2888 2063 2941 2119 in
2999 2063 3265 2135 singulis;
3316 2078 3416 2119 nec
3447 2062 3596 2121 unius
3637 2064 3708 2120 hic
3735 2082 3842 2124 causa

2362 2165 2655 2226 tractatur,
2706 2157 2919 2229 quoties
2968 2158 3147 2228 agitur
3187 2156 3255 2212 de
3303 2157 3525 2213 sanitate
3559 2155 3574 2208 i
3610 2160 3844 2218 multorum.

2361 2248 2632 2305 Laetamur
2663 2246 2690 2287 ¹ί
2725 2249 2812 2305 hic
2838 2249 2973 2305 nihil
3002 2248 3178 2320 egisse
3210 2262 3314 2304 nos
3335 2263 3679 2319 prtecoquum,
3698 2253 3845 2322 quando

2359 2341 2540 2397 fructu
2588 2351 2789 2398 nostra:
2834 2344 3120 2398 sementim
3167 2341 3520 2413 gratulamur.
3565 2342 3847 2402 Sustinuitnus

2360 2432 2577 2500 fratres,
2607 2434 2742 2490 certi
2769 2449 2862 2491 eos
2889 2450 2993 2490 non
3024 2433 3241 2506 spinas,
3292 2433 3387 2491 sed
3412 2449 3539 2490 uvas
3562 2449 3668 2493 esse
3690 2434 3705 2473 ι
3729 2435 3844 2497 lactu-

2358 2539 2449 2582 ros
2482 2525 2703 2597 (Matth.
2735 2541 2830 2594 vn,
2864 2525 2976 2597 17).
3009 2524 3068 2581 ln
3092 2525 3333 2582 evidenti
3376 2536 3460 2582 est
3484 2535 3749 2583 nostrorum
3769 2528 3846 2582 vin-

2356 2619 2532 2676 demia
2562 2619 2880 2690 gaudiorum
2899 2659 2915 2687 ,
2942 2634 3063 2689 quae
3088 2626 3336 2677 sanctam
3377 2619 3626 2692 synodum
3668 2619 3848 2689 largitate

2355 2710 2731 2783 gratulationis
2776 2710 3039 2782 implevit.
3075 2709 3303 2766 Vineam
3336 2725 3484 2765 suam
3515 2720 3678 2767 custos
3703 2710 3772 2766 ille
3788 2725 3848 2766 cu-

2352 2904 2645 2966 numguam
2676 2888 2870 2966 similia
2913 2888 3164 2966 _Nestorio
3213 2894 3423 2966 sapuit,
3470 2892 3555 2947 sed
3594 2909 3623 2946 a
3663 2893 3848 2963 principio

2352 2961 2509 3034 fuerit
2544 2959 2861 3034 orthodoxus
2898 2959 3129 3017 Joannes
3158 2959 3513 3019 sanctissimus
3540 2959 3684 3034 frater
3706 2959 3845 3027 noster,

2350 3032 2471 3105 licet
2500 3031 2626 3085 olim
2653 3033 2957 3105 sententiam
2994 3050 3144 3087 suam
3179 3031 3549 3105 suspenderit,
3570 3046 3619 3088 ut
3652 3034 3851 3089 nobiscum

2354 3102 2661 3157 Nestorium
2683 3104 2891 3158 minime
2921 3102 3314 3161 condemnaret.
3340 3107 3474 3162 Cum
3501 3105 3788 3164 ortbodoxus
3807 3106 3850 3159 ab

2354 3173 2511 3249 initio
2543 3174 2706 3229 fuerit
2735 3174 2977 3249 Joannes
2996 3218 3011 3243 ,
3042 3186 3201 3245 atque
3226 3179 3446 3249 egregia
3473 3178 3679 3246 epistula
3708 3178 3848 3249 Ecsto-

2354 3244 2493 3298 rium
2519 3287 2535 3313 ,
2570 3254 2857 3316 antequam
2888 3244 3288 3310 dantnaretur,‘
3303 3244 3528 3317 arguere
3564 3264 3658 3303 non
3694 3247 3850 3304 dubita-

2353 3317 2529 3382 verit,
2580 3331 2678 3371 cur
2723 3319 3064 3385 postmodum
3110 3320 3181 3374 ab
3227 3319 3334 3375 boe
3378 3319 3616 3375 hieretico
3658 3319 3851 3375 condem-

2356 3386 2540 3443 nando
2579 3402 2702 3444 sese
2739 3389 3031 3444 sustinuit?
3072 3388 3185 3446 Hoc
3221 3392 3477 3448 nimirum
3516 3392 3565 3445 iu
3597 3388 3849 3456 caussfuit,

2355 3457 2498 3530 quod
2545 3456 2825 3514 Nestorius
2872 3470 3089 3529 accepta
3135 3461 3304 3528 ipsius
3347 3463 3567 3530 epistola
3610 3460 3849 3529 rescripsi,

2356 3528 2480 3585 ideo
2510 3537 2718 3583 tantum
2745 3546 2771 3582 a
2804 3546 2863 3587 se
2890 3528 3085 3585 nomen
3113 3530 3360 3600 Deipara:
3386 3528 3575 3597 vitari,
3600 3548 3660 3589 ne
3681 3528 3850 3589 inclinat

2355 3615 2595 3676 sequaces
2623 3601 2851 3676 btergici
2877 3600 3189 3676 Apollinarii
3213 3604 3645 3676 reprehenderent.
3667 3600 3801 3676 _l_lnde
3818 3612 3854 3676 et

2354 3670 2592 3746 Joannes
2634 3670 2970 3746 adAFirmum
3010 3670 3281 3746 Synodici'
3314 3690 3437 3744 cap.
3482 3674 3516 3728 ὀ
3562 3674 3627 3729 de
3665 3670 3852 3746 Nestorio

2356 3743 2546 3819 scribit
2570 3760 2583 3797 ε
2617 3743 2752 3819 Quia
2776 3760 2895 3819 pero
2925 3742 3117 3819 stante
3144 3742 3423 3819 sopueritl
3441 3746 3508 3803 de
3537 3746 3621 3800 Dei
3646 3742 3852 3819 genitrice

2357 3813 2518 3889 sicut
2532 3817 2672 3885 nos),
2694 3814 2815 3889 inde
2842 3818 3155 3889 convincitur
3173 3813 3298 3889 quia
3323 3828 3370 3873 et
3391 3813 3489 3873 cito
3507 3813 3708 3889 constitit
3724 3813 3854 3867 admo-

2356 3886 2593 3961 nentibus
2621 3888 2766 3961 nobis
2785 3926 2803 3961 ,_
2830 3888 2961 3961 sicut
2986 3904 3019 3940 a
3045 3886 3269 3961 prapriis
3311 3890 3370 3957 ﬁt
3392 3931 3408 3955 ,
3453 3898 3499 3944 et
3542 3888 3693 3961 ipsum
3724 3899 3854 3961 nomen

2355 3957 2549 4029 accepit
2567 3995 2584 4023 ,
2614 3965 2661 4029 st
2688 3957 2743 4011 in
2767 3956 2968 4013 duobus
2992 3954 3319 4029 sermonibus
3350 3954 3528 4014 sanant
3560 3954 3672 4029 ﬁdei
3704 3954 3851 4029 θαρρεί-

2357 4024 2544 4097 tionem
2572 4037 2620 4082 et
2646 4028 3143 4097 irreprelteusibilem
3169 4031 3312 4089 nobis
3338 4024 3757 4091 direriuVerutn
3781 4024 3856 4079 lte-

2357 4096 2560 4153 reticus
2600 4098 2690 4172 ille
2727 4096 2940 4172 etiamsi
2978 4101 3300 4171 quandoque
3343 4098 3853 4172 linguam,gnumquam

2356 4173 2537 4250 tamen
2577 4171 2851 4237 animum,
2894 4169 3133 4227 virOrutn
3181 4169 3505 4242 prudentum
3539 4169 3853 4242 judicio,mu-

2355 4245 2511 4294 tavit.

2429 4307 2457 4347 ιι
2486 4310 2546 4366 Id
2565 4320 2676 4386 est,
2704 4313 2805 4367 nisi
2835 4312 2911 4376 id,
2939 4314 3084 4384 quod
3113 4313 3399 4381 Christus,
3431 4315 3578 4386 cujus
3614 4327 3750 4386 causa
3767 4322 3853 4386 tte-

2357 4382 2529 4457 batur,
2562 4381 2810 4451 probatur
2840 4400 2928 4453 per
2951 4381 3242 4445 sacerdOtes
3271 4402 3393 4442 suos
3425 4381 3693 4457 itt‘synodo
3719 4381 3851 4450 Ephe-

2357 4454 2474 4525 sin_a
2488 4464 2849 4525 congregatos
2871 4457 3088 4512 sentire.

2434 4521 2451 4563 ί
2485 4521 2728 4600 Labbeus
2760 4526 3098 4600 mallet,_sua
3140 4526 3377 4600 deberet._
3409 4524 3738 4600 Retinendum
3762 4536 3851 4600 sua-

2356 4595 2497 4650 deret
2520 4596 2622 4652 hoc
2647 4596 2943 4663 intellectu,
2973 4597 3236 4654 Joannem
3265 4598 3321 4652 id
3346 4598 3416 4654 de
3446 4595 3679 4653 Nestorio
3694 4595 3856 4663 statuis-

2354 4681 2436 4749 _se,
2464 4667 2607 4749 quod
2637 4666 2859 4749 perfidia
2896 4660 3012 4737 eius
3056 4681 3181 4725 nota
3207 4669 3463 4727 suaderet
3489 4668 3556 4725 de
3597 4667 3680 4722 illo
3701 4679 3728 4719 a
3750 4660 3857 4718 doci-

2352 4737 2454 4793 bus
2480 4737 2605 4793 ﬁdei
2629 4736 2886 4807 judicari.
2928 4736 2937 4737 “
3472 4788 3473 4793 η

2430 4808 2445 4857 l
2484 4807 2600 4881 Non
2627 4808 2875 4881 displicet
2916 4808 3113 4881 Labbei
3141 4809 3455 4881 conjectura
3479 4854 3495 4880 ,
3526 4823 3626 4879 qua
3661 4813 3859 4881 restanta

2354 4879 2494 4955 forte
2525 4873 2805 4955 legendum
2838 4894 2959 4935 esse
2985 4873 3265 4955 admonet.
3295 4873 3622 4955 Quamquam
3642 4891 3747 4934 cum

2353 4949 2439 5030 bis
2492 4950 2780 5030 multitudo
2839 4959 3126 5030 censeatur
3176 4951 3232 5006 in
3287 4951 3628 5030 rectoribus,
3682 4949 3856 5005 rectoris

2353 5023 2615 5088 cujusque
2640 5024 2865 5086 sanitas,
2899 5023 3100 5076 sanitas
3126 5032 3210 5078 est
3233 5023 3548 5080 multorum.

2428 5091 2455 5131 ¹ί
2484 5091 2635 5147 Hanc
2662 5093 2982 5147 sententiam
3014 5091 3265 5149 Rusticus
3285 5096 3404 5150 loco
3426 5097 3588 5149 citato
3602 5091 3671 5147 sic
3694 5086 3855 5147 relinel.

2354 5174 2412 5219 ut
2443 5162 2606 5219 verba
2632 5177 2856 5233 prorsus
2888 5171 3059 5219 mutet
3097 5164 3150 5218 in
3178 5166 3318 5219 hunc
3344 5164 3562 5221 modum
3597 5180 3613 5218 :
3637 5160 3744 5233 quis
3770 5156 3858 5211 itu

2350 5235 2590 5304 fecimus,
2621 5235 2706 5302 qui
2735 5232 2865 5288 nihil
2888 5243 3064 5289 contra
3086 5250 3207 5289 eum
3230 5234 3551 5304 deﬁnivinsus
3569 5235 3857 5290 immotum”;

2352 5305 2547 5377 eiurent
2577 5307 2713 5377 enim
2741 5314 3027 5377 nostrorum
3056 5305 3323 5377 vindemia:
3347 5306 3666 5377 gaudiorum.

2430 5374 2447 5414 ι
2473 5373 2638 5454 .Apud
2670 5374 2864 5454 Barca.
2885 5419 2900 5443 ,
2934 5376 3175 5430 lecturos.
3196 5373 3441 5454 _st.'sd
3467 5389 3654 5454 marg?
3676 5373 3855 5454 ξ

2349 5438 2554 5518 rectius
2607 5456 2797 5518 tamen,
2942 5454 3091 5518 textu
3116 5486 3157 5518 ,Α
3184 5448 3439 5518 facturos.
3472 5438 3851 5518 Alltfditquidcttt

2349 5515 2552 5586 Xystus
2573 5518 2640 5590 ad
2672 5516 2804 5590 illud
2831 5516 3024 5590 Matth.
3055 5534 3070 5570 :
3105 5510 3374 5590 Numquid
3399 5519 3639 5589 colligunt
3733 5510 3855 5582 spicit

2346 5603 2473 5643 uvas
2494 5590 2521 5664 ξ
2545 5588 2641 5644 sed
2671 5588 2798 5664 hinc
2828 5588 3019 5664 probat
3042 5590 3226 5658 spinas
3252 5588 3357 5645 non
3386 5588 3545 5664 esse}
3582 5588 3699 5664 quia
3722 5590 3855 5664 ςφτίξιε

2348 5670 2464 5730 erat
2497 5659 2615 5714 fore
2637 5669 2692 5713 ut
2718 5655 2906 5715 facturi
2930 5655 3112 5715 essent
3139 5676 3301 5728 uvas;
3327 5676 3453 5717 cum
3474 5655 3710 5730 Christus
3721 5655 3851 5730 dicat:

2351 5729 2476 5803 Non
2501 5740 2663 5798 potest
2690 5730 2847 5785 arbor
2890 5732 3029 5785 mala
3056 5734 3254 5801 {ructus
3278 5733 3436 5789 bonos
3466 5732 3642 5803 facere.
3681 5727 3778 5795 Quo
3811 5727 3849 5775 ill

2347 5802 2468 5858 loco
2489 5816 2630 5857 vers.
2661 5803 2749 5870 l7,
2784 5803 2844 5858 18
2868 5812 2923 5858 et
2945 5803 3031 5870 l9,
3057 5803 3204 5859 verbi
3230 5807 3430 5874 facere,
3462 5802 3567 5859 non
3592 5802 3729 5871 lem,
3753 5805 3853 5850 oon-

2351 5880 2502 5931 stans
2529 5887 2659 5929 usus
2687 5884 2792 5930 θδῐο
3926 5880 3927 5931 ἰ
