4018 6338
224 360 327 423 ωδ

889 352 1106 411 EPIST.
1148 351 1215 408 ν.
1258 350 1463 410 XYSTI
1501 348 1708 406 PAPE
1748 350 1841 406 AD
1876 350 2232 410 CYRILLUM
2271 352 2819 413 ALEXANDRINUM

3396 358 3500 415 606

223 478 387 545 ηνίι,
417 489 578 547 quem
625 471 696 530 ad
747 470 1159 529 custodiendam
1207 468 1426 525 domum
1475 466 1643 522 Israel
1701 480 1801 522 nec
1831 471 1883 529 Α
1906 477 2031 523 sunt
2054 485 2265 537 semper
2287 470 2547 529 molestiae
2578 472 2735 529 ﬁdem
2769 474 3101 543 praedicanti.
3123 475 3215 531 His
3244 491 3479 547 namque

222 566 524 629 dormitare
573 581 674 623 nec
697 565 1008 622 obdormire
1062 563 1229 618 David
1270 560 1526 631 propheta
1576 569 1807 616 testatur

224 664 400 734 (Psal.
431 679 556 728 cxx,
583 659 662 733 4).
694 658 1044 717 lnfecundum
1073 657 1199 713 illud
1221 656 1440 712 Christo
1466 663 1674 717 nostro,
1710 668 1810 708 nec

219 757 457 815 aﬂ’erens
486 755 737 818 fructum,
768 752 1008 823 suscepit
1029 751 1245 806 ﬂamma
1271 746 1806 817 sarmentumanu.

220 862 312 917 xv,
346 846 429 917 6).
461 845 571 903 Sed
604 857 659 900 ut
690 845 793 900 hoc
814 844 1062 899 videmus
1093 842 1384 898 convenire
1423 840 1699 907 damnato,
1735 839 1808 893 ita

219 943 286 1000 de
315 945 555 999 reversis
585 940 650 995 ad
698 954 798 995 nos
828 936 1085 993 fratribus
1124 936 1379 993 convenit
1418 934 1597 990 dicere
1622 974 1636 998 ,
1684 932 1809 1003 quia

222 1056 330 1097 non
362 1040 538 1109 potuit
566 1053 595 1091 a
627 1036 847 1093 diabolo
876 1033 1141 1090 eradicari
1172 1031 1434 1102 plantatio
1465 1044 1625 1100 quam
1656 1028 1811 1097 plan-

222 1140 436 1188 taverat
464 1132 625 1187 Pater
651 1128 866 1199 (Matth.
899 1142 993 1194 xv,
1027 1126 1138 1197 15).
1174 1125 1327 1179 Illum
1367 1138 1501 1193 ergo
1540 1120 1641 1176 sibi
1671 1119 1812 1189 ignis

219 1236 483 1291 alternus,
520 1226 619 1279 hos
648 1221 987 1293 possessoris
1010 1218 1200 1277 aeterni
1238 1217 1393 1273 vinea
1431 1212 1723 1270 vindicavit
1757 1212 1807 1266 in

219 1328 431 1375 tantum
468 1326 525 1372 ut
558 1314 908 1371 Antiochense
937 1311 1196 1369 Ecclesia:
1237 1308 1579 1365 sacerdotem
1623 1304 1807 1361 vocari

166 1456 173 1459 .
218 1427 247 1467 a
275 1410 572 1466 sanctitate
600 1419 686 1464 tua
712 1408 821 1477 jam
853 1420 997 1462 nunc
1041 1403 1410 1459 venerabilem
1451 1402 1627 1455 virum
1674 1409 1730 1454 et
1784 1408 1810 1434 ιι

220 1504 483 1559 domuum
505 1499 854 1572 gaudeamus.
890 1498 956 1553 Et
974 1496 1170 1551 merito
1194 1502 1415 1549 vocatur
1435 1491 1687 1553 domnus,
1720 1488 1809 1557 qui

217 1609 567 1651 communem
610 1592 896 1647 Dominum
939 1590 1285 1657 recognovit,
1336 1585 1423 1657 qui
1478 1582 1808 1637 incarnatio-

218 1692 299 1748 nis
332 1692 451 1759 ejus
484 1685 797 1760 mysterium
836 1697 963 1739 voce
1009 1680 1277 1735 catholica
1324 1677 1608 1732 uobiscum
1637 1674 1810 1731 conﬁ-

216 1796 381 1842 tetur.

1914 575 2035 614 cum
2096 563 2429 620 beatitudine
2474 568 2691 636 copiosa
2740 584 2949 625 merces
3006 579 3222 645 paratur
3270 571 3321 633 in
3354 574 3501 626 C(Blu

1915 651 2080 726 (Ibid.
2117 656 2229 727 12),
2264 658 2457 727 quibus
2488 669 2710 729 propter
2733 661 2995 729 justitiam
3042 662 3453 717 maledictioncs
3476 704 3492 728 ,

1914 748 2318 815 persecutiones
2366 761 2419 805 et
2448 767 2608 807 omne
2630 753 2827 808 malum
2859 754 3170 824 praecipitur
3200 758 3492 821 sustinere.

1913 838 2110 895 Passus
2132 856 2189 895 es
2221 839 2534 911 falsitatem,
2565 854 2623 899 ut
2642 846 2919 902 victricem
2940 847 3150 903 faceres
3173 849 3454 903 veritatem
3482 865 3497 914 ;

1913 941 1966 987 et
2021 932 2142 987 ideo
2191 949 2331 987 nunc
2380 936 2743 991 insultandum
2776 948 2861 994 est
2888 939 3129 1006 falsitati,
3164 941 3287 1010 quia
3320 940 3501 997 nullus

1912 1023 2090 1094 perire
2118 1026 2289 1094 potuit
2322 1028 2556 1081 veritati.

1987 1116 2040 1169 7.
2084 1116 2475 1187 Exspectamus
2542 1119 2706 1189 igitur
2754 1123 3035 1178 memorati
3089 1123 3275 1180 fratris
3324 1124 3498 1182 nostri

1914 1207 2141 1267 Joannis
2180 1212 2430 1280 clericos,
2467 1222 2521 1269 et
2551 1224 2801 1281 Optamus
2828 1216 3014 1272 venire
3043 1235 3055 1269 :
3087 1219 3287 1274 scimus
3317 1230 3369 1275 et
3402 1236 3501 1291 pro

1918 1304 2125 1359 honore
2162 1314 2217 1360 et
2257 1306 2441 1362 labore
2490 1316 2583 1362 tuo
2624 1307 2757 1363 dare
2804 1323 3147 1378 responsum.
3190 1311 3306 1367 Non
3342 1325 3365 1353 ε
3397 1329 3457 1371 es
3481 1356 3497 1382 ,

1914 1397 2085 1451 secuti
2116 1396 2270 1455 fratri
2301 1406 2354 1451 et
2383 1400 2712 1468 coepiscopo
2757 1410 2947 1456 nostro
2996 1401 3319 1459 Maximiano
3355 1419 3500 1475 saepe

1910 1488 2022 1559 jam
2076 1491 2437 1561 scripsimus,
2490 1492 2651 1548 etiam
2697 1492 2812 1561 ipse
2865 1492 3215 1549 redeuntibus
3261 1493 3501 1551 difficilis

1916 1583 2132 1650 aperire
2154 1583 2373 1652 januam
2421 1601 2437 1639 :
2469 1594 2527 1637 ut
2558 1600 2685 1641 vere
2725 1585 2829 1639 nisi
2860 1585 3179 1655 perditionis
3229 1586 3371 1640 filius
3403 1602 3499 1641 ne-

1917 1693 2006 1731 mo
2032 1678 2103 1733 sit
2135 1678 2377 1747 perditus
2407 1678 2427 1750 (
2452 1677 2611 1733 Joan.
2643 1694 2751 1733 xvn
2779 1718 2794 1745 ,
2830 1679 2895 1733 12
2922 1681 2976 1749 );
3007 1679 3188 1749 sitque
3227 1681 3274 1735 ei
3325 1679 3500 1749 major

1916 1782 2076 1823 causa
2108 1770 2359 1839 lugendi,
2392 1770 2537 1839 quod
2584 1770 2781 1825 meruit
2818 1771 2967 1824 solus
3006 1771 3244 1826 excludi.
3277 1771 3403 1827 Haec
3430 1770 3497 1827 ad

282 1880 342 1934 6.
376 1879 528 1933 Bene
573 1874 730 1931 nobis
767 1873 1005 1929 breviter
1037 1879 1123 1926 tua
1169 1868 1484 1923 fraternitas
1514 1880 1637 1937 quae
1678 1873 1811 1921 sunt
1841 1870 1889 1929 Β
1917 1861 2323 1915 venerationem
2358 1871 2501 1916 tuam
2531 1862 2839 1917 fraternitas
2872 1877 3083 1917 mecum
3126 1872 3314 1918 sancta
3363 1863 3501 1918 scri-

215 1986 383 2041 super
406 1970 597 2027 eodem
630 1968 849 2037 negotio
872 1974 1020 2035 gesta
1058 1964 1326 2029 narravit;
1359 1960 1452 2016 sed
1484 1959 1662 2015 mirati
1695 1974 1803 2013 non

216 2080 430 2129 multis,
456 2062 600 2132 quod
631 2076 660 2114 a
690 2057 1138 2114 dissentientibus
1165 2056 1216 2110 in
1254 2064 1306 2110 te
1335 2052 1689 2123 compositam
1731 2052 1806 2105 le-

208 2159 393 2227 gimus
417 2154 447 2193 δ
478 2153 800 2223 dejectionis
831 2148 1079 2218 iniuriam
1123 2145 1361 2217 (Matth.
1396 2162 1449 2214 v,
1486 2144 1545 2198 Η
1572 2144 1611 2216 ).
1643 2142 1806 2198 Novi-

212 2263 334 2304 tnus
364 2260 723 2312 IRSQUENTER
752 2257 959 2298 urens
1003 2238 1291 2296 calumniis
1337 2236 1616 2291 veritatem
1638 2276 1651 2300 ,
1708 2248 1806 2288 nec

214 2348 400 2397 tamen
455 2353 709 2410 umquam
768 2351 929 2408 posse
982 2334 1216 2389 falsitate
1274 2329 1540 2400 superari.
1598 2326 1806 2383 Votiva:

282 2587 311 2618 ι
352 2575 607 2647 Cyrillus
640 2573 697 2629 in
740 2568 1103 2647 inscriptione.
1140 2564 1383 2647 epistolas
1423 2558 1802 2647 quam_Joanui

218 2658 337 2722 post
358 2633 723 2718 compositam
767 2633 952 2722 pacem
987 2639 1153 2722 misit,
1188 2636 1388 2706 Ephes.
1418 2633 1615 2722 concil.
1662 2639 1799 2722 part:

221 2702 386 2785 ῖιὶζόξ
415 2702 512 2783 διζ
544 2719 693 2772 illum
734 2702 968 2784 appellat
1008 2702 1307 2785 dominum,
1340 2708 1449 2785 sed
1496 2721 1600 2785 non
1625 2702 1804 2785 “addit

222 2773 567 2848 auerabilim
588 2773 783 2842 uirum:
802 2773 1143 2852 QuaprOpter
1164 2779 1442 2853 epistolam
1464 2793 1493 2831 a
1516 2775 1714 2853 Qy‘rillo
1736 2773 1801 2853 _a_d

225 2846 405 2936 ipsum
436 2861 671 2936 Xystum
705 2846 983 2936 scriptam,
1008 2846 1127 2936 quae
1149 2851 1507 2936 desideratur,
1541 2847 1630 2936 hic
1660 2846 1799 2936 indi:

224 2917 785 2991 carivrexis'timamus.
816 2917 888 2981 ’δί
936 2917 1139 2979 nullum
1174 2930 1259 2977 est
1300 2921 1388 2975 hic
1417 2921 1470 2973 in
1512 2917 1803 2991 archetypo

228 2990 515 3069 mendum,
546 3003 742 3057 fallitur
769 2998 1089 3068 Quesnellus
1115 3005 1230 3049 not.
1274 2996 1345 3050 45
1390 2990 1669 3069 in_Leonis
1696 2991 1809 3057 epi-

190 3113 196 3117 ‹
223 3079 425 3134 stolam
455 3063 548 3140 54,
573 3075 663 3130 ιιϋί
690 3063 838 3127 vocis
859 3070 1077 3140 domnus
1118 3081 1271 3140 usum
1298 3072 1420 3140 ante
1445 3063 1644 3140 Leonis
1669 3070 1805 3113 tem-

225 3132 375 3219 pora,
398 3132 681 3219 receptum
714 3149 893 3219 negat.
918 3139 1102 3219 ipsius
1131 3138 1367 3219 opinioni
1400 3134 1526 3189 item
1556 3132 1807 3219 adversa:

226 3201 516 3289 {umquod
537 3201 681 3285 lapud
706 3201 1061 3289 Augustinum
1089 3201 1380 3289 aii-calcem
1410 3205 1679 3289 sermonis
1704 3201 1802 3255 111

222 3280 347 3347 nov.
380 3280 521 3346 edit.
546 3280 814 3356 legimus?
847 3284 996 3351 Quod
1023 3280 1405 3356 nouit‘charita-s
1430 3286 1595 3330 vestra
1624 3290 1805 3355 sugge~

218 3366 385 3416 rimus
414 3378 435 3415 :
489 3349 627 3414 dies"
646 3349 1025 3411 anniversarias
1074 3349 1413 3407 ordinationis
1460 3362 1621 3403 DOINI
1669 3349 1804 3398 senis

1914 1952 2017 2019 bit,
2043 1953 2277 2021 probans
2309 1964 2427 2008 tuos
2459 1954 2510 2008 in
2534 1953 2786 2009 omnibus
2817 1962 2871 2009 et
2894 1954 3221 2009 conﬁrmans
3250 1954 3497 2010 labores:

1912 2052 2003 2118 qui
2043 2058 2223 2103 tamen
2260 2064 2449 2119 graves
2496 2059 2589 2103 aut
2631 2049 2799 2103 amari
2854 2063 2972 2104 esse
3024 2064 3131 2105 noa
3181 2057 3495 2119 potuerunt,

1912 2142 2033 2211 quia
2067 2142 2189 2196 huic
2221 2142 2445 2210 impensi
2476 2149 2619 2207 sunt,
2650 2142 2801 2211 cujus
2840 2156 2980 2197 onus
3030 2142 3148 2198 leve
3196 2151 3253 2198 et
3293 2141 3485 2213 jugum

1911 2248 2077 2290 suave
2110 2244 2383 2304 portamus
2430 2234 2648 2303 (Matth.
2679 2250 2765 2302 ιι,
2820 2232 2932 2299 50).
2965 2232 2991 2273 ἀ
3023 2235 3215 2291 Datum
3269 2236 3337 2292 15
3380 2232 3493 2292 kal.

1912 2327 2181 2393 Octobris,
2216 2327 2522 2383 Theodosio
2555 2344 2650 2383 xui
2676 2337 2734 2385 et
2755 2327 2987 2383 Maximo
3016 2327 3349 2384 consulibus.

1913 2570 2036 2639 esse
2054 2566 2329 2625 oporteret
2356 2557 2491 2639 {sed
2518 2557 2584 2613 ad
2607 2558 2752 2613 illum
2784 2560 3200 2639 referrinequit,
3226 2577 3349 2618 cum
3372 2572 3498 2623 ante

1914 2630 2101 2703 initam
2128 2630 2471 2703 pacemnihil
2493 2640 2664 2699 esset,
2698 2646 2795 2686 cur
2838 2632 2906 2687 de
2938 2630 3096 2688 illius
3130 2635 3196 2688 ad
3244 2638 3497 2703 aperien-

1912 2698 2035 2779 da_m
2066 2700 2413 2779 redeuntibus
2430 2698 2657 2779 ianuam
2679 2703 2933 2779 facilitate
2961 2704 3165 2779 Xystus
3197 2698 3491 2779 aii-Maxi-

1914 2772 2148 2823 mianutn
2205 2772 2487 2826 scriberet.
2554 2772 2757 2827 Idcirco
2808 2772 3199 2831 restituendum
3232 2778 3489 2833 duximus

1915 2839 2136 2921 Natt'es,
2171 2852 2224 2921 t_t_t
2252 2843 2299 2895 id
2324 2844 2389 2896 de
2420 2844 2621 2921 Cyrillo
2652 2847 2768 2921 ipso
2797 2845 3029 2921 dicatur,
3055 2848 3206 2916 cujus
3231 2863 3493 2921 proipace

1913 2912 2146 2993 studium
2171 2912 2372 2993 Xystus
2402 2912 2561 2982 supra
2595 2915 2646 2968 in
2672 2912 2905 2985 epistola
2935 2920 2991 2993 ρ,
3024 2912 3142 2987 quae
3178 2912 3243 2993 et
3281 2912 3492 2993 ad'Mn-

1918 2986 2210 3038 ximianutn
2242 2986 2403 3039 missa
2426 2996 2535 3059 est,
2569 3002 2634 3041 eo
2662 2986 3051 3059 commendat,
3076 2990 3219 3059 quod
3248 2992 3490 3059 proprias

1913 3065 2234 3134 contemnens
2281 3058 2651 3134 contumelias,
2703 3058 3176 3134 magis_Ecclesias
3226 3058 3490 3128 ordinari,

1912 3141 2063 3199 quam
2093 3142 2144 3199 se
2173 3128 2422 3199 uindicari
2449 3129 2742 3195 desiderat;
2774 3128 3041 3199 confestim
3072 3141 3239 3187 autem
3277 3134 3330 3187 in
3355 3150 3488 3188 nau-

1914 3198 2080 3303 fragio
2110 3196 2455 3253 laborantibus
2486 3201 2607 3267 petit
2633 3202 2826 3265 aperiri
2856 3196 3077 3268 portum,
3105 3213 3211 3258 etc.

2053 3268 2312 3303 anlnnilx
2366 3270 2452 3303 alia
2505 3272 2572 3303 IK
2621 3287 2723 3303 nun
2796 3271 2897 3303 1'1!
2968 3272 3211 3303 ΡΙι-ιηηειι

2052 3268 2329 3336 Septemb.
2366 3270 2453 3323 die
2505 3272 2572 3324 15
2620 3287 2745 3325 ann.
2791 3271 2919 3327 455.
2968 3272 3294 3330 Chronicam
3350 3274 3491 3332 hanc

1914 3348 2098 3415 notam
2146 3338 2338 3409 Pagius
2388 3341 2501 3396 falsi
2553 3353 2859 3410 suspectam
2892 3344 3091 3409 habet,
3150 3347 3273 3415 quia
3300 3361 3425 3401 cum
3457 3364 3489 3403 e

222 3397 431 3488 lima;
464 3397 1024 3485 εἶξιἒῖίηῖὶῖἑὶἆὶἔέέὲἆῖ
1051 3397 1620 3477 Ᾰίῖιῖιὶῌῖἷῆἒιῶᾇῆἰό
1641 3397 1802 3472 Chai;

1910 3410 2140 3488 concilio
2164 3397 2562 3488 episcoporum,
2590 3397 2727 3482 qtios
2752 3397 3180 3488 anniversarius‘
3192 3397 3491 3474 ordinatio:

220 3505 526 3561 cedonensi
550 3513 656 3556 act.
694 3517 745 3565 χ,
790 3514 913 3568 pag.
964 3498 1089 3559 657,
1128 3496 1183 3558 d,
1228 3494 1371 3568 idem
1404 3506 1533 3568 usus
1562 3489 1817 3568 lirniatur

220 3576 305 3630 his
337 3576 558 3631 verbis:
592 3561 807 3626 Douuus
832 3561 1003 3623 antem
1026 3564 1237 3622 Samuel
1263 3565 1396 3617 male
1422 3562 1659 3616 habebat.
1687 3561 1816 3614 Por-

219 3662 281 3702 ro
312 3646 605 3701 nominum
627 3644 869 3697 dominus
900 3650 952 3693 et
981 3640 1197 3692 domnus
1242 3636 1533 3690 discrimen
1566 3642 1621 3687 ct
1658 3648 1812 3686 ttsum

217 3719 453 3789 exponit
480 3716 731 3789 antiquus
782 3716 883 3767 iste
914 3724 1101 3767 versus
1135 3724 1165 3762 a
1210 3707 1375 3778 Pagio
1407 3706 1473 3759 ad
1514 3722 1639 3759 anu.
1685 3702 1810 3772 455,

218 3786 371 3845 num.
405 3787 468 3856 4,
498 3786 746 3842 laudatus
772 3802 788 3839 :

302 3952 585 4006 Cadestem
608 3950 893 4012 Dominum,
918 3955 1217 4000 terrestrem
1242 3947 1393 3998 dicite
1417 3946 1667 3995 domuum.

211 4126 427 4183 Eodem
462 4141 563 4182 usu
589 4133 644 4180 et
689 4124 886 4197 Graeci,
918 4120 1510 4197 calestemDominum
1539 4120 1811 4197 xdptovet

210 4208 538 4271 terrestrem
561 4199 712 4271 κύρω
734 4196 1027 4271 appellant.
1058 4194 1400 4271 Quocircain
1447 4194 1565 4248 loco
1590 4191 1806 4271 concilii

208 4263 686 4325 Chalcedooens'is
719 4263 962 4335 proxime
1004 4268 1252 4328 laudato,
1306 4265 1561 4335 domnus
1588 4263 1805 4318 Samuel

206 4343 398 4416 ιύροςῖἐ
429 4356 538 4416 non
564 4334 742 4416 utiptoe
771 4338 1099 4416 voeaturlln
1140 4339 1279 4416 hunc
1304 4345 1481 4416 autem
1522 4334 1677 4406 Xysti
1712 4335 1803 4416 llo-

206 4405 329 4466 cu'm
366 4412 573 4480 Pagius
605 4405 744 4465 istud
774 4420 960 4465 nutat:
996 4409 1159 4463 Porro
1189 4408 1404 4477 depasiti
1433 4422 1535 4461 non
1579 4405 1804 4480 amplius

203 4478 533 4539 vocabantur
560 4496 743 4545 nonut,
776 4498 867 4536 nec
898 4484 1010 4535 ullo
1037 4481 1246 4535 honoris
1288 4480 1439 4532 titulo
1480 4478 1803 4532 exornaban-

204 4564 308 4607 ειν.
344 4556 431 4610 Ac
463 4554 661 4608 deinde
685 4554 876 4608 infert:
909 4552 1107 4623 Xystus
1133 4551 1319 4624 gaudet
1355 4547 1613 4624 Joannem
1643 4566 1677 4624 a_
1700 4546 1803 4619 Cy-

202 4626 326 4680 rillo
347 4630 479 4699 jam
520 4627 776 4699 nominari
825 4620 1163 4699 uenefabilem
1206 4623 1491 4699 damnum;
1519 4620 1802 4699 exindeque

202 4689 408 4766 collig'it
440 4696 624 4766 laesum
645 4696 867 4750 Joannis
896 4698 1137 4750 honorem
1162 4696 1312 4764 plane
1338 4695 1641 4766 resarcituns
1668 4689 1801 4755 fuis-

1922 3482 2006 3534 nis
2034 3481 2184 3553 Xysti
2209 3483 2323 3536 dies
2350 3481 2718 3558 congregarat,
2753 3486 2952 3555 scripta
2982 3489 3046 3541 sit
3076 3489 3190 3543 haec
3212 3489 3440 3558 epistola
3470 3532 3484 3556 ,

1917 3566 2043 3607 cum
2066 3570 2131 3607 eo
2154 3564 2330 3631 tamen
2358 3556 2572 3631 die‘quo
2592 3555 2827 3631 Xystum
2841 3569 3214 3613 consecratum
3239 3555 3362 3615 esse
3390 3555 3486 3631 pro

1917 3634 2067 3677 certo
2096 3627 2263 3699 ponit,
2292 3636 2415 3679 nota
2450 3626 2535 3699 illa
2581 3626 2830 3699 componi
2865 3644 2970 3683 non
3002 3639 3195 3699 potest.
3224 3626 3489 3688 Obser'vat

1916 3709 2132 3775 qnoque
2156 3696 2559 3775 Tillemo_n_t_ius,_
2601 3697 2824 3753 Joannis
2862 3696 3111 3775 clericos,
3158 3702 3249 3771 qui
3278 3703 3486 3775 litteras

1916 3766 2035 3833 ejus
2082 3765 2257 3836 Xysto
2301 3769 2559 3822 reddituri
2610 3765 3105 3839 exspectabantur,
3158 3765 3382 3828 necdum
3431 3776 3485 3830 in

1912 3839 2102 3914 urbem
2153 3841 2485 3914 pervenisse,
2530 3855 2651 3893 cum
2689 3841 2818 3914 haec
2866 3844 3094 3910 epistola
3136 3848 3335 3914 scripta
3362 3854 3483 3912 est;

1913 3909 2353 3983 adeoqueltujus
2372 3921 2426 3964 et
2454 3911 2731 3979 sequentis
2762 3909 3011 3979 epistOlae
3032 3956 3046 3979 ,
3078 3930 3198 3983 quin
3238 3909 3360 3983 post
3388 3909 3483 3970 ad;

1913 3990 2131 4034 ventum
2160 3980 2396 4055 Joannis
2412 3983 2732 4055 clericorum
2773 3983 2893 4037 data
2926 3998 3005 4039 eSt
3028 4028 3042 4049 ,
3085 3980 3345 4055 epocbatu
3374 4004 3482 4044 non

1913 4065 2076 4132 unam
2098 4052 2512 4132 essedebuisse.
2558 4053 2679 4132 _Non
2715 4055 2980 4132 inliciatur
3011 4052 3187 4132 tamen
3222 4059 3333 4132 fieri
3381 4074 3482 4132 po-

1914 4123 2080 4199 tuisse
2104 4134 2179 4189 ut,
2206 4122 2331 4178 licet
2354 4126 2661 4199 _una_prius,
2690 4126 2855 4199 altera
2882 4128 3145 4199 posterius
3168 4127 3363 4198 scripta
3381 4122 3478 4199 sit,

1910 4194 2083 4269 amba:
2112 4202 2298 4269 tamen
2321 4194 2482 4249 simul
2514 4196 2652 4269 datze
2681 4198 2978 4269 eodemque
3026 4198 3113 4253 die
3149 4194 3480 4269 consignata:

1910 4261 2133 4319 fuerint.
2157 4264 2263 4320 Sed
2287 4264 2388 4319 hoc
2410 4268 2604 4335 posito,
2624 4261 2935 4321 mutandum
2955 4268 3122 4325 fuisse
3142 4261 3331 4325 cense?
3355 4288 3477 4328 eum

1908 4350 2059 4389 num.
2088 4336 2118 4389 7
2146 4336 2564 4409 locum,iiu~quo
2589 4337 2790 4409 Xystus
2839 4338 3063 4395 Joannis
3111 4342 3337 4396 clericos
3376 4359 3475 4398 ex-

1904 4414 2152 4489 spectare
2171 4406 2407 4489 sedicit.
2440 4406 2743 4463 Verum'ex
2793 4413 2955 4465 meris
3006 4412 3307 4489 hujusniodi
3347 4429 3478 4469 con-

1901 4478 2127 4552 iecturis
2149 4487 2326 4552 certas
2346 4490 2521 4552 nutas,
2551 4495 2683 4550 quas
2708 4492 2862 4536 vetus
2876 4478 3157 4552 exemplar
3180 4484 3312 4539 alias
3330 4485 3382 4539 iit
3411 4488 3474 4542 iis

1904 4548 2223 4625 exitibetidis
2247 4548 2404 4604 fidele
2434 4548 2707 4625 asservat,
2732 4554 2977 4625 rejicere
3005 4548 3088 4609 vel
3122 4564 3326 4610 mutare.
3353 4573 3476 4625 pru-

1903 4619 2080 4704 dentis
2104 4634 2208 4704 non
2233 4621 2565 4704 estne-time
2617 4619 2833 4691 quidem
2876 4624 3103 4704 Xystus,
3152 4628 3241 4704 qui
3286 4619 3472 4704 Cyrilli

1903 4690 2109 4747 litteras
2131 4690 2187 4745 in
2216 4692 2447 4746 concilio
2478 4690 2853 4761 episcoporum
2886 4690 2950 4749 ad
2979 4690 3475 4755 ordina'tionis'suae

203 4785 276 4843 ει.
311 4762 531 4843 ferum
557 4762 623 4822 ex
654 4768 831 4843 verbis
848 4766 1141 4843 _Xysti_ltoc
1162 4762 1169 4764 ⁷
1192 4775 1397 4821 tantum
1446 4764 1709 4843 sequitur.
1736 4772 1792 4816 ut
1819 4782 1874 4842 ι)
1901 4762 2043 4843 diem
2075 4772 2518 4843 congregatorum
2542 4765 2718 4843 lectas
2744 4776 2796 4820 et
2826 4768 2894 4821 ab
2914 4769 3185 4843 universis
3213 4771 3468 4839 probatas

201 4839 460 4911 Cyrinus
490 4838 802 4893 honorificis
825 4833 993 4911 titulis
1015 4837 1276 4892 Joannem
1298 4850 1589 4900 exornans,
1617 4833 1789 4901 palam

202 4909 328 4965 eum
357 4910 769 4966 communionis
797 4909 1039 4979 ejusdem
1070 4918 1379 4961 consortem
1411 4919 1704 4979 agnoscere
1731 4919 1791 4979 se

204 4991 451 5039 testatus
481 4981 573 5036 sit.
606 4981 675 5035 At
705 4996 810 5035 non
825 4974 965 5034 inde
988 4982 1188 5046 pariter
1215 4974 1475 5046 sequitur.
1521 4985 1580 5030 ut
1617 4974 1794 5046 Cyril-

202 5053 287 5109 lus
314 5064 484 5108 antea
511 5051 742 5108 Joannis
767 5052 1025 5106 honorem
1056 5048 1285 5111 lrcserit,
1328 5059 1421 5102 aut
1462 5062 1585 5101 eum
1614 5058 1671 5100 ut
1691 5046 1789 5101 de-

204 5126 492 5193 positione
514 5124 829 5179 mulctatum
854 5122 1121 5176 habuerit.
1172 5121 1342 5193 Certe
1375 5128 1563 5193 auctor
1590 5118 1640 5172 ei
1692 5118 1790 5193 fuit

201 5189 566 5258 leestinus,
598 5204 655 5248 ut
688 5210 894 5248 summa
938 5210 1055 5248 cum
1094 5193 1182 5246 illo
1213 5190 1494 5260 prudentia
1522 5198 1577 5245 et
1600 5189 1787 5245 mode-

198 5270 428 5321 ratione
452 5277 657 5334 ageret.

271 5337 301 5375 δ
338 5330 551 5392 Baroh.
589 5348 645 5392 et
683 5334 820 5392 Lab.
871 5337 935 5389 ad
979 5335 1274 5403 marginem
1302 5374 1317 5398 ,
1368 5332 1647 5394 dictionis;
1695 5330 1790 5386 sed

201 5419 362 5463 reete
406 5407 737 5476 praeferunt,
788 5402 1113 5477 dejectionis.
1138 5405 1253 5459 Non
1286 5405 1427 5477 enim
1478 5402 1563 5457 hic
1612 5402 1789 5471 aliqua

202 5474 483 5534 adversus
510 5479 771 5548 Cyrillum
797 5474 961 5532 dictio
982 5486 1075 5531 aut
1104 5474 1530 5548 contumeliosus
1564 5488 1743 5548 sermo
1771 5512 1787 5548 ε

200 5550 297 5603 sed
329 5564 401 5603 ea
440 5542 657 5603 nota'tur
684 5550 1037 5617 depositionis
1082 5546 1378 5607 sententia,
1426 5558 1546 5617 qute
1593 5542 1788 5611 Ephesi

200 5619 481 5675 adversus
509 5620 657 5674 illum
687 5615 845 5673 abiis
875 5622 963 5689 qui
993 5618 1254 5672 Joannem
1289 5615 1679 5689 Antiochenam
1704 5630 1790 5669 se-

199 5692 547 5761 quebantur,
577 5694 679 5747 lata
725 5701 777 5745 et
818 5687 1109 5757 parietibus
1147 5689 1309 5761 alfixa
1351 5687 1557 5761 fuerat,
1590 5687 1656 5761 de
1686 5700 1790 5755 qua

200 5758 477 5821 nimirum
507 5765 744 5836 synodus
773 5762 1042 5832 Epltesina
1068 5760 1227 5831 epist.
1254 5760 1324 5816 20
1352 5764 1415 5813 ad
1443 5758 1789 5813 Caelestinum

199 5854 258 5893 ll.
292 5840 327 5893 5
351 5838 730 5905 conqueritur.

346 5898 411 5962 In
450 5898 692 5972 vulgatis,
729 5906 850 5960 Non
890 5915 1007 5972 est;
1035 5906 1176 5973 quod
1218 5904 1285 5959 de
1330 5904 1535 5959 Joanne
1574 5901 1773 5956 dictum

1892 4833 2059 4912 fuisse
2085 4834 2333 4912 superius
2364 4850 2510 4912 num.
2540 4836 2574 4889 2
2597 4836 2754 4912 docet
2799 4838 3017 4912 eordem
3053 4833 3338 4910 episcopos
3378 4858 3470 4912 pa-

1894 4905 2025 4960 riter
2084 4904 2386 4959 litterarum
2444 4906 2669 4961 Joannis
2735 4908 3023 4964 lectionem
3084 4904 3468 4968 audiv'isse'in

1895 4977 2121 5052 epistola
2148 4978 2393 5052 sequenti
2420 4994 2567 5052 nutu.
2598 4976 2631 5030 5
2658 4978 2881 5052 indicat.
2931 4980 3085 5037 Unde
3122 4983 3367 5052 sequitur
3415 4993 3475 5039 ut

1895 5047 2095 5119 Xystus
2141 5048 2425 5117 episcopos
2473 5050 2562 5118 qui
2609 5051 2672 5103 ad
2732 5052 2925 5105 natalis
2968 5055 3049 5108 sui
3104 5047 3469 5111 celebritatem

1894 5129 2275 5181 convenerant,
2306 5120 2372 5173 ad
2398 5120 2719 5175 clericorum
2750 5121 2974 5178 Joannis
3008 5124 3297 5179 adventum
3328 5126 3470 5180 deti-

1895 5189 2104 5271 nendos
2132 5190 2420 5271 iudicarit;
2448 5207 2554 5271 quo
2585 5192 2618 5245 ii
2650 5192 2741 5263 qui
2765 5192 2951 5271 Cyrilli
2981 5195 3048 5271 de
3078 5211 3209 5265 pace
3230 5196 3470 5271 Orientis

1901 5260 2097 5316 litteris
2119 5262 2350 5317 recreati
2376 5265 2487 5331 jam
2520 5260 2767 5327 fuerant,
2810 5260 2884 5320 de
2930 5260 3117 5321 eadem
3164 5282 3227 5322 re
3270 5267 3473 5323 auditis

1899 5331 2122 5407 Joannis
2148 5334 2363 5407 scriptis
2392 5335 2653 5407 certiores
2698 5336 2853 5402 facti,
2885 5338 3123 5406 perfecto
3152 5339 3348 5407 gaudio
3376 5354 3473 5393 cu-

1901 5404 2258 5477 mularentur.
2303 5403 2837 5477 ljecﬂambigendum
2877 5403 3007 5477 quin
3051 5403 3210 5462 simul
3271 5415 3470 5465 retenti

1899 5477 2008 5528 sint
2031 5484 2086 5527 et
2112 5475 2200 5542 qui
2231 5490 2261 5527 a
2291 5474 2496 5545 Cyrillo
2515 5474 2793 5545 venierant,
2829 5474 2931 5532 nec
2960 5480 3059 5532 nisi
3091 5494 3212 5534 cum
3244 5479 3469 5535 Joannis

1900 5546 2113 5599 clericis
2141 5544 2587 5601 fuerint’dimissi.
2610 5548 2744 5601 Tum
2761 5544 3002 5616 utrisque
3022 5551 3211 5605 eodem
3232 5552 3469 5605 diedatm

1899 5626 2025 5671 sunt
2081 5617 2362 5685 epistolae,
2395 5628 2449 5672 et
2502 5619 2624 5673 licet
2654 5634 2761 5673 una
2812 5620 2968 5687 paulo
2997 5629 3123 5677 ante
3173 5622 3469 5679 adventum

1898 5688 2229 5762 clericorum
2263 5688 2482 5762 Joannis
2524 5690 2724 5762 scripta
2754 5705 2851 5762 eos
2899 5695 3199 5762 exspectari
3248 5693 3466 5760 indicet,

1900 5759 2043 5833 istud
2070 5774 2174 5813 non
2201 5760 2379 5813 debuit
2404 5760 2619 5833 mutari,
2645 5776 2765 5815 cum
2798 5760 2832 5814 ii
2865 5776 2961 5831 per
2986 5759 3120 5833 quos
3158 5759 3468 5823 mittebatur

1898 5830 1965 5883 ad
1998 5846 2177 5885 rerum
2204 5837 2478 5900 gestarum
2504 5832 2744 5888 ordinem
2773 5830 3137 5891 enarrandum
3167 5836 3347 5895 idonei
3376 5850 3466 5898 es-

1881 5911 2020 5957 sont.
