  <div class='ocr_page' id='page_1' title='image "/cluster/home/n/w/nwhite01/storage/ocr_20150623/50/hvd.32044015471550/309.png"; bbox 0 0 4018 6338; ppageno 0'>
   <div class='ocr_carea' id='block_1_1' title="bbox 647 308 752 368">
    <p class='ocr_par' dir='ltr' id='par_1_1' title="bbox 647 308 752 368">
     <span class='ocr_line' id='line_1_1' title="bbox 647 308 752 368; baseline 0 0"><span class='ocrx_word' id='word_1_1' title='bbox 647 308 752 368; x_wconf 77' lang='lat'><strong>607</strong></span> 
     </span>
    </p>
   </div>
   <div class='ocr_carea' id='block_1_2' title="bbox 1180 420 1693 489">
    <p class='ocr_par' dir='ltr' id='par_1_2' title="bbox 1180 420 1693 489">
     <span class='ocr_line' id='line_1_2' title="bbox 1180 420 1693 489; baseline -0.01 -7"><span class='ocrx_word' id='word_1_2' title='bbox 1180 434 1207 463; x_wconf 74' lang='grc'><strong>⁸</strong></span> <span class='ocrx_word' id='word_1_3' title='bbox 1236 422 1575 482; x_wconf 82' lang='lat' dir='ltr'><strong>EPISTOLA</strong></span> <span class='ocrx_word' id='word_1_4' title='bbox 1606 420 1693 489; x_wconf 82' lang='lat' dir='ltr'><strong>Vl,</strong></span> 
     </span>
    </p>
   </div>
   <div class='ocr_carea' id='block_1_3' title="bbox 751 551 1670 597">
    <p class='ocr_par' dir='ltr' id='par_1_3' title="bbox 751 551 1670 597">
     <span class='ocr_line' id='line_1_3' title="bbox 751 551 1670 597; baseline -0.007 0"><span class='ocrx_word' id='word_1_5' title='bbox 751 552 797 596; x_wconf 68' lang='lat' dir='ltr'><strong>Io</strong></span> <span class='ocrx_word' id='word_1_6' title='bbox 833 553 985 597; x_wconf 66' lang='grc' dir='ltr'><strong>ηετι</strong></span> <span class='ocrx_word' id='word_1_7' title='bbox 1030 554 1179 595; x_wconf 63' lang='grc' dir='ltr'><strong>ΡΑΡΞ</strong></span> <span class='ocrx_word' id='word_1_8' title='bbox 1218 554 1275 594; x_wconf 81' lang='lat' dir='ltr'><strong>lll</strong></span> <span class='ocrx_word' id='word_1_9' title='bbox 1316 554 1384 594; x_wconf 75' lang='lat' dir='ltr'><strong>AD</strong></span> <span class='ocrx_word' id='word_1_10' title='bbox 1429 551 1670 593; x_wconf 70' lang='grc' dir='ltr'><strong>ιοΑΝΝιεκ</strong></span> 
     </span>
    </p>
   </div>
   <div class='ocr_carea' id='block_1_4' title="bbox 650 642 2233 717">
    <p class='ocr_par' dir='ltr' id='par_1_4' title="bbox 650 642 2233 717">
     <span class='ocr_line' id='line_1_4' title="bbox 650 642 2233 717; baseline -0.008 -8"><span class='ocrx_word' id='word_1_11' title='bbox 650 650 896 709; x_wconf 65' lang='lat' dir='ltr'><strong>Ecclesia</strong></span> <span class='ocrx_word' id='word_1_12' title='bbox 922 652 987 707; x_wconf 84' lang='lat' dir='ltr'><strong>de</strong></span> <span class='ocrx_word' id='word_1_13' title='bbox 1013 649 1231 705; x_wconf 81' lang='lat' dir='ltr'><strong>Joannis</strong></span> <span class='ocrx_word' id='word_1_14' title='bbox 1257 651 1423 704; x_wconf 83' lang='lat' dir='ltr'><strong>reditu</strong></span> <span class='ocrx_word' id='word_1_15' title='bbox 1464 649 1665 704; x_wconf 67' lang='lat' dir='ltr'><strong>laetitia.</strong></span> <span class='ocrx_word' id='word_1_16' title='bbox 1698 646 1945 717; x_wconf 50' lang='lat' dir='ltr'><strong>[Equites</strong></span> <span class='ocrx_word' id='word_1_17' title='bbox 1976 646 2095 717; x_wconf 73' lang='lat' dir='ltr'><strong>[utre</strong></span> <span class='ocrx_word' id='word_1_18' title='bbox 2136 642 2233 717; x_wconf 72' lang='lat' dir='ltr'><strong>ad-</strong></span> 
     </span>
    </p>
   </div>
   <div class='ocr_carea' id='block_1_5' title="bbox 717 716 2231 779">
    <p class='ocr_par' dir='ltr' id='par_1_5' title="bbox 717 716 2231 779">
     <span class='ocr_line' id='line_1_5' title="bbox 717 716 2231 779; baseline -0.008 0"><span class='ocrx_word' id='word_1_19' title='bbox 717 740 889 779; x_wconf 80' lang='lat' dir='ltr'><strong>versus</strong></span> <span class='ocrx_word' id='word_1_20' title='bbox 940 722 1241 778; x_wconf 71' lang='lat' dir='ltr'><strong>Nestorium</strong></span> <span class='ocrx_word' id='word_1_21' title='bbox 1278 722 1562 775; x_wconf 79' lang='lat' dir='ltr'><strong>sententite.</strong></span> <span class='ocrx_word' id='word_1_22' title='bbox 1599 716 1844 773; x_wconf 69' lang='lat' dir='ltr'><strong>Romanae</strong></span> <span class='ocrx_word' id='word_1_23' title='bbox 1882 716 2128 770; x_wconf 72' lang='lat' dir='ltr'><strong>Ecclesia:</strong></span> <span class='ocrx_word' id='word_1_24' title='bbox 2175 716 2231 767; x_wconf 84' lang='lat' dir='ltr'><strong>iu</strong></span> 
     </span>
    </p>
   </div>
   <div class='ocr_carea' id='block_1_6' title="bbox 716 788 2231 863">
    <p class='ocr_par' dir='ltr' id='par_1_6' title="bbox 716 788 2231 863">
     <span class='ocr_line' id='line_1_6' title="bbox 716 788 2231 863; baseline -0.007 -14"><span class='ocrx_word' id='word_1_25' title='bbox 716 794 970 849; x_wconf 80' lang='lat' dir='ltr'><strong>servanda</strong></span> <span class='ocrx_word' id='word_1_26' title='bbox 1000 795 1103 863; x_wconf 76' lang='lat' dir='ltr'><strong>[ide</strong></span> <span class='ocrx_word' id='word_1_27' title='bbox 1127 795 1433 856; x_wconf 80' lang='lat' dir='ltr'><strong>constantia,</strong></span> <span class='ocrx_word' id='word_1_28' title='bbox 1475 802 1523 846; x_wconf 81' lang='lat' dir='ltr'><strong>et</strong></span> <span class='ocrx_word' id='word_1_29' title='bbox 1566 793 1620 844; x_wconf 81' lang='lat' dir='ltr'><strong>iu</strong></span> <span class='ocrx_word' id='word_1_30' title='bbox 1654 793 1899 863; x_wconf 71' lang='lat' dir='ltr'><strong>ejusdem</strong></span> <span class='ocrx_word' id='word_1_31' title='bbox 1923 788 2043 863; x_wconf 66' lang='lat' dir='ltr'><strong>ﬁdei</strong></span> <span class='ocrx_word' id='word_1_32' title='bbox 2070 801 2231 863; x_wconf 71' lang='lat' dir='ltr'><strong>causa</strong></span> 
     </span>
    </p>
   </div>
   <div class='ocr_carea' id='block_1_7' title="bbox 715 857 2234 934">
    <p class='ocr_par' dir='ltr' id='par_1_7' title="bbox 715 857 2234 934">
     <span class='ocr_line' id='line_1_7' title="bbox 715 857 2234 934; baseline -0.007 -14"><span class='ocrx_word' id='word_1_33' title='bbox 715 857 1081 934; x_wconf 74' lang='lat' dir='ltr'><strong>imperatorum</strong></span> <span class='ocrx_word' id='word_1_34' title='bbox 1108 866 1359 920; x_wconf 81' lang='lat' dir='ltr'><strong>studium.</strong></span> <span class='ocrx_word' id='word_1_35' title='bbox 1404 866 1574 934; x_wconf 77' lang='lat' dir='ltr'><strong>Quam</strong></span> <span class='ocrx_word' id='word_1_36' title='bbox 1616 857 1835 915; x_wconf 73' lang='lat' dir='ltr'><strong>idoneus</strong></span> <span class='ocrx_word' id='word_1_37' title='bbox 1856 860 1921 912; x_wconf 80' lang='lat' dir='ltr'><strong>sit</strong></span> <span class='ocrx_word' id='word_1_38' title='bbox 1956 857 2234 912; x_wconf 42' lang='lat' dir='ltr'><strong>Maximia‘</strong></span> 
     </span>
    </p>
   </div>
   <div class='ocr_carea' id='block_1_8' title="bbox 717 933 1982 1009">
    <p class='ocr_par' dir='ltr' id='par_1_8' title="bbox 717 933 1982 1009">
     <span class='ocr_line' id='line_1_8' title="bbox 717 933 1982 1009; baseline -0.006 -18"><span class='ocrx_word' id='word_1_39' title='bbox 717 933 837 1006; x_wconf 85' lang='lat' dir='ltr'><strong>nus,</strong></span> <span class='ocrx_word' id='word_1_40' title='bbox 865 938 955 1009; x_wconf 87' lang='lat' dir='ltr'><strong>qui</strong></span> <span class='ocrx_word' id='word_1_41' title='bbox 985 937 1132 991; x_wconf 85' lang='lat' dir='ltr'><strong>malis</strong></span> <span class='ocrx_word' id='word_1_42' title='bbox 1170 955 1201 990; x_wconf 91' lang='lat' dir='ltr'><strong>a</strong></span> <span class='ocrx_word' id='word_1_43' title='bbox 1232 934 1475 991; x_wconf 86' lang='lat' dir='ltr'><strong>Nestorio</strong></span> <span class='ocrx_word' id='word_1_44' title='bbox 1511 933 1671 988; x_wconf 84' lang='lat' dir='ltr'><strong>illatis</strong></span> <span class='ocrx_word' id='word_1_45' title='bbox 1701 933 1982 998; x_wconf 76' lang='lat' dir='ltr'><strong>medeatur.</strong></span> 
     </span>
    </p>
   </div>
   <div class='ocr_carea' id='block_1_9' title="bbox 1721 547 2120 591">
    <p class='ocr_par' dir='ltr' id='par_1_9' title="bbox 1721 547 2120 591">
     <span class='ocr_line' id='line_1_9' title="bbox 1721 547 2120 591; baseline -0.013 0"><span class='ocrx_word' id='word_1_46' title='bbox 1721 547 2120 591; x_wconf 66' lang='lat' dir='ltr'><strong>ANTIOCEERUM.</strong></span> 
     </span>
    </p>
   </div>
   <div class='ocr_carea' id='block_1_10' title="bbox 720 1068 2155 1145">
    <p class='ocr_par' dir='ltr' id='par_1_10' title="bbox 720 1068 2155 1145">
     <span class='ocr_line' id='line_1_10' title="bbox 720 1068 2155 1145; baseline -0.007 -14"><span class='ocrx_word' id='word_1_47' title='bbox 720 1076 926 1131; x_wconf 73' lang='lat' dir='ltr'><strong>Xxs&#39;ws</strong></span> <span class='ocrx_word' id='word_1_48' title='bbox 969 1074 1261 1145; x_wconf 80' lang='lat' dir='ltr'><strong>episcopus</strong></span> <span class='ocrx_word' id='word_1_49' title='bbox 1289 1071 1480 1129; x_wconf 75' lang='lat' dir='ltr'><strong>JOANNI</strong></span> <span class='ocrx_word' id='word_1_50' title='bbox 1509 1071 1767 1142; x_wconf 90' lang='lat' dir='ltr'><strong>episcopo</strong></span> <span class='ocrx_word' id='word_1_51' title='bbox 1797 1068 2155 1126; x_wconf 81' lang='lat' dir='ltr'><strong>Antiocheno.</strong></span> 
     </span>
    </p>
   </div>
   <div class='ocr_carea' id='block_1_11' title="bbox 721 1160 2232 1235">
    <p class='ocr_par' dir='ltr' id='par_1_11' title="bbox 721 1160 2232 1235">
     <span class='ocr_line' id='line_1_11' title="bbox 721 1160 2232 1235; baseline -0.005 -12"><span class='ocrx_word' id='word_1_52' title='bbox 721 1169 773 1226; x_wconf 82' lang='lat' dir='ltr'><strong>l.</strong></span> <span class='ocrx_word' id='word_1_53' title='bbox 818 1168 873 1223; x_wconf 89' lang='lat' dir='ltr'><strong>Si</strong></span> <span class='ocrx_word' id='word_1_54' title='bbox 902 1164 1255 1223; x_wconf 90' lang='lat' dir='ltr'><strong>ecclesiastici</strong></span> <span class='ocrx_word' id='word_1_55' title='bbox 1294 1164 1537 1235; x_wconf 87' lang='lat' dir='ltr'><strong>corporis</strong></span> <span class='ocrx_word' id='word_1_56' title='bbox 1573 1163 1826 1234; x_wconf 79' lang='lat' dir='ltr'><strong>gloriam,</strong></span> <span class='ocrx_word' id='word_1_57' title='bbox 1859 1162 1905 1217; x_wconf 87' lang='lat' dir='ltr'><strong>si</strong></span> <span class='ocrx_word' id='word_1_58' title='bbox 1937 1160 2055 1229; x_wconf 86' lang='lat' dir='ltr'><strong>ejus</strong></span> <span class='ocrx_word' id='word_1_59' title='bbox 2094 1160 2232 1215; x_wconf 85' lang='lat' dir='ltr'><strong>inte-</strong></span> 
     </span>
    </p>
   </div>
   <div class='ocr_carea' id='block_1_12' title="bbox 648 1251 2231 1331">
    <p class='ocr_par' dir='ltr' id='par_1_12' title="bbox 648 1251 2231 1331">
     <span class='ocr_line' id='line_1_12' title="bbox 648 1251 2231 1331; baseline -0.006 -17"><span class='ocrx_word' id='word_1_60' title='bbox 648 1261 897 1331; x_wconf 76' lang='lat' dir='ltr'><strong>gritatent</strong></span> <span class='ocrx_word' id='word_1_61' title='bbox 925 1257 1144 1314; x_wconf 73' lang='lat' dir='ltr'><strong>dilectio</strong></span> <span class='ocrx_word' id='word_1_62' title='bbox 1175 1267 1264 1311; x_wconf 85' lang='lat' dir='ltr'><strong>tua</strong></span> <span class='ocrx_word' id='word_1_63' title='bbox 1302 1254 1647 1311; x_wconf 88' lang='lat' dir='ltr'><strong>considerare</strong></span> <span class='ocrx_word' id='word_1_64' title='bbox 1677 1254 1949 1323; x_wconf 80' lang='lat' dir='ltr'><strong>dignetur,</strong></span> <span class='ocrx_word' id='word_1_65' title='bbox 1984 1251 2231 1320; x_wconf 88' lang='lat' dir='ltr'><strong>profecto</strong></span> 
     </span>
    </p>
   </div>
   <div class='ocr_carea' id='block_1_13' title="bbox 586 1345 2232 1434">
    <p class='ocr_par' dir='ltr' id='par_1_13' title="bbox 586 1345 2232 1434">
     <span class='ocr_line' id='line_1_13' title="bbox 586 1345 2232 1434; baseline -0.006 -26"><span class='ocrx_word' id='word_1_66' title='bbox 586 1362 599 1434; x_wconf 63' lang='grc' dir='ltr'><em>ξ</em></span> <span class='ocrx_word' id='word_1_67' title='bbox 651 1354 844 1408; x_wconf 68' lang='lat' dir='ltr'><strong>laetitia:</strong></span> <span class='ocrx_word' id='word_1_68' title='bbox 867 1359 1064 1406; x_wconf 78' lang='lat' dir='ltr'><strong>nostra:</strong></span> <span class='ocrx_word' id='word_1_69' title='bbox 1088 1365 1192 1404; x_wconf 94' lang='lat' dir='ltr'><strong>non</strong></span> <span class='ocrx_word' id='word_1_70' title='bbox 1213 1357 1418 1419; x_wconf 68' lang='lat' dir='ltr'><strong>quaeret</strong></span> <span class='ocrx_word' id='word_1_71' title='bbox 1441 1347 1815 1417; x_wconf 72' lang='lat' dir='ltr'><strong>interpretem.</strong></span> <span class='ocrx_word' id='word_1_72' title='bbox 1838 1345 1971 1414; x_wconf 69' lang='lat' dir='ltr'><strong>lpsze</strong></span> <span class='ocrx_word' id='word_1_73' title='bbox 1998 1358 2232 1413; x_wconf 81' lang='lat' dir='ltr'><strong>namque</strong></span> 
     </span>
    </p>
   </div>
   <div class='ocr_carea' id='block_1_14' title="bbox 589 1437 2229 1513">
    <p class='ocr_par' dir='ltr' id='par_1_14' title="bbox 589 1437 2229 1513">
     <span class='ocr_line' id='line_1_14' title="bbox 589 1437 2229 1513; baseline -0.007 -10"><span class='ocrx_word' id='word_1_74' title='bbox 589 1437 598 1447; x_wconf 82' lang='grc'><em>’</em></span> <span class='ocrx_word' id='word_1_75' title='bbox 649 1462 738 1503; x_wconf 89' lang='lat' dir='ltr'><strong>res</strong></span> <span class='ocrx_word' id='word_1_76' title='bbox 764 1444 1170 1503; x_wconf 61' lang='lat' dir='ltr'><strong>evidentissime</strong></span> <span class='ocrx_word' id='word_1_77' title='bbox 1192 1444 1502 1513; x_wconf 89' lang='lat' dir='ltr'><strong>loquuntur,</strong></span> <span class='ocrx_word' id='word_1_78' title='bbox 1528 1454 1817 1496; x_wconf 63' lang='lat' dir='ltr'><strong>maerorem</strong></span> <span class='ocrx_word' id='word_1_79' title='bbox 1864 1448 2107 1493; x_wconf 89' lang='lat' dir='ltr'><strong>nostrum</strong></span> <span class='ocrx_word' id='word_1_80' title='bbox 2141 1452 2229 1492; x_wconf 82' lang='lat' dir='ltr'><strong>re-</strong></span> 
     </span>
    </p>
   </div>
   <div class='ocr_carea' id='block_1_15' title="bbox 650 1531 2225 1611">
    <p class='ocr_par' dir='ltr' id='par_1_15' title="bbox 650 1531 2225 1611">
     <span class='ocr_line' id='line_1_15' title="bbox 650 1531 2225 1611; baseline -0.007 -15"><span class='ocrx_word' id='word_1_81' title='bbox 650 1540 872 1611; x_wconf 90' lang='lat' dir='ltr'><strong>pentitto</strong></span> <span class='ocrx_word' id='word_1_82' title='bbox 917 1539 1087 1593; x_wconf 91' lang='lat' dir='ltr'><strong>sancti</strong></span> <span class='ocrx_word' id='word_1_83' title='bbox 1122 1537 1299 1592; x_wconf 80' lang='lat' dir='ltr'><strong>fratris</strong></span> <span class='ocrx_word' id='word_1_84' title='bbox 1341 1534 1531 1608; x_wconf 86' lang='lat' dir='ltr'><strong>Cyrilli</strong></span> <span class='ocrx_word' id='word_1_85' title='bbox 1586 1547 1837 1589; x_wconf 90' lang='lat' dir='ltr'><strong>sermone</strong></span> <span class='ocrx_word' id='word_1_86' title='bbox 1889 1532 1941 1586; x_wconf 91' lang='lat' dir='ltr'><strong>in</strong></span> <span class='ocrx_word' id='word_1_87' title='bbox 1971 1531 2225 1600; x_wconf 80' lang='lat' dir='ltr'><strong>gaudium</strong></span> 
     </span>
    </p>
   </div>
   <div class='ocr_carea' id='block_1_16' title="bbox 650 1622 2227 1693">
    <p class='ocr_par' dir='ltr' id='par_1_16' title="bbox 650 1622 2227 1693">
     <span class='ocr_line' id='line_1_16' title="bbox 650 1622 2227 1693; baseline -0.007 -6"><span class='ocrx_word' id='word_1_88' title='bbox 650 1645 771 1687; x_wconf 60' lang='lat' dir='ltr'><strong>esse</strong></span> <span class='ocrx_word' id='word_1_89' title='bbox 809 1645 1153 1684; x_wconf 87' lang='lat' dir='ltr'><strong>conversum.</strong></span> <span class='ocrx_word' id='word_1_90' title='bbox 1198 1627 1423 1682; x_wconf 83' lang='lat' dir='ltr'><strong>Tantam</strong></span> <span class='ocrx_word' id='word_1_91' title='bbox 1470 1625 1611 1680; x_wconf 90' lang='lat' dir='ltr'><strong>hanc</strong></span> <span class='ocrx_word' id='word_1_92' title='bbox 1649 1639 1780 1693; x_wconf 83' lang='lat' dir='ltr'><strong>ergo</strong></span> <span class='ocrx_word' id='word_1_93' title='bbox 1809 1622 2227 1678; x_wconf 79' lang='lat' dir='ltr'><strong>sollicitudinem</strong></span> 
     </span>
    </p>
   </div>
   <div class='ocr_carea' id='block_1_17' title="bbox 652 1714 2228 1787">
    <p class='ocr_par' dir='ltr' id='par_1_17' title="bbox 652 1714 2228 1787">
     <span class='ocr_line' id='line_1_17' title="bbox 652 1714 2228 1787; baseline -0.004 -10"><span class='ocrx_word' id='word_1_94' title='bbox 652 1731 893 1777; x_wconf 85' lang='lat' dir='ltr'><strong>nostram</strong></span> <span class='ocrx_word' id='word_1_95' title='bbox 945 1734 1044 1774; x_wconf 86' lang='lat' dir='ltr'><strong>nos</strong></span> <span class='ocrx_word' id='word_1_96' title='bbox 1074 1720 1310 1775; x_wconf 78' lang='lat' dir='ltr'><strong>evasisse</strong></span> <span class='ocrx_word' id='word_1_97' title='bbox 1341 1717 1611 1783; x_wconf 86' lang='lat' dir='ltr'><strong>delectat,</strong></span> <span class='ocrx_word' id='word_1_98' title='bbox 1662 1726 1944 1787; x_wconf 86' lang='lat' dir='ltr'><strong>postquam</strong></span> <span class='ocrx_word' id='word_1_99' title='bbox 1976 1730 2069 1771; x_wconf 88' lang='lat' dir='ltr'><strong>reo</strong></span> <span class='ocrx_word' id='word_1_100' title='bbox 2107 1714 2228 1770; x_wconf 85' lang='lat' dir='ltr'><strong>fidei</strong></span> 
     </span>
    </p>
   </div>
   <div class='ocr_carea' id='block_1_18' title="bbox 651 1810 1704 1881">
    <p class='ocr_par' dir='ltr' id='par_1_18' title="bbox 651 1810 1704 1881">
     <span class='ocr_line' id='line_1_18' title="bbox 651 1810 1704 1881; baseline -0.008 -8"><span class='ocrx_word' id='word_1_101' title='bbox 651 1824 847 1873; x_wconf 65' lang='lat' dir='ltr'><strong>nostra:</strong></span> <span class='ocrx_word' id='word_1_102' title='bbox 874 1824 962 1868; x_wconf 87' lang='lat' dir='ltr'><strong>tua</strong></span> <span class='ocrx_word' id='word_1_103' title='bbox 992 1812 1089 1868; x_wconf 88' lang='lat' dir='ltr'><strong>fuit</strong></span> <span class='ocrx_word' id='word_1_104' title='bbox 1116 1812 1141 1850; x_wconf 69' lang='grc' dir='ltr'><strong>ι)</strong></span> <span class='ocrx_word' id='word_1_105' title='bbox 1173 1812 1377 1866; x_wconf 82' lang='lat' dir='ltr'><strong>sanitas</strong></span> <span class='ocrx_word' id='word_1_106' title='bbox 1405 1810 1704 1881; x_wconf 76' lang='lat' dir='ltr'><strong>ptenitudo.</strong></span> 
     </span>
    </p>
   </div>
   <div class='ocr_carea' id='block_1_19' title="bbox 718 1902 2231 1971">
    <p class='ocr_par' dir='ltr' id='par_1_19' title="bbox 718 1902 2231 1971">
     <span class='ocr_line' id='line_1_19' title="bbox 718 1902 2231 1971; baseline -0.005 -8"><span class='ocrx_word' id='word_1_107' title='bbox 718 1908 777 1963; x_wconf 64' lang='grc' dir='ltr'><strong>ἓ.</strong></span> <span class='ocrx_word' id='word_1_108' title='bbox 815 1907 965 1963; x_wconf 86' lang='lat' dir='ltr'><strong>Nunc</strong></span> <span class='ocrx_word' id='word_1_109' title='bbox 987 1922 1112 1962; x_wconf 88' lang='lat' dir='ltr'><strong>vere</strong></span> <span class='ocrx_word' id='word_1_110' title='bbox 1144 1917 1167 1947; x_wconf 72' lang='grc' dir='ltr'><strong><em>ο</em></strong></span> <span class='ocrx_word' id='word_1_111' title='bbox 1197 1921 1255 1961; x_wconf 91' lang='lat' dir='ltr'><strong>se</strong></span> <span class='ocrx_word' id='word_1_112' title='bbox 1294 1906 1535 1960; x_wconf 79' lang='lat' dir='ltr'><strong>exsulem</strong></span> <span class='ocrx_word' id='word_1_113' title='bbox 1568 1905 1618 1969; x_wconf 73' lang='grc' dir='ltr'><strong>ά,</strong></span> <span class='ocrx_word' id='word_1_114' title='bbox 1648 1919 1789 1960; x_wconf 92' lang='lat' dir='ltr'><strong>nunc</strong></span> <span class='ocrx_word' id='word_1_115' title='bbox 1823 1920 1882 1958; x_wconf 90' lang='lat' dir='ltr'><strong>se</strong></span> <span class='ocrx_word' id='word_1_116' title='bbox 1913 1902 2079 1959; x_wconf 88' lang='lat' dir='ltr'><strong>sentit</strong></span> <span class='ocrx_word' id='word_1_117' title='bbox 2118 1902 2231 1971; x_wconf 90' lang='lat' dir='ltr'><strong>eje-</strong></span> 
     </span>
    </p>
   </div>
   <div class='ocr_carea' id='block_1_20' title="bbox 651 1995 2225 2068">
    <p class='ocr_par' dir='ltr' id='par_1_20' title="bbox 651 1995 2225 2068">
     <span class='ocr_line' id='line_1_20' title="bbox 651 1995 2225 2068; baseline -0.006 -10"><span class='ocrx_word' id='word_1_118' title='bbox 651 2009 819 2058; x_wconf 84' lang='lat' dir='ltr'><strong>ctum.</strong></span> <span class='ocrx_word' id='word_1_119' title='bbox 851 1999 1147 2057; x_wconf 79' lang='lat' dir='ltr'><strong>Abundant</strong></span> <span class='ocrx_word' id='word_1_120' title='bbox 1161 1998 1211 2052; x_wconf 92' lang='lat' dir='ltr'><strong>ei</strong></span> <span class='ocrx_word' id='word_1_121' title='bbox 1243 1999 1293 2052; x_wconf 91' lang='lat' dir='ltr'><strong>in</strong></span> <span class='ocrx_word' id='word_1_122' title='bbox 1312 1997 1530 2054; x_wconf 86' lang='lat' dir='ltr'><strong>deserto</strong></span> <span class='ocrx_word' id='word_1_123' title='bbox 1553 1996 1959 2068; x_wconf 70' lang='lat' dir='ltr'><strong>spinanlIattlt.</strong></span> <span class='ocrx_word' id='word_1_124' title='bbox 1980 2012 2075 2063; x_wconf 88' lang='lat' dir='ltr'><strong>vn,</strong></span> <span class='ocrx_word' id='word_1_125' title='bbox 2099 1995 2225 2064; x_wconf 81' lang='lat' dir='ltr'><strong>l6):</strong></span> 
     </span>
    </p>
   </div>
   <div class='ocr_carea' id='block_1_21' title="bbox 652 2090 2224 2166">
    <p class='ocr_par' dir='ltr' id='par_1_21' title="bbox 652 2090 2224 2166">
     <span class='ocr_line' id='line_1_21' title="bbox 652 2090 2224 2166; baseline -0.004 -16"><span class='ocrx_word' id='word_1_126' title='bbox 652 2096 779 2166; x_wconf 85' lang='lat' dir='ltr'><strong>quia</strong></span> <span class='ocrx_word' id='word_1_127' title='bbox 820 2093 972 2150; x_wconf 87' lang='lat' dir='ltr'><strong>deest</strong></span> <span class='ocrx_word' id='word_1_128' title='bbox 1017 2107 1122 2147; x_wconf 85' lang='lat' dir='ltr'><strong>uva</strong></span> <span class='ocrx_word' id='word_1_129' title='bbox 1151 2106 1310 2162; x_wconf 86' lang='lat' dir='ltr'><strong>quam</strong></span> <span class='ocrx_word' id='word_1_130' title='bbox 1342 2092 1581 2161; x_wconf 73' lang='lat' dir='ltr'><strong>colligat.</strong></span> <span class='ocrx_word' id='word_1_131' title='bbox 1628 2091 1739 2146; x_wconf 81' lang='lat' dir='ltr'><strong>Hos</strong></span> <span class='ocrx_word' id='word_1_132' title='bbox 1783 2090 1946 2144; x_wconf 82' lang='lat' dir='ltr'><strong>habet</strong></span> <span class='ocrx_word' id='word_1_133' title='bbox 1989 2090 2224 2155; x_wconf 84' lang='lat' dir='ltr'><strong>fructus,</strong></span> 
     </span>
    </p>
   </div>
   <div class='ocr_carea' id='block_1_22' title="bbox 650 2182 2228 2258">
    <p class='ocr_par' dir='ltr' id='par_1_22' title="bbox 650 2182 2228 2258">
     <span class='ocr_line' id='line_1_22' title="bbox 650 2182 2228 2258; baseline -0.004 -16"><span class='ocrx_word' id='word_1_134' title='bbox 650 2187 740 2258; x_wconf 88' lang='lat' dir='ltr'><strong>qui</strong></span> <span class='ocrx_word' id='word_1_135' title='bbox 766 2201 892 2255; x_wconf 74' lang='lat' dir='ltr'><strong>erga</strong></span> <span class='ocrx_word' id='word_1_136' title='bbox 922 2186 1131 2240; x_wconf 89' lang='lat' dir='ltr'><strong>vineam</strong></span> <span class='ocrx_word' id='word_1_137' title='bbox 1164 2182 1375 2237; x_wconf 86' lang='lat' dir='ltr'><strong>Domini</strong></span> <span class='ocrx_word' id='word_1_138' title='bbox 1404 2184 1573 2237; x_wconf 89' lang='lat' dir='ltr'><strong>nostri</strong></span> <span class='ocrx_word' id='word_1_139' title='bbox 1607 2182 1775 2237; x_wconf 91' lang='lat' dir='ltr'><strong>noluit</strong></span> <span class='ocrx_word' id='word_1_140' title='bbox 1814 2197 2069 2238; x_wconf 82' lang='lat' dir='ltr'><strong>exercere</strong></span> <span class='ocrx_word' id='word_1_141' title='bbox 2110 2182 2228 2237; x_wconf 84' lang='lat' dir='ltr'><strong>cul-</strong></span> 
     </span>
    </p>
   </div>
   <div class='ocr_carea' id='block_1_23' title="bbox 655 2274 2230 2334">
    <p class='ocr_par' dir='ltr' id='par_1_23' title="bbox 655 2274 2230 2334">
     <span class='ocr_line' id='line_1_23' title="bbox 655 2274 2230 2334; baseline -0.004 0"><span class='ocrx_word' id='word_1_142' title='bbox 655 2289 851 2334; x_wconf 86' lang='lat' dir='ltr'><strong>turam.</strong></span> <span class='ocrx_word' id='word_1_143' title='bbox 883 2276 1059 2333; x_wconf 89' lang='lat' dir='ltr'><strong>Credo</strong></span> <span class='ocrx_word' id='word_1_144' title='bbox 1080 2275 1146 2330; x_wconf 88' lang='lat' dir='ltr'><strong>ad</strong></span> <span class='ocrx_word' id='word_1_145' title='bbox 1174 2274 1521 2330; x_wconf 89' lang='lat' dir='ltr'><strong>dilectioneut</strong></span> <span class='ocrx_word' id='word_1_146' title='bbox 1552 2284 1697 2329; x_wconf 82' lang='lat' dir='ltr'><strong>tuam</strong></span> <span class='ocrx_word' id='word_1_147' title='bbox 1738 2289 1917 2328; x_wconf 89' lang='lat' dir='ltr'><strong>rerum</strong></span> <span class='ocrx_word' id='word_1_148' title='bbox 1946 2288 2136 2328; x_wconf 92' lang='lat' dir='ltr'><strong>cursus</strong></span> <span class='ocrx_word' id='word_1_149' title='bbox 2174 2282 2230 2328; x_wconf 87' lang='lat' dir='ltr'><strong>et</strong></span> 
     </span>
    </p>
   </div>
   <div class='ocr_carea' id='block_1_24' title="bbox 654 2366 2230 2440">
    <p class='ocr_par' dir='ltr' id='par_1_24' title="bbox 654 2366 2230 2440">
     <span class='ocr_line' id='line_1_24' title="bbox 654 2366 2230 2440; baseline -0.003 -14"><span class='ocrx_word' id='word_1_150' title='bbox 654 2370 789 2426; x_wconf 83' lang='lat' dir='ltr'><strong>ordo</strong></span> <span class='ocrx_word' id='word_1_151' title='bbox 816 2369 1142 2440; x_wconf 87' lang='lat' dir='ltr'><strong>pervenerit,</strong></span> <span class='ocrx_word' id='word_1_152' title='bbox 1175 2367 1408 2438; x_wconf 85' lang='lat' dir='ltr'><strong>qualiter</strong></span> <span class='ocrx_word' id='word_1_153' title='bbox 1435 2368 1484 2421; x_wconf 89' lang='lat' dir='ltr'><strong>ei</strong></span> <span class='ocrx_word' id='word_1_154' title='bbox 1536 2366 1802 2421; x_wconf 88' lang='lat' dir='ltr'><strong>voluimus</strong></span> <span class='ocrx_word' id='word_1_155' title='bbox 1834 2377 2020 2421; x_wconf 89' lang='lat' dir='ltr'><strong>nostra</strong></span> <span class='ocrx_word' id='word_1_156' title='bbox 2043 2367 2230 2421; x_wconf 90' lang='lat' dir='ltr'><strong>admo-</strong></span> 
     </span>
    </p>
   </div>
   <div class='ocr_carea' id='block_1_25' title="bbox 653 2459 2231 2530">
    <p class='ocr_par' dir='ltr' id='par_1_25' title="bbox 653 2459 2231 2530">
     <span class='ocr_line' id='line_1_25' title="bbox 653 2459 2231 2530; baseline -0.002 -14"><span class='ocrx_word' id='word_1_157' title='bbox 653 2462 863 2517; x_wconf 68' lang='lat' dir='ltr'><strong>nitione</strong></span> <span class='ocrx_word' id='word_1_158' title='bbox 895 2471 919 2499; x_wconf 74' lang='grc' dir='ltr'><strong>ο</strong></span> <span class='ocrx_word' id='word_1_159' title='bbox 962 2475 1305 2517; x_wconf 84' lang='lat' dir='ltr'><strong>succurrere.</strong></span> <span class='ocrx_word' id='word_1_160' title='bbox 1356 2459 1697 2513; x_wconf 71' lang='lat' dir='ltr'><strong>ltetinuimus</strong></span> <span class='ocrx_word' id='word_1_161' title='bbox 1736 2461 1788 2513; x_wconf 91' lang='lat' dir='ltr'><strong>in</strong></span> <span class='ocrx_word' id='word_1_162' title='bbox 1831 2475 2070 2530; x_wconf 75' lang='lat' dir='ltr'><strong>praeceps</strong></span> <span class='ocrx_word' id='word_1_163' title='bbox 2098 2475 2231 2514; x_wconf 89' lang='lat' dir='ltr'><strong>eun-</strong></span> 
     </span>
    </p>
   </div>
   <div class='ocr_carea' id='block_1_26' title="bbox 658 2553 2229 2626">
    <p class='ocr_par' dir='ltr' id='par_1_26' title="bbox 658 2553 2229 2626">
     <span class='ocr_line' id='line_1_26' title="bbox 658 2553 2229 2626; baseline -0.001 -15"><span class='ocrx_word' id='word_1_164' title='bbox 658 2564 789 2621; x_wconf 91' lang='lat' dir='ltr'><strong>tem,</strong></span> <span class='ocrx_word' id='word_1_165' title='bbox 817 2555 905 2626; x_wconf 88' lang='lat' dir='ltr'><strong>qui</strong></span> <span class='ocrx_word' id='word_1_166' title='bbox 938 2563 1055 2611; x_wconf 85' lang='lat' dir='ltr'><strong>erat</strong></span> <span class='ocrx_word' id='word_1_167' title='bbox 1082 2553 1533 2624; x_wconf 79' lang='lat' dir='ltr'><strong>blasphemiarum</strong></span> <span class='ocrx_word' id='word_1_168' title='bbox 1556 2554 1797 2625; x_wconf 92' lang='lat' dir='ltr'><strong>pondere</strong></span> <span class='ocrx_word' id='word_1_169' title='bbox 1824 2555 1874 2609; x_wconf 92' lang='lat' dir='ltr'><strong>in</strong></span> <span class='ocrx_word' id='word_1_170' title='bbox 1904 2554 2229 2625; x_wconf 88' lang='lat' dir='ltr'><strong>profundum</strong></span> 
     </span>
    </p>
   </div>
   <div class='ocr_carea' id='block_1_27' title="bbox 653 2647 2227 2719">
    <p class='ocr_par' dir='ltr' id='par_1_27' title="bbox 653 2647 2227 2719">
     <span class='ocr_line' id='line_1_27' title="bbox 653 2647 2227 2719; baseline 0.001 -16"><span class='ocrx_word' id='word_1_171' title='bbox 653 2648 997 2718; x_wconf 74' lang='lat' dir='ltr'><strong>mergendus.</strong></span> <span class='ocrx_word' id='word_1_172' title='bbox 1031 2647 1087 2704; x_wconf 92' lang='lat' dir='ltr'><strong>Si</strong></span> <span class='ocrx_word' id='word_1_173' title='bbox 1117 2648 1314 2717; x_wconf 80' lang='lat' dir='ltr'><strong>negotii</strong></span> <span class='ocrx_word' id='word_1_174' title='bbox 1338 2647 1651 2717; x_wconf 87' lang='lat' dir='ltr'><strong>qualitatem</strong></span> <span class='ocrx_word' id='word_1_175' title='bbox 1675 2648 1820 2717; x_wconf 88' lang='lat' dir='ltr'><strong>justa</strong></span> <span class='ocrx_word' id='word_1_176' title='bbox 1852 2649 2006 2703; x_wconf 90' lang='lat' dir='ltr'><strong>lance</strong></span> <span class='ocrx_word' id='word_1_177' title='bbox 2036 2664 2227 2719; x_wconf 88' lang='lat' dir='ltr'><strong>pense-</strong></span> 
     </span>
    </p>
   </div>
   <div class='ocr_carea' id='block_1_28' title="bbox 652 2740 2229 2808">
    <p class='ocr_par' dir='ltr' id='par_1_28' title="bbox 652 2740 2229 2808">
     <span class='ocr_line' id='line_1_28' title="bbox 652 2740 2229 2808; baseline 0.001 -10"><span class='ocrx_word' id='word_1_178' title='bbox 652 2757 793 2808; x_wconf 88' lang='lat' dir='ltr'><strong>mus,</strong></span> <span class='ocrx_word' id='word_1_179' title='bbox 819 2743 949 2797; x_wconf 91' lang='lat' dir='ltr'><strong>nulli</strong></span> <span class='ocrx_word' id='word_1_180' title='bbox 991 2756 1096 2795; x_wconf 93' lang='lat' dir='ltr'><strong>non</strong></span> <span class='ocrx_word' id='word_1_181' title='bbox 1126 2740 1397 2796; x_wconf 85' lang='lat' dir='ltr'><strong>videbitur</strong></span> <span class='ocrx_word' id='word_1_182' title='bbox 1440 2741 1721 2797; x_wconf 85' lang='lat' dir='ltr'><strong>Nestorius</strong></span> <span class='ocrx_word' id='word_1_183' title='bbox 1767 2758 1891 2797; x_wconf 88' lang='lat' dir='ltr'><strong>sero</strong></span> <span class='ocrx_word' id='word_1_184' title='bbox 1922 2744 2229 2799; x_wconf 89' lang='lat' dir='ltr'><strong>damnatus.</strong></span> 
     </span>
    </p>
   </div>
   <div class='ocr_carea' id='block_1_29' title="bbox 654 2834 2233 2905">
    <p class='ocr_par' dir='ltr' id='par_1_29' title="bbox 654 2834 2233 2905">
     <span class='ocr_line' id='line_1_29' title="bbox 654 2834 2233 2905; baseline 0.001 -13"><span class='ocrx_word' id='word_1_185' title='bbox 654 2834 674 2875; x_wconf 69' lang='grc' dir='ltr'>ί</span> <span class='ocrx_word' id='word_1_186' title='bbox 698 2837 791 2892; x_wconf 92' lang='lat' dir='ltr'><strong>llic</strong></span> <span class='ocrx_word' id='word_1_187' title='bbox 813 2835 973 2892; x_wconf 85' lang='lat' dir='ltr'><strong>fuerit</strong></span> <span class='ocrx_word' id='word_1_188' title='bbox 999 2835 1213 2891; x_wconf 88' lang='lat' dir='ltr'><strong>debitus</strong></span> <span class='ocrx_word' id='word_1_189' title='bbox 1233 2850 1415 2892; x_wconf 84' lang='lat' dir='ltr'><strong>sermo</strong></span> <span class='ocrx_word' id='word_1_190' title='bbox 1438 2836 1763 2905; x_wconf 58' lang='lat' dir='ltr'><strong>praeteritus.</strong></span> <span class='ocrx_word' id='word_1_191' title='bbox 1792 2836 2060 2891; x_wconf 77' lang='lat' dir='ltr'><strong>Fruamur</strong></span> <span class='ocrx_word' id='word_1_192' title='bbox 2088 2853 2233 2893; x_wconf 91' lang='lat' dir='ltr'><strong>nunc</strong></span> 
     </span>
    </p>
   </div>
   <div class='ocr_carea' id='block_1_30' title="bbox 653 2928 2231 2999">
    <p class='ocr_par' dir='ltr' id='par_1_30' title="bbox 653 2928 2231 2999">
     <span class='ocr_line' id='line_1_30' title="bbox 653 2928 2231 2999; baseline 0.002 -17"><span class='ocrx_word' id='word_1_193' title='bbox 653 2928 1012 2999; x_wconf 65' lang='lat' dir='ltr'><strong>praesentibus</strong></span> <span class='ocrx_word' id='word_1_194' title='bbox 1042 2928 1219 2994; x_wconf 88' lang='lat' dir='ltr'><strong>bonis,</strong></span> <span class='ocrx_word' id='word_1_195' title='bbox 1251 2943 1352 2984; x_wconf 93' lang='lat' dir='ltr'><strong>nec</strong></span> <span class='ocrx_word' id='word_1_196' title='bbox 1395 2928 1486 2982; x_wconf 90' lang='lat' dir='ltr'><strong>diu</strong></span> <span class='ocrx_word' id='word_1_197' title='bbox 1521 2930 1823 2983; x_wconf 65' lang='lat' dir='ltr'><strong>haereamus</strong></span> <span class='ocrx_word' id='word_1_198' title='bbox 1867 2930 1922 2983; x_wconf 91' lang='lat' dir='ltr'><strong>in</strong></span> <span class='ocrx_word' id='word_1_199' title='bbox 1953 2930 2231 2998; x_wconf 74' lang='lat' dir='ltr'><strong>tristit-ts,</strong></span> 
     </span>
    </p>
   </div>
   <div class='ocr_carea' id='block_1_31' title="bbox 656 3023 1698 3096">
    <p class='ocr_par' dir='ltr' id='par_1_31' title="bbox 656 3023 1698 3096">
     <span class='ocr_line' id='line_1_31' title="bbox 656 3023 1698 3096; baseline 0.001 -19"><span class='ocrx_word' id='word_1_200' title='bbox 656 3023 846 3096; x_wconf 86' lang='lat' dir='ltr'><strong>quibus</strong></span> <span class='ocrx_word' id='word_1_201' title='bbox 866 3023 1125 3081; x_wconf 87' lang='lat' dir='ltr'><strong>Dominus</strong></span> <span class='ocrx_word' id='word_1_202' title='bbox 1152 3023 1384 3095; x_wconf 77' lang='lat' dir='ltr'><strong>gaudere</strong></span> <span class='ocrx_word' id='word_1_203' title='bbox 1410 3023 1698 3079; x_wconf 86' lang='lat' dir='ltr'><strong>concessit.</strong></span> 
     </span>
    </p>
   </div>
   <div class='ocr_carea' id='block_1_32' title="bbox 725 3202 2229 3270">
    <p class='ocr_par' dir='ltr' id='par_1_32' title="bbox 725 3202 2229 3270">
     <span class='ocr_line' id='line_1_32' title="bbox 725 3202 2229 3270; baseline -0.001 -8"><span class='ocrx_word' id='word_1_204' title='bbox 725 3214 751 3242; x_wconf 72' lang='grc' dir='ltr'><strong>οι</strong></span> <span class='ocrx_word' id='word_1_205' title='bbox 788 3202 907 3262; x_wconf 86' lang='lat' dir='ltr'><strong>Una</strong></span> <span class='ocrx_word' id='word_1_206' title='bbox 948 3219 1073 3260; x_wconf 90' lang='lat' dir='ltr'><strong>cum</strong></span> <span class='ocrx_word' id='word_1_207' title='bbox 1120 3204 1401 3270; x_wconf 84' lang='lat' dir='ltr'><strong>superiore</strong></span> <span class='ocrx_word' id='word_1_208' title='bbox 1447 3204 1517 3259; x_wconf 91' lang='lat' dir='ltr'><strong>ab</strong></span> <span class='ocrx_word' id='word_1_209' title='bbox 1555 3203 1787 3258; x_wconf 80' lang='lat' dir='ltr'><strong>Antonio</strong></span> <span class='ocrx_word' id='word_1_210' title='bbox 1833 3202 1901 3257; x_wconf 89' lang='lat' dir='ltr'><strong>de</strong></span> <span class='ocrx_word' id='word_1_211' title='bbox 1946 3203 2157 3267; x_wconf 77' lang='lat' dir='ltr'><strong>Aquino</strong></span> <span class='ocrx_word' id='word_1_212' title='bbox 2198 3220 2229 3260; x_wconf 90' lang='lat' dir='ltr'><strong>e</strong></span> 
     </span>
    </p>
   </div>
   <div class='ocr_carea' id='block_1_33' title="bbox 656 3274 2228 3346">
    <p class='ocr_par' dir='ltr' id='par_1_33' title="bbox 656 3274 2228 3346">
     <span class='ocr_line' id='line_1_33' title="bbox 656 3274 2228 3346; baseline 0.002 -17"><span class='ocrx_word' id='word_1_213' title='bbox 656 3276 843 3334; x_wconf 70' lang='lat' dir='ltr'><strong>rozlice</strong></span> <span class='ocrx_word' id='word_1_214' title='bbox 873 3274 1040 3331; x_wconf 83' lang='lat' dir='ltr'><strong>Vatic.</strong></span> <span class='ocrx_word' id='word_1_215' title='bbox 1066 3287 1240 3339; x_wconf 76' lang='lat' dir='ltr'><strong>t&#39;rttta,</strong></span> <span class='ocrx_word' id='word_1_216' title='bbox 1275 3278 1484 3329; x_wconf 81' lang='lat' dir='ltr'><strong>Ilartmii</strong></span> <span class='ocrx_word' id='word_1_217' title='bbox 1516 3274 1697 3330; x_wconf 85' lang='lat' dir='ltr'><strong>studio</strong></span> <span class='ocrx_word' id='word_1_218' title='bbox 1726 3279 1776 3329; x_wconf 91' lang='lat' dir='ltr'><strong>in</strong></span> <span class='ocrx_word' id='word_1_219' title='bbox 1811 3276 1982 3328; x_wconf 76' lang='lat' dir='ltr'><strong>lucent</strong></span> <span class='ocrx_word' id='word_1_220' title='bbox 2011 3278 2228 3346; x_wconf 79' lang='lat' dir='ltr'><strong>prodiit.</strong></span> 
     </span>
    </p>
   </div>
   <div class='ocr_carea' id='block_1_34' title="bbox 659 3346 2226 3413">
    <p class='ocr_par' dir='ltr' id='par_1_34' title="bbox 659 3346 2226 3413">
     <span class='ocr_line' id='line_1_34' title="bbox 659 3346 2226 3413; baseline -0.002 -10"><span class='ocrx_word' id='word_1_221' title='bbox 659 3348 931 3403; x_wconf 76' lang='lat' dir='ltr'><strong>Laudatur</strong></span> <span class='ocrx_word' id='word_1_222' title='bbox 962 3362 993 3400; x_wconf 87' lang='lat' dir='ltr'><strong>a</strong></span> <span class='ocrx_word' id='word_1_223' title='bbox 1025 3346 1303 3401; x_wconf 83' lang='lat' dir='ltr'><strong>Vincentio</strong></span> <span class='ocrx_word' id='word_1_224' title='bbox 1333 3346 1599 3400; x_wconf 82' lang='lat' dir='ltr'><strong>Lirinensi</strong></span> <span class='ocrx_word' id='word_1_225' title='bbox 1642 3346 1972 3400; x_wconf 83' lang='lat' dir='ltr'><strong>Cotnmonit.</strong></span> <span class='ocrx_word' id='word_1_226' title='bbox 2007 3362 2125 3413; x_wconf 91' lang='lat' dir='ltr'><strong>cap.</strong></span> <span class='ocrx_word' id='word_1_227' title='bbox 2171 3348 2226 3401; x_wconf 75' lang='grc'><strong>4.</strong></span> 
     </span>
    </p>
   </div>
   <div class='ocr_carea' id='block_1_35' title="bbox 656 3416 2225 3488">
    <p class='ocr_par' dir='ltr' id='par_1_35' title="bbox 656 3416 2225 3488">
     <span class='ocr_line' id='line_1_35' title="bbox 656 3416 2225 3488; baseline -0.001 -15"><span class='ocrx_word' id='word_1_228' title='bbox 656 3418 770 3473; x_wconf 80' lang='lat' dir='ltr'><strong>Non</strong></span> <span class='ocrx_word' id='word_1_229' title='bbox 795 3418 1059 3486; x_wconf 76' lang='lat' dir='ltr'><strong>Sttpet‘iori</strong></span> <span class='ocrx_word' id='word_1_230' title='bbox 1090 3418 1312 3472; x_wconf 78' lang='lat' dir='ltr'><strong>Joannis</strong></span> <span class='ocrx_word' id='word_1_231' title='bbox 1337 3418 1525 3485; x_wconf 75' lang='lat' dir='ltr'><strong>epistol</strong></span> <span class='ocrx_word' id='word_1_232' title='bbox 1548 3437 1577 3469; x_wconf 66' lang='grc' dir='ltr'><strong>ιτ</strong></span> <span class='ocrx_word' id='word_1_233' title='bbox 1599 3416 1652 3479; x_wconf 78' lang='grc'><strong>5,</strong></span> <span class='ocrx_word' id='word_1_234' title='bbox 1678 3420 1770 3471; x_wconf 76' lang='lat' dir='ltr'><strong>sed</strong></span> <span class='ocrx_word' id='word_1_235' title='bbox 1798 3419 1951 3471; x_wconf 77' lang='lat' dir='ltr'><strong>alteri</strong></span> <span class='ocrx_word' id='word_1_236' title='bbox 1979 3435 2097 3488; x_wconf 75' lang='lat' dir='ltr'><strong>qua:</strong></span> <span class='ocrx_word' id='word_1_237' title='bbox 2119 3435 2225 3472; x_wconf 74' lang='lat' dir='ltr'><strong>nun</strong></span> 
     </span>
    </p>
   </div>
   <div class='ocr_carea' id='block_1_36' title="bbox 657 3488 2235 3558">
    <p class='ocr_par' dir='ltr' id='par_1_36' title="bbox 657 3488 2235 3558">
     <span class='ocr_line' id='line_1_36' title="bbox 657 3488 2235 3558; baseline -0.001 -14"><span class='ocrx_word' id='word_1_238' title='bbox 657 3498 855 3553; x_wconf 79' lang='lat' dir='ltr'><strong>exstat,</strong></span> <span class='ocrx_word' id='word_1_239' title='bbox 882 3504 1155 3556; x_wconf 81' lang='lat' dir='ltr'><strong>quamque</strong></span> <span class='ocrx_word' id='word_1_240' title='bbox 1174 3489 1414 3544; x_wconf 86' lang='lat' dir='ltr'><strong>Joannes</strong></span> <span class='ocrx_word' id='word_1_241' title='bbox 1438 3505 1469 3543; x_wconf 88' lang='lat' dir='ltr'><strong>a</strong></span> <span class='ocrx_word' id='word_1_242' title='bbox 1499 3488 1651 3558; x_wconf 78' lang='lat' dir='ltr'><strong>Xysti</strong></span> <span class='ocrx_word' id='word_1_243' title='bbox 1698 3489 1946 3544; x_wconf 88' lang='lat' dir='ltr'><strong>laudibus</strong></span> <span class='ocrx_word' id='word_1_244' title='bbox 1988 3490 2235 3544; x_wconf 81' lang='lat' dir='ltr'><strong>exordie-</strong></span> 
     </span>
    </p>
   </div>
   <div class='ocr_carea' id='block_1_37' title="bbox 657 3559 1173 3626">
    <p class='ocr_par' dir='ltr' id='par_1_37' title="bbox 657 3559 1173 3626">
     <span class='ocr_line' id='line_1_37' title="bbox 657 3559 1173 3626; baseline -0.004 -11"><span class='ocrx_word' id='word_1_245' title='bbox 657 3559 834 3621; x_wconf 86' lang='lat' dir='ltr'><strong>batur,</strong></span> <span class='ocrx_word' id='word_1_246' title='bbox 863 3559 1173 3626; x_wconf 82' lang='lat' dir='ltr'><strong>respondet.</strong></span> 
     </span>
    </p>
   </div>
   <div class='ocr_carea' id='block_1_38' title="bbox 725 3629 2233 3703">
    <p class='ocr_par' dir='ltr' id='par_1_38' title="bbox 725 3629 2233 3703">
     <span class='ocr_line' id='line_1_38' title="bbox 725 3629 2233 3703; baseline 0.001 -18"><span class='ocrx_word' id='word_1_247' title='bbox 725 3631 753 3669; x_wconf 72' lang='grc' dir='ltr'>δ</span> <span class='ocrx_word' id='word_1_248' title='bbox 792 3630 947 3703; x_wconf 85' lang='lat' dir='ltr'><strong>Apuh</strong></span> <span class='ocrx_word' id='word_1_249' title='bbox 972 3632 1127 3703; x_wconf 80' lang='lat' dir='ltr'><strong>Lab.,</strong></span> <span class='ocrx_word' id='word_1_250' title='bbox 1162 3632 1259 3703; x_wconf 75' lang='lat' dir='ltr'><strong>fuit</strong></span> <span class='ocrx_word' id='word_1_251' title='bbox 1288 3631 1537 3685; x_wconf 79' lang='lat' dir='ltr'><strong>sanctitas</strong></span> <span class='ocrx_word' id='word_1_252' title='bbox 1564 3629 1870 3703; x_wconf 70' lang='lat' dir='ltr'><strong>plenitudo;</strong></span> <span class='ocrx_word' id='word_1_253' title='bbox 1920 3631 2081 3687; x_wconf 83' lang='lat' dir='ltr'><strong>lectio</strong></span> <span class='ocrx_word' id='word_1_254' title='bbox 2127 3647 2233 3687; x_wconf 86' lang='lat' dir='ltr'><strong>non</strong></span> 
     </span>
    </p>
   </div>
   <div class='ocr_carea' id='block_1_39' title="bbox 657 3701 2234 3773">
    <p class='ocr_par' dir='ltr' id='par_1_39' title="bbox 657 3701 2234 3773">
     <span class='ocr_line' id='line_1_39' title="bbox 657 3701 2234 3773; baseline 0.001 -18"><span class='ocrx_word' id='word_1_255' title='bbox 657 3701 962 3771; x_wconf 85' lang='lat' dir='ltr'><strong>spernenda</strong></span> <span class='ocrx_word' id='word_1_256' title='bbox 1008 3701 1185 3767; x_wconf 75' lang='lat' dir='ltr'><strong>foret,</strong></span> <span class='ocrx_word' id='word_1_257' title='bbox 1228 3703 1271 3756; x_wconf 84' lang='lat' dir='ltr'><strong>si</strong></span> <span class='ocrx_word' id='word_1_258' title='bbox 1324 3710 1482 3757; x_wconf 87' lang='lat' dir='ltr'><strong>antea</strong></span> <span class='ocrx_word' id='word_1_259' title='bbox 1534 3701 1683 3755; x_wconf 76' lang='lat' dir='ltr'><strong>rebus</strong></span> <span class='ocrx_word' id='word_1_260' title='bbox 1723 3702 1846 3771; x_wconf 72' lang='lat' dir='ltr'><strong>ﬁdei</strong></span> <span class='ocrx_word' id='word_1_261' title='bbox 1894 3716 2083 3759; x_wconf 77' lang='lat' dir='ltr'><strong>nostra:</strong></span> <span class='ocrx_word' id='word_1_262' title='bbox 2134 3709 2234 3773; x_wconf 73' lang='lat' dir='ltr'><strong>legi</strong></span> 
     </span>
    </p>
   </div>
   <div class='ocr_carea' id='block_1_40' title="bbox 658 3774 2233 3841">
    <p class='ocr_par' dir='ltr' id='par_1_40' title="bbox 658 3774 2233 3841">
     <span class='ocr_line' id='line_1_40' title="bbox 658 3774 2233 3841; baseline 0.003 -13"><span class='ocrx_word' id='word_1_263' title='bbox 658 3774 896 3828; x_wconf 85' lang='lat' dir='ltr'><strong>subnexa</strong></span> <span class='ocrx_word' id='word_1_264' title='bbox 928 3776 1189 3829; x_wconf 80' lang='lat' dir='ltr'><strong>sinerent.</strong></span> <span class='ocrx_word' id='word_1_265' title='bbox 1236 3774 1414 3839; x_wconf 87' lang='lat' dir='ltr'><strong>Quare</strong></span> <span class='ocrx_word' id='word_1_266' title='bbox 1461 3775 1601 3841; x_wconf 90' lang='lat' dir='ltr'><strong>quod</strong></span> <span class='ocrx_word' id='word_1_267' title='bbox 1654 3774 1913 3828; x_wconf 81' lang='lat' dir='ltr'><strong>Batonius</strong></span> <span class='ocrx_word' id='word_1_268' title='bbox 1953 3791 2018 3829; x_wconf 86' lang='lat' dir='ltr'><strong>ex</strong></span> <span class='ocrx_word' id='word_1_269' title='bbox 2064 3775 2233 3833; x_wconf 88' lang='lat' dir='ltr'><strong>Vatic.</strong></span> 
     </span>
    </p>
   </div>
   <div class='ocr_carea' id='block_1_41' title="bbox 659 3845 2235 3916">
    <p class='ocr_par' dir='ltr' id='par_1_41' title="bbox 659 3845 2235 3916">
     <span class='ocr_line' id='line_1_41' title="bbox 659 3845 2235 3916; baseline -0.001 -17"><span class='ocrx_word' id='word_1_270' title='bbox 659 3858 763 3899; x_wconf 85' lang='lat' dir='ltr'><strong>ms.</strong></span> <span class='ocrx_word' id='word_1_271' title='bbox 795 3845 901 3899; x_wconf 85' lang='lat' dir='ltr'><strong>fide</strong></span> <span class='ocrx_word' id='word_1_272' title='bbox 926 3845 1223 3916; x_wconf 79' lang='lat' dir='ltr'><strong>expressit.</strong></span> <span class='ocrx_word' id='word_1_273' title='bbox 1269 3860 1614 3909; x_wconf 84' lang='lat' dir='ltr'><strong>revocamus,</strong></span> <span class='ocrx_word' id='word_1_274' title='bbox 1648 3854 1808 3914; x_wconf 89' lang='lat' dir='ltr'><strong>atque</strong></span> <span class='ocrx_word' id='word_1_275' title='bbox 1865 3846 1933 3898; x_wconf 90' lang='lat' dir='ltr'><strong>ita</strong></span> <span class='ocrx_word' id='word_1_276' title='bbox 1981 3846 2235 3916; x_wconf 77' lang='lat' dir='ltr'><strong>intelligi-</strong></span> 
     </span>
    </p>
   </div>
   <div class='ocr_carea' id='block_1_42' title="bbox 666 3915 2234 3985">
    <p class='ocr_par' dir='ltr' id='par_1_42' title="bbox 666 3915 2234 3985">
     <span class='ocr_line' id='line_1_42' title="bbox 666 3915 2234 3985; baseline 0.003 -17"><span class='ocrx_word' id='word_1_277' title='bbox 666 3930 808 3984; x_wconf 87' lang='lat' dir='ltr'><strong>mus,</strong></span> <span class='ocrx_word' id='word_1_278' title='bbox 843 3925 899 3968; x_wconf 89' lang='lat' dir='ltr'><strong>nt</strong></span> <span class='ocrx_word' id='word_1_279' title='bbox 928 3915 1178 3970; x_wconf 63' lang='grc' dir='ltr'><strong>ΝεριοήΟ</strong></span> <span class='ocrx_word' id='word_1_280' title='bbox 1209 3916 1327 3969; x_wconf 85' lang='lat' dir='ltr'><strong>fidei</strong></span> <span class='ocrx_word' id='word_1_281' title='bbox 1372 3924 1567 3969; x_wconf 74' lang='lat' dir='ltr'><strong>nostra:</strong></span> <span class='ocrx_word' id='word_1_282' title='bbox 1596 3918 1869 3970; x_wconf 71' lang='lat' dir='ltr'><strong>subversa:</strong></span> <span class='ocrx_word' id='word_1_283' title='bbox 1918 3932 2012 3971; x_wconf 89' lang='lat' dir='ltr'><strong>reo</strong></span> <span class='ocrx_word' id='word_1_284' title='bbox 2050 3918 2234 3985; x_wconf 70' lang='lat' dir='ltr'><strong>gravis</strong></span> 
     </span>
    </p>
   </div>
   <div class='ocr_carea' id='block_1_43' title="bbox 662 3986 2235 4043">
    <p class='ocr_par' dir='ltr' id='par_1_43' title="bbox 662 3986 2235 4043">
     <span class='ocr_line' id='line_1_43' title="bbox 662 3986 2235 4043; baseline 0.003 -4"><span class='ocrx_word' id='word_1_285' title='bbox 662 4000 727 4040; x_wconf 92' lang='lat' dir='ltr'><strong>ac</strong></span> <span class='ocrx_word' id='word_1_286' title='bbox 758 3987 981 4041; x_wconf 62' lang='lat' dir='ltr'><strong>molesta</strong></span> <span class='ocrx_word' id='word_1_287' title='bbox 1016 3986 1178 4041; x_wconf 84' lang='lat' dir='ltr'><strong>fuerit</strong></span> <span class='ocrx_word' id='word_1_288' title='bbox 1199 3986 1421 4042; x_wconf 78' lang='lat' dir='ltr'><strong>Joannis</strong></span> <span class='ocrx_word' id='word_1_289' title='bbox 1443 3988 1669 4041; x_wconf 72' lang='lat' dir='ltr'><strong>sanitas.</strong></span> <span class='ocrx_word' id='word_1_290' title='bbox 1719 3987 1880 4042; x_wconf 83' lang='lat' dir='ltr'><strong>Certe</strong></span> <span class='ocrx_word' id='word_1_291' title='bbox 1924 3989 1993 4043; x_wconf 90' lang='lat' dir='ltr'><strong>de</strong></span> <span class='ocrx_word' id='word_1_292' title='bbox 2038 3990 2235 4043; x_wconf 81' lang='lat' dir='ltr'><strong>Nesto-</strong></span> 
     </span>
    </p>
   </div>
   <div class='ocr_carea' id='block_1_44' title="bbox 660 4058 1705 4129">
    <p class='ocr_par' dir='ltr' id='par_1_44' title="bbox 660 4058 1705 4129">
     <span class='ocr_line' id='line_1_44' title="bbox 660 4058 1705 4129; baseline 0 -18"><span class='ocrx_word' id='word_1_293' title='bbox 660 4058 747 4111; x_wconf 83' lang='lat' dir='ltr'><strong>rio</strong></span> <span class='ocrx_word' id='word_1_294' title='bbox 774 4072 1081 4129; x_wconf 75' lang='lat' dir='ltr'><strong>sermonem</strong></span> <span class='ocrx_word' id='word_1_295' title='bbox 1112 4058 1313 4129; x_wconf 82' lang='lat' dir='ltr'><strong>Xystus</strong></span> <span class='ocrx_word' id='word_1_296' title='bbox 1346 4060 1705 4128; x_wconf 88' lang='lat' dir='ltr'><strong>prosequitur.</strong></span> 
     </span>
    </p>
   </div>
   <div class='ocr_carea' id='block_1_45' title="bbox 731 4127 1359 4199">
    <p class='ocr_par' dir='ltr' id='par_1_45' title="bbox 731 4127 1359 4199">
     <span class='ocr_line' id='line_1_45' title="bbox 731 4127 1359 4199; baseline 0 -15"><span class='ocrx_word' id='word_1_297' title='bbox 731 4138 757 4199; x_wconf 56' lang='grc' dir='ltr'>ξ</span> <span class='ocrx_word' id='word_1_298' title='bbox 789 4127 861 4184; x_wconf 86' lang='lat' dir='ltr'><strong>Su</strong></span> <span class='ocrx_word' id='word_1_299' title='bbox 870 4129 989 4199; x_wconf 88' lang='lat' dir='ltr'><strong>pple</strong></span> <span class='ocrx_word' id='word_1_300' title='bbox 1005 4171 1021 4194; x_wconf 94' lang='lat'><strong>,</strong></span> <span class='ocrx_word' id='word_1_301' title='bbox 1066 4127 1359 4184; x_wconf 72' lang='lat' dir='ltr'><strong>Nestorius.</strong></span> 
     </span>
    </p>
   </div>
   <div class='ocr_carea' id='block_1_46' title="bbox 732 4198 2238 4271">
    <p class='ocr_par' dir='ltr' id='par_1_46' title="bbox 732 4198 2238 4271">
     <span class='ocr_line' id='line_1_46' title="bbox 732 4198 2238 4271; baseline 0.002 -16"><span class='ocrx_word' id='word_1_302' title='bbox 732 4198 761 4236; x_wconf 70' lang='grc' dir='ltr'><em>ά</em></span> <span class='ocrx_word' id='word_1_303' title='bbox 802 4202 974 4270; x_wconf 84' lang='lat' dir='ltr'><strong>Opera</strong></span> <span class='ocrx_word' id='word_1_304' title='bbox 1008 4217 1049 4256; x_wconf 72' lang='lat' dir='ltr'><strong>si</strong></span> <span class='ocrx_word' id='word_1_305' title='bbox 1072 4201 1219 4257; x_wconf 87' lang='lat' dir='ltr'><strong>ilicet</strong></span> <span class='ocrx_word' id='word_1_306' title='bbox 1248 4201 1414 4267; x_wconf 87' lang='lat' dir='ltr'><strong>ipsius</strong></span> <span class='ocrx_word' id='word_1_307' title='bbox 1436 4201 1697 4267; x_wconf 83' lang='lat' dir='ltr'><strong>Joannis,</strong></span> <span class='ocrx_word' id='word_1_308' title='bbox 1728 4200 1839 4266; x_wconf 85' lang='lat' dir='ltr'><strong>qui,</strong></span> <span class='ocrx_word' id='word_1_309' title='bbox 1877 4208 1935 4255; x_wconf 89' lang='lat' dir='ltr'><strong>ut</strong></span> <span class='ocrx_word' id='word_1_310' title='bbox 1979 4200 2238 4271; x_wconf 77' lang='lat' dir='ltr'><strong>Evagrins</strong></span> 
     </span>
    </p>
   </div>
   <div class='ocr_carea' id='block_1_47' title="bbox 658 4270 2240 4340">
    <p class='ocr_par' dir='ltr' id='par_1_47' title="bbox 658 4270 2240 4340">
     <span class='ocr_line' id='line_1_47' title="bbox 658 4270 2240 4340; baseline 0.001 -15"><span class='ocrx_word' id='word_1_311' title='bbox 658 4270 756 4325; x_wconf 90' lang='lat' dir='ltr'><strong>lib.</strong></span> <span class='ocrx_word' id='word_1_312' title='bbox 786 4288 801 4327; x_wconf 85' lang='grc' dir='ltr'>ι</span> <span class='ocrx_word' id='word_1_313' title='bbox 831 4287 951 4340; x_wconf 90' lang='lat' dir='ltr'><strong>cap.</strong></span> <span class='ocrx_word' id='word_1_314' title='bbox 982 4273 1013 4326; x_wconf 89' lang='lat'><strong>7</strong></span> <span class='ocrx_word' id='word_1_315' title='bbox 1040 4273 1231 4337; x_wconf 85' lang='lat' dir='ltr'><strong>tradit,</strong></span> <span class='ocrx_word' id='word_1_316' title='bbox 1258 4287 1378 4326; x_wconf 91' lang='lat' dir='ltr'><strong>cum</strong></span> <span class='ocrx_word' id='word_1_317' title='bbox 1406 4285 1656 4328; x_wconf 84' lang='lat' dir='ltr'><strong>cerneret</strong></span> <span class='ocrx_word' id='word_1_318' title='bbox 1699 4274 2003 4327; x_wconf 85' lang='lat' dir='ltr'><strong>Nestorium</strong></span> <span class='ocrx_word' id='word_1_319' title='bbox 2031 4270 2240 4328; x_wconf 76' lang='lat' dir='ltr'><strong>insub-</strong></span> 
     </span>
    </p>
   </div>
   <div class='ocr_carea' id='block_1_48' title="bbox 660 4343 2237 4412">
    <p class='ocr_par' dir='ltr' id='par_1_48' title="bbox 660 4343 2237 4412">
     <span class='ocr_line' id='line_1_48' title="bbox 660 4343 2237 4412; baseline 0.002 -15"><span class='ocrx_word' id='word_1_320' title='bbox 660 4343 870 4398; x_wconf 87' lang='lat' dir='ltr'><strong>urbano</strong></span> <span class='ocrx_word' id='word_1_321' title='bbox 912 4345 1213 4399; x_wconf 69' lang='lat' dir='ltr'><strong>Antiochia:</strong></span> <span class='ocrx_word' id='word_1_322' title='bbox 1255 4345 1539 4411; x_wconf 71' lang='lat' dir='ltr'><strong>degentem</strong></span> <span class='ocrx_word' id='word_1_323' title='bbox 1568 4386 1583 4407; x_wconf 94' lang='lat'><strong>,</strong></span> <span class='ocrx_word' id='word_1_324' title='bbox 1631 4344 1959 4412; x_wconf 74' lang='lat' dir='ltr'><strong>blasphemia</strong></span> <span class='ocrx_word' id='word_1_325' title='bbox 2000 4360 2092 4397; x_wconf 81' lang='lat' dir='ltr'><strong>sua</strong></span> <span class='ocrx_word' id='word_1_326' title='bbox 2144 4360 2237 4401; x_wconf 87' lang='lat' dir='ltr'><strong>ne-</strong></span> 
     </span>
    </p>
   </div>
   <div class='ocr_carea' id='block_1_49' title="bbox 660 4416 2233 4485">
    <p class='ocr_par' dir='ltr' id='par_1_49' title="bbox 660 4416 2233 4485">
     <span class='ocr_line' id='line_1_49' title="bbox 660 4416 2233 4485; baseline 0.004 -20"><span class='ocrx_word' id='word_1_327' title='bbox 660 4428 925 4485; x_wconf 72' lang='lat' dir='ltr'><strong>quaquam</strong></span> <span class='ocrx_word' id='word_1_328' title='bbox 956 4416 1237 4481; x_wconf 82' lang='lat' dir='ltr'><strong>desistere,</strong></span> <span class='ocrx_word' id='word_1_329' title='bbox 1280 4417 1420 4470; x_wconf 79' lang='lat' dir='ltr'><strong>i~tntl</strong></span> <span class='ocrx_word' id='word_1_330' title='bbox 1453 4416 1517 4467; x_wconf 91' lang='lat' dir='ltr'><strong>ad</strong></span> <span class='ocrx_word' id='word_1_331' title='bbox 1553 4418 1935 4485; x_wconf 88' lang='lat' dir='ltr'><strong>imperatorem</strong></span> <span class='ocrx_word' id='word_1_332' title='bbox 1969 4416 2233 4481; x_wconf 80' lang='lat' dir='ltr'><strong>referens,</strong></span> 
     </span>
    </p>
   </div>
   <div class='ocr_carea' id='block_1_50' title="bbox 662 4483 2238 4555">
    <p class='ocr_par' dir='ltr' id='par_1_50' title="bbox 662 4483 2238 4555">
     <span class='ocr_line' id='line_1_50' title="bbox 662 4483 2238 4555; baseline 0 -16"><span class='ocrx_word' id='word_1_333' title='bbox 662 4483 840 4541; x_wconf 83' lang='lat' dir='ltr'><strong>ell&#39;ecit</strong></span> <span class='ocrx_word' id='word_1_334' title='bbox 867 4495 924 4539; x_wconf 89' lang='lat' dir='ltr'><strong>ut</strong></span> <span class='ocrx_word' id='word_1_335' title='bbox 956 4498 1214 4555; x_wconf 88' lang='lat' dir='ltr'><strong>perpetuo</strong></span> <span class='ocrx_word' id='word_1_336' title='bbox 1251 4486 1443 4540; x_wconf 81' lang='lat' dir='ltr'><strong>exsilio</strong></span> <span class='ocrx_word' id='word_1_337' title='bbox 1485 4483 1958 4542; x_wconf 72' lang='lat' dir='ltr'><strong>coitdemnaretur.</strong></span> <span class='ocrx_word' id='word_1_338' title='bbox 1998 4487 2107 4542; x_wconf 87' lang='lat' dir='ltr'><strong>lloc</strong></span> <span class='ocrx_word' id='word_1_339' title='bbox 2144 4504 2238 4541; x_wconf 85' lang='lat' dir='ltr'><strong>au-</strong></span> 
     </span>
    </p>
   </div>
   <div class='ocr_carea' id='block_1_51' title="bbox 666 4557 2233 4626">
    <p class='ocr_par' dir='ltr' id='par_1_51' title="bbox 666 4557 2233 4626">
     <span class='ocr_line' id='line_1_51' title="bbox 666 4557 2233 4626; baseline 0.004 -20"><span class='ocrx_word' id='word_1_340' title='bbox 666 4563 771 4609; x_wconf 89' lang='lat' dir='ltr'><strong>tem</strong></span> <span class='ocrx_word' id='word_1_341' title='bbox 798 4560 1037 4626; x_wconf 89' lang='lat' dir='ltr'><strong>perpetui</strong></span> <span class='ocrx_word' id='word_1_342' title='bbox 1061 4557 1235 4612; x_wconf 86' lang='lat' dir='ltr'><strong>exsilii</strong></span> <span class='ocrx_word' id='word_1_343' title='bbox 1258 4558 1375 4625; x_wconf 84' lang='lat' dir='ltr'><strong>ejus</strong></span> <span class='ocrx_word' id='word_1_344' title='bbox 1391 4557 1669 4613; x_wconf 84' lang='lat' dir='ltr'><strong>decretum</strong></span> <span class='ocrx_word' id='word_1_345' title='bbox 1704 4560 1882 4621; x_wconf 73' lang='lat' dir='ltr'><strong>legere</strong></span> <span class='ocrx_word' id='word_1_346' title='bbox 1903 4566 1987 4612; x_wconf 70' lang='lat' dir='ltr'><strong>est</strong></span> <span class='ocrx_word' id='word_1_347' title='bbox 2015 4574 2070 4611; x_wconf 88' lang='lat' dir='ltr'><strong>tu</strong></span> <span class='ocrx_word' id='word_1_348' title='bbox 2100 4567 2233 4625; x_wconf 86' lang='lat' dir='ltr'><strong>part.</strong></span> 
     </span>
    </p>
   </div>
   <div class='ocr_carea' id='block_1_52' title="bbox 667 4626 2241 4697">
    <p class='ocr_par' dir='ltr' id='par_1_52' title="bbox 667 4626 2241 4697">
     <span class='ocr_line' id='line_1_52' title="bbox 667 4626 2241 4697; baseline 0.002 -17"><span class='ocrx_word' id='word_1_349' title='bbox 667 4626 866 4695; x_wconf 86' lang='lat' dir='ltr'><strong>Ephes.</strong></span> <span class='ocrx_word' id='word_1_350' title='bbox 911 4628 1106 4683; x_wconf 90' lang='lat' dir='ltr'><strong>concil.</strong></span> <span class='ocrx_word' id='word_1_351' title='bbox 1140 4643 1262 4696; x_wconf 88' lang='lat' dir='ltr'><strong>cap.</strong></span> <span class='ocrx_word' id='word_1_352' title='bbox 1303 4630 1368 4682; x_wconf 70' lang='grc'><strong>14</strong></span> <span class='ocrx_word' id='word_1_353' title='bbox 1394 4640 1448 4682; x_wconf 91' lang='lat' dir='ltr'><strong>et</strong></span> <span class='ocrx_word' id='word_1_354' title='bbox 1479 4630 1567 4685; x_wconf 83' lang='grc'><strong>15.</strong></span> <span class='ocrx_word' id='word_1_355' title='bbox 1596 4630 1854 4697; x_wconf 87' lang='lat' dir='ltr'><strong>Quocirca</strong></span> <span class='ocrx_word' id='word_1_356' title='bbox 1900 4645 2020 4683; x_wconf 88' lang='lat' dir='ltr'><strong>ctnn</strong></span> <span class='ocrx_word' id='word_1_357' title='bbox 2051 4628 2241 4683; x_wconf 87' lang='lat' dir='ltr'><strong>Nesto-</strong></span> 
     </span>
    </p>
   </div>
   <div class='ocr_carea' id='block_1_53' title="bbox 665 4699 2242 4768">
    <p class='ocr_par' dir='ltr' id='par_1_53' title="bbox 665 4699 2242 4768">
     <span class='ocr_line' id='line_1_53' title="bbox 665 4699 2242 4768; baseline 0.003 -16"><span class='ocrx_word' id='word_1_358' title='bbox 665 4699 779 4752; x_wconf 91' lang='lat' dir='ltr'><strong>rius</strong></span> <span class='ocrx_word' id='word_1_359' title='bbox 826 4699 965 4767; x_wconf 89' lang='lat' dir='ltr'><strong>apud</strong></span> <span class='ocrx_word' id='word_1_360' title='bbox 1019 4700 1268 4753; x_wconf 89' lang='lat' dir='ltr'><strong>eumdem</strong></span> <span class='ocrx_word' id='word_1_361' title='bbox 1304 4700 1587 4768; x_wconf 77' lang='lat' dir='ltr'><strong>Evagrium</strong></span> <span class='ocrx_word' id='word_1_362' title='bbox 1634 4702 1765 4755; x_wconf 87' lang='lat' dir='ltr'><strong>ibid.</strong></span> <span class='ocrx_word' id='word_1_363' title='bbox 1798 4700 2152 4766; x_wconf 87' lang='lat' dir='ltr'><strong>quadriennio</strong></span> <span class='ocrx_word' id='word_1_364' title='bbox 2182 4716 2242 4756; x_wconf 88' lang='lat' dir='ltr'><strong>se</strong></span> 
     </span>
    </p>
   </div>
   <div class='ocr_carea' id='block_1_54' title="bbox 670 4769 2241 4838">
    <p class='ocr_par' dir='ltr' id='par_1_54' title="bbox 670 4769 2241 4838">
     <span class='ocr_line' id='line_1_54' title="bbox 670 4769 2241 4838; baseline 0.003 -16"><span class='ocrx_word' id='word_1_365' title='bbox 670 4769 723 4822; x_wconf 89' lang='lat' dir='ltr'><strong>in</strong></span> <span class='ocrx_word' id='word_1_366' title='bbox 754 4770 1085 4825; x_wconf 88' lang='lat' dir='ltr'><strong>monasterio</strong></span> <span class='ocrx_word' id='word_1_367' title='bbox 1110 4770 1175 4824; x_wconf 87' lang='lat' dir='ltr'><strong>ad</strong></span> <span class='ocrx_word' id='word_1_368' title='bbox 1206 4769 1345 4838; x_wconf 89' lang='lat' dir='ltr'><strong>quod</strong></span> <span class='ocrx_word' id='word_1_369' title='bbox 1378 4774 1445 4824; x_wconf 90' lang='lat' dir='ltr'><strong>ab</strong></span> <span class='ocrx_word' id='word_1_370' title='bbox 1492 4772 1709 4838; x_wconf 73' lang='lat' dir='ltr'><strong>Epheso</strong></span> <span class='ocrx_word' id='word_1_371' title='bbox 1746 4770 2006 4826; x_wconf 89' lang='lat' dir='ltr'><strong>dimissus</strong></span> <span class='ocrx_word' id='word_1_372' title='bbox 2045 4773 2241 4837; x_wconf 84' lang='lat' dir='ltr'><strong>fuerat,</strong></span> 
     </span>
    </p>
   </div>
   <div class='ocr_carea' id='block_1_55' title="bbox 669 4842 2242 4910">
    <p class='ocr_par' dir='ltr' id='par_1_55' title="bbox 669 4842 2242 4910">
     <span class='ocr_line' id='line_1_55' title="bbox 669 4842 2242 4910; baseline 0.002 -16"><span class='ocrx_word' id='word_1_373' title='bbox 669 4850 1060 4895; x_wconf 84' lang='lat' dir='ltr'><strong>commoratum</strong></span> <span class='ocrx_word' id='word_1_374' title='bbox 1092 4856 1210 4894; x_wconf 77' lang='lat' dir='ltr'><strong>esse</strong></span> <span class='ocrx_word' id='word_1_375' title='bbox 1236 4842 1490 4903; x_wconf 82' lang='lat' dir='ltr'><strong>aftirmat.</strong></span> <span class='ocrx_word' id='word_1_376' title='bbox 1528 4856 1620 4897; x_wconf 90' lang='lat' dir='ltr'><strong>attt</strong></span> <span class='ocrx_word' id='word_1_377' title='bbox 1652 4842 1937 4905; x_wconf 74' lang='lat' dir='ltr'><strong>mentitur,</strong></span> <span class='ocrx_word' id='word_1_378' title='bbox 1969 4853 2061 4896; x_wconf 87' lang='lat' dir='ltr'><strong>aut</strong></span> <span class='ocrx_word' id='word_1_379' title='bbox 2103 4858 2242 4910; x_wconf 90' lang='lat' dir='ltr'><strong>qua-</strong></span> 
     </span>
    </p>
   </div>
   <div class='ocr_carea' id='block_1_56' title="bbox 668 4910 2240 4983">
    <p class='ocr_par' dir='ltr' id='par_1_56' title="bbox 668 4910 2240 4983">
     <span class='ocr_line' id='line_1_56' title="bbox 668 4910 2240 4983; baseline 0.002 -18"><span class='ocrx_word' id='word_1_380' title='bbox 668 4910 974 4966; x_wconf 86' lang='lat' dir='ltr'><strong>driennium</strong></span> <span class='ocrx_word' id='word_1_381' title='bbox 1006 4913 1134 4967; x_wconf 91' lang='lat' dir='ltr'><strong>illud</strong></span> <span class='ocrx_word' id='word_1_382' title='bbox 1160 4911 1319 4967; x_wconf 79' lang='lat' dir='ltr'><strong>aliter</strong></span> <span class='ocrx_word' id='word_1_383' title='bbox 1340 4928 1404 4967; x_wconf 87' lang='lat' dir='ltr'><strong>ac</strong></span> <span class='ocrx_word' id='word_1_384' title='bbox 1437 4914 1599 4968; x_wconf 86' lang='lat' dir='ltr'><strong>verba</strong></span> <span class='ocrx_word' id='word_1_385' title='bbox 1628 4916 1769 4967; x_wconf 69' lang='lat' dir='ltr'><strong>illius</strong></span> <span class='ocrx_word' id='word_1_386' title='bbox 1790 4918 1927 4983; x_wconf 92' lang='lat' dir='ltr'><strong>apud</strong></span> <span class='ocrx_word' id='word_1_387' title='bbox 1955 4914 2240 4981; x_wconf 83' lang='lat' dir='ltr'><strong>Evagrium</strong></span> 
     </span>
    </p>
   </div>
   <div class='ocr_carea' id='block_1_57' title="bbox 669 4984 2240 5052">
    <p class='ocr_par' dir='ltr' id='par_1_57' title="bbox 669 4984 2240 5052">
     <span class='ocr_line' id='line_1_57' title="bbox 669 4984 2240 5052; baseline 0.003 -17"><span class='ocrx_word' id='word_1_388' title='bbox 669 4995 861 5036; x_wconf 72' lang='lat' dir='ltr'><strong>stillant</strong></span> <span class='ocrx_word' id='word_1_389' title='bbox 888 5024 903 5046; x_wconf 89' lang='lat'><strong>,</strong></span> <span class='ocrx_word' id='word_1_390' title='bbox 935 4993 1020 5039; x_wconf 86' lang='lat' dir='ltr'><strong>est</strong></span> <span class='ocrx_word' id='word_1_391' title='bbox 1056 4984 1486 5052; x_wconf 77' lang='lat' dir='ltr'><strong>intelligentlttttt.</strong></span> <span class='ocrx_word' id='word_1_392' title='bbox 1524 4984 1589 5041; x_wconf 92' lang='lat' dir='ltr'><strong>Ut</strong></span> <span class='ocrx_word' id='word_1_393' title='bbox 1631 4986 1775 5040; x_wconf 84' lang='lat' dir='ltr'><strong>enim</strong></span> <span class='ocrx_word' id='word_1_394' title='bbox 1819 4990 1868 5038; x_wconf 84' lang='lat' dir='ltr'><strong>in</strong></span> <span class='ocrx_word' id='word_1_395' title='bbox 1911 4986 2240 5051; x_wconf 76' lang='lat' dir='ltr'><strong>superiorem</strong></span> 
     </span>
    </p>
   </div>
   <div class='ocr_carea' id='block_1_58' title="bbox 669 5054 2246 5121">
    <p class='ocr_par' dir='ltr' id='par_1_58' title="bbox 669 5054 2246 5121">
     <span class='ocr_line' id='line_1_58' title="bbox 669 5054 2246 5121; baseline 0.002 -14"><span class='ocrx_word' id='word_1_396' title='bbox 669 5054 950 5121; x_wconf 81' lang='lat' dir='ltr'><strong>epistolam</strong></span> <span class='ocrx_word' id='word_1_397' title='bbox 977 5056 1010 5109; x_wconf 69' lang='grc'>4</span> <span class='ocrx_word' id='word_1_398' title='bbox 1032 5056 1469 5116; x_wconf 64' lang='lat' dir='ltr'><strong>observavimus,</strong></span> <span class='ocrx_word' id='word_1_399' title='bbox 1518 5056 1797 5110; x_wconf 77' lang='lat' dir='ltr'><strong>Nesmrius</strong></span> <span class='ocrx_word' id='word_1_400' title='bbox 1822 5071 1965 5109; x_wconf 90' lang='lat' dir='ltr'><strong>anno</strong></span> <span class='ocrx_word' id='word_1_401' title='bbox 1988 5055 2087 5109; x_wconf 77' lang='grc'><strong>431</strong></span> <span class='ocrx_word' id='word_1_402' title='bbox 2122 5067 2246 5110; x_wconf 92' lang='lat' dir='ltr'><strong>octo</strong></span> 
     </span>
    </p>
   </div>
   <div class='ocr_carea' id='block_1_59' title="bbox 669 5124 2246 5197">
    <p class='ocr_par' dir='ltr' id='par_1_59' title="bbox 669 5124 2246 5197">
     <span class='ocr_line' id='line_1_59' title="bbox 669 5124 2246 5197; baseline 0.003 -19"><span class='ocrx_word' id='word_1_403' title='bbox 669 5124 785 5180; x_wconf 86' lang='lat' dir='ltr'><strong>dies</strong></span> <span class='ocrx_word' id='word_1_404' title='bbox 811 5139 938 5181; x_wconf 84' lang='lat' dir='ltr'><strong>ante</strong></span> <span class='ocrx_word' id='word_1_405' title='bbox 987 5126 1213 5197; x_wconf 74' lang='lat' dir='ltr'><strong>Gorpitet&#39;</strong></span> <span class='ocrx_word' id='word_1_406' title='bbox 1259 5127 1445 5180; x_wconf 81' lang='lat' dir='ltr'><strong>mensis</strong></span> <span class='ocrx_word' id='word_1_407' title='bbox 1477 5128 1841 5190; x_wconf 83' lang='lat' dir='ltr'><strong>undecimum,</strong></span> <span class='ocrx_word' id='word_1_408' title='bbox 1883 5127 1982 5180; x_wconf 91' lang='lat' dir='ltr'><strong>hoc</strong></span> <span class='ocrx_word' id='word_1_409' title='bbox 2010 5136 2090 5180; x_wconf 88' lang='lat' dir='ltr'><strong>est</strong></span> <span class='ocrx_word' id='word_1_410' title='bbox 2113 5168 2128 5192; x_wconf 92' lang='lat'><strong>,</strong></span> <span class='ocrx_word' id='word_1_411' title='bbox 2163 5129 2246 5182; x_wconf 85' lang='lat' dir='ltr'><strong>vel</strong></span> 
     </span>
    </p>
   </div>
   <div class='ocr_carea' id='block_1_60' title="bbox 667 5198 2248 5265">
    <p class='ocr_par' dir='ltr' id='par_1_60' title="bbox 667 5198 2248 5265">
     <span class='ocr_line' id='line_1_60' title="bbox 667 5198 2248 5265; baseline 0.002 -16"><span class='ocrx_word' id='word_1_412' title='bbox 667 5202 909 5265; x_wconf 79' lang='lat' dir='ltr'><strong>Angusm</strong></span> <span class='ocrx_word' id='word_1_413' title='bbox 940 5212 1127 5252; x_wconf 87' lang='lat' dir='ltr'><strong>mense</strong></span> <span class='ocrx_word' id='word_1_414' title='bbox 1156 5208 1386 5251; x_wconf 89' lang='lat' dir='ltr'><strong>exeunte</strong></span> <span class='ocrx_word' id='word_1_415' title='bbox 1414 5199 1499 5251; x_wconf 92' lang='lat' dir='ltr'><strong>vel</strong></span> <span class='ocrx_word' id='word_1_416' title='bbox 1545 5198 1763 5253; x_wconf 75' lang='lat' dir='ltr'><strong>ineunte</strong></span> <span class='ocrx_word' id='word_1_417' title='bbox 1788 5198 2132 5265; x_wconf 80' lang='lat' dir='ltr'><strong>Septembre.</strong></span> <span class='ocrx_word' id='word_1_418' title='bbox 2180 5199 2248 5253; x_wconf 88' lang='lat' dir='ltr'><strong>ab</strong></span> 
     </span>
    </p>
   </div>
   <div class='ocr_carea' id='block_1_61' title="bbox 672 5266 2245 5339">
    <p class='ocr_par' dir='ltr' id='par_1_61' title="bbox 672 5266 2245 5339">
     <span class='ocr_line' id='line_1_61' title="bbox 672 5266 2245 5339; baseline 0.001 -19"><span class='ocrx_word' id='word_1_419' title='bbox 672 5266 890 5339; x_wconf 85' lang='lat' dir='ltr'><strong>Epheso</strong></span> <span class='ocrx_word' id='word_1_420' title='bbox 911 5269 1167 5323; x_wconf 86' lang='lat' dir='ltr'><strong>dimissus</strong></span> <span class='ocrx_word' id='word_1_421' title='bbox 1189 5284 1253 5321; x_wconf 88' lang='lat' dir='ltr'><strong>ac</strong></span> <span class='ocrx_word' id='word_1_422' title='bbox 1294 5270 1564 5339; x_wconf 80' lang='lat' dir='ltr'><strong>relegatus</strong></span> <span class='ocrx_word' id='word_1_423' title='bbox 1592 5269 1642 5322; x_wconf 90' lang='lat' dir='ltr'><strong>in</strong></span> <span class='ocrx_word' id='word_1_424' title='bbox 1677 5270 2061 5323; x_wconf 85' lang='lat' dir='ltr'><strong>monasterium</strong></span> <span class='ocrx_word' id='word_1_425' title='bbox 2091 5284 2245 5323; x_wconf 90' lang='lat' dir='ltr'><strong>suum</strong></span> 
     </span>
    </p>
   </div>
   <div class='ocr_carea' id='block_1_62' title="bbox 670 5338 2249 5409">
    <p class='ocr_par' dir='ltr' id='par_1_62' title="bbox 670 5338 2249 5409">
     <span class='ocr_line' id='line_1_62' title="bbox 670 5338 2249 5409; baseline 0.003 -19"><span class='ocrx_word' id='word_1_426' title='bbox 670 5338 815 5392; x_wconf 88' lang='lat' dir='ltr'><strong>abiit.</strong></span> <span class='ocrx_word' id='word_1_427' title='bbox 853 5339 968 5393; x_wconf 88' lang='lat' dir='ltr'><strong>Jam</strong></span> <span class='ocrx_word' id='word_1_428' title='bbox 995 5355 1124 5395; x_wconf 91' lang='lat' dir='ltr'><strong>vero</strong></span> <span class='ocrx_word' id='word_1_429' title='bbox 1147 5355 1209 5394; x_wconf 85' lang='lat' dir='ltr'><strong>ex</strong></span> <span class='ocrx_word' id='word_1_430' title='bbox 1241 5341 1339 5393; x_wconf 90' lang='lat' dir='ltr'><strong>hac</strong></span> <span class='ocrx_word' id='word_1_431' title='bbox 1360 5340 1587 5403; x_wconf 81' lang='lat' dir='ltr'><strong>epistola</strong></span> <span class='ocrx_word' id='word_1_432' title='bbox 1616 5340 1782 5409; x_wconf 85' lang='lat' dir='ltr'><strong>liquet</strong></span> <span class='ocrx_word' id='word_1_433' title='bbox 1800 5357 1923 5396; x_wconf 90' lang='lat' dir='ltr'><strong>eum</strong></span> <span class='ocrx_word' id='word_1_434' title='bbox 1945 5350 2071 5393; x_wconf 87' lang='lat' dir='ltr'><strong>ante</strong></span> <span class='ocrx_word' id='word_1_435' title='bbox 2099 5356 2249 5394; x_wconf 88' lang='lat' dir='ltr'><strong>men-</strong></span> 
     </span>
    </p>
   </div>
   <div class='ocr_carea' id='block_1_63' title="bbox 669 5409 2253 5479">
    <p class='ocr_par' dir='ltr' id='par_1_63' title="bbox 669 5409 2253 5479">
     <span class='ocr_line' id='line_1_63' title="bbox 669 5409 2253 5479; baseline 0.002 -17"><span class='ocrx_word' id='word_1_436' title='bbox 669 5423 786 5463; x_wconf 88' lang='lat' dir='ltr'><strong>sem</strong></span> <span class='ocrx_word' id='word_1_437' title='bbox 818 5410 1191 5479; x_wconf 85' lang='lat' dir='ltr'><strong>Septembrem</strong></span> <span class='ocrx_word' id='word_1_438' title='bbox 1211 5414 1335 5464; x_wconf 88' lang='lat' dir='ltr'><strong>attui</strong></span> <span class='ocrx_word' id='word_1_439' title='bbox 1358 5409 1465 5465; x_wconf 68' lang='grc'><strong>455</strong></span> <span class='ocrx_word' id='word_1_440' title='bbox 1488 5427 1518 5465; x_wconf 88' lang='lat' dir='ltr'><strong>e</strong></span> <span class='ocrx_word' id='word_1_441' title='bbox 1550 5411 1813 5479; x_wconf 73' lang='lat' dir='ltr'><strong>frequenti</strong></span> <span class='ocrx_word' id='word_1_442' title='bbox 1838 5415 1968 5465; x_wconf 87' lang='lat' dir='ltr'><strong>urbe</strong></span> <span class='ocrx_word' id='word_1_443' title='bbox 1991 5412 2041 5464; x_wconf 92' lang='lat' dir='ltr'><strong>in</strong></span> <span class='ocrx_word' id='word_1_444' title='bbox 2064 5410 2253 5465; x_wconf 88' lang='lat' dir='ltr'><strong>deser-</strong></span> 
     </span>
    </p>
   </div>
   <div class='ocr_carea' id='block_1_64' title="bbox 672 5482 2247 5549">
    <p class='ocr_par' dir='ltr' id='par_1_64' title="bbox 672 5482 2247 5549">
     <span class='ocr_line' id='line_1_64' title="bbox 672 5482 2247 5549; baseline 0.003 -18"><span class='ocrx_word' id='word_1_445' title='bbox 672 5489 783 5532; x_wconf 88' lang='lat' dir='ltr'><strong>ttnn</strong></span> <span class='ocrx_word' id='word_1_446' title='bbox 820 5483 1015 5547; x_wconf 88' lang='lat' dir='ltr'><strong>locum,</strong></span> <span class='ocrx_word' id='word_1_447' title='bbox 1047 5482 1132 5535; x_wconf 80' lang='lat' dir='ltr'><strong>tibi</strong></span> <span class='ocrx_word' id='word_1_448' title='bbox 1167 5483 1345 5536; x_wconf 91' lang='lat' dir='ltr'><strong>nullus</strong></span> <span class='ocrx_word' id='word_1_449' title='bbox 1370 5493 1482 5535; x_wconf 87' lang='lat' dir='ltr'><strong>erat</strong></span> <span class='ocrx_word' id='word_1_450' title='bbox 1509 5499 1667 5549; x_wconf 85' lang='lat' dir='ltr'><strong>quem</strong></span> <span class='ocrx_word' id='word_1_451' title='bbox 1696 5493 2002 5546; x_wconf 84' lang='lat' dir='ltr'><strong>pervertere</strong></span> <span class='ocrx_word' id='word_1_452' title='bbox 2021 5484 2247 5548; x_wconf 85' lang='lat' dir='ltr'><strong>valeret,</strong></span> 
     </span>
    </p>
   </div>
   <div class='ocr_carea' id='block_1_65' title="bbox 670 5550 2251 5621">
    <p class='ocr_par' dir='ltr' id='par_1_65' title="bbox 670 5550 2251 5621">
     <span class='ocr_line' id='line_1_65' title="bbox 670 5550 2251 5621; baseline 0.001 -16"><span class='ocrx_word' id='word_1_453' title='bbox 670 5550 840 5607; x_wconf 61' lang='lat' dir='ltr'><strong>fuisse</strong></span> <span class='ocrx_word' id='word_1_454' title='bbox 884 5554 1253 5609; x_wconf 86' lang='lat' dir='ltr'><strong>atnandatutn.</strong></span> <span class='ocrx_word' id='word_1_455' title='bbox 1313 5556 1354 5606; x_wconf 86' lang='lat' dir='ltr'><strong>A</strong></span> <span class='ocrx_word' id='word_1_456' title='bbox 1413 5555 1586 5621; x_wconf 88' lang='lat' dir='ltr'><strong>primo</strong></span> <span class='ocrx_word' id='word_1_457' title='bbox 1643 5555 1803 5619; x_wconf 65' lang='lat' dir='ltr'><strong>igitur</strong></span> <span class='ocrx_word' id='word_1_458' title='bbox 1830 5556 2025 5607; x_wconf 77' lang='lat' dir='ltr'><strong>exsilio</strong></span> <span class='ocrx_word' id='word_1_459' title='bbox 2056 5553 2120 5606; x_wconf 86' lang='lat' dir='ltr'><strong>ad</strong></span> <span class='ocrx_word' id='word_1_460' title='bbox 2147 5554 2251 5607; x_wconf 86' lang='lat' dir='ltr'><strong>hoc</strong></span> 
     </span>
    </p>
   </div>
   <div class='ocr_carea' id='block_1_66' title="bbox 670 5624 2250 5693">
    <p class='ocr_par' dir='ltr' id='par_1_66' title="bbox 670 5624 2250 5693">
     <span class='ocr_line' id='line_1_66' title="bbox 670 5624 2250 5693; baseline 0.003 -18"><span class='ocrx_word' id='word_1_461' title='bbox 670 5624 898 5677; x_wconf 81' lang='lat' dir='ltr'><strong>alterum</strong></span> <span class='ocrx_word' id='word_1_462' title='bbox 944 5642 1008 5678; x_wconf 83' lang='lat' dir='ltr'><strong>ne</strong></span> <span class='ocrx_word' id='word_1_463' title='bbox 1059 5625 1336 5680; x_wconf 87' lang='lat' dir='ltr'><strong>biennium</strong></span> <span class='ocrx_word' id='word_1_464' title='bbox 1383 5626 1604 5693; x_wconf 86' lang='lat' dir='ltr'><strong>quidem</strong></span> <span class='ocrx_word' id='word_1_465' title='bbox 1635 5634 1803 5678; x_wconf 81' lang='lat' dir='ltr'><strong>totum</strong></span> <span class='ocrx_word' id='word_1_466' title='bbox 1836 5624 1890 5678; x_wconf 89' lang='lat' dir='ltr'><strong>itt</strong></span> <span class='ocrx_word' id='word_1_467' title='bbox 1922 5624 2250 5679; x_wconf 72' lang='lat' dir='ltr'><strong>monasterio</strong></span> 
     </span>
    </p>
   </div>
   <div class='ocr_carea' id='block_1_67' title="bbox 673 5696 999 5764">
    <p class='ocr_par' dir='ltr' id='par_1_67' title="bbox 673 5696 999 5764">
     <span class='ocr_line' id='line_1_67' title="bbox 673 5696 999 5764; baseline 0.006 -17"><span class='ocrx_word' id='word_1_468' title='bbox 673 5708 771 5748; x_wconf 83' lang='lat' dir='ltr'><strong>suo</strong></span> <span class='ocrx_word' id='word_1_469' title='bbox 801 5696 999 5764; x_wconf 77' lang='lat' dir='ltr'><strong>exegit.</strong></span> 
     </span>
    </p>
   </div>
   <div class='ocr_carea' id='block_1_68' title="bbox 747 5766 2253 5824">
    <p class='ocr_par' dir='ltr' id='par_1_68' title="bbox 747 5766 2253 5824">
     <span class='ocr_line' id='line_1_68' title="bbox 747 5766 2253 5824; baseline 0.003 -5"><span class='ocrx_word' id='word_1_470' title='bbox 747 5773 771 5802; x_wconf 70' lang='grc' dir='ltr'>ε</span> <span class='ocrx_word' id='word_1_471' title='bbox 814 5766 1018 5822; x_wconf 77' lang='lat' dir='ltr'><strong>Favere</strong></span> <span class='ocrx_word' id='word_1_472' title='bbox 1046 5766 1264 5824; x_wconf 81' lang='lat' dir='ltr'><strong>videtur</strong></span> <span class='ocrx_word' id='word_1_473' title='bbox 1296 5767 1341 5823; x_wconf 88' lang='lat' dir='ltr'><strong>is</strong></span> <span class='ocrx_word' id='word_1_474' title='bbox 1368 5767 1516 5821; x_wconf 86' lang='lat' dir='ltr'><strong>locus</strong></span> <span class='ocrx_word' id='word_1_475' title='bbox 1547 5766 1726 5821; x_wconf 75' lang='lat' dir='ltr'><strong>verbis</strong></span> <span class='ocrx_word' id='word_1_476' title='bbox 1766 5766 2028 5822; x_wconf 84' lang='lat' dir='ltr'><strong>Gennadii</strong></span> <span class='ocrx_word' id='word_1_477' title='bbox 2058 5766 2152 5821; x_wconf 87' lang='lat' dir='ltr'><strong>lib.</strong></span> <span class='ocrx_word' id='word_1_478' title='bbox 2185 5767 2253 5823; x_wconf 87' lang='lat' dir='ltr'><strong>de</strong></span> 
     </span>
    </p>
   </div>
   <div class='ocr_carea' id='block_1_69' title="bbox 677 5833 2249 5909">
    <p class='ocr_par' dir='ltr' id='par_1_69' title="bbox 677 5833 2249 5909">
     <span class='ocr_line' id='line_1_69' title="bbox 677 5833 2249 5909; baseline 0.003 -20"><span class='ocrx_word' id='word_1_479' title='bbox 677 5833 876 5899; x_wconf 85' lang='lat' dir='ltr'><strong>Script.</strong></span> <span class='ocrx_word' id='word_1_480' title='bbox 908 5837 1053 5893; x_wconf 82' lang='lat' dir='ltr'><strong>Eccl.</strong></span> <span class='ocrx_word' id='word_1_481' title='bbox 1088 5838 1335 5905; x_wconf 83' lang='lat' dir='ltr'><strong>dicentis,</strong></span> <span class='ocrx_word' id='word_1_482' title='bbox 1387 5836 1614 5907; x_wconf 74' lang='lat' dir='ltr'><strong>Xystum</strong></span> <span class='ocrx_word' id='word_1_483' title='bbox 1648 5836 1714 5891; x_wconf 76' lang='lat' dir='ltr'><strong>ad</strong></span> <span class='ocrx_word' id='word_1_484' title='bbox 1746 5838 1916 5909; x_wconf 72' lang='lat' dir='ltr'><strong>ipsum</strong></span> <span class='ocrx_word' id='word_1_485' title='bbox 1949 5836 2249 5894; x_wconf 67' lang='lat' dir='ltr'><strong>Nestorium</strong></span> 
     </span>
    </p>
   </div>
   <div class='ocr_carea' id='block_1_70' title="bbox 1552 291 3026 359">
    <p class='ocr_par' dir='ltr' id='par_1_70' title="bbox 1552 291 3026 359">
     <span class='ocr_line' id='line_1_70' title="bbox 1552 291 3026 359; baseline -0.005 0"><span class='ocrx_word' id='word_1_486' title='bbox 1552 301 1759 359; x_wconf 76' lang='lat' dir='ltr'><strong>XYSTI</strong></span> <span class='ocrx_word' id='word_1_487' title='bbox 1797 295 1862 356; x_wconf 84' lang='grc' dir='ltr'><strong>ιη</strong></span> <span class='ocrx_word' id='word_1_488' title='bbox 1903 298 2108 356; x_wconf 66' lang='grc' dir='ltr'><strong>ΡΑΡᾹΞ</strong></span> <span class='ocrx_word' id='word_1_489' title='bbox 2149 296 2513 356; x_wconf 61' lang='lat' dir='ltr'><strong>EPISTULA}</strong></span> <span class='ocrx_word' id='word_1_490' title='bbox 2555 296 2639 350; x_wconf 83' lang='lat' dir='ltr'><strong>ET</strong></span> <span class='ocrx_word' id='word_1_491' title='bbox 2683 291 3026 353; x_wconf 71' lang='lat' dir='ltr'><strong>DECltETA.</strong></span> 
     </span>
    </p>
   </div>
   <div class='ocr_carea' id='block_1_71' title="bbox 3754 312 3830 375">
    <p class='ocr_par' dir='ltr' id='par_1_71' title="bbox 3754 312 3830 375">
     <span class='ocr_line' id='line_1_71' title="bbox 3754 312 3830 375; baseline 0 0"><span class='ocrx_word' id='word_1_492' title='bbox 3754 312 3830 375; x_wconf 74' lang='grc' dir='ltr'><strong>ωε</strong></span> 
     </span>
    </p>
   </div>
   <div class='ocr_carea' id='block_1_72' title="bbox 2403 409 3829 487">
    <p class='ocr_par' dir='ltr' id='par_1_72' title="bbox 2403 409 3829 487">
     <span class='ocr_line' id='line_1_72' title="bbox 2403 409 3829 487; baseline 0.008 -18"><span class='ocrx_word' id='word_1_493' title='bbox 2403 415 2456 469; x_wconf 81' lang='lat'><strong>&#39;5.</strong></span> <span class='ocrx_word' id='word_1_494' title='bbox 2490 411 2711 469; x_wconf 75' lang='lat' dir='ltr'><strong>Audivit</strong></span> <span class='ocrx_word' id='word_1_495' title='bbox 2766 412 3019 468; x_wconf 84' lang='lat' dir='ltr'><strong>universa</strong></span> <span class='ocrx_word' id='word_1_496' title='bbox 3053 409 3389 478; x_wconf 83' lang='lat' dir='ltr'><strong>fraternitas,</strong></span> <span class='ocrx_word' id='word_1_497' title='bbox 3428 428 3543 483; x_wconf 76' lang='lat' dir='ltr'><strong>qua:</strong></span> <span class='ocrx_word' id='word_1_498' title='bbox 3585 417 3642 472; x_wconf 85' lang='lat' dir='ltr'><strong>ad</strong></span> <span class='ocrx_word' id='word_1_499' title='bbox 3684 427 3829 487; x_wconf 73' lang='lat' dir='ltr'><strong>natalis</strong></span> 
     </span>
    </p>
   </div>
   <div class='ocr_carea' id='block_1_73' title="bbox 2333 505 3828 588">
    <p class='ocr_par' dir='ltr' id='par_1_73' title="bbox 2333 505 3828 588">
     <span class='ocr_line' id='line_1_73' title="bbox 2333 505 3828 588; baseline 0.008 -27"><span class='ocrx_word' id='word_1_500' title='bbox 2333 506 2439 561; x_wconf 89' lang='lat' dir='ltr'><strong>mei</strong></span> <span class='ocrx_word' id='word_1_501' title='bbox 2468 515 2804 561; x_wconf 84' lang='lat' dir='ltr'><strong>convenerat</strong></span> <span class='ocrx_word' id='word_1_502' title='bbox 2825 505 2991 572; x_wconf 91' lang='lat' dir='ltr'><strong>diem,</strong></span> <span class='ocrx_word' id='word_1_503' title='bbox 3012 506 3241 575; x_wconf 89' lang='lat' dir='ltr'><strong>qualiter</strong></span> <span class='ocrx_word' id='word_1_504' title='bbox 3267 505 3405 560; x_wconf 91' lang='lat' dir='ltr'><strong>bono</strong></span> <span class='ocrx_word' id='word_1_505' title='bbox 3428 505 3628 565; x_wconf 85' lang='lat' dir='ltr'><strong>humani</strong></span> <span class='ocrx_word' id='word_1_506' title='bbox 3648 519 3828 588; x_wconf 72' lang='lat' dir='ltr'><strong>generis,</strong></span> 
     </span>
    </p>
   </div>
   <div class='ocr_carea' id='block_1_74' title="bbox 2332 596 3829 669">
    <p class='ocr_par' dir='ltr' id='par_1_74' title="bbox 2332 596 3829 669">
     <span class='ocr_line' id='line_1_74' title="bbox 2332 596 3829 669; baseline 0.006 -16"><span class='ocrx_word' id='word_1_507' title='bbox 2332 599 2647 669; x_wconf 66' lang='lat' dir='ltr'><strong>apostolica:</strong></span> <span class='ocrx_word' id='word_1_508' title='bbox 2703 598 2849 653; x_wconf 89' lang='lat' dir='ltr'><strong>sedis</strong></span> <span class='ocrx_word' id='word_1_509' title='bbox 2901 612 2989 652; x_wconf 90' lang='lat' dir='ltr'><strong>me</strong></span> <span class='ocrx_word' id='word_1_510' title='bbox 3042 596 3269 667; x_wconf 58' lang='lat' dir='ltr'><strong>prmide</strong></span> <span class='ocrx_word' id='word_1_511' title='bbox 3297 606 3413 653; x_wconf 72' lang='lat'><strong>8....</strong></span> <span class='ocrx_word' id='word_1_512' title='bbox 3464 597 3709 659; x_wconf 82' lang='lat' dir='ltr'><strong>Excedam</strong></span> <span class='ocrx_word' id='word_1_513' title='bbox 3743 607 3829 668; x_wconf 77' lang='lat' dir='ltr'><strong>licet</strong></span> 
     </span>
    </p>
   </div>
   <div class='ocr_carea' id='block_1_75' title="bbox 2333 689 3827 772">
    <p class='ocr_par' dir='ltr' id='par_1_75' title="bbox 2333 689 3827 772">
     <span class='ocr_line' id='line_1_75' title="bbox 2333 689 3827 772; baseline 0.001 -26"><span class='ocrx_word' id='word_1_514' title='bbox 2333 692 2585 747; x_wconf 90' lang='lat' dir='ltr'><strong>meritum</strong></span> <span class='ocrx_word' id='word_1_515' title='bbox 2620 706 2799 746; x_wconf 93' lang='lat' dir='ltr'><strong>meum</strong></span> <span class='ocrx_word' id='word_1_516' title='bbox 2832 699 2887 745; x_wconf 87' lang='lat' dir='ltr'><strong>et</strong></span> <span class='ocrx_word' id='word_1_517' title='bbox 2915 700 3065 744; x_wconf 83' lang='lat' dir='ltr'><strong>extra</strong></span> <span class='ocrx_word' id='word_1_518' title='bbox 3109 705 3196 745; x_wconf 89' lang='lat' dir='ltr'><strong>me</strong></span> <span class='ocrx_word' id='word_1_519' title='bbox 3237 689 3351 744; x_wconf 74' lang='lat' dir='ltr'><strong>lucc</strong></span> <span class='ocrx_word' id='word_1_520' title='bbox 3388 705 3503 747; x_wconf 84' lang='lat' dir='ltr'><strong>esse</strong></span> <span class='ocrx_word' id='word_1_521' title='bbox 3541 708 3827 772; x_wconf 54' lang='lat' dir='ltr'><strong>cognoscam,</strong></span> 
     </span>
    </p>
   </div>
   <div class='ocr_carea' id='block_1_76' title="bbox 2331 783 3827 860">
    <p class='ocr_par' dir='ltr' id='par_1_76' title="bbox 2331 783 3827 860">
     <span class='ocr_line' id='line_1_76' title="bbox 2331 783 3827 860; baseline 0.003 -20"><span class='ocrx_word' id='word_1_522' title='bbox 2331 784 2610 840; x_wconf 91' lang='lat' dir='ltr'><strong>exordium</strong></span> <span class='ocrx_word' id='word_1_523' title='bbox 2644 792 2823 838; x_wconf 89' lang='lat' dir='ltr'><strong>tamen</strong></span> <span class='ocrx_word' id='word_1_524' title='bbox 2857 783 2930 837; x_wconf 92' lang='lat' dir='ltr'><strong>tui</strong></span> <span class='ocrx_word' id='word_1_525' title='bbox 2975 784 3242 838; x_wconf 87' lang='lat' dir='ltr'><strong>sermonis</strong></span> <span class='ocrx_word' id='word_1_526' title='bbox 3286 791 3467 852; x_wconf 80' lang='lat' dir='ltr'><strong>gratus</strong></span> <span class='ocrx_word' id='word_1_527' title='bbox 3518 786 3827 860; x_wconf 66' lang='lat' dir='ltr'><strong>accipio,quia</strong></span> 
     </span>
    </p>
   </div>
   <div class='ocr_carea' id='block_1_77' title="bbox 2334 876 3827 949">
    <p class='ocr_par' dir='ltr' id='par_1_77' title="bbox 2334 876 3827 949">
     <span class='ocr_line' id='line_1_77' title="bbox 2334 876 3827 949; baseline 0.007 -16"><span class='ocrx_word' id='word_1_528' title='bbox 2334 894 2443 933; x_wconf 89' lang='lat' dir='ltr'><strong>non</strong></span> <span class='ocrx_word' id='word_1_529' title='bbox 2470 884 2555 933; x_wconf 87' lang='lat' dir='ltr'><strong>est</strong></span> <span class='ocrx_word' id='word_1_530' title='bbox 2582 877 2675 932; x_wconf 84' lang='lat' dir='ltr'><strong>tibi</strong></span> <span class='ocrx_word' id='word_1_531' title='bbox 2706 877 3076 933; x_wconf 88' lang='lat' dir='ltr'><strong>controversia</strong></span> <span class='ocrx_word' id='word_1_532' title='bbox 3116 876 3454 947; x_wconf 87' lang='lat' dir='ltr'><strong>perferenda,</strong></span> <span class='ocrx_word' id='word_1_533' title='bbox 3498 880 3582 949; x_wconf 88' lang='lat' dir='ltr'><strong>qui</strong></span> <span class='ocrx_word' id='word_1_534' title='bbox 3619 878 3827 944; x_wconf 85' lang='lat' dir='ltr'><strong>Christum</strong></span> 
     </span>
    </p>
   </div>
   <div class='ocr_carea' id='block_1_78' title="bbox 2334 968 3827 1038">
    <p class='ocr_par' dir='ltr' id='par_1_78' title="bbox 2334 968 3827 1038">
     <span class='ocr_line' id='line_1_78' title="bbox 2334 968 3827 1038; baseline 0.005 -15"><span class='ocrx_word' id='word_1_535' title='bbox 2334 968 2625 1024; x_wconf 90' lang='lat' dir='ltr'><strong>Dominum</strong></span> <span class='ocrx_word' id='word_1_536' title='bbox 2657 980 2899 1024; x_wconf 70' lang='lat' dir='ltr'><strong>nosnum</strong></span> <span class='ocrx_word' id='word_1_537' title='bbox 2932 969 3075 1024; x_wconf 92' lang='lat' dir='ltr'><strong>bono</strong></span> <span class='ocrx_word' id='word_1_538' title='bbox 3100 969 3319 1023; x_wconf 88' lang='lat' dir='ltr'><strong>humani</strong></span> <span class='ocrx_word' id='word_1_539' title='bbox 3340 970 3544 1038; x_wconf 77' lang='lat' dir='ltr'><strong>generis</strong></span> <span class='ocrx_word' id='word_1_540' title='bbox 3563 970 3629 1025; x_wconf 86' lang='lat' dir='ltr'><strong>ita</strong></span> <span class='ocrx_word' id='word_1_541' title='bbox 3653 984 3700 1027; x_wconf 95' lang='lat' dir='ltr'><strong>ut</strong></span> <span class='ocrx_word' id='word_1_542' title='bbox 3716 988 3827 1034; x_wconf 82' lang='lat' dir='ltr'><strong>natus</strong></span> 
     </span>
    </p>
   </div>
   <div class='ocr_carea' id='block_1_79' title="bbox 2331 1061 3829 1133">
    <p class='ocr_par' dir='ltr' id='par_1_79' title="bbox 2331 1061 3829 1133">
     <span class='ocr_line' id='line_1_79' title="bbox 2331 1061 3829 1133; baseline 0.001 -15"><span class='ocrx_word' id='word_1_543' title='bbox 2331 1072 2416 1118; x_wconf 91' lang='lat' dir='ltr'><strong>est</strong></span> <span class='ocrx_word' id='word_1_544' title='bbox 2444 1063 2744 1119; x_wconf 82' lang='lat' dir='ltr'><strong>confiteris.</strong></span> <span class='ocrx_word' id='word_1_545' title='bbox 2790 1062 3196 1133; x_wconf 84' lang='lat' dir='ltr'><strong>Subscquenter</strong></span> <span class='ocrx_word' id='word_1_546' title='bbox 3240 1061 3496 1118; x_wconf 75' lang='lat' dir='ltr'><strong>Ecclesia:</strong></span> <span class='ocrx_word' id='word_1_547' title='bbox 3524 1062 3662 1121; x_wconf 88' lang='lat' dir='ltr'><strong>addis</strong></span> <span class='ocrx_word' id='word_1_548' title='bbox 3691 1066 3829 1127; x_wconf 78' lang='lat' dir='ltr'><strong>Incite.</strong></span> 
     </span>
    </p>
   </div>
   <div class='ocr_carea' id='block_1_80' title="bbox 2334 1155 3829 1227">
    <p class='ocr_par' dir='ltr' id='par_1_80' title="bbox 2334 1155 3829 1227">
     <span class='ocr_line' id='line_1_80' title="bbox 2334 1155 3829 1227; baseline 0.003 -16"><span class='ocrx_word' id='word_1_549' title='bbox 2334 1172 2451 1211; x_wconf 91' lang='lat' dir='ltr'><strong>rum</strong></span> <span class='ocrx_word' id='word_1_550' title='bbox 2482 1167 2540 1213; x_wconf 87' lang='lat' dir='ltr'><strong>et</strong></span> <span class='ocrx_word' id='word_1_551' title='bbox 2570 1158 2767 1227; x_wconf 91' lang='lat' dir='ltr'><strong>ubique</strong></span> <span class='ocrx_word' id='word_1_552' title='bbox 2814 1158 3104 1212; x_wconf 90' lang='lat' dir='ltr'><strong>lucentem.</strong></span> <span class='ocrx_word' id='word_1_553' title='bbox 3135 1155 3241 1211; x_wconf 90' lang='lat' dir='ltr'><strong>Sed</strong></span> <span class='ocrx_word' id='word_1_554' title='bbox 3283 1163 3339 1209; x_wconf 88' lang='lat' dir='ltr'><strong>et</strong></span> <span class='ocrx_word' id='word_1_555' title='bbox 3391 1170 3528 1210; x_wconf 91' lang='lat' dir='ltr'><strong>nunc</strong></span> <span class='ocrx_word' id='word_1_556' title='bbox 3570 1170 3677 1225; x_wconf 80' lang='lat' dir='ltr'><strong>vos,</strong></span> <span class='ocrx_word' id='word_1_557' title='bbox 3713 1160 3829 1219; x_wconf 85' lang='lat' dir='ltr'><strong>immo</strong></span> 
     </span>
    </p>
   </div>
   <div class='ocr_carea' id='block_1_81' title="bbox 2332 1245 3827 1327">
    <p class='ocr_par' dir='ltr' id='par_1_81' title="bbox 2332 1245 3827 1327">
     <span class='ocr_line' id='line_1_81' title="bbox 2332 1245 3827 1327; baseline 0.004 -23"><span class='ocrx_word' id='word_1_558' title='bbox 2332 1264 2523 1304; x_wconf 86' lang='lat' dir='ltr'><strong>omnes</strong></span> <span class='ocrx_word' id='word_1_559' title='bbox 2570 1250 2661 1320; x_wconf 91' lang='lat' dir='ltr'><strong>qui</strong></span> <span class='ocrx_word' id='word_1_560' title='bbox 2711 1250 2849 1304; x_wconf 89' lang='lat' dir='ltr'><strong>lucis</strong></span> <span class='ocrx_word' id='word_1_561' title='bbox 2890 1250 3035 1304; x_wconf 90' lang='lat' dir='ltr'><strong>illius</strong></span> <span class='ocrx_word' id='word_1_562' title='bbox 3076 1248 3287 1319; x_wconf 75' lang='lat' dir='ltr'><strong>signum</strong></span> <span class='ocrx_word' id='word_1_563' title='bbox 3332 1247 3503 1304; x_wconf 88' lang='lat' dir='ltr'><strong>fronte</strong></span> <span class='ocrx_word' id='word_1_564' title='bbox 3532 1245 3559 1286; x_wconf 70' lang='grc' dir='ltr'><strong>ι·</strong></span> <span class='ocrx_word' id='word_1_565' title='bbox 3591 1262 3827 1327; x_wconf 77' lang='lat' dir='ltr'><strong>gestamus,</strong></span> 
     </span>
    </p>
   </div>
   <div class='ocr_carea' id='block_1_82' title="bbox 2334 1343 3830 1415">
    <p class='ocr_par' dir='ltr' id='par_1_82' title="bbox 2334 1343 3830 1415">
     <span class='ocr_line' id='line_1_82' title="bbox 2334 1343 3830 1415; baseline -0.004 -14"><span class='ocrx_word' id='word_1_566' title='bbox 2334 1344 2593 1401; x_wconf 92' lang='lat' dir='ltr'><strong>luciferos</strong></span> <span class='ocrx_word' id='word_1_567' title='bbox 2622 1346 2963 1400; x_wconf 85' lang='lat' dir='ltr'><strong>confitemur.</strong></span> <span class='ocrx_word' id='word_1_568' title='bbox 3022 1343 3148 1399; x_wconf 88' lang='lat' dir='ltr'><strong>Sint</strong></span> <span class='ocrx_word' id='word_1_569' title='bbox 3190 1358 3323 1413; x_wconf 75' lang='lat' dir='ltr'><strong>ergo</strong></span> <span class='ocrx_word' id='word_1_570' title='bbox 3350 1356 3535 1399; x_wconf 87' lang='lat' dir='ltr'><strong>omnes</strong></span> <span class='ocrx_word' id='word_1_571' title='bbox 3565 1343 3701 1401; x_wconf 79' lang='lat' dir='ltr'><strong>(idem</strong></span> <span class='ocrx_word' id='word_1_572' title='bbox 3734 1364 3830 1415; x_wconf 62' lang='lat' dir='ltr'><strong>pra.</strong></span> 
     </span>
    </p>
   </div>
   <div class='ocr_carea' id='block_1_83' title="bbox 2334 1433 3825 1506">
    <p class='ocr_par' dir='ltr' id='par_1_83' title="bbox 2334 1433 3825 1506">
     <span class='ocr_line' id='line_1_83' title="bbox 2334 1433 3825 1506; baseline 0.003 -13"><span class='ocrx_word' id='word_1_573' title='bbox 2334 1437 2579 1493; x_wconf 84' lang='lat' dir='ltr'><strong>dicantes</strong></span> <span class='ocrx_word' id='word_1_574' title='bbox 2622 1438 2837 1493; x_wconf 88' lang='lat' dir='ltr'><strong>Domini</strong></span> <span class='ocrx_word' id='word_1_575' title='bbox 2883 1436 3196 1493; x_wconf 82' lang='lat' dir='ltr'><strong>sacerdotes</strong></span> <span class='ocrx_word' id='word_1_576' title='bbox 3246 1433 3451 1490; x_wconf 87' lang='lat' dir='ltr'><strong>luciferi</strong></span> <span class='ocrx_word' id='word_1_577' title='bbox 3494 1445 3546 1491; x_wconf 88' lang='lat' dir='ltr'><strong>et</strong></span> <span class='ocrx_word' id='word_1_578' title='bbox 3572 1436 3738 1506; x_wconf 79' lang='lat' dir='ltr'><strong>ubique</strong></span> <span class='ocrx_word' id='word_1_579' title='bbox 3766 1441 3825 1497; x_wconf 86' lang='lat' dir='ltr'><strong>lu-</strong></span> 
     </span>
    </p>
   </div>
   <div class='ocr_carea' id='block_1_84' title="bbox 2336 1541 2549 1587">
    <p class='ocr_par' dir='ltr' id='par_1_84' title="bbox 2336 1541 2549 1587">
     <span class='ocr_line' id='line_1_84' title="bbox 2336 1541 2549 1587; baseline -0.005 0"><span class='ocrx_word' id='word_1_580' title='bbox 2336 1541 2549 1587; x_wconf 88' lang='lat' dir='ltr'><strong>centes.</strong></span> 
     </span>
    </p>
   </div>
   <div class='ocr_carea' id='block_1_85' title="bbox 2402 1620 3831 1694">
    <p class='ocr_par' dir='ltr' id='par_1_85' title="bbox 2402 1620 3831 1694">
     <span class='ocr_line' id='line_1_85' title="bbox 2402 1620 3831 1694; baseline 0.001 -13"><span class='ocrx_word' id='word_1_581' title='bbox 2402 1626 2456 1681; x_wconf 67' lang='lat' dir='ltr'><strong>lt.</strong></span> <span class='ocrx_word' id='word_1_582' title='bbox 2483 1625 2564 1681; x_wconf 85' lang='lat' dir='ltr'><strong>Sit</strong></span> <span class='ocrx_word' id='word_1_583' title='bbox 2603 1633 2655 1678; x_wconf 90' lang='lat' dir='ltr'><strong>et</strong></span> <span class='ocrx_word' id='word_1_584' title='bbox 2687 1623 2969 1680; x_wconf 86' lang='lat' dir='ltr'><strong>Nestorius</strong></span> <span class='ocrx_word' id='word_1_585' title='bbox 3012 1623 3106 1679; x_wconf 92' lang='lat' dir='ltr'><strong>ille</strong></span> <span class='ocrx_word' id='word_1_586' title='bbox 3150 1621 3346 1678; x_wconf 91' lang='lat' dir='ltr'><strong>lucifer</strong></span> <span class='ocrx_word' id='word_1_587' title='bbox 3397 1620 3464 1677; x_wconf 91' lang='lat' dir='ltr'><strong>de</strong></span> <span class='ocrx_word' id='word_1_588' title='bbox 3506 1636 3603 1691; x_wconf 91' lang='lat' dir='ltr'><strong>quo</strong></span> <span class='ocrx_word' id='word_1_589' title='bbox 3641 1622 3831 1694; x_wconf 76' lang='lat' dir='ltr'><strong>scriptum</strong></span> 
     </span>
    </p>
   </div>
   <div class='ocr_carea' id='block_1_86' title="bbox 2331 1713 3830 1789">
    <p class='ocr_par' dir='ltr' id='par_1_86' title="bbox 2331 1713 3830 1789">
     <span class='ocr_line' id='line_1_86' title="bbox 2331 1713 3830 1789; baseline 0.001 -15"><span class='ocrx_word' id='word_1_590' title='bbox 2331 1728 2414 1774; x_wconf 89' lang='lat' dir='ltr'><strong>est</strong></span> <span class='ocrx_word' id='word_1_591' title='bbox 2444 1735 2457 1771; x_wconf 88' lang='lat'><strong>:</strong></span> <span class='ocrx_word' id='word_1_592' title='bbox 2490 1717 2684 1773; x_wconf 83' lang='lat' dir='ltr'><strong>Cecidit</strong></span> <span class='ocrx_word' id='word_1_593' title='bbox 2706 1718 2909 1789; x_wconf 78' lang='lat' dir='ltr'><strong>lucifer,</strong></span> <span class='ocrx_word' id='word_1_594' title='bbox 2935 1718 3021 1785; x_wconf 88' lang='lat' dir='ltr'><strong>qui</strong></span> <span class='ocrx_word' id='word_1_595' title='bbox 3051 1732 3199 1770; x_wconf 86' lang='lat' dir='ltr'><strong>mane</strong></span> <span class='ocrx_word' id='word_1_596' title='bbox 3226 1716 3481 1769; x_wconf 82' lang='lat' dir='ltr'><strong>oriebatur</strong></span> <span class='ocrx_word' id='word_1_597' title='bbox 3504 1713 3623 1787; x_wconf 78' lang='lat' dir='ltr'><strong>(Isa.</strong></span> <span class='ocrx_word' id='word_1_598' title='bbox 3646 1732 3735 1782; x_wconf 77' lang='lat' dir='ltr'><strong>xw,</strong></span> <span class='ocrx_word' id='word_1_599' title='bbox 3758 1720 3830 1789; x_wconf 71' lang='lat' dir='ltr'><strong>l2).</strong></span> 
     </span>
    </p>
   </div>
   <div class='ocr_carea' id='block_1_87' title="bbox 2255 1801 3833 1879">
    <p class='ocr_par' dir='ltr' id='par_1_87' title="bbox 2255 1801 3833 1879">
     <span class='ocr_line' id='line_1_87' title="bbox 2255 1801 3833 1879; baseline -0.003 -18"><span class='ocrx_word' id='word_1_600' title='bbox 2255 1801 2301 1861; x_wconf 89' lang='lat' dir='ltr'><strong>B</strong></span> <span class='ocrx_word' id='word_1_601' title='bbox 2329 1811 2551 1877; x_wconf 82' lang='lat' dir='ltr'><strong>Cecidit,</strong></span> <span class='ocrx_word' id='word_1_602' title='bbox 2584 1810 2676 1866; x_wconf 89' lang='lat' dir='ltr'><strong>sed</strong></span> <span class='ocrx_word' id='word_1_603' title='bbox 2696 1810 3014 1879; x_wconf 75' lang='lat' dir='ltr'><strong>superbiens</strong></span> <span class='ocrx_word' id='word_1_604' title='bbox 3029 1810 3246 1872; x_wconf 89' lang='lat' dir='ltr'><strong>cecidit,</strong></span> <span class='ocrx_word' id='word_1_605' title='bbox 3269 1808 3362 1863; x_wconf 89' lang='lat' dir='ltr'><strong>sed</strong></span> <span class='ocrx_word' id='word_1_606' title='bbox 3387 1808 3549 1863; x_wconf 83' lang='lat' dir='ltr'><strong>elisas</strong></span> <span class='ocrx_word' id='word_1_607' title='bbox 3570 1824 3675 1862; x_wconf 87' lang='lat' dir='ltr'><strong>cum</strong></span> <span class='ocrx_word' id='word_1_608' title='bbox 3698 1825 3833 1866; x_wconf 81' lang='lat' dir='ltr'><strong>ascen.</strong></span> 
     </span>
    </p>
   </div>
   <div class='ocr_carea' id='block_1_88' title="bbox 2333 1900 3833 1973">
    <p class='ocr_par' dir='ltr' id='par_1_88' title="bbox 2333 1900 3833 1973">
     <span class='ocr_line' id='line_1_88' title="bbox 2333 1900 3833 1973; baseline -0.001 -14"><span class='ocrx_word' id='word_1_609' title='bbox 2333 1904 2463 1959; x_wconf 90' lang='lat' dir='ltr'><strong>dere</strong></span> <span class='ocrx_word' id='word_1_610' title='bbox 2488 1904 2719 1973; x_wconf 88' lang='lat' dir='ltr'><strong>disponit</strong></span> <span class='ocrx_word' id='word_1_611' title='bbox 2750 1902 2804 1956; x_wconf 89' lang='lat' dir='ltr'><strong>in</strong></span> <span class='ocrx_word' id='word_1_612' title='bbox 2837 1903 3053 1963; x_wconf 71' lang='lat' dir='ltr'><strong>cretum,</strong></span> <span class='ocrx_word' id='word_1_613' title='bbox 3094 1913 3147 1957; x_wconf 91' lang='lat' dir='ltr'><strong>et</strong></span> <span class='ocrx_word' id='word_1_614' title='bbox 3178 1915 3382 1972; x_wconf 85' lang='lat' dir='ltr'><strong>ponere</strong></span> <span class='ocrx_word' id='word_1_615' title='bbox 3412 1915 3564 1970; x_wconf 87' lang='lat' dir='ltr'><strong>super</strong></span> <span class='ocrx_word' id='word_1_616' title='bbox 3585 1900 3688 1956; x_wconf 75' lang='lat' dir='ltr'><strong>cmli</strong></span> <span class='ocrx_word' id='word_1_617' title='bbox 3710 1903 3833 1958; x_wconf 82' lang='lat' dir='ltr'><strong>sidera</strong></span> 
     </span>
    </p>
   </div>
   <div class='ocr_carea' id='block_1_89' title="bbox 2332 1995 3835 2066">
    <p class='ocr_par' dir='ltr' id='par_1_89' title="bbox 2332 1995 3835 2066">
     <span class='ocr_line' id='line_1_89' title="bbox 2332 1995 3835 2066; baseline -0.003 -12"><span class='ocrx_word' id='word_1_618' title='bbox 2332 1998 2513 2055; x_wconf 90' lang='lat' dir='ltr'><strong>sedem</strong></span> <span class='ocrx_word' id='word_1_619' title='bbox 2554 2012 2726 2063; x_wconf 86' lang='lat' dir='ltr'><strong>suam,</strong></span> <span class='ocrx_word' id='word_1_620' title='bbox 2759 2009 2812 2052; x_wconf 93' lang='lat' dir='ltr'><strong>ct</strong></span> <span class='ocrx_word' id='word_1_621' title='bbox 2844 1996 3110 2066; x_wconf 89' lang='lat' dir='ltr'><strong>promittit</strong></span> <span class='ocrx_word' id='word_1_622' title='bbox 3134 1995 3419 2051; x_wconf 84' lang='lat' dir='ltr'><strong>Altissitno</strong></span> <span class='ocrx_word' id='word_1_623' title='bbox 3444 1995 3717 2050; x_wconf 83' lang='lat' dir='ltr'><strong>similetnsc</strong></span> <span class='ocrx_word' id='word_1_624' title='bbox 3738 1995 3835 2050; x_wconf 64' lang='lat' dir='ltr'><strong>futuo</strong></span> 
     </span>
    </p>
   </div>
   <div class='ocr_carea' id='block_1_90' title="bbox 2332 2097 3836 2169">
    <p class='ocr_par' dir='ltr' id='par_1_90' title="bbox 2332 2097 3836 2169">
     <span class='ocr_line' id='line_1_90' title="bbox 2332 2097 3836 2169; baseline -0.004 -10"><span class='ocrx_word' id='word_1_625' title='bbox 2332 2119 2473 2159; x_wconf 90' lang='lat' dir='ltr'><strong>rum.</strong></span> <span class='ocrx_word' id='word_1_626' title='bbox 2503 2103 2597 2159; x_wconf 90' lang='lat' dir='ltr'><strong>llle</strong></span> <span class='ocrx_word' id='word_1_627' title='bbox 2624 2101 2687 2157; x_wconf 84' lang='lat' dir='ltr'><strong>ad</strong></span> <span class='ocrx_word' id='word_1_628' title='bbox 2714 2101 3123 2157; x_wconf 88' lang='lat' dir='ltr'><strong>similitudinem</strong></span> <span class='ocrx_word' id='word_1_629' title='bbox 3152 2114 3212 2154; x_wconf 92' lang='lat' dir='ltr'><strong>se</strong></span> <span class='ocrx_word' id='word_1_630' title='bbox 3241 2097 3456 2169; x_wconf 86' lang='lat' dir='ltr'><strong>aptabat</strong></span> <span class='ocrx_word' id='word_1_631' title='bbox 3485 2097 3736 2163; x_wconf 80' lang='lat' dir='ltr'><strong>Altissimi;</strong></span> <span class='ocrx_word' id='word_1_632' title='bbox 3768 2099 3836 2156; x_wconf 80' lang='lat' dir='ltr'><strong>ists</strong></span> 
     </span>
    </p>
   </div>
   <div class='ocr_carea' id='block_1_91' title="bbox 2332 2200 3837 2263">
    <p class='ocr_par' dir='ltr' id='par_1_91' title="bbox 2332 2200 3837 2263">
     <span class='ocr_line' id='line_1_91' title="bbox 2332 2200 3837 2263; baseline -0.004 -1"><span class='ocrx_word' id='word_1_633' title='bbox 2332 2209 2384 2263; x_wconf 91' lang='lat' dir='ltr'><strong>in</strong></span> <span class='ocrx_word' id='word_1_634' title='bbox 2413 2223 2563 2262; x_wconf 91' lang='lat' dir='ltr'><strong>suam</strong></span> <span class='ocrx_word' id='word_1_635' title='bbox 2610 2204 3014 2261; x_wconf 89' lang='lat' dir='ltr'><strong>similitudinem</strong></span> <span class='ocrx_word' id='word_1_636' title='bbox 3057 2202 3288 2258; x_wconf 86' lang='lat' dir='ltr'><strong>vocabat</strong></span> <span class='ocrx_word' id='word_1_637' title='bbox 3331 2200 3664 2257; x_wconf 79' lang='lat' dir='ltr'><strong>Altissituum.</strong></span> <span class='ocrx_word' id='word_1_638' title='bbox 3711 2200 3837 2256; x_wconf 81' lang='lat' dir='ltr'><strong>llutni-</strong></span> 
     </span>
    </p>
   </div>
   <div class='ocr_carea' id='block_1_92' title="bbox 2332 2302 3834 2381">
    <p class='ocr_par' dir='ltr' id='par_1_92' title="bbox 2332 2302 3834 2381">
     <span class='ocr_line' id='line_1_92' title="bbox 2332 2302 3834 2381; baseline -0.007 -13"><span class='ocrx_word' id='word_1_639' title='bbox 2332 2328 2455 2368; x_wconf 87' lang='lat' dir='ltr'><strong>nem</strong></span> <span class='ocrx_word' id='word_1_640' title='bbox 2487 2327 2717 2381; x_wconf 87' lang='lat' dir='ltr'><strong>namque</strong></span> <span class='ocrx_word' id='word_1_641' title='bbox 2748 2320 2929 2364; x_wconf 91' lang='lat' dir='ltr'><strong>natum</strong></span> <span class='ocrx_word' id='word_1_642' title='bbox 2958 2322 3081 2362; x_wconf 90' lang='lat' dir='ltr'><strong>cum</strong></span> <span class='ocrx_word' id='word_1_643' title='bbox 3140 2303 3508 2360; x_wconf 88' lang='lat' dir='ltr'><strong>tantummodo</strong></span> <span class='ocrx_word' id='word_1_644' title='bbox 3562 2302 3834 2373; x_wconf 64' lang='lat' dir='ltr'><strong>prtedicabat,</strong></span> 
     </span>
    </p>
   </div>
   <div class='ocr_carea' id='block_1_93' title="bbox 2333 2405 3831 2482">
    <p class='ocr_par' dir='ltr' id='par_1_93' title="bbox 2333 2405 3831 2482">
     <span class='ocr_line' id='line_1_93' title="bbox 2333 2405 3831 2482; baseline -0.005 -13"><span class='ocrx_word' id='word_1_645' title='bbox 2333 2415 2586 2471; x_wconf 87' lang='lat' dir='ltr'><strong>auferens</strong></span> <span class='ocrx_word' id='word_1_646' title='bbox 2614 2411 2997 2470; x_wconf 89' lang='lat' dir='ltr'><strong>incarnationis</strong></span> <span class='ocrx_word' id='word_1_647' title='bbox 3022 2408 3366 2482; x_wconf 89' lang='lat' dir='ltr'><strong>mysterium,</strong></span> <span class='ocrx_word' id='word_1_648' title='bbox 3384 2415 3437 2463; x_wconf 89' lang='lat' dir='ltr'><strong>et</strong></span> <span class='ocrx_word' id='word_1_649' title='bbox 3462 2405 3583 2461; x_wconf 91' lang='lat' dir='ltr'><strong>illud</strong></span> <span class='ocrx_word' id='word_1_650' title='bbox 3612 2421 3831 2474; x_wconf 82' lang='lat' dir='ltr'><strong>evacuans,</strong></span> 
     </span>
    </p>
   </div>
   <div class='ocr_carea' id='block_1_94' title="bbox 2333 2507 3838 2583">
    <p class='ocr_par' dir='ltr' id='par_1_94' title="bbox 2333 2507 3838 2583">
     <span class='ocr_line' id='line_1_94' title="bbox 2333 2507 3838 2583; baseline -0.006 -11"><span class='ocrx_word' id='word_1_651' title='bbox 2333 2518 2499 2572; x_wconf 88' lang='lat' dir='ltr'><strong>immo</strong></span> <span class='ocrx_word' id='word_1_652' title='bbox 2532 2514 2663 2569; x_wconf 91' lang='lat' dir='ltr'><strong>illud</strong></span> <span class='ocrx_word' id='word_1_653' title='bbox 2693 2515 3033 2583; x_wconf 83' lang='lat' dir='ltr'><strong>impugnans,</strong></span> <span class='ocrx_word' id='word_1_654' title='bbox 3057 2526 3163 2581; x_wconf 89' lang='lat' dir='ltr'><strong>quo</strong></span> <span class='ocrx_word' id='word_1_655' title='bbox 3198 2508 3492 2566; x_wconf 89' lang='lat' dir='ltr'><strong>secundum</strong></span> <span class='ocrx_word' id='word_1_656' title='bbox 3532 2507 3779 2577; x_wconf 82' lang='lat' dir='ltr'><strong>symbolum</strong></span> <span class='ocrx_word' id='word_1_657' title='bbox 3801 2515 3838 2563; x_wconf 85' lang='lat' dir='ltr'><strong>et</strong></span> 
     </span>
    </p>
   </div>
   <div class='ocr_carea' id='block_1_95' title="bbox 2336 2609 3838 2678">
    <p class='ocr_par' dir='ltr' id='par_1_95' title="bbox 2336 2609 3838 2678">
     <span class='ocr_line' id='line_1_95' title="bbox 2336 2609 3838 2678; baseline -0.005 -5"><span class='ocrx_word' id='word_1_658' title='bbox 2336 2619 2469 2673; x_wconf 86' lang='lat' dir='ltr'><strong>ﬁdes</strong></span> <span class='ocrx_word' id='word_1_659' title='bbox 2497 2626 2550 2673; x_wconf 90' lang='lat' dir='ltr'><strong>et</strong></span> <span class='ocrx_word' id='word_1_660' title='bbox 2580 2617 2728 2671; x_wconf 85' lang='lat' dir='ltr'><strong>salus</strong></span> <span class='ocrx_word' id='word_1_661' title='bbox 2778 2625 2962 2670; x_wconf 89' lang='lat' dir='ltr'><strong>nostra</strong></span> <span class='ocrx_word' id='word_1_662' title='bbox 3013 2613 3281 2669; x_wconf 86' lang='lat' dir='ltr'><strong>subsistit.</strong></span> <span class='ocrx_word' id='word_1_663' title='bbox 3302 2611 3414 2666; x_wconf 85' lang='lat' dir='ltr'><strong>Non</strong></span> <span class='ocrx_word' id='word_1_664' title='bbox 3437 2617 3518 2666; x_wconf 88' lang='lat' dir='ltr'><strong>est</strong></span> <span class='ocrx_word' id='word_1_665' title='bbox 3536 2609 3739 2665; x_wconf 81' lang='lat' dir='ltr'><strong>certandi</strong></span> <span class='ocrx_word' id='word_1_666' title='bbox 3761 2609 3838 2678; x_wconf 71' lang='lat' dir='ltr'><strong>jam</strong></span> 
     </span>
    </p>
   </div>
   <div class='ocr_carea' id='block_1_96' title="bbox 2336 2712 3839 2791">
    <p class='ocr_par' dir='ltr' id='par_1_96' title="bbox 2336 2712 3839 2791">
     <span class='ocr_line' id='line_1_96' title="bbox 2336 2712 3839 2791; baseline -0.007 -14"><span class='ocrx_word' id='word_1_667' title='bbox 2336 2730 2571 2789; x_wconf 85' lang='lat' dir='ltr'><strong>tempus,</strong></span> <span class='ocrx_word' id='word_1_668' title='bbox 2606 2720 2760 2775; x_wconf 90' lang='lat' dir='ltr'><strong>hoste</strong></span> <span class='ocrx_word' id='word_1_669' title='bbox 2784 2726 3099 2791; x_wconf 85' lang='lat' dir='ltr'><strong>prostrato:</strong></span> <span class='ocrx_word' id='word_1_670' title='bbox 3148 2712 3528 2771; x_wconf 88' lang='lat' dir='ltr'><strong>transeundum</strong></span> <span class='ocrx_word' id='word_1_671' title='bbox 3566 2713 3839 2768; x_wconf 69' lang='lat' dir='ltr'><strong>nobisa-libis</strong></span> 
     </span>
    </p>
   </div>
   <div class='ocr_carea' id='block_1_97' title="bbox 2342 2813 3837 2893">
    <p class='ocr_par' dir='ltr' id='par_1_97' title="bbox 2342 2813 3837 2893">
     <span class='ocr_line' id='line_1_97' title="bbox 2342 2813 3837 2893; baseline -0.007 -14"><span class='ocrx_word' id='word_1_672' title='bbox 2342 2833 2424 2879; x_wconf 88' lang='lat' dir='ltr'><strong>est</strong></span> <span class='ocrx_word' id='word_1_673' title='bbox 2446 2838 2567 2893; x_wconf 75' lang='lat' dir='ltr'><strong>quze</strong></span> <span class='ocrx_word' id='word_1_674' title='bbox 2588 2822 2728 2876; x_wconf 88' lang='lat' dir='ltr'><strong>bella</strong></span> <span class='ocrx_word' id='word_1_675' title='bbox 2759 2827 3063 2885; x_wconf 88' lang='lat' dir='ltr'><strong>moverunt,</strong></span> <span class='ocrx_word' id='word_1_676' title='bbox 3093 2817 3461 2887; x_wconf 89' lang='lat' dir='ltr'><strong>importunum</strong></span> <span class='ocrx_word' id='word_1_677' title='bbox 3503 2813 3714 2870; x_wconf 68' lang='lat' dir='ltr'><strong>victoria:</strong></span> <span class='ocrx_word' id='word_1_678' title='bbox 3743 2824 3837 2870; x_wconf 84' lang='lat' dir='ltr'><strong>tem-</strong></span> 
     </span>
    </p>
   </div>
   <div class='ocr_carea' id='block_1_98' title="bbox 2343 2921 3310 2995">
    <p class='ocr_par' dir='ltr' id='par_1_98' title="bbox 2343 2921 3310 2995">
     <span class='ocr_line' id='line_1_98' title="bbox 2343 2921 3310 2995; baseline -0.007 -16"><span class='ocrx_word' id='word_1_679' title='bbox 2343 2941 2472 2995; x_wconf 88' lang='lat' dir='ltr'><strong>pore</strong></span> <span class='ocrx_word' id='word_1_680' title='bbox 2498 2925 2673 2979; x_wconf 90' lang='lat' dir='ltr'><strong>adhuc</strong></span> <span class='ocrx_word' id='word_1_681' title='bbox 2695 2924 2763 2979; x_wconf 90' lang='lat' dir='ltr'><strong>de</strong></span> <span class='ocrx_word' id='word_1_682' title='bbox 2786 2923 2985 2993; x_wconf 85' lang='lat' dir='ltr'><strong>praeliis</strong></span> <span class='ocrx_word' id='word_1_683' title='bbox 3009 2921 3310 2989; x_wconf 89' lang='lat' dir='ltr'><strong>disputare.</strong></span> 
     </span>
    </p>
   </div>
   <div class='ocr_carea' id='block_1_99' title="bbox 2417 3018 3841 3095">
    <p class='ocr_par' dir='ltr' id='par_1_99' title="bbox 2417 3018 3841 3095">
     <span class='ocr_line' id='line_1_99' title="bbox 2417 3018 3841 3095; baseline -0.007 -13"><span class='ocrx_word' id='word_1_684' title='bbox 2417 3028 2468 3082; x_wconf 83' lang='lat'><strong>5.</strong></span> <span class='ocrx_word' id='word_1_685' title='bbox 2498 3027 2627 3095; x_wconf 64' lang='lat' dir='ltr'><strong>Quae</strong></span> <span class='ocrx_word' id='word_1_686' title='bbox 2651 3026 2737 3082; x_wconf 90' lang='lat' dir='ltr'><strong>hic</strong></span> <span class='ocrx_word' id='word_1_687' title='bbox 2759 3024 3065 3081; x_wconf 86' lang='lat' dir='ltr'><strong>evidentior</strong></span> <span class='ocrx_word' id='word_1_688' title='bbox 3087 3037 3271 3078; x_wconf 86' lang='lat' dir='ltr'><strong>rerum</strong></span> <span class='ocrx_word' id='word_1_689' title='bbox 3306 3018 3459 3086; x_wconf 84' lang='lat' dir='ltr'><strong>fides,</strong></span> <span class='ocrx_word' id='word_1_690' title='bbox 3487 3033 3598 3091; x_wconf 66' lang='lat' dir='ltr'><strong>qum</strong></span> <span class='ocrx_word' id='word_1_691' title='bbox 3620 3018 3733 3074; x_wconf 90' lang='lat' dir='ltr'><strong>ratio</strong></span> <span class='ocrx_word' id='word_1_692' title='bbox 3763 3030 3841 3073; x_wconf 35' lang='lat' dir='ltr'><strong>mas</strong></span> 
     </span>
    </p>
   </div>
   <div class='ocr_carea' id='block_1_100' title="bbox 2254 418 2308 478">
    <p class='ocr_par' dir='ltr' id='par_1_100' title="bbox 2254 418 2308 478">
     <span class='ocr_line' id='line_1_100' title="bbox 2254 418 2308 478; baseline 0 0"><span class='ocrx_word' id='word_1_693' title='bbox 2254 418 2308 478; x_wconf 82' lang='lat' dir='ltr'><strong>A</strong></span> 
     </span>
    </p>
   </div>
   <div class='ocr_carea' id='block_1_101' title="bbox 2261 3200 3842 3276">
    <p class='ocr_par' dir='ltr' id='par_1_101' title="bbox 2261 3200 3842 3276">
     <span class='ocr_line' id='line_1_101' title="bbox 2261 3200 3842 3276; baseline -0.006 -13"><span class='ocrx_word' id='word_1_694' title='bbox 2261 3205 2304 3270; x_wconf 88' lang='lat' dir='ltr'><strong>C</strong></span> <span class='ocrx_word' id='word_1_695' title='bbox 2336 3218 2380 3262; x_wconf 82' lang='lat' dir='ltr'><strong>et</strong></span> <span class='ocrx_word' id='word_1_696' title='bbox 2407 3208 2474 3260; x_wconf 82' lang='lat' dir='ltr'><strong>ad</strong></span> <span class='ocrx_word' id='word_1_697' title='bbox 2507 3208 2730 3262; x_wconf 82' lang='lat' dir='ltr'><strong>Orientis</strong></span> <span class='ocrx_word' id='word_1_698' title='bbox 2760 3206 3025 3276; x_wconf 71' lang='lat' dir='ltr'><strong>episcenos</strong></span> <span class='ocrx_word' id='word_1_699' title='bbox 3053 3205 3299 3260; x_wconf 80' lang='lat' dir='ltr'><strong>adversus</strong></span> <span class='ocrx_word' id='word_1_700' title='bbox 3343 3218 3559 3258; x_wconf 86' lang='lat' dir='ltr'><strong>errorem</strong></span> <span class='ocrx_word' id='word_1_701' title='bbox 3593 3205 3691 3275; x_wconf 66' lang='lat' dir='ltr'><strong>ejus</strong></span> <span class='ocrx_word' id='word_1_702' title='bbox 3725 3200 3842 3276; x_wconf 70' lang='lat' dir='ltr'><strong>succi-</strong></span> 
     </span>
    </p>
   </div>
   <div class='ocr_carea' id='block_1_102' title="bbox 2336 3275 3843 3341">
    <p class='ocr_par' dir='ltr' id='par_1_102' title="bbox 2336 3275 3843 3341">
     <span class='ocr_line' id='line_1_102' title="bbox 2336 3275 3843 3341; baseline -0.006 -10"><span class='ocrx_word' id='word_1_703' title='bbox 2336 3281 2558 3332; x_wconf 76' lang='lat' dir='ltr'><strong>denduut</strong></span> <span class='ocrx_word' id='word_1_704' title='bbox 2589 3275 2868 3332; x_wconf 82' lang='lat' dir='ltr'><strong>sententias</strong></span> <span class='ocrx_word' id='word_1_705' title='bbox 2898 3278 3168 3335; x_wconf 73' lang='lat' dir='ltr'><strong>direxisse.</strong></span> <span class='ocrx_word' id='word_1_706' title='bbox 3202 3276 3310 3331; x_wconf 88' lang='lat' dir='ltr'><strong>Sed</strong></span> <span class='ocrx_word' id='word_1_707' title='bbox 3341 3277 3447 3341; x_wconf 85' lang='lat' dir='ltr'><strong>jam</strong></span> <span class='ocrx_word' id='word_1_708' title='bbox 3471 3292 3496 3326; x_wconf 86' lang='lat' dir='ltr'><strong>a</strong></span> <span class='ocrx_word' id='word_1_709' title='bbox 3522 3277 3673 3337; x_wconf 79' lang='lat' dir='ltr'><strong>prima</strong></span> <span class='ocrx_word' id='word_1_710' title='bbox 3696 3275 3843 3340; x_wconf 58' lang='lat' dir='ltr'><strong>episte</strong></span> 
     </span>
    </p>
   </div>
   <div class='ocr_carea' id='block_1_103' title="bbox 2340 3342 3840 3421">
    <p class='ocr_par' dir='ltr' id='par_1_103' title="bbox 2340 3342 3840 3421">
     <span class='ocr_line' id='line_1_103' title="bbox 2340 3342 3840 3421; baseline -0.005 -16"><span class='ocrx_word' id='word_1_711' title='bbox 2340 3351 2387 3405; x_wconf 87' lang='lat' dir='ltr'><strong>la</strong></span> <span class='ocrx_word' id='word_1_712' title='bbox 2420 3368 2579 3419; x_wconf 87' lang='lat' dir='ltr'><strong>quam</strong></span> <span class='ocrx_word' id='word_1_713' title='bbox 2611 3350 2811 3421; x_wconf 76' lang='lat' dir='ltr'><strong>Xystus</strong></span> <span class='ocrx_word' id='word_1_714' title='bbox 2842 3351 3018 3402; x_wconf 81' lang='lat' dir='ltr'><strong>iniens</strong></span> <span class='ocrx_word' id='word_1_715' title='bbox 3040 3351 3414 3421; x_wconf 73' lang='lat' dir='ltr'><strong>CpiSCOpullllll</strong></span> <span class='ocrx_word' id='word_1_716' title='bbox 3445 3346 3661 3415; x_wconf 82' lang='lat' dir='ltr'><strong>scripsit.</strong></span> <span class='ocrx_word' id='word_1_717' title='bbox 3681 3345 3737 3421; x_wconf 69' lang='lat' dir='ltr'><strong>tle</strong></span> <span class='ocrx_word' id='word_1_718' title='bbox 3766 3342 3840 3397; x_wconf 85' lang='lat' dir='ltr'><strong>Ne-</strong></span> 
     </span>
    </p>
   </div>
   <div class='ocr_carea' id='block_1_104' title="bbox 2336 3415 3836 3487">
    <p class='ocr_par' dir='ltr' id='par_1_104' title="bbox 2336 3415 3836 3487">
     <span class='ocr_line' id='line_1_104' title="bbox 2336 3415 3836 3487; baseline -0.005 -12"><span class='ocrx_word' id='word_1_719' title='bbox 2336 3415 2505 3475; x_wconf 78' lang='lat' dir='ltr'><strong>stnrio</strong></span> <span class='ocrx_word' id='word_1_720' title='bbox 2556 3432 2612 3475; x_wconf 90' lang='lat' dir='ltr'><strong>ttt</strong></span> <span class='ocrx_word' id='word_1_721' title='bbox 2662 3415 2883 3487; x_wconf 77' lang='lat' dir='ltr'><strong>prorsus</strong></span> <span class='ocrx_word' id='word_1_722' title='bbox 2931 3415 3241 3487; x_wconf 60' lang='lat' dir='ltr'><strong>ili-sperato</strong></span> <span class='ocrx_word' id='word_1_723' title='bbox 3276 3420 3546 3487; x_wconf 85' lang='lat' dir='ltr'><strong>loquitur,</strong></span> <span class='ocrx_word' id='word_1_724' title='bbox 3603 3415 3836 3482; x_wconf 82' lang='lat' dir='ltr'><strong>probatque</strong></span> 
     </span>
    </p>
   </div>
   <div class='ocr_carea' id='block_1_105' title="bbox 2335 3491 3835 3563">
    <p class='ocr_par' dir='ltr' id='par_1_105' title="bbox 2335 3491 3835 3563">
     <span class='ocr_line' id='line_1_105' title="bbox 2335 3491 3835 3563; baseline -0.007 -17"><span class='ocrx_word' id='word_1_725' title='bbox 2335 3494 2523 3563; x_wconf 77' lang='lat' dir='ltr'><strong>Cyrilli</strong></span> <span class='ocrx_word' id='word_1_726' title='bbox 2545 3493 2886 3559; x_wconf 61' lang='lat' dir='ltr'><strong>sententiam,</strong></span> <span class='ocrx_word' id='word_1_727' title='bbox 2910 3508 3014 3563; x_wconf 88' lang='lat' dir='ltr'><strong>qua</strong></span> <span class='ocrx_word' id='word_1_728' title='bbox 3038 3493 3148 3555; x_wconf 83' lang='lat' dir='ltr'><strong>eius</strong></span> <span class='ocrx_word' id='word_1_729' title='bbox 3168 3491 3323 3544; x_wconf 83' lang='lat' dir='ltr'><strong>unius</strong></span> <span class='ocrx_word' id='word_1_730' title='bbox 3345 3497 3600 3563; x_wconf 76' lang='lat' dir='ltr'><strong>contentus</strong></span> <span class='ocrx_word' id='word_1_731' title='bbox 3621 3495 3685 3563; x_wconf 58' lang='lat' dir='ltr'><strong>est</strong></span> <span class='ocrx_word' id='word_1_732' title='bbox 3707 3494 3835 3563; x_wconf 46' lang='lat' dir='ltr'><strong>morte,</strong></span> 
     </span>
    </p>
   </div>
   <div class='ocr_carea' id='block_1_106' title="bbox 2339 3554 3839 3633">
    <p class='ocr_par' dir='ltr' id='par_1_106' title="bbox 2339 3554 3839 3633">
     <span class='ocr_line' id='line_1_106' title="bbox 2339 3554 3839 3633; baseline -0.006 -17"><span class='ocrx_word' id='word_1_733' title='bbox 2339 3554 2558 3633; x_wconf 62' lang='lat' dir='ltr'><strong>ipseque</strong></span> <span class='ocrx_word' id='word_1_734' title='bbox 2610 3564 2678 3617; x_wconf 84' lang='lat' dir='ltr'><strong>de</strong></span> <span class='ocrx_word' id='word_1_735' title='bbox 2729 3566 2828 3616; x_wconf 90' lang='lat' dir='ltr'><strong>hoc</strong></span> <span class='ocrx_word' id='word_1_736' title='bbox 2875 3554 3235 3617; x_wconf 67' lang='lat' dir='ltr'><strong>lni-resiarcha</strong></span> <span class='ocrx_word' id='word_1_737' title='bbox 3290 3564 3468 3615; x_wconf 88' lang='lat' dir='ltr'><strong>statim</strong></span> <span class='ocrx_word' id='word_1_738' title='bbox 3506 3558 3686 3633; x_wconf 61' lang='lat' dir='ltr'><strong>edicit}</strong></span> <span class='ocrx_word' id='word_1_739' title='bbox 3728 3554 3839 3609; x_wconf 77' lang='lat' dir='ltr'><strong>Solus</strong></span> 
     </span>
    </p>
   </div>
   <div class='ocr_carea' id='block_1_107' title="bbox 2336 3628 3840 3705">
    <p class='ocr_par' dir='ltr' id='par_1_107' title="bbox 2336 3628 3840 3705">
     <span class='ocr_line' id='line_1_107' title="bbox 2336 3628 3840 3705; baseline -0.018 -2"><span class='ocrx_word' id='word_1_740' title='bbox 2336 3628 2495 3703; x_wconf 62' lang='grc' dir='ltr'><strong>ίξιθιιιῦ·</strong></span> <span class='ocrx_word' id='word_1_741' title='bbox 2522 3634 2609 3689; x_wconf 82' lang='lat' dir='ltr'><strong>ille</strong></span> <span class='ocrx_word' id='word_1_742' title='bbox 2635 3636 2701 3689; x_wconf 80' lang='lat' dir='ltr'><strong>sit</strong></span> <span class='ocrx_word' id='word_1_743' title='bbox 2726 3634 3030 3705; x_wconf 74' lang='lat' dir='ltr'><strong>naufragus.</strong></span> <span class='ocrx_word' id='word_1_744' title='bbox 3059 3650 3208 3699; x_wconf 86' lang='lat' dir='ltr'><strong>quem</strong></span> <span class='ocrx_word' id='word_1_745' title='bbox 3254 3633 3316 3686; x_wconf 82' lang='lat' dir='ltr'><strong>iu</strong></span> <span class='ocrx_word' id='word_1_746' title='bbox 3364 3642 3503 3705; x_wconf 79' lang='lat' dir='ltr'><strong>tanta</strong></span> <span class='ocrx_word' id='word_1_747' title='bbox 3542 3628 3733 3705; x_wconf 65' lang='lat' dir='ltr'><strong>caligine</strong></span> <span class='ocrx_word' id='word_1_748' title='bbox 3758 3642 3840 3695; x_wconf 71' lang='lat' dir='ltr'><strong>pro-</strong></span> 
     </span>
    </p>
   </div>
   <div class='ocr_carea' id='block_1_108' title="bbox 2337 3697 3837 3778">
    <p class='ocr_par' dir='ltr' id='par_1_108' title="bbox 2337 3697 3837 3778">
     <span class='ocr_line' id='line_1_108' title="bbox 2337 3697 3837 3778; baseline -0.006 -22"><span class='ocrx_word' id='word_1_749' title='bbox 2337 3697 2568 3778; x_wconf 62' lang='lat' dir='ltr'><strong>pri/trum</strong></span> <span class='ocrx_word' id='word_1_750' title='bbox 2589 3697 2937 3760; x_wconf 63' lang='lat' dir='ltr'><strong>doctrinarum</strong></span> <span class='ocrx_word' id='word_1_751' title='bbox 2964 3697 3094 3759; x_wconf 77' lang='lat' dir='ltr'><strong>nihil</strong></span> <span class='ocrx_word' id='word_1_752' title='bbox 3116 3713 3421 3778; x_wconf 69' lang='lat' dir='ltr'><strong>cernentem</strong></span> <span class='ocrx_word' id='word_1_753' title='bbox 3439 3697 3837 3778; x_wconf 55' lang='lat' dir='ltr'><strong>intpietatisﬂuctus</strong></span> 
     </span>
    </p>
   </div>
   <div class='ocr_carea' id='block_1_109' title="bbox 2337 3769 3835 3848">
    <p class='ocr_par' dir='ltr' id='par_1_109' title="bbox 2337 3769 3835 3848">
     <span class='ocr_line' id='line_1_109' title="bbox 2337 3769 3835 3848; baseline -0.005 -17"><span class='ocrx_word' id='word_1_754' title='bbox 2337 3769 2498 3831; x_wconf 57' lang='lat' dir='ltr'><strong>&#39;alt&#39;isit</strong></span> <span class='ocrx_word' id='word_1_755' title='bbox 2525 3782 2737 3848; x_wconf 84' lang='lat' dir='ltr'><strong>scopulo</strong></span> <span class='ocrx_word' id='word_1_756' title='bbox 2762 3779 3112 3839; x_wconf 74' lang='lat' dir='ltr'><strong>depositionis.</strong></span> <span class='ocrx_word' id='word_1_757' title='bbox 3151 3769 3515 3848; x_wconf 65' lang='lat' dir='ltr'><strong>ltecolendtttti</strong></span> <span class='ocrx_word' id='word_1_758' title='bbox 3560 3782 3627 3848; x_wconf 77' lang='lat' dir='ltr'><strong>est</strong></span> <span class='ocrx_word' id='word_1_759' title='bbox 3668 3769 3835 3839; x_wconf 69' lang='lat' dir='ltr'><strong>Xystlltu</strong></span> 
     </span>
    </p>
   </div>
   <div class='ocr_carea' id='block_1_110' title="bbox 2338 3841 3837 3918">
    <p class='ocr_par' dir='ltr' id='par_1_110' title="bbox 2338 3841 3837 3918">
     <span class='ocr_line' id='line_1_110' title="bbox 2338 3841 3837 3918; baseline -0.006 -16"><span class='ocrx_word' id='word_1_760' title='bbox 2338 3849 2407 3902; x_wconf 87' lang='lat' dir='ltr'><strong>de</strong></span> <span class='ocrx_word' id='word_1_761' title='bbox 2435 3851 2498 3902; x_wconf 89' lang='lat' dir='ltr'><strong>iis</strong></span> <span class='ocrx_word' id='word_1_762' title='bbox 2528 3841 2646 3918; x_wconf 75' lang='lat' dir='ltr'><strong>quae</strong></span> <span class='ocrx_word' id='word_1_763' title='bbox 2673 3850 2929 3903; x_wconf 76' lang='lat' dir='ltr'><strong>decessor</strong></span> <span class='ocrx_word' id='word_1_764' title='bbox 2958 3849 3101 3901; x_wconf 90' lang='lat' dir='ltr'><strong>illius</strong></span> <span class='ocrx_word' id='word_1_765' title='bbox 3132 3846 3459 3918; x_wconf 71' lang='lat' dir='ltr'><strong>leestiuus</strong></span> <span class='ocrx_word' id='word_1_766' title='bbox 3499 3845 3548 3918; x_wconf 87' lang='lat' dir='ltr'><strong>in</strong></span> <span class='ocrx_word' id='word_1_767' title='bbox 3596 3841 3683 3918; x_wconf 81' lang='lat' dir='ltr'><strong>hac</strong></span> <span class='ocrx_word' id='word_1_768' title='bbox 3722 3850 3837 3918; x_wconf 74' lang='lat' dir='ltr'><strong>causa</strong></span> 
     </span>
    </p>
   </div>
   <div class='ocr_carea' id='block_1_111' title="bbox 2339 3909 3833 3989">
    <p class='ocr_par' dir='ltr' id='par_1_111' title="bbox 2339 3909 3833 3989">
     <span class='ocr_line' id='line_1_111' title="bbox 2339 3909 3833 3989; baseline -0.011 -13"><span class='ocrx_word' id='word_1_769' title='bbox 2339 3920 2528 3989; x_wconf 71' lang='lat' dir='ltr'><strong>gessit,</strong></span> <span class='ocrx_word' id='word_1_770' title='bbox 2548 3909 2835 3987; x_wconf 65' lang='lat' dir='ltr'><strong>tamquam</strong></span> <span class='ocrx_word' id='word_1_771' title='bbox 2868 3919 2935 3972; x_wconf 87' lang='lat' dir='ltr'><strong>de</strong></span> <span class='ocrx_word' id='word_1_772' title='bbox 2963 3920 3123 3972; x_wconf 83' lang='lat' dir='ltr'><strong>rebus</strong></span> <span class='ocrx_word' id='word_1_773' title='bbox 3151 3933 3181 3971; x_wconf 93' lang='lat' dir='ltr'><strong>a</strong></span> <span class='ocrx_word' id='word_1_774' title='bbox 3230 3934 3292 3971; x_wconf 76' lang='lat' dir='ltr'><strong>se</strong></span> <span class='ocrx_word' id='word_1_775' title='bbox 3320 3916 3484 3989; x_wconf 79' lang='lat' dir='ltr'><strong>gestis</strong></span> <span class='ocrx_word' id='word_1_776' title='bbox 3528 3914 3656 3989; x_wconf 83' lang='lat' dir='ltr'><strong>loqui</strong></span> <span class='ocrx_word' id='word_1_777' title='bbox 3683 3909 3833 3989; x_wconf 66' lang='lat' dir='ltr'><strong>solere.</strong></span> 
     </span>
    </p>
   </div>
   <div class='ocr_carea' id='block_1_112' title="bbox 2339 3982 3838 4049">
    <p class='ocr_par' dir='ltr' id='par_1_112' title="bbox 2339 3982 3838 4049">
     <span class='ocr_line' id='line_1_112' title="bbox 2339 3982 3838 4049; baseline -0.009 -4"><span class='ocrx_word' id='word_1_778' title='bbox 2339 3982 2665 4045; x_wconf 66' lang='lat' dir='ltr'><strong>lecstinus</strong></span> <span class='ocrx_word' id='word_1_779' title='bbox 2689 3982 2866 4045; x_wconf 83' lang='lat' dir='ltr'><strong>autem</strong></span> <span class='ocrx_word' id='word_1_780' title='bbox 2897 3990 3198 4043; x_wconf 74' lang='lat' dir='ltr'><strong>Ne~toritun</strong></span> <span class='ocrx_word' id='word_1_781' title='bbox 3217 3982 3359 4043; x_wconf 72' lang='lat' dir='ltr'><strong>datis</strong></span> <span class='ocrx_word' id='word_1_782' title='bbox 3383 3985 3617 4049; x_wconf 87' lang='lat' dir='ltr'><strong>induciis,</strong></span> <span class='ocrx_word' id='word_1_783' title='bbox 3639 3982 3693 4037; x_wconf 90' lang='lat' dir='ltr'><strong>ad</strong></span> <span class='ocrx_word' id='word_1_784' title='bbox 3712 3982 3838 4033; x_wconf 83' lang='lat' dir='ltr'><strong>sanio-</strong></span> 
     </span>
    </p>
   </div>
   <div class='ocr_carea' id='block_1_113' title="bbox 2342 4060 3832 4123">
    <p class='ocr_par' dir='ltr' id='par_1_113' title="bbox 2342 4060 3832 4123">
     <span class='ocr_line' id='line_1_113' title="bbox 2342 4060 3832 4123; baseline -0.004 -6"><span class='ocrx_word' id='word_1_785' title='bbox 2342 4078 2453 4117; x_wconf 89' lang='lat' dir='ltr'><strong>rem</strong></span> <span class='ocrx_word' id='word_1_786' title='bbox 2485 4064 2641 4117; x_wconf 80' lang='lat' dir='ltr'><strong>tidetn</strong></span> <span class='ocrx_word' id='word_1_787' title='bbox 2673 4062 3070 4123; x_wconf 63' lang='lat' dir='ltr'><strong>suscipiendam</strong></span> <span class='ocrx_word' id='word_1_788' title='bbox 3099 4070 3181 4115; x_wconf 88' lang='lat' dir='ltr'><strong>est</strong></span> <span class='ocrx_word' id='word_1_789' title='bbox 3207 4061 3536 4113; x_wconf 85' lang='lat' dir='ltr'><strong>cohortatus.</strong></span> <span class='ocrx_word' id='word_1_790' title='bbox 3584 4060 3651 4107; x_wconf 77' lang='lat' dir='ltr'><strong>Ac</strong></span> <span class='ocrx_word' id='word_1_791' title='bbox 3678 4061 3832 4115; x_wconf 60' lang='lat' dir='ltr'><strong>postea.</strong></span> 
     </span>
    </p>
   </div>
   <div class='ocr_carea' id='block_1_114' title="bbox 2340 4130 3833 4204">
    <p class='ocr_par' dir='ltr' id='par_1_114' title="bbox 2340 4130 3833 4204">
     <span class='ocr_line' id='line_1_114' title="bbox 2340 4130 3833 4204; baseline -0.006 -16"><span class='ocrx_word' id='word_1_792' title='bbox 2340 4137 2615 4188; x_wconf 79' lang='lat' dir='ltr'><strong>consultus</strong></span> <span class='ocrx_word' id='word_1_793' title='bbox 2644 4149 2672 4187; x_wconf 87' lang='lat' dir='ltr'><strong>a</strong></span> <span class='ocrx_word' id='word_1_794' title='bbox 2713 4133 2919 4204; x_wconf 73' lang='lat' dir='ltr'><strong>Cyrilln</strong></span> <span class='ocrx_word' id='word_1_795' title='bbox 2948 4148 3015 4185; x_wconf 89' lang='lat' dir='ltr'><strong>an</strong></span> <span class='ocrx_word' id='word_1_796' title='bbox 3038 4146 3264 4187; x_wconf 88' lang='lat' dir='ltr'><strong>emenso</strong></span> <span class='ocrx_word' id='word_1_797' title='bbox 3308 4130 3626 4204; x_wconf 76' lang='lat' dir='ltr'><strong>induciarutn</strong></span> <span class='ocrx_word' id='word_1_798' title='bbox 3652 4133 3833 4204; x_wconf 60' lang='lat' dir='ltr'><strong>tetnttftrf‘</strong></span> 
     </span>
    </p>
   </div>
   <div class='ocr_carea' id='block_1_115' title="bbox 2341 4198 3832 4271">
    <p class='ocr_par' dir='ltr' id='par_1_115' title="bbox 2341 4198 3832 4271">
     <span class='ocr_line' id='line_1_115' title="bbox 2341 4198 3832 4271; baseline -0.012 -12"><span class='ocrx_word' id='word_1_799' title='bbox 2341 4208 2610 4259; x_wconf 76' lang='lat' dir='ltr'><strong>sententia</strong></span> <span class='ocrx_word' id='word_1_800' title='bbox 2632 4206 2684 4258; x_wconf 89' lang='lat' dir='ltr'><strong>in</strong></span> <span class='ocrx_word' id='word_1_801' title='bbox 2715 4198 2866 4258; x_wconf 80' lang='lat' dir='ltr'><strong>illum</strong></span> <span class='ocrx_word' id='word_1_802' title='bbox 2892 4206 2994 4257; x_wconf 87' lang='lat' dir='ltr'><strong>lata</strong></span> <span class='ocrx_word' id='word_1_803' title='bbox 3015 4204 3444 4271; x_wconf 70' lang='lat' dir='ltr'><strong>perduraremon</strong></span> <span class='ocrx_word' id='word_1_804' title='bbox 3466 4198 3688 4271; x_wconf 86' lang='lat' dir='ltr'><strong>deberet,</strong></span> <span class='ocrx_word' id='word_1_805' title='bbox 3715 4198 3832 4270; x_wconf 75' lang='lat' dir='ltr'><strong>epist.</strong></span> 
     </span>
    </p>
   </div>
   <div class='ocr_carea' id='block_1_116' title="bbox 2346 4270 3837 4343">
    <p class='ocr_par' dir='ltr' id='par_1_116' title="bbox 2346 4270 3837 4343">
     <span class='ocr_line' id='line_1_116' title="bbox 2346 4270 3837 4343; baseline -0.009 -12"><span class='ocrx_word' id='word_1_806' title='bbox 2346 4276 2431 4336; x_wconf 81' lang='grc'><strong>16.</strong></span> <span class='ocrx_word' id='word_1_807' title='bbox 2464 4294 2610 4329; x_wconf 90' lang='lat' dir='ltr'><strong>nttm.</strong></span> <span class='ocrx_word' id='word_1_808' title='bbox 2668 4278 2730 4341; x_wconf 78' lang='lat'><strong>&#39;5,</strong></span> <span class='ocrx_word' id='word_1_809' title='bbox 2767 4287 2988 4343; x_wconf 86' lang='lat' dir='ltr'><strong>paterne</strong></span> <span class='ocrx_word' id='word_1_810' title='bbox 3020 4270 3353 4338; x_wconf 83' lang='lat' dir='ltr'><strong>respondit:</strong></span> <span class='ocrx_word' id='word_1_811' title='bbox 3415 4270 3600 4343; x_wconf 71' lang='lat' dir='ltr'><strong>Studeo</strong></span> <span class='ocrx_word' id='word_1_812' title='bbox 3643 4273 3837 4343; x_wconf 67' lang='lat' dir='ltr'><strong>percutit“</strong></span> 
     </span>
    </p>
   </div>
   <div class='ocr_carea' id='block_1_117' title="bbox 2339 4339 3668 4416">
    <p class='ocr_par' dir='ltr' id='par_1_117' title="bbox 2339 4339 3668 4416">
     <span class='ocr_line' id='line_1_117' title="bbox 2339 4339 3668 4416; baseline -0.009 -15"><span class='ocrx_word' id='word_1_813' title='bbox 2339 4349 2515 4409; x_wconf 80' lang='lat' dir='ltr'><strong>saluti,</strong></span> <span class='ocrx_word' id='word_1_814' title='bbox 2548 4350 2592 4401; x_wconf 87' lang='lat' dir='ltr'><strong>si</strong></span> <span class='ocrx_word' id='word_1_815' title='bbox 2612 4339 2779 4401; x_wconf 73' lang='lat' dir='ltr'><strong>tamen</strong></span> <span class='ocrx_word' id='word_1_816' title='bbox 2804 4347 3018 4400; x_wconf 83' lang='lat' dir='ltr'><strong>voluerit</strong></span> <span class='ocrx_word' id='word_1_817' title='bbox 3046 4346 3408 4416; x_wconf 67' lang='lat' dir='ltr'><strong>aegritudinrm</strong></span> <span class='ocrx_word' id='word_1_818' title='bbox 3436 4339 3668 4416; x_wconf 80' lang='lat' dir='ltr'><strong>conﬁteri.</strong></span> 
     </span>
    </p>
   </div>
   <div class='ocr_carea' id='block_1_118' title="bbox 2419 4406 3842 4489">
    <p class='ocr_par' dir='ltr' id='par_1_118' title="bbox 2419 4406 3842 4489">
     <span class='ocr_line' id='line_1_118' title="bbox 2419 4406 3842 4489; baseline 0.007 -18"><span class='ocrx_word' id='word_1_819' title='bbox 2419 4417 2438 4457; x_wconf 69' lang='grc' dir='ltr'>ί</span> <span class='ocrx_word' id='word_1_820' title='bbox 2484 4406 2683 4472; x_wconf 73' lang='lat' dir='ltr'><strong>Bamn.</strong></span> <span class='ocrx_word' id='word_1_821' title='bbox 2707 4420 2789 4470; x_wconf 83' lang='lat' dir='ltr'><strong>cui</strong></span> <span class='ocrx_word' id='word_1_822' title='bbox 2820 4434 2922 4471; x_wconf 84' lang='lat' dir='ltr'><strong>non</strong></span> <span class='ocrx_word' id='word_1_823' title='bbox 2955 4406 3248 4489; x_wconf 53' lang='lat' dir='ltr'><strong>profuerit;</strong></span> <span class='ocrx_word' id='word_1_824' title='bbox 3274 4431 3381 4489; x_wconf 54' lang='lat' dir='ltr'><strong>(illi!</strong></span> <span class='ocrx_word' id='word_1_825' title='bbox 3410 4406 3629 4489; x_wconf 51' lang='grc' dir='ltr'><strong>Ινίξῑίίνηζθ</strong></span> <span class='ocrx_word' id='word_1_826' title='bbox 3653 4406 3724 4489; x_wconf 62' lang='lat' dir='ltr'><strong>f‘d,</strong></span> <span class='ocrx_word' id='word_1_827' title='bbox 3742 4416 3842 4489; x_wconf 39' lang='lat' dir='ltr'><strong>mir:</strong></span> 
     </span>
    </p>
   </div>
   <div class='ocr_carea' id='block_1_119' title="bbox 2343 4477 3840 4557">
    <p class='ocr_par' dir='ltr' id='par_1_119' title="bbox 2343 4477 3840 4557">
     <span class='ocr_line' id='line_1_119' title="bbox 2343 4477 3840 4557; baseline -0.002 -22"><span class='ocrx_word' id='word_1_828' title='bbox 2343 4491 2519 4557; x_wconf 70' lang='lat' dir='ltr'><strong>ginem</strong></span> <span class='ocrx_word' id='word_1_829' title='bbox 2554 4496 2752 4552; x_wconf 73' lang='lat' dir='ltr'><strong>reiecta</strong></span> <span class='ocrx_word' id='word_1_830' title='bbox 2782 4489 2912 4543; x_wconf 71' lang='lat' dir='ltr'><strong>Lall.</strong></span> <span class='ocrx_word' id='word_1_831' title='bbox 2955 4477 3327 4551; x_wconf 29' lang='lat' dir='ltr'><strong>resiituitphic</strong></span> <span class='ocrx_word' id='word_1_832' title='bbox 3355 4484 3528 4557; x_wconf 80' lang='lat' dir='ltr'><strong>fuerit.</strong></span> <span class='ocrx_word' id='word_1_833' title='bbox 3583 4477 3840 4557; x_wconf 4' lang='lat' dir='ltr'><strong>Deinde,</strong></span> 
     </span>
    </p>
   </div>
   <div class='ocr_carea' id='block_1_120' title="bbox 2345 4547 3839 4628">
    <p class='ocr_par' dir='ltr' id='par_1_120' title="bbox 2345 4547 3839 4628">
     <span class='ocr_line' id='line_1_120' title="bbox 2345 4547 3839 4628; baseline -0.013 -14"><span class='ocrx_word' id='word_1_834' title='bbox 2345 4547 2543 4614; x_wconf 60' lang='lat' dir='ltr'><strong>debitus</strong></span> <span class='ocrx_word' id='word_1_835' title='bbox 2589 4547 2868 4613; x_wconf 83' lang='lat' dir='ltr'><strong>mallemus</strong></span> <span class='ocrx_word' id='word_1_836' title='bbox 2925 4558 3121 4612; x_wconf 86' lang='lat' dir='ltr'><strong>deletus</strong></span> <span class='ocrx_word' id='word_1_837' title='bbox 3146 4599 3161 4622; x_wconf 85' lang='grc'><em>,</em></span> <span class='ocrx_word' id='word_1_838' title='bbox 3199 4547 3370 4628; x_wconf 70' lang='lat' dir='ltr'><strong>quasi</strong></span> <span class='ocrx_word' id='word_1_839' title='bbox 3421 4555 3614 4628; x_wconf 77' lang='lat' dir='ltr'><strong>diceret</strong></span> <span class='ocrx_word' id='word_1_840' title='bbox 3654 4547 3839 4628; x_wconf 52' lang='lat' dir='ltr'><strong>Xystus;</strong></span> 
     </span>
    </p>
   </div>
   <div class='ocr_carea' id='block_1_121' title="bbox 2344 4623 3839 4701">
    <p class='ocr_par' dir='ltr' id='par_1_121' title="bbox 2344 4623 3839 4701">
     <span class='ocr_line' id='line_1_121' title="bbox 2344 4623 3839 4701; baseline -0.007 -16"><span class='ocrx_word' id='word_1_841' title='bbox 2344 4634 2538 4686; x_wconf 90' lang='lat' dir='ltr'><strong>Sermo</strong></span> <span class='ocrx_word' id='word_1_842' title='bbox 2563 4632 2653 4686; x_wconf 86' lang='lat' dir='ltr'><strong>ille</strong></span> <span class='ocrx_word' id='word_1_843' title='bbox 2682 4647 2788 4701; x_wconf 85' lang='lat' dir='ltr'><strong>quo</strong></span> <span class='ocrx_word' id='word_1_844' title='bbox 2819 4630 3058 4684; x_wconf 82' lang='lat' dir='ltr'><strong>Joannes</strong></span> <span class='ocrx_word' id='word_1_845' title='bbox 3088 4644 3151 4683; x_wconf 89' lang='lat' dir='ltr'><strong>ac</strong></span> <span class='ocrx_word' id='word_1_846' title='bbox 3173 4623 3303 4701; x_wconf 82' lang='lat' dir='ltr'><strong>socii</strong></span> <span class='ocrx_word' id='word_1_847' title='bbox 3328 4623 3620 4701; x_wconf 76' lang='lat' dir='ltr'><strong>Nesmritnn</strong></span> <span class='ocrx_word' id='word_1_848' title='bbox 3640 4626 3839 4701; x_wconf 50' lang='lat' dir='ltr'><strong>principii!</strong></span> 
     </span>
    </p>
   </div>
   <div class='ocr_carea' id='block_1_122' title="bbox 2342 4693 3840 4771">
    <p class='ocr_par' dir='ltr' id='par_1_122' title="bbox 2342 4693 3840 4771">
     <span class='ocr_line' id='line_1_122' title="bbox 2342 4693 3840 4771; baseline -0.009 -15"><span class='ocrx_word' id='word_1_849' title='bbox 2342 4702 2546 4771; x_wconf 82' lang='lat' dir='ltr'><strong>judicio</strong></span> <span class='ocrx_word' id='word_1_850' title='bbox 2594 4693 2903 4755; x_wconf 81' lang='lat' dir='ltr'><strong>damnatum</strong></span> <span class='ocrx_word' id='word_1_851' title='bbox 2944 4699 3451 4771; x_wconf 59' lang='lat' dir='ltr'><strong>conquerebantur,</strong></span> <span class='ocrx_word' id='word_1_852' title='bbox 3499 4693 3840 4771; x_wconf 73' lang='lat' dir='ltr'><strong>oblivione</strong></span> 
     </span>
    </p>
   </div>
   <div class='ocr_carea' id='block_1_123' title="bbox 2345 4765 3839 4839">
    <p class='ocr_par' dir='ltr' id='par_1_123' title="bbox 2345 4765 3839 4839">
     <span class='ocr_line' id='line_1_123' title="bbox 2345 4765 3839 4839; baseline -0.011 -11"><span class='ocrx_word' id='word_1_853' title='bbox 2345 4765 2606 4834; x_wconf 76' lang='lat' dir='ltr'><strong>deleatur.</strong></span> <span class='ocrx_word' id='word_1_854' title='bbox 2640 4789 2740 4827; x_wconf 91' lang='lat' dir='ltr'><strong>nec</strong></span> <span class='ocrx_word' id='word_1_855' title='bbox 2768 4765 3099 4827; x_wconf 83' lang='lat' dir='ltr'><strong>memoretur</strong></span> <span class='ocrx_word' id='word_1_856' title='bbox 3123 4771 3354 4839; x_wconf 89' lang='lat' dir='ltr'><strong>amplius</strong></span> <span class='ocrx_word' id='word_1_857' title='bbox 3380 4786 3395 4834; x_wconf 84' lang='lat'><strong>;</strong></span> <span class='ocrx_word' id='word_1_858' title='bbox 3428 4767 3543 4821; x_wconf 66' lang='lat' dir='ltr'><strong>hcce</strong></span> <span class='ocrx_word' id='word_1_859' title='bbox 3584 4765 3732 4817; x_wconf 79' lang='lat' dir='ltr'><strong>tristia</strong></span> <span class='ocrx_word' id='word_1_860' title='bbox 3761 4765 3839 4827; x_wconf 80' lang='lat' dir='ltr'><strong>jam</strong></span> 
     </span>
    </p>
   </div>
   <div class='ocr_carea' id='block_1_124' title="bbox 2348 4845 3823 4914">
    <p class='ocr_par' dir='ltr' id='par_1_124' title="bbox 2348 4845 3823 4914">
     <span class='ocr_line' id='line_1_124' title="bbox 2348 4845 3823 4914; baseline 0 -16"><span class='ocrx_word' id='word_1_861' title='bbox 2348 4860 2566 4914; x_wconf 67' lang='lat' dir='ltr'><strong>prorsus</strong></span> <span class='ocrx_word' id='word_1_862' title='bbox 2595 4845 2845 4898; x_wconf 86' lang='lat' dir='ltr'><strong>abierint.</strong></span> <span class='ocrx_word' id='word_1_863' title='bbox 3062 4913 3068 4914; x_wconf 15' lang='grc' dir='ltr'>ί</span> <span class='ocrx_word' id='word_1_864' title='bbox 3143 4913 3146 4914; x_wconf 16' lang='grc' dir='ltr'><em>ν</em></span> <span class='ocrx_word' id='word_1_865' title='bbox 3177 4913 3188 4914; x_wconf 18' lang='lat'><em>7</em></span> <span class='ocrx_word' id='word_1_866' title='bbox 3379 4912 3391 4914; x_wconf 96' lang='lat'><em>_</em></span> <span class='ocrx_word' id='word_1_867' title='bbox 3731 4900 3743 4914; x_wconf 51' lang='grc' dir='ltr'>ι</span> 
     </span>
    </p>
   </div>
   <div class='ocr_carea' id='block_1_125' title="bbox 2420 4900 3842 4978">
    <p class='ocr_par' dir='ltr' id='par_1_125' title="bbox 2420 4900 3842 4978">
     <span class='ocr_line' id='line_1_125' title="bbox 2420 4900 3842 4978; baseline -0.012 -7"><span class='ocrx_word' id='word_1_868' title='bbox 2420 4927 2445 4963; x_wconf 76' lang='lat'><strong>8</strong></span> <span class='ocrx_word' id='word_1_869' title='bbox 2487 4917 2585 4970; x_wconf 84' lang='lat' dir='ltr'><strong>llic</strong></span> <span class='ocrx_word' id='word_1_870' title='bbox 2613 4916 2811 4978; x_wconf 85' lang='lat' dir='ltr'><strong>aliquid</strong></span> <span class='ocrx_word' id='word_1_871' title='bbox 2837 4915 3029 4969; x_wconf 85' lang='lat' dir='ltr'><strong>deesse</strong></span> <span class='ocrx_word' id='word_1_872' title='bbox 3059 4913 3308 4969; x_wconf 87' lang='lat' dir='ltr'><strong>Labbeus</strong></span> <span class='ocrx_word' id='word_1_873' title='bbox 3327 4912 3603 4966; x_wconf 85' lang='lat' dir='ltr'><strong>admonet:</strong></span> <span class='ocrx_word' id='word_1_874' title='bbox 3627 4900 3743 4976; x_wconf 84' lang='lat' dir='ltr'><strong>quod</strong></span> <span class='ocrx_word' id='word_1_875' title='bbox 3762 4900 3842 4978; x_wconf 70' lang='lat' dir='ltr'><strong>titti-</strong></span> 
     </span>
    </p>
   </div>
   <div class='ocr_carea' id='block_1_126' title="bbox 2348 4971 3841 5052">
    <p class='ocr_par' dir='ltr' id='par_1_126' title="bbox 2348 4971 3841 5052">
     <span class='ocr_line' id='line_1_126' title="bbox 2348 4971 3841 5052; baseline -0.01 -11"><span class='ocrx_word' id='word_1_876' title='bbox 2348 4987 2469 5041; x_wconf 86' lang='lat' dir='ltr'><strong>dem</strong></span> <span class='ocrx_word' id='word_1_877' title='bbox 2527 4971 2787 5040; x_wconf 78' lang='lat' dir='ltr'><strong>Btronius</strong></span> <span class='ocrx_word' id='word_1_878' title='bbox 2839 4986 3020 5039; x_wconf 91' lang='lat' dir='ltr'><strong>addito</strong></span> <span class='ocrx_word' id='word_1_879' title='bbox 3075 4985 3243 5039; x_wconf 90' lang='lat' dir='ltr'><strong>verbo</strong></span> <span class='ocrx_word' id='word_1_880' title='bbox 3290 4971 3841 5052; x_wconf 2' lang='lat' dir='ltr'><strong>gratulenturq&#39;suppler’e</strong></span> 
     </span>
    </p>
   </div>
   <div class='ocr_carea' id='block_1_127' title="bbox 2351 5049 3843 5127">
    <p class='ocr_par' dir='ltr' id='par_1_127' title="bbox 2351 5049 3843 5127">
     <span class='ocr_line' id='line_1_127' title="bbox 2351 5049 3843 5127; baseline 0.005 -15"><span class='ocrx_word' id='word_1_881' title='bbox 2351 5068 2575 5112; x_wconf 83' lang='lat' dir='ltr'><strong>conatus</strong></span> <span class='ocrx_word' id='word_1_882' title='bbox 2604 5069 2706 5111; x_wconf 85' lang='lat' dir='ltr'><strong>est.</strong></span> <span class='ocrx_word' id='word_1_883' title='bbox 2738 5059 2939 5110; x_wconf 78' lang='lat' dir='ltr'><strong>&#39;l‘auwn</strong></span> <span class='ocrx_word' id='word_1_884' title='bbox 2971 5057 3035 5110; x_wconf 86' lang='lat' dir='ltr'><strong>ad</strong></span> <span class='ocrx_word' id='word_1_885' title='bbox 3064 5056 3218 5127; x_wconf 66' lang='lat' dir='ltr'><strong>Xysti</strong></span> <span class='ocrx_word' id='word_1_886' title='bbox 3264 5049 3501 5127; x_wconf 82' lang='lat' dir='ltr'><strong>mentem</strong></span> <span class='ocrx_word' id='word_1_887' title='bbox 3525 5049 3682 5115; x_wconf 59' lang='lat' dir='ltr'><strong>allii&quot;s</strong></span> <span class='ocrx_word' id='word_1_888' title='bbox 3704 5050 3767 5127; x_wconf 70' lang='lat' dir='ltr'><strong>_“f&#39;</strong></span> <span class='ocrx_word' id='word_1_889' title='bbox 3787 5051 3843 5127; x_wconf 54' lang='lat' dir='ltr'><strong>[cf</strong></span> 
     </span>
    </p>
   </div>
   <div class='ocr_carea' id='block_1_128' title="bbox 2353 5110 3842 5197">
    <p class='ocr_par' dir='ltr' id='par_1_128' title="bbox 2353 5110 3842 5197">
     <span class='ocr_line' id='line_1_128' title="bbox 2353 5110 3842 5197; baseline -0.003 -14"><span class='ocrx_word' id='word_1_890' title='bbox 2353 5110 2646 5183; x_wconf 78' lang='lat' dir='ltr'><strong>sarciretur</strong></span> <span class='ocrx_word' id='word_1_891' title='bbox 2671 5110 3011 5193; x_wconf 50' lang='lat' dir='ltr'><strong>{apostolicae</strong></span> <span class='ocrx_word' id='word_1_892' title='bbox 3053 5110 3161 5183; x_wconf 63' lang='lat' dir='ltr'><strong>sedi</strong></span> <span class='ocrx_word' id='word_1_893' title='bbox 3208 5141 3286 5179; x_wconf 88' lang='lat' dir='ltr'><strong>me</strong></span> <span class='ocrx_word' id='word_1_894' title='bbox 3314 5110 3581 5197; x_wconf 75' lang='lat' dir='ltr'><strong>praesidere</strong></span> <span class='ocrx_word' id='word_1_895' title='bbox 3601 5110 3842 5197; x_wconf 54' lang='grc' dir='ltr'><strong>Δριἰιξηίιῗτῖξ</strong></span> 
     </span>
    </p>
   </div>
   <div class='ocr_carea' id='block_1_129' title="bbox 2353 5188 3843 5269">
    <p class='ocr_par' dir='ltr' id='par_1_129' title="bbox 2353 5188 3843 5269">
     <span class='ocr_line' id='line_1_129' title="bbox 2353 5188 3843 5269; baseline -0.022 -3"><span class='ocrx_word' id='word_1_896' title='bbox 2353 5205 2590 5269; x_wconf 70' lang='lat' dir='ltr'><strong>Apparet</strong></span> <span class='ocrx_word' id='word_1_897' title='bbox 2616 5188 2814 5269; x_wconf 82' lang='lat' dir='ltr'><strong>quippe</strong></span> <span class='ocrx_word' id='word_1_898' title='bbox 2861 5198 3121 5254; x_wconf 89' lang='lat' dir='ltr'><strong>Joannem</strong></span> <span class='ocrx_word' id='word_1_899' title='bbox 3168 5198 3219 5253; x_wconf 90' lang='lat' dir='ltr'><strong>in</strong></span> <span class='ocrx_word' id='word_1_900' title='bbox 3269 5188 3492 5251; x_wconf 64' lang='lat' dir='ltr'><strong>esordio</strong></span> <span class='ocrx_word' id='word_1_901' title='bbox 3536 5188 3843 5269; x_wconf 55' lang='lat' dir='ltr'><strong>epistol-esus:</strong></span> 
     </span>
    </p>
   </div>
   <div class='ocr_carea' id='block_1_130' title="bbox 2353 5259 3843 5341">
    <p class='ocr_par' dir='ltr' id='par_1_130' title="bbox 2353 5259 3843 5341">
     <span class='ocr_line' id='line_1_130' title="bbox 2353 5259 3843 5341; baseline -0.002 -20"><span class='ocrx_word' id='word_1_902' title='bbox 2353 5259 2580 5341; x_wconf 51' lang='lat' dir='ltr'><strong>X&#39;ystum</strong></span> <span class='ocrx_word' id='word_1_903' title='bbox 2630 5259 2997 5325; x_wconf 48' lang='lat' dir='ltr'><strong>ita-laudasse</strong></span> <span class='ocrx_word' id='word_1_904' title='bbox 3044 5280 3102 5323; x_wconf 90' lang='lat' dir='ltr'><strong>ut</strong></span> <span class='ocrx_word' id='word_1_905' title='bbox 3146 5269 3440 5341; x_wconf 77' lang='lat' dir='ltr'><strong>eumbono</strong></span> <span class='ocrx_word' id='word_1_906' title='bbox 3468 5259 3664 5341; x_wconf 72' lang='lat' dir='ltr'><strong>generis</strong></span> <span class='ocrx_word' id='word_1_907' title='bbox 3684 5259 3843 5341; x_wconf 50' lang='grc' dir='ltr'><strong>[ιιιηξξῄξ</strong></span> 
     </span>
    </p>
   </div>
   <div class='ocr_carea' id='block_1_131' title="bbox 2353 5323 3925 5412">
    <p class='ocr_par' dir='ltr' id='par_1_131' title="bbox 2353 5323 3925 5412">
     <span class='ocr_line' id='line_1_131' title="bbox 2353 5323 3925 5412; baseline -0.004 -17"><span class='ocrx_word' id='word_1_908' title='bbox 2353 5323 2661 5412; x_wconf 64' lang='lat' dir='ltr'><strong>apostolicte</strong></span> <span class='ocrx_word' id='word_1_909' title='bbox 2688 5344 2798 5396; x_wconf 90' lang='lat' dir='ltr'><strong>sedi</strong></span> <span class='ocrx_word' id='word_1_910' title='bbox 2846 5323 3080 5409; x_wconf 65' lang='lat' dir='ltr'><strong>praeesse</strong></span> <span class='ocrx_word' id='word_1_911' title='bbox 3125 5323 3652 5412; x_wconf 50' lang='lat' dir='ltr'><strong>pr:rdicarit.‘Qnam_</strong></span> <span class='ocrx_word' id='word_1_912' title='bbox 3690 5323 3844 5412; x_wconf 39' lang='lat' dir='ltr'><strong>ltiti???&quot;</strong></span> <span class='ocrx_word' id='word_1_913' title='bbox 3924 5368 3925 5377; x_wconf 60' lang='grc' dir='ltr'><strong>η</strong></span> 
     </span>
    </p>
   </div>
   <div class='ocr_carea' id='block_1_132' title="bbox 2357 5400 3845 5481">
    <p class='ocr_par' dir='ltr' id='par_1_132' title="bbox 2357 5400 3845 5481">
     <span class='ocr_line' id='line_1_132' title="bbox 2357 5400 3845 5481; baseline 0.008 -26"><span class='ocrx_word' id='word_1_914' title='bbox 2357 5400 2596 5467; x_wconf 53' lang='lat' dir='ltr'><strong>Modesta</strong></span> <span class='ocrx_word' id='word_1_915' title='bbox 2636 5400 2862 5479; x_wconf 77' lang='lat' dir='ltr'><strong>quadam</strong></span> <span class='ocrx_word' id='word_1_916' title='bbox 2907 5400 3165 5466; x_wconf 77' lang='lat' dir='ltr'><strong>industria</strong></span> <span class='ocrx_word' id='word_1_917' title='bbox 3205 5409 3407 5481; x_wconf 84' lang='lat' dir='ltr'><strong>Xystus</strong></span> <span class='ocrx_word' id='word_1_918' title='bbox 3440 5422 3467 5462; x_wconf 87' lang='lat' dir='ltr'><strong>a</strong></span> <span class='ocrx_word' id='word_1_919' title='bbox 3596 5400 3845 5481; x_wconf 40' lang='lat' dir='ltr'><strong>adﬂari?!&quot;</strong></span> 
     </span>
    </p>
   </div>
   <div class='ocr_carea' id='block_1_133' title="bbox 2356 5470 3843 5551">
    <p class='ocr_par' dir='ltr' id='par_1_133' title="bbox 2356 5470 3843 5551">
     <span class='ocr_line' id='line_1_133' title="bbox 2356 5470 3843 5551; baseline -0.015 -12"><span class='ocrx_word' id='word_1_920' title='bbox 2356 5484 2577 5547; x_wconf 79' lang='lat' dir='ltr'><strong>Chrisn,</strong></span> <span class='ocrx_word' id='word_1_921' title='bbox 2608 5470 2698 5551; x_wconf 76' lang='lat' dir='ltr'><strong>qui</strong></span> <span class='ocrx_word' id='word_1_922' title='bbox 2730 5500 2915 5538; x_wconf 88' lang='lat' dir='ltr'><strong>revera</strong></span> <span class='ocrx_word' id='word_1_923' title='bbox 2946 5486 3085 5535; x_wconf 86' lang='lat' dir='ltr'><strong>bono</strong></span> <span class='ocrx_word' id='word_1_924' title='bbox 3113 5470 3327 5536; x_wconf 71' lang='lat' dir='ltr'><strong>humani</strong></span> <span class='ocrx_word' id='word_1_925' title='bbox 3372 5480 3579 5551; x_wconf 74' lang='lat' dir='ltr'><strong>gent-ris</strong></span> <span class='ocrx_word' id='word_1_926' title='bbox 3606 5480 3736 5551; x_wconf 83' lang='lat' dir='ltr'><strong>natus</strong></span> <span class='ocrx_word' id='word_1_927' title='bbox 3758 5470 3843 5551; x_wconf 39' lang='lat' dir='ltr'><strong>est:</strong></span> 
     </span>
    </p>
   </div>
   <div class='ocr_carea' id='block_1_134' title="bbox 2356 5536 3844 5616">
    <p class='ocr_par' dir='ltr' id='par_1_134' title="bbox 2356 5536 3844 5616">
     <span class='ocr_line' id='line_1_134' title="bbox 2356 5536 3844 5616; baseline -0.008 -8"><span class='ocrx_word' id='word_1_928' title='bbox 2356 5536 2929 5616; x_wconf 36' lang='lat' dir='ltr'><strong>coaveriitiSut—titnle,</strong></span> <span class='ocrx_word' id='word_1_929' title='bbox 2982 5556 3069 5608; x_wconf 90' lang='lat' dir='ltr'><strong>ttbi</strong></span> <span class='ocrx_word' id='word_1_930' title='bbox 3122 5570 3243 5607; x_wconf 90' lang='lat' dir='ltr'><strong>cum</strong></span> <span class='ocrx_word' id='word_1_931' title='bbox 3283 5536 3512 5607; x_wconf 65' lang='lat' dir='ltr'><strong>Joaitnes</strong></span> <span class='ocrx_word' id='word_1_932' title='bbox 3555 5546 3780 5616; x_wconf 53' lang='lat' dir='ltr'><strong>lucifer&quot;!!!</strong></span> <span class='ocrx_word' id='word_1_933' title='bbox 3810 5536 3844 5616; x_wconf 62' lang='grc' dir='ltr'><em>εξ</em></span> 
     </span>
    </p>
   </div>
   <div class='ocr_carea' id='block_1_135' title="bbox 2355 5608 3843 5696">
    <p class='ocr_par' dir='ltr' id='par_1_135' title="bbox 2355 5608 3843 5696">
     <span class='ocr_line' id='line_1_135' title="bbox 2355 5608 3843 5696; baseline -0.006 -18"><span class='ocrx_word' id='word_1_934' title='bbox 2355 5608 2542 5696; x_wconf 82' lang='lat' dir='ltr'><strong>ubique</strong></span> <span class='ocrx_word' id='word_1_935' title='bbox 2572 5627 2814 5680; x_wconf 76' lang='lat' dir='ltr'><strong>lucentem</strong></span> <span class='ocrx_word' id='word_1_936' title='bbox 2845 5608 3178 5691; x_wconf 68' lang='lat' dir='ltr'><strong>pt&#39;ti’dtcabat,</strong></span> <span class='ocrx_word' id='word_1_937' title='bbox 3212 5627 3394 5696; x_wconf 85' lang='lat' dir='ltr'><strong>eadem</strong></span> <span class='ocrx_word' id='word_1_938' title='bbox 3428 5620 3630 5675; x_wconf 75' lang='lat' dir='ltr'><strong>Sttlertia</strong></span> 
     </span>
    </p>
   </div>
   <div class='ocr_carea' id='block_1_136' title="bbox 2356 5676 3844 5765">
    <p class='ocr_par' dir='ltr' id='par_1_136' title="bbox 2356 5676 3844 5765">
     <span class='ocr_line' id='line_1_136' title="bbox 2356 5676 3844 5765; baseline -0.016 -13"><span class='ocrx_word' id='word_1_939' title='bbox 2356 5676 3178 5752; x_wconf 46' lang='lat' dir='ltr'><strong>i..;;&#39;.‘.;.;..&quot;e.’.&#39;.&#39;.{sttuite;ias;</strong></span> <span class='ocrx_word' id='word_1_940' title='bbox 3220 5676 3456 5765; x_wconf 78' lang='lat' dir='ltr'><strong>ejusdem</strong></span> <span class='ocrx_word' id='word_1_941' title='bbox 3502 5676 3844 5745; x_wconf 78' lang='lat' dir='ltr'><strong>consortibusel</strong></span> 
     </span>
    </p>
   </div>
   <div class='ocr_carea' id='block_1_137' title="bbox 2358 5769 3207 5839">
    <p class='ocr_par' dir='ltr' id='par_1_137' title="bbox 2358 5769 3207 5839">
     <span class='ocr_line' id='line_1_137' title="bbox 2358 5769 3207 5839; baseline -0.002 -16"><span class='ocrx_word' id='word_1_942' title='bbox 2358 5769 2800 5839; x_wconf 59' lang='lat' dir='ltr'><strong>praedicatoribus</strong></span> <span class='ocrx_word' id='word_1_943' title='bbox 2828 5769 3207 5824; x_wconf 86' lang='lat' dir='ltr'><strong>communicat.</strong></span> 
     </span>
    </p>
   </div>
   <div class='ocr_carea' id='block_1_138' title="bbox 2429 5836 2961 5912">
    <p class='ocr_par' dir='ltr' id='par_1_138' title="bbox 2429 5836 2961 5912">
     <span class='ocr_line' id='line_1_138' title="bbox 2429 5836 2961 5912; baseline 0.002 -18"><span class='ocrx_word' id='word_1_944' title='bbox 2429 5836 2452 5883; x_wconf 68' lang='lat' dir='ltr'><strong>lt</strong></span> <span class='ocrx_word' id='word_1_945' title='bbox 2482 5839 2697 5907; x_wconf 81' lang='lat' dir='ltr'><strong>Baron.,</strong></span> <span class='ocrx_word' id='word_1_946' title='bbox 2730 5841 2961 5912; x_wconf 66' lang='lat' dir='ltr'><strong>gestans.</strong></span> 
     </span>
    </p>
   </div>
  </div>
