4018 6338
591 330 690 390 611

1492 329 1695 388 xvs'rt
1736 331 1802 386 ιιι
1841 329 2042 385 parte
2085 329 2439 387 EPISTULAE
2483 329 2568 384 E'l‘
2611 326 2949 386 omnem.
3440 318 3443 319 ί
3717 343 3798 400 tu

592 461 794 506 tantum
827 448 1050 505 honoris
1068 448 1318 515 contulit,
1344 455 1403 502 ut
1431 461 1529 517 pro
1547 458 1598 502 te
1625 457 1811 503 contra
1830 461 1924 502 eos
1953 445 2041 515 qui
2082 445 2175 498 tibi
2202 451 2258 508 Α
2280 447 2374 500 Cui
2404 460 2626 502 necesse
2654 455 2738 502 est
2765 461 2864 501 nos
2891 460 3136 516 quoque,
3161 445 3344 515 siquid
3373 454 3570 504 tentare
3595 454 3795 525 voluerit,

594 554 720 600 tunc
740 542 917 599 aemuli
941 541 1152 599 fuerant
1180 548 1530 612 repugnaret.

1115 711 1143 738 ι
1170 699 1507 757 EPISTULA
1552 699 1687 769 Vlll,

1055 831 1201 872 ΡΔΡΕ
1244 833 1311 871 ΑΙ)
1348 829 1582 870 εῐκουωι
1631 826 2040 868 τιιεεελιοκισι

1166 901 1611 943 CONGRBGANDAI.

750 832 900 872 ΠΒΤΙ
946 832 1004 872 111

604 997 798 1054 Vicarii
827 999 1125 1066 dignitatem
1155 1013 1242 1066 per
1265 995 1535 1066 Illyricum
1561 1011 1615 1048 se
1637 995 1700 1048 de
1731 1009 1873 1046 more
1912 991 2186 1066 Anastasio

667 1063 1106 1124 Thessalonicensi
1131 1063 1371 1139 episcopo
1425 1067 1676 1139 tribuisse.
1716 1067 1844 1139 Qua;
1881 1063 2190 1139 ejus_s_itpu-

670 1151 846 1206 testas,
879 1156 994 1209 qua!
1039 1133 1236 1193 munia.
1275 1133 1341 1193 Ut
1388 1139 1432 1192 ei
1484 1137 1754 1208 Perigenes
1799 1133 2188 1189 Corinthiorum

669 1213 940 1284 episwpus
963 1212 1292 1278 subiiciatur.

600 1349 977 1406 Dilectissimis
1035 1349 1290 1404 fratribus
1335 1346 1600 1403 universis
1657 1347 1925 1416 episcopis
1981 1345 2191 1418 synodo

742 1421 884 1492 apud
911 1421 1344 1476 Thessalonicam
1371 1421 1760 1490 congregandis
1790 1418 2021 1474 Xvsrus.

674 1557 701 1610 1
715 1597 728 1609 .
757 1555 813 1610 Si
836 1564 1094 1625 quantum
1120 1553 1412 1608 inservitur
1433 1551 1640 1622 legibus
1661 1559 1714 1606 et
1735 1551 2037 1622 principum
2057 1565 2192 1606 con-

602 1647 832 1714 stitutis,
874 1661 991 1714 quae
1015 1655 1138 1700 sunt
1186 1645 1501 1715 temporalia
1532 1654 1585 1700 et
1625 1653 1920 1714 mutantur,
1953 1655 2005 1700 et
2049 1660 2194 1714 saepe

603 1740 799 1809 smpius
827 1738 1127 1804 abolentur,
1160 1746 1365 1792 tantum
1398 1737 1592 1791 divinis
1623 1736 1830 1806 legibus
1868 1738 2196 1806 aeternisque

607 1832 871 1887 mandatis
900 1831 1200 1887 obedcntize
1221 1840 1619 1901 praestaremus,
1667 1847 1908 1886 essemus
1950 1830 2194 1901 profecto
2222 1869 2273 1932 Β

605 1938 833 1978 summae
857 1924 1200 1979 beatitudinis
1224 1933 1530 1992 compotes,
1563 1932 1616 1978 et
1638 1923 1922 1977 mundanae
1954 1923 2191 1978 vexatio-

607 2018 690 2071 nis
727 2017 1000 2072 molestias
1021 2017 1338 2082 vitarentus,
1363 2017 1456 2071 illo
1491 2026 1702 2070 rectore
1731 2016 1812 2071 vel
1839 2017 2068 2086 praesule
2105 2015 2197 2086 qui

608 2109 834 2164 subinde
861 2109 1148 2164 subvenire
1184 2110 1408 2176 cupiens
1455 2109 1780 2178 quotidianis
1811 2111 2033 2164 vocibus
2084 2109 2199 2163 cla-

608 2210 717 2255 mat
751 2218 764 2254 :
794 2201 1156 2253 (Joneertimini
1180 2200 1248 2252 ad
1270 2215 1370 2266 me,
1395 2209 1441 2252 et
1475 2209 1743 2253 convertar
1780 2201 1848 2252 ad
1873 2216 1959 2253 vos
2007 2197 2195 2268 (Zach.

610 2307 650 2357 ι,
678 2291 806 2361 5)...
861 2290 1032 2361 (Inter
1077 2302 1260 2346 cwtera
1289 2299 1336 2345 et
1368 2292 1435 2344 ad
1465 2291 1656 2362 locum)
1683 2291 1789 2346 Nos
1834 2292 1982 2346 fratri
2027 2301 2082 2347 et
2111 2305 2200 2346 co-

611 2386 866 2456 episcopo
891 2395 1072 2440 uostro
1083 2385 1368 2440 Anastasio
1393 2394 1596 2439 tantum
1613 2385 1924 2451 tribuimus,
1940 2397 2200 2455 quantum

613 2479 988 2535 decessoribus
1007 2480 1171 2544 ipsius
1198 2493 1227 2532 a
1253 2477 1450 2533 nostris
1471 2477 1847 2534 decessoribus
1859 2477 2196 2533 attributum.

615 2573 860 2628 Priorum
877 2573 1136 2641 judicium
1187 2573 1484 2642 sequimur,
1513 2572 1625 2626 hac
1673 2571 2053 2626 constituendo
2075 2585 2196 2641 quas

613 2666 681 2721 ab
706 2665 790 2721 his
810 2665 1055 2721 novimus
1082 2666 1373 2720 constituta
1398 2682 1414 2719 :
1440 2665 1560 2734 quia
1583 2676 1636 2720 et
1683 2666 1857 2734 ipsum
1888 2666 2047 2734 hujus
2079 2681 2205 2733 pro-

615 2759 805 2814 bamus
835 2761 1034 2824 meriti,
1065 2759 1219 2828 cujus
1251 2759 1467 2813 fuerunt
1497 2759 1572 2812 illi
1601 2761 1692 2828 qui
1719 2759 1843 2813 talia
1871 2767 2200 2814 meruerunt.

615 2849 801 2905 Nullus
829 2851 1009 2906 obviet
1044 2851 1351 2906 salubribus
1405 2851 1734 2915 constitutis,
1783 2852 1962 2906 nullus
2002 2867 2204 2921 praece-

617 2942 887 3012 ptionibus
915 2943 996 2996 his
1021 2943 1268 2998 resultet.
1283 2943 1528 2998 llabeaut
1550 2943 1806 2997 honorem
1825 2958 1982 2998 suum
2007 2954 2207 2998 metro-

618 3035 839 3105 politani
874 3035 899 3072 δ
922 3035 1276 3105 singularum,
1331 3035 1484 3088 salvo
1529 3035 1691 3104 hujus
1727 3036 2004 3106 privilegio
2043 3050 2202 3105 quem

619 3131 886 3185 honorare
925 3130 1157 3185 debeant
1212 3131 1442 3199 amplius
1497 3130 1764 3187 honorati.
1834 3133 1891 3187 In
1933 3133 2203 3201 provincia

2283 540 2541 606 obviare;
2573 540 2664 611 qui
2687 541 3079 610 praeteritorum
3123 553 3239 608 qua:
3257 537 3331 591 illi
3375 553 3466 607 per
3495 555 3585 595 nos
3611 549 3798 613 praestita

2283 641 2409 686 sunt
2435 646 2700 687 memores
2721 646 2907 687 sumus
2953 640 3008 687 et
3037 629 3240 686 illicitis
3263 644 3472 701 semper
3495 638 3801 705 usurpationi.

2286 725 2387 780 bus
2413 727 2714 781 obviamus.

2357 824 2413 878 3.
2451 822 2525 877 De
2551 823 2763 878 caeteris
2791 836 2941 886 vero,
2963 835 3314 893 quaecumque
3354 821 3458 878 illa
3501 833 3635 889 sunt,
3654 835 3804 886 nostris

2290 913 2647 982 praesentibus
2677 912 2929 968 volumns
2955 912 3250 970 finiantur:
3279 911 3524 982 quoniam
3552 908 3577 950 ἀ
3603 922 3694 970 tota
3719 918 3805 973 illo-

2290 1020 2409 1060 rum
2437 1005 2578 1075 apud
2601 1020 2698 1061 nos
2739 1005 2871 1060 ﬁdes
2913 1013 3017 1072 est,
3056 1014 3113 1059 ut
3136 1019 3254 1075 quas
3285 1004 3358 1057 illi
3387 1005 3714 1074 probaverint,
3736 1027 3806 1066 nos

2289 1095 2577 1152 credamus
2601 1097 2871 1166 judicasse
2927 1097 3127 1166 pariter
3155 1105 3211 1152 et
3249 1096 3520 1166 probasse.
3567 1106 3588 1134 ε
3617 1095 3724 1154 Data
3738 1117 3808 1160 vtu

2291 1187 2410 1243 idus
2437 1187 2629 1258 Julias,
2651 1189 2960 1245 Theodosio
2991 1204 3064 1244 xv
3095 1198 3150 1244 et
3203 1187 3564 1245 Valentiniano
3597 1205 3646 1246 tv
3681 1208 3806 1265 augu-

2291 1283 2391 1338 stis
2411 1283 2745 1338 consulibus.

2875 1373 3208 1431 EPISTOLA
3237 1372 3332 1438 IX,

2306 1467 2468 1522 Xvs'ri
2520 1483 2578 1522 ιιι
2633 1483 2780 1522 νινε
2807 1485 2874 1522 an
2919 1483 3163 1522 Pnocwat
3214 1481 3810 1529 CONSTAN’I‘INOPOLITANUI

2945 1552 3228 1594 IPlSCUPUI
3239 1577 3252 1591 ι

2310 1652 2379 1709 Ut
2403 1655 2512 1707 sine
2534 1653 3000 1708 Thessalonicensis
3023 1652 3267 1706 antistitis
3323 1652 3556 1723 formata,
3577 1669 3634 1707 ea;
3653 1654 3706 1709 iis
3724 1673 3811 1723 pro.

2377 1726 2558 1778 vinciis
2578 1741 2692 1796 qua:
2720 1726 2787 1777 ad
2811 1726 2957 1778 illum
3003 1725 3277 1791 pertinent,
3322 1721 3520 1778 nullum
3567 1721 3812 1781 sacerdotem

2374 1799 2444 1850 ad
2467 1813 2520 1851 se
2549 1799 2829 1851 venientem
2853 1797 3122 1866 suscipiat.

2548 1903 2909 1964 Dilectissimo
2937 1908 3086 1963 fratri
3116 1907 3325 1964 PROGLO
3368 1907 3590 1964 Χῖετιιε.

2373 2023 2426 2077 1.
2462 2021 2608 2084 Licet
2654 2021 3039 2076 fraternitatem
3092 2031 3262 2089 tuam,
3301 2021 3588 2089 disciplinis
3621 2021 3815 2077 ecclesia-

2300 2118 2452 2174 sticis
2478 2117 2764 2181 eruditam,
2789 2131 2850 2172 ea
2875 2117 3052 2171 omnia
3080 2131 3199 2185 qua:
3228 2115 3296 2170 ad
3321 2115 3611 2184 regularum
3631 2124 3677 2169 et
3694 2130 3815 2170 cano.

2301 2229 2430 2268 num
2453 2213 2854 2267 observantiam
2880 2211 3152 2279 pertinent
3167 2209 3444 2265 custodire
3463 2224 3652 2264 summa
3670 2210 3816 2264 sollici-

2302 2306 2490 2362 tudine
2515 2306 2844 2372 noverimus,
2907 2320 3006 2359 nec
3025 2305 3316 2374 quidquam
3345 2311 3438 2356 aut
3467 2304 3622 2371 ipsam
3669 2303 3814 2367 facere,

2304 2410 2394 2454 aut
2423 2398 2603 2454 facere
2641 2396 2775 2452 alios
2799 2396 3112 2452 sacerdOtes
3144 2410 3203 2450 se
3240 2392 3261 2433 τ
3311 2395 3623 2450 connivente
3655 2396 3818 2464 permit-

2305 2501 2439 2559 tere,
2473 2489 2615 2560 quod
2645 2498 2852 2544 vetusta
2886 2489 3099 2544 Patrum
3147 2485 3438 2543 constituta
3472 2495 3728 2555 pervertat,
3751 2485 3818 2539 tl».

2303 2583 2572 2638 cumcntis
2594 2582 2931 2637 evidentibus
2972 2581 3382 2651 probaverit‘nus
3413 2579 3486 2651 (id
3512 2581 3640 2634 enim
3667 2579 3819 2648 optimo

2303 2676 2556 2731 convenit
2578 2686 2631 2730 et
2662 2676 2768 2728 Deo
2789 2673 3103 2745 dignissimo
3126 2672 3431 2738 sacerdoti,
3458 2677 3513 2724 ut
3530 2681 3578 2724 et
3599 2669 3655 2724 ad
3668 2684 3715 2724 se
3733 2685 3818 2736 per-

2308 2769 2528 2822 tinentia
2552 2782 2653 2836 qua
2694 2776 2866 2836 potest
2899 2781 3025 2820 cura
3075 2763 3366 2830 custodiat,
3395 2771 3445 2817 ct
3464 2763 3591 2816 alios
3631 2761 3819 2816 fratribus

2305 2861 2417 2916 suis
2445 2861 2620 2915 debita
2647 2861 2864 2914 minime
2890 2859 3187 2926 inquietare
3211 2859 3297 2912 vel
3325 2868 3581 2912 temerare
3607 2870 3663 2910 ex
3695 2855 3823 2923 aliqua

2307 2962 2482 3022 parte,
2513 2966 2924 3007 MODERATIOREI
2961 2963 3454 3005 IONORIFICENTIAI
3493 2960 3630 3001 suam
3673 2944 3824 3014 majore

2304 3045 2473 3118 gloria
2504 3057 2835 3111 servaturos,
2856 3045 2902 3099 si
2928 3045 3056 3098 nihil
3083 3043 3242 3099 licere
3272 3051 3456 3098 contra
3505 3053 3685 3095 morem
3719 3048 3825 3093 veteo

2309 3155 2428 3195 rum
2461 3139 2843 3195 attentantibus
2868 3137 3054 3206 sinat),
3099 3147 3286 3191 nostra
3315 3143 3488 3189 tamen
3523 3130 3824 3186 adhortatione

616 3223 812 3292 Sliajus
839 3222 1071 3276 habeam
1091 3222 1371 3277 ordinandi
1399 3239 1414 3288 ς
1447 3224 1539 3278 sed
1565 3223 1685 3288 hoc,
1720 3225 1892 3280 inscio
1921 3225 2005 3280 vel
2035 3227 2204 3282 invito
2231 3243 2279 3305 ρ
2311 3247 2406 3301 per
2425 3231 2647 3300 gratiam
2679 3230 2956 3284 charitatis
2980 3228 3080 3282 hoc
3118 3225 3444 3282 fraternitati
3473 3234 3569 3279 tua:
3589 3223 3826 3294 specialiter

617 3330 777 3380 quem
815 3315 882 3370 de
906 3314 1157 3370 omnibus
1206 3316 1454 3370 volumus
1499 3316 1928 3371 ordinationibus
1975 3317 2208 3386 consuli,

620 3407 798 3464 nullus
826 3408 1023 3462 audeat
1048 3407 1316 3463 ordinare.
1348 3408 1430 3463 Ad
1458 3409 2006 3464 Thessalonicensem
2033 3414 2208 3479 majo-

622 3516 711 3557 res
737 3516 914 3557 causze
944 3502 1247 3557 referantur
1271 3504 1588 3558 antistitem.
1620 3503 1797 3572 lpsutu
1855 3505 2029 3572 major
2077 3521 2207 3562 cura

626 3606 916 3666 respectet,
946 3610 1041 3652 eos
1078 3599 1166 3666 qui
1194 3597 1261 3651 ad
1305 3596 1671 3668 episcopatum
1727 3609 1988 3654 vocantur
2025 3601 2210 3655 discu-

623 3689 790 3744 tiendi
818 3689 1099 3744 sollicitius
1125 3701 1182 3744 et
1210 3689 1492 3759 probandi.
1521 3691 1638 3760 Ipse
1659 3692 1893 3759 optimos
1917 3693 2208 3747 solertissi-

621 3795 847 3852 mosque
867 3782 934 3837 de
955 3792 1136 3836 vestro
1150 3797 1378 3837 numero
1396 3783 1584 3853 eligat,
1613 3799 1750 3854 quos
1771 3783 1998 3855 negotiis
2029 3800 2211 3840 secum

620 3875 852 3930 asciscat
878 3874 1145 3941 arbitros;
1172 3874 1409 3930 autsine
1440 3889 1500 3930 se
1534 3876 1754 3944 tribuat,
1797 3877 1887 3946 qui
1946 3877 2000 3931 in
2038 3877 2217 3932 disce-

624 3969 916 4037 ptationem
943 3969 1103 4023 missa
1134 3978 1442 4038 componat.

691 4063 748 4116 ἓ.
772 4060 996 4117 Noverit
1015 4062 1326 4116 Corinthius
1356 4065 1642 4133 episc0pus
1691 4063 1790 4118 sibi
1821 4064 2090 4119 licentiam
2123 4079 2218 4133 po-

625 4154 1041 4210 testatisliberae
1064 4156 1285 4209 minime
1314 4155 1670 4221 tribuendam,
1703 4157 1748 4210 si
1801 4157 1924 4211 huic
1976 4157 2212 4212 voluerit

627 4248 886 4305 Ecclesia
913 4259 935 4288 ε
985 4249 1271 4316 resultare,
1312 4265 1471 4319 quam
1520 4251 1618 4305 sibi
1663 4252 1873 4307 noverit
1923 4253 2208 4323 profuisse.

623 4425 868 4478 scopum,
898 4410 1000 4464 nisi
1029 4408 1146 4463 Rufi
1163 4409 1662 4464 Thessalonicensis
1686 4411 1940 4466 antistitis
1972 4411 2216 4467 testimo-

625 4483 716 4536 nio
739 4491 793 4535 et
833 4497 1022 4551 opera,
1052 4481 1259 4535 institui
1310 4482 1564 4535 noluerit.
1600 4481 1887 4551 Perigenes
1913 4493 2113 4546 tamen,
2158 4483 2213 4535 ni
2243 4501 2253 4511 -

628 4563 809 4607 nostra
844 4567 941 4606 nos
969 4550 1102 4604 fallit
1124 4553 1460 4620 conjectura,
1479 4569 1636 4620 quam
1667 4550 1956 4608 ex'Lconis
1984 4554 2214 4622 epistola

627 4623 696 4678 15
724 4622 938 4676 firmare
963 4624 1104 4684 licet,
1138 4623 1360 4692 synodis
1392 4639 1420 4675 a
1454 4623 1920 4678 'l‘hcssaloniccnsi
1959 4628 2216 4693 episcopo

626 4693 840 4816 indilctis
877 4694 1174 4759 interesse,
1229 4703 1322 4747 aut
1347 4693 1397 4747 ei
1438 4693 1541 4747 ulla
1589 4695 1640 4747 in
1687 4711 1744 4749 re
1783 4695 2007 4750 subesse
2035 4696 2218 4751 detre-

631 4775 717 4816 cla
742 4775 836 4816 ιειι.

631 4775 836 4820 ctabat.

2314 3321 2479 3377 debet
2508 3321 2795 3387 accedere,
2857 3328 2912 3374 ut
2947 3329 3136 3375 contra
3179 3317 3554 3386 subreptiones
3593 3316 3825 3383 aliquorum

2314 3415 2704 3483 circumspecta
2725 3410 2980 3466 sanctitas
3019 3421 3105 3464 tua
3154 3409 3469 3464 facultatem
3515 3423 3612 3462 non
3650 3404 3828 3476 prebeat

2315 3510 2507 3564 horum
2526 3508 2836 3578 incongrua:
2849 3505 3131 3568 voluntati,
3157 3505 3244 3574 qui
3277 3504 3528 3560 Ecclesiis
3543 3517 3630 3572 per
3649 3515 3700 3556 se
3723 3513 3828 3554 scan-

2315 3603 2494 3656 dalum
2515 3601 2735 3669 cupiunt
2759 3598 3156 3654 etdiscordiam
3193 3612 3494 3667 generare,
3526 3595 3741 3650 volentes
3761 3605 3830 3660 per

2316 3696 2676 3751 Ecclesiarum
2709 3691 3165 3762 perturbationem
3223 3703 3497 3753 crescere,
3529 3696 3579 3743 et
3598 3688 3743 3741 locum
3759 3684 3828 3737 sibi

2317 3803 2414 3860 per
2439 3788 2893 3856 dispensationem
2934 3783 3114 3839 facere
3146 3783 3513 3838 sacerdotum.

2385 3883 2441 3936 2.
2466 3880 2523 3934 ld
2544 3894 2693 3950 ergo,
2724 3877 2866 3948 quod
2893 3891 2994 3932 nos
3018 3891 3232 3947 quoque
3257 3885 3560 3939 servamus,
3586 3869 3830 3926 fraternita-

2319 3983 2424 4029 tem
2453 3982 2622 4038 tuatn,
2653 3985 2810 4040 quam
2855 3970 3053 4024 scimus
3094 3969 3198 4024 hoc
3244 3981 3351 4022 suo
3389 3982 3535 4022 more
3559 3973 3582 4012 ε
3612 3965 3830 4020 facturam.

2318 4068 2567 4121 volumus
2604 4064 2905 4127 custodire;
2932 4064 2982 4116 id
3023 4071 3126 4126 est,
3160 4072 3214 4116 ut
3239 4063 3289 4118 si
3332 4062 3456 4132 quis
3498 4059 3561 4114 ad
3590 4059 3772 4113 fratrem
3796 4061 3832 4104 et

2316 4158 2700 4230 coepiscopum
2719 4166 2972 4210 nostrum
3003 4153 3502 4209 Thessalonicensis
3531 4151 3662 4205 urbis
3677 4142 3832 4201 antisti

2321 4261 2428 4308 tem
2475 4251 2664 4305 harum
2695 4249 3090 4319 provinciarum
3115 4245 3167 4313 δ,
3195 4262 3324 4317 qua
3347 4245 3415 4301 ad
3457 4259 3575 4301 eum
3605 4241 3830 4314 pertinent.

2400 4422 2426 4458 κ
2460 4412 2576 4480 Quo
2617 4411 2870 4464 nimirum
2919 4425 2978 4464 ea
3014 4425 3132 4478 qum
3180 4408 3562 4480 ecclesiastica:
3597 4401 3832 4480 disciplina:

2320 4473 2720 4549 suntfservare
2752 4483 2908 4536 solet.
2947 4473 3224 4536 Ut'autem
3257 4481 3390 4534 nihil
3423 4495 3452 4533 a
3475 4477 3656 4549 Proclo
3685 4473 3832 4549 durant

2317 4565 2414 4608 aut
2443 4539 2558 4622 ipso
2605 4554 2873 4621 indignum
2918 4553 3134 4622 exigere
3163 4567 3228 4623 se
3256 4552 3500 4613 suadeat,
3532 4548 3700 4623 ethoc
3730 4539 3832 4623 quod

2321 4634 2491 4696 rogat.
2521 4641 2550 4678 a
2590 4640 2648 4679 se
2694 4639 2818 4694 erga
2849 4626 3134 4693 eplSCttpOS
3160 4622 3362 4693 Illyrici
3405 4622 3601 4676 servari
3647 4622 3835 4687 promite

2321 4705 2751 4821 lehlf'ligistenius
2782 4762 2869 4819 hic
2893 4766 3093 4834 aliquid
3118 4765 3330 4828 deesse,
3361 4773 3520 4834 atque
3547 4762 3614 4815 ita
3636 4755 3832 4834 ξιιβρίθη·

698 4845 723 4872 ει
753 4835 980 4916 Tantum
1013 4833 1290 4916 decurtata
1318 4834 1369 4890 in
1393 4834 1526 4888 actis
1573 4835 1792 4916 concilii
1813 4835 2067 4916 _Romaui,
2095 4851 2216 4916 (pne
2244 4857 2296 4916 υ
2323 4838 2448 4916 dunt
2486 4849 2633 4916 putat
2665 4856 2676 4890 :
2715 4838 2842 4903 Qum
2887 4836 2954 4889 ad
2986 4831 3125 4889 tuam
3173 4831 3449 4916 spectaret"
3471 4831 3746 4916 Ecclesiant,
3771 4840 3833 4916 tu;

625 4907 796 4962 Lucas
829 4906 1141 4960 llolstenius
1181 4907 1232 4960 in
1278 4907 1448 4961 lucem
1480 4907 1677 4977 emisit,
1709 4907 1916 4977 prolata
1972 4917 2070 4962 est.
2107 4909 2215 4962 Nec

625 4978 766 5032 aliud
795 4979 1357 5042 succurritexemplttr
1388 4975 1529 5030 unde
1566 4975 1909 5031 resarciatur.
1955 4978 2039 5032 Nil
2071 4988 2217 5034 cette

627 5049 724 5102 fuit
752 5049 1010 5120 omissqu
1042 5049 1183 5120 quod
1203 5049 1266 5103 ad
1292 5048 1605 5120 apostolica:
1627 5047 1770 5102 sedis
1799 5052 1849 5102 in
1869 5049 2059 5120 Illyrici
2089 5067 2212 5118 pro-

625 5121 828 5173 vincias
859 5119 942 5186 ius
969 5116 1350 5175 stabiliendum
1382 5116 1722 5188 conferebat,
1748 5134 1869 5173 cum
1917 5116 1979 5175 ea
2009 5116 2215 5175 tantum

626 5191 692 5244 de
720 5205 878 5244 causa
912 5191 1116 5256 prolata
1149 5193 1237 5244 sit.

699 5259 723 5298 δ
756 5260 963 5332 Supple
987 5262 1392 5332 provinciarum.

706 5341 727 5370 ε
759 5331 1252 5386 The~salonicensi.

697 5401 723 5439 ἀ
757 5404 916 5470 Lege,
944 5413 1104 5457 tanta.
1151 5404 1244 5456 llic
1279 5402 1408 5457 fides
1435 5403 1848 5458 commendatur
1891 5403 2208 5472 legatorun‘i,

627 5489 770 5545 quos
795 5474 994 5544 Xystus
1025 5475 1088 5527 ad
1119 5475 1380 5545 synodum
1413 5475 1677 5529 mittebat.

705 5544 872 5599 'Julti
905 5545 938 5600 8
962 5545 1085 5599 anni
1107 5544 1229 5599 455.

708 5615 729 5656 ί
757 5619 908 5683 Apud
936 5617 1204 5679 Holstcn.,
1236 5613 1520 5669 cohibente.
1554 5614 1769 5684 Experti
1805 5613 1935 5668 nihil
1985 5617 2036 5668 in
2065 5624 2212 5670 vete-

631 5689 779 5743 ribus
810 5689 957 5743 libris
981 5687 1224 5743 usitatius
1260 5686 1477 5747 oll‘eudi,
1533 5703 1688 5754 quam
1735 5695 1790 5738 ιιι
1815 5701 1911 5756 pro
1944 5687 2216 5740 connivere

629 5770 684 5814 et
711 5759 1026 5814 conniventia
1057 5759 1302 5827 pingatur
1338 5757 1604 5810 conhibere
1650 5765 1702 5810 et
1759 5756 2102 5825 conhibentia,
2130 5759 2216 5814 hic

633 5834 916 5887 restituere
945 5849 1047 5886 non
1071 5830 1378 5884 dubitamus
1409 5828 1724 5884 connivents.

2324 4899 2503 4963 cerdos
2531 4911 2640 4962 sine
2666 4899 2753 4962 tuo
2772 4925 3024 4962 consensu
3050 4899 3341 4972 arcesserit,
3363 4905 3440 4960 vel
3462 4913 3630 4957 contra
3653 4899 3710 4952 ad
3730 4908 3834 4971 tuam

2323 4981 2651 5050 sanctitatem
2669 4981 2887 5032 istarum
2931 4977 3328 5050 provinciarum,
3363 4993 3475 5046 qua?
3498 4974 3563 5050 ad
3589 4989 3696 5050 eum
3722 4976 3836 5035 pett!-

2325 5061 2467 5112 nent,
2491 5062 2597 5106 etc.
2617 5049 2810 5104 Verum
2842 5041 2942 5103 hoc
2973 5041 3350 5117 supplemento
3376 5041 3602 5117 antistiti
3627 5041 3836 5117 Constan-

2327 5109 2683 5186 tinopolttaun
2718 5131 2911 5188 praeter
2951 5109 3099 5190 Xysti
3147 5130 3408 5182 mentem,
3436 5109 3833 5190 dandarntunlor-

2326 5181 2612 5259 malarum,
2641 5181 2883 5258 adempte
2905 5201 2958 5244 et
2980 5181 3431 5257 titetropoliticuni
3451 5187 3537 5259 jus
3559 5181 3832 5259 conceditur.

2324 5245 2483 5332 quod
2514 5245 2669 5332 longe
2717 5245 3201 5335 pros'teanGelasitis
3247 5260 3294 5314 ei
3351 5245 3578 5335 negavit.
3607 5256 3742 5335 epist.
3786 5245 3834 5335 9‘3

2326 5329 2474 5388 num.
2513 5329 2873 5399 ‘l0,'scribens
2897 5331 3000 5387 ΟΡ.
3033 5333 3305 5385 civitatem
3335 5347 3440 5384 non
3469 5329 3636 5399 sciunt
3654 5329 3760 5377 inter
3777 5332 3836 5370 sc-

2323 5405 2411 5457 des
2435 5395 2640 5458 minime
2670 5405 2949 5466 numerari,
2974 5404 3063 5457 sed
3095 5419 3185 5456 nec
3209 5403 3350 5456 inter
3380 5395 3835 5469 metropolitanorunt

2316 5478 2445 5542 jura
2493 5477 2702 5528 censeri.
2735 5475 2946 5542 Integer
2972 5475 3074 5544 erit
3103 5473 3272 5539 locus,
3307 5474 3349 5525 si
3390 5472 3713 5544 ita_legatur,
3742 5469 3834 5544 ηεξ

2323 5540 2434 5611 quis
2472 5563 2502 5598 τι
2549 5551 2708 5614 fratre
2759 5556 2804 5598 et
2847 5540 3153 5614 coepiscOpo
3198 5552 3372 5597 nostra
3426 5540 3834 5614 Thessalonicatsu

2325 5608 2462 5669 urbis
2492 5608 2718 5689 antistite
2753 5608 2947 5689 hartnn
2971 5608 3376 5689 provinciarum,
3410 5625 3513 5689 etc.
3547 5608 3736 5689 Iflanior

2327 5700 2431 5740 tum
2465 5687 2540 5741 sic
2575 5689 2724 5742 fit-ret
2754 5705 2767 5743 :
2797 5687 2866 5742 Ut
2897 5690 2941 5741 si
2971 5681 3095 5760 "quis
3141 5687 3326 5740 harum
3357 5683 3728 5760 ρηρρξηείαζκυξν
3749 5681 3835 5760 σεξξῖ

2324 5760 2406 5831 ad_
2424 5761 2636 5831 fratrem
2665 5769 2710 5813 et
2739 5750 3100 5831 coepiscopum
3148 5750 3407 5831 nostratis;
3433 5750 3836 5831 Thessalonicenttf

2325 5829 2467 5886 urbis
2514 5830 2794 5889 antistitem
2834 5829 3122 5903 pertinent,
3151 5841 3260 5890 etc.
3289 5829 3555 5901 Ambigua
3587 5830 3717 5883 certe
3750 5829 3839 5888 ἔλθη
