4018 6338
155 303 230 365 διδ
369 282 579 346 EPIST.
620 283 710 340 IX.
751 282 957 340 XYSTI
999 279 1200 338 PAPIE
1242 282 1332 337 AD
1371 277 1695 337 PROCLUM
1734 280 2616 344 CONSTANTINOPOLITANUM
2655 285 3063 344 EPISCOPUM.

3241 296 3348 350 6“

154 410 345 479 sacerdos
369 399 605 458 adveniat
634 408 830 470 prmter
869 401 987 468 ejus
1016 396 1426 465 conscientiam,
1460 394 1509 451 si
1537 395 1654 450 sine
1680 397 1736 458 Α
1761 398 2032 479 E_pliesina
2059 401 2110 454 in
2132 400 2341 479 synodo
2365 400 2650 479 Palestina:
2667 402 2959 479 provmcim
2984 401 3345 479 principatum

149 520 232 588 ejus
249 499 457 579 epistolis
481 504 639 566 atque
681 492 908 549 formata
952 493 1138 548 venire
1167 492 1480 561 tentaverit,
1514 498 1652 545 tam-

150 586 265 679 quam
286 590 562 664 disciplina:
600 587 986 644 ecclesiastica:
1012 586 1300 658 despector
1327 595 1384 642 et
1407 594 1656 643 contem-

147 711 238 769 ptor
272 697 534 749 canonum,
563 695 698 750 quos
744 694 844 737 nos
897 681 1148 736 temerari
1179 694 1248 736 ex
1279 680 1461 751 aliqua
1503 688 1657 750 parte

146 806 221 848 non
246 783 471 856 patimur,
504 775 790 831 habeatur.
814 773 1152 830 Reverentia:
1182 785 1376 830 vestrae
1421 774 1473 828 in
1511 789 1659 829 com-

145 895 268 941 mune
279 877 560 948 praestatur,
594 872 638 923 si
666 869 804 924 alter
831 867 1052 924 alterius
1078 869 1271 923 honori
1304 867 1660 936 debita,pr:e-

145 973 366 1030 venientes
381 959 602 1018 invicem
631 975 728 1030 per
753 960 1034 1015 charitatis
1060 961 1305 1029 gratiam,
1336 961 1656 1025 reservatis;

144 1080 230 1134 qua:
245 1057 345 1116 ﬁeri
371 1063 392 1093 ι
413 1053 666 1108 nolumus
695 1060 755 1107 ut
781 1052 1031 1123 legimus.
1060 1051 1279 1107 Discant
1306 1067 1493 1107 onmes
1517 1051 1660 1107 illius

141 1151 379 1228 provinciae.
406 1144 716 1202 sacerdotes
747 1152 910 1198 tanta:
943 1143 1337 1200 fraternitatem
1371 1153 1517 1199 tuam
1539 1159 1661 1200 esse

143 1255 356 1306 censurae,
382 1247 436 1292 ut
479 1250 586 1290 non
621 1237 904 1306 permittas
933 1237 1050 1292 fieri
1101 1237 1247 1308 quod
1295 1251 1402 1292 non
1453 1237 1578 1292 licet
1631 1251 1661 1292 a

138 1336 364 1397 sacerdote
389 1331 607 1386 tentari.

190 1426 550 1484 3.Diceremus
581 1422 756 1494 plura,
787 1423 834 1478 si
887 1438 992 1478 non
1035 1422 1104 1478 de
1159 1432 1262 1479 tua:
1309 1423 1664 1479 fraternitatis

136 1527 276 1577 mente
316 1527 594 1570 nossemus
651 1512 855 1582 majora
884 1522 940 1568 et
981 1529 1048 1568 ex
1095 1514 1194 1569 hac
1237 1523 1389 1584 parte
1437 1516 1662 1579 sentire,

137 1624 261 1681 quam
289 1621 377 1662 nos
406 1605 456 1660 in
487 1614 704 1660 nostras
729 1605 992 1674 epistolas
1026 1606 1186 1661 hasce
1221 1622 1354 1676 quas
1385 1607 1452 1661 ad
1485 1618 1538 1662 te
1578 1607 1663 1661 di-

136 1704 330 1774 rigimus,
361 1711 642 1768 possumus
685 1711 934 1753 sermone
968 1697 1241 1753 conferre.
1267 1698 1444 1752 Habes
1475 1714 1666 1754 recen-

137 1798 352 1852 tissimqu
399 1807 573 1860 nuper
613 1791 812 1846 habita:
857 1793 1086 1848 aetionis
1135 1793 1441 1862 exemplum
1482 1792 1667 1848 fratris
1698 1787 1744 1847 Β

134 1889 268 1948 nostri
294 1887 463 1943 [ddum
494 1884 548 1951 δ,
573 1886 716 1941 circa
749 1902 910 1952 quem
946 1898 1048 1939 tuae
1093 1886 1452 1940 fraternitatis
1481 1886 1671 1940 decre-

133 1981 534 2052 vimusjudicium
567 1981 866 2045 custodiri;
892 1980 1190 2051 cognitioni
1225 1991 1328 2034 tum
1372 1980 1550 2035 facere
1572 1996 1670 2034 no-

133 2081 269 2133 lentes
295 2073 567 2143 injuriam,
599 2088 720 2127 cum
761 2073 880 2143 ejus
927 2075 1286 2128 intentionem
1314 2073 1669 2143 justissimam

133 2169 385 2227 innocentia
434 2171 688 2223 tuereris.
732 2168 979 2223 Monendi
1009 2180 1029 2205 ο
1062 2178 1191 2222 sunt
1240 2170 1585 2238 ignorantes;
1619 2175 1675 2221 at

133 2266 346 2321 scientem
373 2271 534 2332 atque
565 2273 872 2318 servantem
915 2263 1038 2316 talia
1091 2263 1136 2316 si
1191 2261 1398 2316 diutius
1430 2263 1566 2317 velis
1592 2263 1674 2316 in-

134 2368 321 2424 struere,
341 2371 445 2410 non
475 2365 586 2409 tam
623 2355 917 2410 admonere
957 2370 1114 2423 quam
1150 2355 1485 2425 exprobrare
1517 2356 1674 2425 igno-

135 2451 316 2507 rantiam
358 2447 615 2503 videaris.
661 2448 943 2505 Sufficiunt
988 2461 1118 2517 ergo
1163 2462 1281 2516 quae
1331 2448 1670 2518 scripsimus,

138 2547 266 2602 frater
282 2545 619 2608 charissime,
646 2545 897 2612 quoniam
922 2545 987 2598 ad
1020 2545 1135 2599 lucc
1164 2542 1484 2615 corrigenda
1513 2551 1676 2612 atque

134 2637 348 2695 servanda
390 2638 636 2691 animum
672 2646 820 2692 tuum
867 2649 1031 2708 atque
1073 2653 1361 2694 censuram
1395 2638 1677 2692 nobiscum

134 2733 294 2787 sentire
320 2729 647 2784 confidimus
679 2747 692 2781 :
727 2731 982 2799 quoniam
1015 2747 1178 2784 unum
1207 2746 1303 2786 cor
1329 2737 1387 2784 et
1413 2731 1675 2795 animum,

137 2831 176 2875 ut
196 2820 304 2876 dicit
333 2819 620 2888 Scriptura
654 2819 792 2890 (Act.
827 2835 905 2886 tv,
938 2821 1056 2887 δε),
1097 2822 1239 2876 circa
1271 2820 1552 2888 religionis
1581 2821 1680 2874 ob-

132 2915 426 2978 servantiam,
462 2928 740 2969 canonum
773 2915 1075 2970 custodiam
1122 2923 1176 2970 et
1216 2914 1559 2986 disciplinam
1591 2930 1681 2970 ec-

133 3009 440 3066 clesiasticam
501 3011 848 3064 retinendam
893 3025 992 3065 nos
1037 3011 1260 3080 habere,
1304 3022 1363 3066 ut
1416 3011 1682 3067 debemus

129 3100 149 3139 ά
173 3110 218 3156 et
237 3101 519 3158 credimus.
554 3111 581 3138 ε
613 3102 745 3156 Data
777 3101 843 3157 15
872 3100 1134 3157 kalendas
1181 3103 1492 3171 Januarias,
1523 3105 1681 3158 Aetio

131 3193 281 3248 iterum
310 3204 360 3250 et
390 3195 708 3264 Segisvulto
740 3194 1056 3249 consulibus

221 3306 521 3363 MONITUM
574 3306 640 3362 IN
679 3305 1069 3362 EPISTOLAM
1109 3307 1549 3375 SEQUENTEM.

180 3402 222 3455 l.
251 3400 323 3456 Ad
353 3401 608 3470 epistolae
649 3399 810 3468 hujus
852 3416 1075 3470 scopum
1125 3401 1522 3470 assequendum
1570 3416 1679 3456 non

125 3487 271 3544 parum
301 3474 462 3544 refert
495 3485 670 3544 nosse
694 3471 829 3544 quid,
854 3471 957 3526 sibi
989 3471 1118 3527 velit
1147 3471 1352 3544 Xystus
1399 3472 1483 3526 bis
1527 3489 1678 3527 num.

125 3542 328 3598 herbis
355 3562 368 3597 :
400 3542 517 3597 Nec
547 3543 636 3599 his
664 3559 770 3608 vos,
806 3542 992 3611 fratres
1021 3542 1334 3609 charissimi,
1369 3545 1682 3609 constitutis,

123 3629 210 3681 qua
231 3624 400 3687 praeter
426 3625 621 3687 nostra
652 3624 911 3687 praecepta
941 3614 1221 3669 Orientalis
1243 3616 1472 3687 synodus
1499 3616 1679 3669 decer-

120 3686 404 3759 nereoofuit,
453 3686 694 3740 credatis
741 3686 928 3759 teneri,
964 3695 1153 3759 praeter
1177 3687 1233 3740 id
1275 3686 1510 3759 quidem,
1537 3690 1679 3756 quod

122 3755 168 3807 de
197 3757 283 3828 ﬁde
319 3758 463 3811 nobis
511 3755 1448 3828 consentientibusjudicavit.'Qum
1478 3755 1558 3812 sit,
1590 3759 1677 3812 illa

118 3827 312 3900 synodus
338 3829 664 3885 Orientalis.
713 3843 902 3898 qumve
935 3827 1081 3882 illius
1123 3831 1442 3894 constituta,
1485 3829 1680 3900 quibus

119 3894 369 3969 Illyricam
402 3900 675 3954 Ecclesia:
706 3894 813 3953 non
847 3908 1134 3953 teneantur
1163 3902 1448 3969 qumritur.

170 3968 214 4020 2.
243 3969 405 4024 Lucas
439 3971 784 4034 Holstenius,
825 3971 970 4024 n0tis
1002 3969 1053 4024 iu
1090 3968 1233 4025 hunc
1267 3974 1466 4037 locum,
1501 3971 1682 4026 verbis

115 4036 198 4095 illis
223 4041 359 4097 innui
384 4043 678 4098 existimat
699 4041 975 4112 negotium
999 4042 1278 4097 Iuvenalis
1301 4036 1564 4112 episcOpi,
1591 4045 1681 4114 qui

116 4187 177 4238 est
203 4189 342 4230 mens
366 4175 559 4248 Xysti.
583 4175 713 4250 Vult
741 4175 938 4250 quippe
952 4176 1094 4250 nulli
1128 4177 1295 4232 licere
1322 4177 1524 4250 Illyrici
1552 4178 1672 4250 epi-

111 4259 244 4310 scopo
269 4247 544 4316 quoquam
581 4247 700 4304 sine
737 4247 995 4302 antistitis
1026 4247 1537 4305 Thessalonicensis
1560 4248 1669 4304 for-

112 4328 223 4371 mata
249 4317 543 4386 proficisci.

169 4398 188 4425 ⁸
207 4389 619 4464 Restituenqum
649 4389 884 4464 videtur,
912 4389 1156 4446 volumus
1176 4399 1250 4464 ut
1298 4391 1541 4464 legimus,
1564 4391 1672 4447 sci-

111 4459 208 4535 licet
241 4461 373 4530 apud
404 4447 674 4535 Paulum
714 4447 896 4535 (Rom.
945 4477 1046 4528 ιιι,
1105 4461 1197 4535 10)
1246 4447 1668 4534 praecipientem,

113 4528 536 4616 Hortareinuicem.
565 4528 959 4616 prménientes.

1757 471 2008 526 obtinere
2029 471 2274 544 istud'uit;
2317 487 2490 544 eaque
2517 474 2585 529 de
2622 471 2684 530 re
2724 471 3119 531 consulendum
3165 471 3352 533 monet

1758 544 1995 599 Leonem
2025 543 2340 616 inrepistola
2370 543 2434 598 ad
2467 545 2848 602 Maximianum
2881 547 3220 616 epismpum,
3249 547 3351 606 hoc

1757 627 1874 690 est,
1905 614 2144 690 quodin
2191 617 2416 690 epistola
2468 619 2554 672 illa
2603 619 2873 688 legimus:
2908 614 3128 690 Difficile
3176 614 3250 674 est
3294 629 3352 675 ut

1759 686 2014 761 cupiditas
2061 688 2411 761 improborum
2451 704 2552 744 non
2593 686 2796 761 aliquid
2847 686 3008 761 supra
3053 706 3349 745 mensuram

1759 759 2010 834 moliatur
2051 768 2326 834 appetere;
2369 759 2706 834 sicutgetian'i
2745 764 2814 834 in_
2845 759 3110 834 Epltesina
3151 763 3354 834 synodo

1759 829 2026 916 Iuvenalis
2048 830 2403 916 episcOpys.ad
2425 829 2753 886 obtinendum
2764 829 3058 916 falestina:
3077 829 3354 916 ptoiincite

1761 900 2110 974 principatum
2151 900 2390 974 credidit
2415 917 2470 955 se
2497 919 2647 974 posse
2692 903 2944 974 sufficere,
2987 914 3035 957 et
3075 900 3355 960 insolentes

1760 972 2425 1046 aususAper__contmenti_tia
2454 972 2648 1046 scripta
2674 972 2882 1041 ﬁrmare
2906 974 3042 1046 (Leo
3067 977 3218 1044 epist.
3251 976 3356 1032 110

1762 1061 1880 1118 cap.
1926 1042 2243 1118 6)._Verum
2289 1043 2354 1097 ad
2403 1043 2517 1098 haec
2566 1044 2792 1118 Xystum
2826 1042 3046 1118 minime
3086 1042 3355 1116 respicere

1763 1115 1892 1170 hinc
1914 1115 2070 1169 nebis
2100 1130 2412 1185 persuasum
2441 1123 2524 1170 est
2547 1134 2557 1168 :
2585 1115 2759 1185 primo
2783 1116 2946 1186 quod,
2969 1115 3354 1185 Cyrillo’Juve-

1764 1186 1905 1242 nalis
1956 1186 2239 1241 ambitioni
2296 1187 2700 1252 intercedente,
2763 1188 2902 1243 irriti
2957 1188 3156 1245 fuerint
3208 1192 3354 1246 illius

1764 1267 2012 1326 conatus,
2041 1257 2181 1312 adeo
2207 1269 2260 1312 ut
2305 1259 2508 1311 nullum
2551 1273 2612 1313 ea
2641 1258 2708 1314 de
2739 1275 2797 1314 re
2837 1259 3138 1327 decretum,
3183 1261 3352 1316 immo

1765 1344 1870 1402 nec
1896 1329 2120 1402 verbum
2152 1329 2206 1382 in
2240 1328 2510 1397 Ephesina
2542 1331 2750 1402 synodo
2777 1339 2984 1398 exstet;
3014 1347 3135 1386 cum
3167 1341 3350 1389 tamen

1764 1400 1936 1472 Xysto
1965 1401 2028 1453 de
2070 1401 2384 1472 constitutis,
2432 1417 2535 1455 non
2561 1400 2685 1469 qua:
2726 1418 2861 1457 unus
2904 1403 3208 1472 episcopus,
3256 1405 3352 1459 sed

1765 1471 1885 1542 qum
1907 1472 2136 1542 synodus
2163 1471 2461 1528 decernere
2484 1473 2670 1538 voluit,
2700 1472 2784 1527 hic
2815 1471 2998 1528 sermo
3027 1471 3115 1528 sit.
3150 1475 3355 1531 Deinde

1767 1544 1982 1598 etiamsi
2009 1543 2330 1597 obtinuisset
2359 1543 2634 1598 iuvenalis
2661 1545 2806 1612 quod
2847 1544 3141 1606 ambiebat,
3189 1545 3355 1614 idque

1766 1614 1969 1686 firmari
2018 1615 2241 1686 decreto
2295 1614 2478 1686 aliquo
2528 1619 2904 1686 impetrasset;
2954 1616 3020 1671 ad
3070 1615 3354 1686 episcopos

1765 1684 1963 1756 Illyrici
1993 1683 2122 1754 quid
2150 1683 2414 1740 attinebat
2441 1683 2728 1755 usurpatus
2761 1685 3042 1742 Palestina:
3076 1683 3350 1756 principa-

1772 1705 1963 1756 lllyl'lCl
1993 1705 2122 1754 ψιιυ
2150 1705 2414 1740 autnenat
2441 1705 2728 1755 usurpatus
2761 1705 3042 1742 I’BICSUINB
3076 1705 3244 1754 ρῐίηω
3288 1705 3350 1741 8-

1772 1757 1892 1810 tus?
1933 1755 2306 1828 qntdveiopus
2350 1765 2489 1820 erat,
2524 1767 2580 1811 ut
2627 1773 2720 1812 eos
2750 1757 2953 1826 Xystus
2984 1758 3048 1812 ad
3090 1705 3354 1828 synorﬁtm

1776 1835 2010 1889 vocaret,
2065 1827 2155 1881 ubi
2204 1828 2513 1899 hujusmodi
2561 1837 2763 1884 statuto
2809 1845 2870 1885 se
2913 1827 3137 1885 minime
3180 1832 3354 1887 teneri

1774 1899 2232 1953 admOuerentur?

1848 1973 1901 2025 '5.
1934 1971 2132 2025 Eadem
2164 1971 2328 2043 verba
2358 1985 2466 2040 quo
2493 1970 2684 2027 referri
2705 1981 2937 2043 queant,
2953 1971 3353 2043 incompertum

1854 1987 1901 2025 Ἰ.
1936 1987 2132 2025 nauem
2164 1987 2328 2025 verna
2358 1987 2466 2040 quo
2493 1987 2684 2027 relerrt
2755 1987 2936 2035 ueaut,
2963 1987 3353 2043 mcompertum

1778 2041 1881 2116 sibi
1907 2056 2044 2116 esse
2064 2042 2252 2096 scribit
2282 2042 2664 2116 Tillemontius
2690 1987 2870 2115 (1am.
2897 2041 3163 2116 ΧΙνγραθ.
3196 2042 3356 2116 264),

1780 2115 1878 2166 nisi
1907 2113 1988 2166 his
2015 2113 2290 2167 decretum
2316 2124 2529 2167 notetur
2559 2113 2843 2183 Epltesinze
2867 2115 3056 2185 synodi
3081 2113 3185 2169 act.
3221 2116 3276 2184 7,
3303 2113 3357 2172 in

1777 2199 1885 2253 quo
1920 2201 2024 2238 non
2054 2186 2225 2239 solum
2258 2185 2607 2239 ecclesiarum
2639 2188 2798 2255 (Iypri
2827 2187 3084 2240 asseritur
3112 2186 3356 2254 libertas,

1777 2255 1871 2328 sed
1902 2265 1968 2328 et
2015 2271 2108 2328 sua
2131 2259 2369 2328 caeteris
2405 2255 2660 2310 Ecclesiis
2704 2257 2831 2326 jura
2858 2266 3160 2323 servantur,
3194 2266 3358 2328 atque

1776 2327 2042 2381 edicitur:
2071 2324 2280 2400 Placuit
2323 2328 2483 2400 igitur
2516 2324 2718 2381 sancth
2737 2329 3140 2400 etrwcumenicw
3159 2324 3358 2400 synodo

1778 2400 2061 2470 unicuique
2106 2399 2384 2470 provincia:
2412 2415 2544 2470 pura
2571 2407 2620 2452 et
2648 2399 2910 2466 inviolata,
2947 2416 3064 2470 quae
3095 2399 3209 2469 jam
3236 2401 3360 2456 inde

1779 2469 1841 2521 ab
1864 2469 2013 2541 initio
2045 2468 2254 2541 habuit,
2278 2485 2372 2541 sua
2391 2468 2520 2540 jura
2548 2481 2813 2524 serventur
2827 2468 2981 2541 juxta
3003 2468 3218 2525 veterem
3239 2489 3361 2526 con-

1779 2540 2126 2604 suetudinem,
2153 2549 2202 2594 et
2237 2538 2458 2592 liberum
2487 2541 2550 2594 sit
2577 2543 2760 2611 cuique
2788 2538 3190 2610 metropolitano
3213 2552 3361 2597 acto-

1779 2627 1896 2685 rum
1928 2611 2164 2685 exempla
2191 2611 2273 2685 ad
2287 2627 2435 2685 suam
2453 2614 2790 2685 securitatem
2825 2615 3076 2685 excipere.
3105 2614 3175 2668 At
3199 2615 3361 2671 simul

1782 2684 1981 2737 fatetur
2029 2681 2114 2756 vir
2154 2681 2621 2756 modestissimus,
2681 2681 2957 2739 decretum
3000 2685 3160 2751 illud,
3212 2695 3362 2756 post-

1783 2769 1942 2823 quam
1978 2753 2126 2807 sedis
2155 2754 2464 2823 apostolicm
2495 2755 2650 2823 legati
2682 2756 2952 2823 Ephesum
2987 2753 3357 2824 advenissent,

1783 2824 2136 2899 Constitutum
2166 2839 2306 2899 esse,
2344 2841 2441 2899 nec
2469 2834 2645 2879 tamen
2674 2829 2880 2899 uspiam
2913 2827 3202 2899 quidquam
3232 2827 3360 2899 legi,

1784 2897 1926 2951 unde
1959 2896 2164 2970 legatos
2194 2897 2320 2970 illos
2348 2898 2412 2970 ei
2440 2899 2766 2970 reclamasse
2792 2896 3124 2970 colligamus.
3156 2896 3362 2970 Xystus

1783 2979 1964 3022 autem
1991 2969 2056 3021 de
2083 2968 2390 3022 constitutis
2437 2969 2670 3034 loquitur
2715 2986 2835 3036 qure
2877 2969 3034 3024 sedes
3062 2968 3359 3038 apostolica

1785 3055 2074 3108 numquam
2110 3039 2730 3112 probaverit.7Przeterea
2759 3039 2985 3112 Xystum
3012 3042 3209 3112 synodi
3237 3057 3361 3112 qua

1786 3057 2074 3108 numquam
2110 3057 2436 3108 pronavcrn.
2464 3057 2730 3094 rrzeterea
2761 3057 2985 3112 aysuim
3012 3057 3209 3165 synodi
3237 3057 3361 3112 qua

1786 3126 2054 3164 summam
2089 3111 2202 3164 sedi
2233 3111 2544 3178 apostolica:
2575 3114 2934 3167 reverentiam
2967 3126 3035 3168 ex
3057 3112 3238 3178 libuit,
3275 3115 3365 3174 vel

1704 3176 1751 3239 C
1784 3181 2002 3236 det-rcta
2042 3176 2320 3249 reiecisse,
2368 3183 2452 3236 vel
2498 3184 2874 3238 auctoritatem
2906 3176 3233 3239 imminuere
3266 3200 3364 3240 vo-

1783 3253 1950 3308 luisse
1981 3255 2100 3321 quis
2121 3253 2339 3308 credat?
2363 3253 2454 3307 llle
2480 3266 2627 3309 certe
2654 3254 2942 3309 concilium
2968 3256 3364 3312 cecumeuicum

1784 3339 1891 3399 non
1907 3339 2060 3399 _vago
2083 3325 2272 3399 synodi
2307 3324 2609 3399 Orientalis,
2637 3327 2733 3380 sed
2761 3325 2952 3382 saltem
2979 3326 3201 3397 proprio
3236 3345 3364 3399 syn-

1785 3397 1870 3449 odi
1900 3393 2176 3463 Ep/tesinw
2203 3396 2419 3450 nomine
2441 3396 2798 3466 designasset.

1857 3467 1912 3522 4.
1961 3466 2129 3535 Hujus
2153 3481 2304 3539 papa:
2333 3467 2501 3520 verba
2532 3469 2700 3535 prima
2723 3468 2900 3522 fronte
2923 3482 3225 3539 congruere
3252 3485 3364 3524 ma-

1794 3539 1875 3608 gis
1915 3539 2165 3592 videntur
2201 3537 2812 3611 Constantinopolitanae.
2843 3537 3051 3611 synodo
3090 3555 3233 3596 anno
3261 3543 3360 3598 581

1790 3611 2012 3675 habitae,
2047 3618 2238 3680 utpote
2282 3611 2440 3677 cujus
2484 3610 2726 3676 decreta,
2767 3609 2820 3664 in
2861 3609 2928 3666 iis
2964 3626 3084 3678 qua:
3109 3613 3174 3666 ad
3204 3613 3365 3669 fidem

1783 3684 2040 3748 attinent,
2077 3682 2149 3734 ita
2199 3692 2526 3750 receperunt
2564 3681 2793 3737 Romani
2842 3683 3142 3751 pontifices,
3180 3693 3238 3738 ut
3261 3699 3366 3740 cae-

1784 3763 1898 3806 tera
1930 3752 2224 3808 constituta
2261 3755 2424 3824 etiam
2455 3751 2758 3824 diutissime
2787 3763 2909 3822 post
2938 3753 3090 3824 Xysti
3125 3764 3365 3824 tempora

1781 3825 2016 3895 probare
2043 3839 2268 3893 prorsus
2300 3822 2589 3878 nul-ierint.
2623 3825 2885 3890 Quocirca
2931 3822 3247 3894 btijusmodi
3268 3827 3364 3882 de-

1782 3905 1953 3962 creta,
1987 3911 2107 3949 cum
2135 3895 2204 3949 ab
2243 3897 2493 3950 Anatolio
2529 3896 2685 3950 valde
2721 3896 3124 3965 jactitarentur,
3160 3898 3366 3954 nullius

1785 3968 2044 4022 momenti
2076 3981 2197 4021 esse
2225 3966 2334 4021 Leo
2361 3965 2429 4021 ad
2475 3967 2762 4036 ipsummet
2807 3966 3115 4023 Anatolium
3164 3969 3364 4024 rescri-

1786 4040 1924 4094 bens
1971 4038 2256 4094 contendit
2283 4038 2365 4092 bis
2395 4039 2575 4093 verbis
2600 4056 2613 4091 :
2646 4036 2982 4093 Persuasioni
3017 4039 3153 4092 enim
3184 4048 3288 4095 tute
3311 4041 3366 4096 in

1783 4177 1837 4231 in
1867 4174 2094 4248 Asianas
2121 4174 2424 4244 provincias
2457 4173 2578 4248 jure
2605 4174 2828 4248 potitum
2872 4187 3000 4228 esse
3047 4174 3362 4248 largiamur,

1781 4262 1811 4301 a
1843 4245 2129 4301 mendacio
2155 4248 2365 4313 purgari
2398 4247 2586 4316 nequit
2616 4245 2890 4314 Philippus
2922 4247 3220 4316 presbyter,
3235 4245 3393 4306 cum'

1784 4319 1834 4392 in
1861 4316 2310 4392 Chalcedonensi
2340 4315 2575 4392 concilio
2610 4326 2714 4392 act.
2733 4318 2815 4392 _i5
2839 4315 3364 4392 _Leontio:episcopo

1781 4389 2104 4444 Asianorum
2165 4389 2561 4458 provinciarum
2608 4387 2944 4458 privilegium
2974 4387 3265 4446 vindicanti
3297 4387 3364 4448 ac

1781 4460 1985 4536 dicenti
2021 4460 2102 4514 :A
2131 4457 2623 4536 sancto_Tt_'motheo’
2657 4457 2980 4536 usquenunc
3027 4461 3095 4514 27
3135 4461 3366 4536 episcopi

1781 4533 1926 4604 facti,
1959 4548 2132 4586 omnes
2191 4533 2240 4583 in
2297 4528 2503 4604 Epheso
2561 4544 2678 4604 sunt
2730 4528 2979 4604 Ordinati,
3037 4528 3360 4602 respondit,

165 4601 475 4685 {Ephesino
631 4605 872 4685 concilio
896 4619 1040 4685 _pa_g_.
1059 4603 1278 4685 ‘5M,_e,
1311 4605 1668 4685 depositionis
1698 4603 1747 4663 ι)
1776 4600 1990 4685 Sanctm
2029 4604 2291 4685 ntenioria:
2320 4600 2551 4685 Joannes
2575 4600 2906 4685 (Clirysost.)
2930 4600 3200 4685 episcopus
3226 4600 3366 4685 Con-

107 4672 302 4749 Nestojjii
321 4676 622 4749 sententiae
645 4672 935 4749 subscribii
967 4672 1176 4749 ldduas
1198 4672 1440 4749 smyrnae
1468 4679 1665 4749 cpisco-

106 4745 379 4818 pttsJJnde
413 4747 743 4818 Holstenius
775 4747 1022 4802 Proclum
1071 4748 1122 4801 in
1164 4745 1312 4802 hunc
1353 4745 1663 4818 episcopum

105 4816 430 4882 patriarchico
459 4817 596 4889 jure
623 4818 821 4886 egisse,
852 4819 921 4872 ab
949 4818 1070 4889 ejus
1095 4818 1302 4887 judicio
1347 4816 1567 4874 ldduam
1597 4822 1663 4874 ad

105 4890 419 4962 apostolicam
472 4888 672 4944 sedem
724 4888 1072 4962 provocasse,
1100 4900 1154 4944 et
1209 4891 1665 4962 Xystumrl’rocli

105 4959 390 5013 sententiam
446 4969 630 5014 ratam
683 4975 804 5015 esse
844 4960 1075 5029 jussisse
1122 4959 1390 5030 opinatur.
1424 4961 1503 5015 Ex
1559 4978 1664 5028 quo

101 5041 386 5103 sequeretur
415 5039 477 5085 ut
507 5031 720 5103 Xystus
761 5031 878 5100 ejus
911 5032 962 5086 in
984 5033 1236 5086 Asianum
1273 5032 1535 5088 diwcesin
1567 5047 1662 5101 pa-

102 5102 418 5173 triarchicum
463 5102 582 5170 jus’
607 5111 784 5158 ratum
816 5103 1122 5165 habuisset;
1157 5105 1301 5171 quod
1337 5106 1501 5173 ipsius
1539 5103 1654 5158 sedi

101 5185 152 5246 ne
170 5170 776 5246 Constantinopolitana
803 5173 1018 5246 quidem
1049 5170 1288 5246 synodus
1315 5170 1658 5230 attribuerat.

100 5242 239 5315 Hujus
267 5250 470 5314 quippe
504 5242 706 5315 synodi
737 5242 942 5299 canone
972 5244 1007 5298 2
1037 5242 1343 5300 decernitur
1374 5256 1427 5300 ut
1450 5246 1662 5301 Asiana:

100 5314 292 5386 diuites“
313 5314 562 5386 episcopi
585 5332 698 5386 qua:
720 5325 836 5369 sunt
855 5317 909 5370 in
933 5316 1046 5369 sola
1061 5318 1253 5370 Asiana
1280 5319 1663 5383 administrent,

96 5394 133 5460 et
159 5382 384 5441 Thraciis
413 5382 660 5460 episcopi
685 5387 964 5460 Thraciam
996 5397 1195 5460 tantum
1223 5399 1425 5460 regant.
1446 5382 1666 5460 Quam?

100 5457 355 5528 visiautem
394 5460 506 5512 hoc
533 5459 720 5528 illijus
762 5457 996 5528 primum
1024 5457 1488 5515 Chalcedonensis
1528 5475 1665 5515 con-

96 5526 182 5580 cilii
206 5541 415 5584 canone
439 5526 884 5593 concessum—sit,
910 5529 1039 5584 illud
1064 5539 1239 5586 tamen
1267 5532 1454 5587 Aetius
1487 5531 1666 5586 archi-

93 5595 321 5675 diaconus
377 5601 437 5657 in
483 5601 684 5658 eadem
739 5601 947 5675 synodo
1002 5611 1112 5658 act.
1154 5602 1241 5668 15,
1269 5618 1391 5675 pag.
1425 5601 1552 5669 796,
1579 5604 1662 5659 sic

91 5667 316 5748 yindicst,
346 5677 655 5748 qu_asr_)am
684 5667 856 5748 eidem
869 5681 1009 5748 _sedt
1035 5690 1062 5727 a
1092 5679 1196 5731 (ΣΡ.
1233 5667 1445 5748 synodo
1487 5667 1641 5735 attri-

95 5732 251 5817 butum
290 5732 479 5817 fuerit.
519 5732 688 5796 linmo
729 5744 827 5817 nisi
859 5732 1648 5817 Constantinopolim"nmiVan-

97 5813 310 5877 tantem,
349 5813 519 5868 etiam
570 5824 692 5868 ante
728 5813 1232 5873 Cltalccdoncusenf
1257 5824 1518 5882 synodum
1556 5821 1649 5877 [λοι

1775 4675 2264 4749 stantinopolitanus
2291 4672 2591 4749 quindecint
2617 4672 2903 4749 episcopos;
2922 4672 3158 4749 deposuit
3187 4678 3366 4749 profe-

1775 4759 1882 4800 ctus
1924 4748 1975 4800 in
2014 4747 2208 4810 Asiam,
2241 4755 2284 4798 et
2308 4745 2436 4798 alios
2475 4746 2749 4808 ordinavit,
2781 4756 2825 4799 et
2847 4745 3089 4800 Memnon
3107 4745 3196 4802 hic
3221 4745 3365 4804 ordi-

1775 4830 1925 4872 natus
1953 4828 2049 4873 est.
2082 4817 2152 4870 At
2174 4815 2582 4887 quoquqmodo
2609 4817 3190 4886 Constantinpolitani
3219 4835 3356 4876 con-

1773 4890 1883 4944 cilii
1937 4904 2175 4942 canones
2193 4885 2238 4942 Ξ
2278 4885 2330 4959 et
2377 4885 2428 4959 δέ
2459 4888 2795 4959 interpretati
2848 4885 2979 4942 sunt
3004 4889 3165 4959 regite
3207 4891 3362 4948 urbis

1776 4961 2061 5027 praesules,
2092 4975 2186 5014 eos
2217 4975 2245 5013 a
2277 4957 2432 5026 Xysti
2454 4958 2880 5027 successoribus,
2906 4957 3096 5014 saltem
3124 4960 3190 5016 ad
3220 4961 3358 5017 ﬂor-

1774 5032 2002 5086 misdam
2036 5047 2229 5101 usque,
2262 5031 2455 5084 nedum
2485 5031 2552 5085 ab
2582 5029 2700 5101 ipso
2726 5029 2917 5102 Xysto,
2951 5032 3221 5088 admissos
3248 5049 3359 5089 non

1767 5118 1888 5157 esse
1919 5114 2125 5156 certum
2158 5110 2263 5157 est.

1846 5185 1867 5212 ο
1902 5174 2017 5228 Non
2063 5190 2184 5228 cum
2228 5175 2472 5244 proxime
2501 5172 2658 5228 dietis
2687 5173 2754 5228 de
2780 5171 2964 5240 lddua,
2990 5173 3142 5244 cujus
3168 5189 3358 5231 exem-

1770 5245 1917 5315 plum
1953 5245 2156 5315 Xystus
2199 5245 2345 5299 velut
2396 5246 2448 5298 in
2497 5255 2811 5298 transcursu
2845 5246 3044 5314 attigit,
3087 5245 3182 5301 sed
3231 5260 3358 5302 cum

1772 5317 2144 5388 superimibus
2179 5317 2292 5370 hzec
2316 5317 2686 5371 connecteuda
2720 5325 2866 5370 sunt.
2903 5315 3106 5388 Xystus
3137 5331 3359 5386 nempe,

1775 5387 1867 5457 qui
1893 5404 1998 5444 non
2028 5389 2178 5454 plura
2204 5388 2382 5442 dicere
2416 5403 2475 5441 se
2509 5389 2866 5456 praemiserat,
2902 5387 2978 5441 rei
3007 5388 3166 5455 hujus
3193 5389 3364 5443 ratio-

1777 5474 1900 5513 nem
1933 5460 2154 5514 reddit:
2188 5459 2309 5529 quia
2355 5457 2606 5513 nimirum
2664 5459 2912 5529 pluribus
2942 5457 3180 5529 docendi
3230 5469 3364 5517 sunt

1776 5532 1867 5598 qui
1899 5533 2166 5601 ignorant,
2196 5528 2300 5585 non
2333 5530 2444 5600 qui,
2466 5542 2522 5586 ut
2556 5529 2807 5599 Proclus,
2825 5528 2956 5600 quid
2983 5528 3154 5588 officii
3181 5529 3274 5592 sui
3289 5530 3363 5593 sit

1771 5605 2020 5710 apprime
2045 5603 2267 5658 callent.

1891 5673 2096 5710 annln
2147 5676 2220 5710 s'ln

1891 5673 2114 5744 Supple,
2147 5676 2242 5729 ita.

1835 5753 1863 5784 ο
1893 5740 2155 5804 Decemb.
2183 5746 2253 5803 18
2291 5760 2420 5804 ann.
2445 5740 2574 5802 457.
