4018 6338
268 264 370 325 617

620 322 631 331 ,λ
695 268 1062 326 APPENDIX.
1104 264 1382 327 NOTITIA
1429 262 1692 325 SCRIPT.
1732 262 1897 336 QUAE
1932 265 2026 323 AD
2068 264 2326 324 XISTUM
2366 264 2430 321 Ill
2471 260 2701 323 PAPAM
2741 261 3107 322 ATTINENT.

3435 265 3540 326 0l8

266 392 401 447 quas
442 376 508 432 ad
555 377 888 450 singularum
919 380 1196 436 civitatum
1236 379 1425 436 scribit
1456 380 1748 447 Ecclesias,
1781 380 1850 436 de
1876 384 1929 445 Α
1954 380 2091 435 ciam
2124 396 2229 435 non
2258 380 2565 451 requiratur
2596 396 2611 434 :
2648 388 2707 434 ut
2742 381 2894 435 vobis
2926 381 3130 452 pariter
3157 384 3539 440 convenienti-

264 485 359 525 sua
389 471 445 526 in
466 473 694 529 Domino
720 475 1085 545 gratulatione
1107 482 1353 543 testatur,
1388 490 1523 544 quos
1554 474 1687 546 legis
1715 491 1851 545 pra:—

259 566 435 634 ceptis
465 581 659 635 parere
681 567 884 636 videat,
918 577 972 623 et
996 568 1047 622 in
1081 569 1172 623 Dei
1198 568 1367 623 nostri
1389 568 1587 624 timore
1618 568 1847 624 versari.

258 658 316 713 Si
348 667 497 713 tanta
526 661 688 729 igitur
730 660 995 731 Apostolo
1024 668 1133 716 tam
1165 662 1327 717 docto
1349 677 1511 733 quam
1544 672 1735 717 sancto
1764 672 1847 717 est

260 753 461 807 mentis
491 752 756 821 hilaritas,
787 754 935 825 quod
965 764 990 792 ι
1021 764 1200 810 tantos
1233 754 1459 824 pariter,
1500 755 1644 825 quod
1696 755 1851 809 novit

260 857 314 901 et
338 845 426 901 his
457 846 524 902 ad
552 863 691 918 quos
718 848 906 903 scribit
934 858 988 904 et
1015 848 1259 918 religioni
1284 846 1571 918 proficere,
1602 848 1725 902 unis
1755 863 1847 918 apo

262 940 424 1009 pellet
444 940 711 1012 epistolis,
731 950 932 1013 quanto
960 942 1113 997 nobis
1143 940 1339 1011 gaudio
1360 942 1680 997 existimatis
1702 956 1845 1009 esse,

257 1036 516 1103 quoniam
542 1036 593 1089 in
625 1050 914 1091 commune
956 1035 1258 1091 sanctitatis
1284 1044 1475 1091 vestrae
1504 1034 1664 1091 datur
1688 1034 1847 1090 nobis

254 1128 534 1197 appellare
553 1128 869 1193 concilium,
903 1137 958 1184 et
985 1143 1291 1183 sermonem
1319 1140 1567 1183 nostrum
1600 1126 1845 1182 aﬁ‘ectio—

253 1219 338 1273 nis
373 1220 479 1289 piae
507 1222 652 1277 circa
684 1236 778 1276 vos
830 1220 1141 1277 testimonia
1170 1221 1563 1285 continentem,
1594 1236 1716 1276 cum
1759 1235 1847 1276 ve—

254 1322 365 1366 stra
383 1315 680 1369 sanctitate
698 1314 1057 1384 conjungere?
1074 1314 1167 1369 llle
1185 1316 1330 1369 enim
1345 1314 1611 1385 singulas,
1632 1314 1846 1369 utdixi-

254 1422 395 1473 mus,
412 1407 660 1477 epistolis
685 1408 798 1462 suis
821 1408 1003 1462 visitat
1032 1407 1299 1462 Ecclesias
1323 1425 1334 1460 :
1364 1421 1466 1462 nos
1490 1406 1518 1445 δ
1545 1415 1623 1461 tot
1644 1406 1846 1477 pariter

263 1498 546 1554 credimus
589 1499 862 1555 Ecclesias
904 1500 1106 1555 nostris
1138 1499 1416 1570 appellare
1468 1515 1567 1555 nos
1618 1499 1840 1564 litteris,

249 1601 380 1661 quot
423 1591 559 1646 estis
593 1592 683 1660 qui
716 1591 781 1647 ad
824 1601 1066 1647 sanctam
1103 1592 1369 1663 synodum
1414 1593 1735 1649 convenitis.
1762 1593 1842 1647 llli

249 1691 329 1737 est
361 1698 548 1738 sermo
575 1699 699 1739 cum
724 1683 955 1739 rudibus
983 1693 1147 1754 atque
1174 1683 1499 1755 discipulis;
1529 1684 1686 1739 nobis
1718 1699 1834 1740 ser-

1954 476 2056 531 bus
2083 477 2247 545 possit
2281 477 2336 530 in
2365 489 2657 531 commune
2683 477 2965 542 constitui,
3000 476 3143 546 quod
3168 476 3539 536 Ecclesiarutn

1953 577 2135 623 servet
2161 570 2420 639 quietem,
2451 578 2507 625 et
2536 569 2763 641 populos
2796 576 2983 625 teneat
3008 570 3070 625 ad
3094 570 3351 626 salutem.

2024 659 2076 714 5.
2108 660 2217 717 Nec
2240 661 2324 716 his
2343 675 2459 729 vos,
2479 664 2672 717 fratres
2702 662 3387 733 cbarissimi,constitutis,
3418 677 3540 730 quae

1951 764 2151 825 praeter
2183 767 2369 810 nostra
2413 766 2681 826 praecepta
2711 755 3010 811 Orientalis
3055 754 3295 827 synodus
3346 755 3541 812 decer-

1952 867 2083 907 nere
2112 850 2311 912 voluit,
2335 849 2571 906 credatis
2603 849 2803 917 teneri,
2832 858 3032 919 praeter
3054 850 3107 904 id
3145 849 3366 920 quidem
3397 848 3539 919 quod

1952 944 2020 998 de
2063 942 2167 998 fide
2193 942 2662 998 consentientibus
2689 941 2976 1010 judicavit.
3010 941 3054 994 Α
3086 956 3355 995 canonum
3388 956 3535 1011 prte-

1951 1036 2125 1105 ceptis
2168 1044 2409 1092 vestrum
2470 1049 2629 1089 nemo
2654 1033 2917 1101 discedat,
2952 1049 3052 1090 nec
3091 1034 3160 1088 ab
3208 1035 3289 1090 his
3328 1034 3534 1104 deviet,

1950 1128 2240 1197 quzejuxta
2272 1126 2579 1197 regularum
2605 1124 2852 1179 ordinem
2878 1124 3134 1194 frequens
3162 1124 3229 1179 ad
3262 1141 3359 1180 vos
3386 1126 3537 1181 dire-

1949 1227 2032 1273 cta
2089 1218 2233 1273 sedis
2284 1216 2600 1288 apostolicae
2650 1214 2892 1270 decrevit
2946 1216 3267 1270 auctoritas.
3308 1216 3365 1271 Si
3406 1216 3536 1285 quid

1949 1312 2175 1367 forsitan
2198 1319 2290 1365 aut
2309 1311 2452 1365 inter
2480 1309 2674 1364 fratres
2694 1316 2879 1363 natum
2915 1306 3095 1374 fuerit,
3122 1314 3215 1361 aut
3242 1307 3397 1361 fratri
3426 1308 3539 1362 cui-

1944 1405 2088 1475 piam
2116 1404 2295 1475 aliqua
2313 1404 2455 1459 actio
2478 1417 2581 1474 qua
2612 1401 2876 1472 pulsetur,
2898 1400 3080 1467 illata;
3106 1408 3202 1455 aut
3232 1400 3343 1456 illic
3369 1400 3537 1458 fratre

1948 1506 2002 1551 et
2045 1496 2370 1566 coepiscopo
2402 1507 2589 1551 nostro
2620 1495 2912 1549 Anastasio
2934 1494 3120 1565 judice
3147 1494 3410 1551 eveniens
3437 1510 3535 1551 ne-

1947 1588 2157 1659 gotium
2185 1588 2524 1657 terminetur,
2554 1588 2642 1659 qui
2666 1589 2812 1645 vices
2841 1587 3151 1658 apostolica:
3174 1586 3323 1643 sedis
3351 1602 3534 1658 agere,

1948 1691 2005 1736 ut
2034 1682 2208 1737 beatae
2241 1683 2518 1737 memoria:
2552 1681 2723 1737 Rufus
2744 1682 3003 1737 decessor
3031 1682 3225 1751 ipsius,
3258 1697 3322 1736 ex
3354 1691 3539 1738 nostra

250 1790 336 1828 mo
368 1789 497 1828 cum
532 1775 761 1846 collegis
787 1784 842 1829 et
869 1775 1067 1831 doctis.
1100 1776 1168 1830 Et
1196 1786 1250 1830 ut
1280 1791 1308 1830 a
1332 1775 1629 1832 beatissimi
1663 1776 1838 1843 Pauli,
1872 1780 1921 1841 B
1947 1772 2223 1827 voluntate
2254 1772 2630 1843 cognoscitur;
2663 1780 2758 1827 aut
2784 1772 2850 1826 ad
2890 1787 3011 1836 nos,
3044 1772 3089 1826 si
3119 1773 3230 1828 illic
3260 1772 3401 1827 ﬁniri
3428 1787 3539 1827 non

251 1865 407 1935 cujus
441 1867 681 1922 maxime
715 1868 1005 1937 przeceptis
1033 1865 1261 1922 obedire
1292 1882 1389 1921 vos
1416 1867 1694 1933 convenit,
1733 1884 1838 1923 non

250 1956 573 2012 recedamus
595 1958 879 2028 exemplo,
919 1974 1024 2014 non
1050 1957 1208 2013 vobis
1227 1974 1391 2028 grave
1422 1959 1495 2014 sit
1521 1960 1588 2015 de
1620 1960 1699 2014 bis
1723 1977 1843 2031 qua:

247 2048 311 2103 ad
335 2058 585 2103 nostram
614 2048 859 2104 notitiam
909 2049 1252 2119 perveniunt,
1287 2059 1343 2105 nt
1385 2059 1634 2107 servetur
1678 2051 1844 2107 disci-

249 2141 391 2210 plina
427 2140 822 2206 ecclesiastica,
845 2143 1182 2198 commoneri
1200 2157 1264 2197 ac
1284 2144 1330 2198 si
1362 2153 1683 2213 praesentes.
1702 2145 1841 2216 Ergo

260 2235 543 2291 vobiscum
576 2235 717 2306 quod
765 2236 832 2291 ad
877 2238 1187 2308 regularum
1230 2253 1615 2309 canonumque
1662 2249 1844 2295 custo-

246 2326 389 2382 diam
439 2327 703 2398 proﬁcere
750 2328 1032 2394 novimus,
1082 2344 1179 2400 pro
1232 2330 1601 2386 sollicitudine
1652 2342 1841 2386 nostra

248 2418 605 2489 conferimus,
641 2430 927 2491 sequestro
958 2421 1071 2477 ﬁlio
1106 2431 1297 2478 nostro
1327 2422 1576 2479 Artemio
1605 2426 1842 2497 presby—

243 2521 357 2571 tero
386 2516 546 2586 cujus
568 2517 724 2572 nobis
748 2516 989 2573 efficacia
1018 2517 1077 2572 in
1108 2517 1317 2586 agendo
1339 2518 1549 2587 pariter
1578 2528 1631 2574 et
1654 2520 1841 2575 mode-

243 2609 382 2663 ratio
417 2608 895 2679 placuitetamor,
931 2619 988 2665 ut
1015 2608 1246 2664 traditus
1276 2621 1479 2667 trames
1509 2626 1539 2665 a
1572 2611 1838 2681 patribus,

244 2701 415 2756 firmis
468 2712 670 2758 vestra:
710 2702 1019 2758 dilectionis
1072 2703 1315 2773 vestigiis
1372 2713 1648 2770 teneatur,
1678 2714 1733 2760 et
1778 2721 1840 2761 ea

242 2808 361 2862 qua:
382 2810 417 2848 a
448 2794 608 2849 nobis
638 2805 862 2864 propter
882 2795 1121 2867 quietem
1148 2795 1521 2852 Ecclesiarum
1544 2805 1671 2852 sunt
1693 2808 1713 2836 ε
1742 2812 1838 2854 cu-

244 2885 465 2955 stodita,
497 2896 799 2943 serventur.

306 2978 361 3031 2.
397 2979 709 3052 Illyricana:
748 2996 942 3038 omnes
983 2982 1276 3051 Ecclesiae,
1308 2992 1420 3039 uta
1452 2984 1840 3043 decessoribus

239 3072 442 3128 nostris
471 3075 802 3146 accepimus,
833 3085 887 3130 et
913 3091 1013 3131 nos
1034 3091 1248 3148 quoque
1276 3076 1523 3145 fecimus,
1559 3079 1625 3134 ad
1650 3095 1835 3135 curam

1952 1866 2214 1936 potuerit,
2241 1866 2435 1921 eodem
2468 1875 2649 1922 tamen
2682 1867 2793 1921 suis
2830 1866 3023 1921 litteris
3059 1880 3277 1921 causam
3319 1880 3537 1922 omnem

1946 1975 2069 2030 quae
2101 1960 2328 2015 vertitur
2365 1969 2749 2030 prosequente,
2783 1959 2963 2014 veniat
2988 1973 3239 2014 examen.

2014 2058 2069 2112 4.
2105 2055 2556 2125 Nullum-corpus
2590 2066 2694 2122 est,
2719 2054 2864 2126 quod
2915 2054 3091 2125 capite
3137 2068 3246 2109 non
3295 2060 3534 2125 regatur.

1945 2149 2095 2205 Estis
2137 2150 2355 2221 quidem
2402 2150 2669 2214 membra,
2704 2158 2761 2203 ut
2788 2149 3034 2204 novimus
3066 2157 3285 2215 sancta;
3312 2149 3405 2205 sed
3441 2166 3538 2206 ve-

1944 2252 2116 2298 strum
2170 2252 2333 2312 caput
2378 2242 2655 2311 respicere
2692 2248 2749 2296 et
2788 2242 3061 2296 honorare
3103 2255 3201 2296 vos
3227 2241 3534 2298 condecet:

1944 2336 2199 2407 quoniam
2232 2334 2411 2390 honor
2451 2335 2645 2405 capitis
2677 2334 2742 2388 ad
2785 2349 2935 2405 spem
2968 2334 3137 2389 totius
3162 2334 3376 2403 proﬁcit
3413 2348 3541 2389 san-

1945 2427 2149 2484 ctitatis
2170 2444 2185 2494 ;
2210 2436 2265 2483 et
2294 2442 2451 2482 suum
2474 2442 2673 2497 corpus
2691 2426 2938 2481 sollicitis
2962 2434 3143 2482 tuetur
3165 2426 3359 2493 oculis,
3392 2425 3538 2496 quod

1944 2521 2046 2575 sibi
2067 2528 2249 2590 aptum
2283 2531 2335 2575 et
2376 2520 2555 2589 dignis
2580 2518 2829 2574 videatur
2859 2518 2925 2573 ad
2956 2532 3393 2588 unamquamque
3422 2532 3538 2573 rem

1952 2612 2148 2669 ofﬁciis
2177 2613 2493 2668 convenire.
2524 2612 2630 2667 Sed
2658 2620 2719 2666 ut
2747 2626 2907 2666 omne
2956 2625 3156 2680 corpus
3183 2611 3363 2680 capite
3395 2610 3539 2681 regi-

1948 2719 2058 2774 tur,
2093 2707 2163 2761 ita
2197 2706 2375 2777 ipsum
2414 2713 2598 2775 caput,
2629 2704 2729 2759 nisi
2759 2720 2860 2760 suo
2897 2718 3133 2775 corpore
3173 2712 3531 2769 sustentetur,

1944 2800 2255 2855 ﬁrmitatem
2313 2807 2368 2854 et
2423 2798 2659 2869 vigorem
2711 2813 2868 2852 suum
2920 2796 3116 2866 perdit,
3148 2805 3203 2852 et
3244 2812 3350 2851 non
3391 2802 3540 2851 tenet

1945 2909 2106 2963 quam
2160 2891 2427 2947 habuerat
2472 2889 2816 2960 dignitatem.
2868 2888 3055 2943 Estote
3105 2888 3289 2959 igitur,
3319 2897 3373 2942 ut
3414 2902 3539 2943 esse

1945 2984 2202 3041 convenit
2232 2981 2447 3037 Domini
2474 2981 2806 3045 sacerdotes,
2840 2979 3207 3036 Ecclesiarum
3248 2979 3536 3050 prtesules,

1944 3077 2225 3147 religionis
2247 3084 2447 3130 nostrae
2473 3073 3059 3130 doctores.Reservate
3088 3072 3243 3127 fratri
3275 3080 3332 3128 et
3350 3074 3536 3144 coepi-

244 3183 389 3223 nunc
434 3169 711 3237 pertinent
756 3168 1267 3226 Thessalonicensis
1308 3171 1599 3238 antistitis;
1644 3183 1701 3228 ut
1740 3189 1838 3228 sua
1866 3170 1914 3235 C
1948 3184 2114 3239 scopo
2140 3177 2329 3223 nostro
2355 3168 2713 3223 reverentiam
2742 3182 2902 3237 quam
2933 3164 3164 3232 debetis,
3188 3174 3243 3221 et
3275 3165 3413 3221 inter
3439 3182 3541 3221 vos.

238 3261 634 3329 sollicitudine,
665 3261 710 3316 si
745 3278 867 3333 quae
900 3262 1046 3319 inter
1072 3264 1273 3320 fratres
1313 3276 1628 3334 nascantur,
1664 3276 1719 3321 ut
1749 3281 1839 3323 as-

249 3354 449 3422 solent,
480 3354 723 3411 actiones
750 3355 1048 3427 distinguat
1072 3367 1235 3429 atque
1269 3357 1514 3425 deﬁniat,
1542 3368 1597 3414 et
1622 3360 1689 3415 ad
1713 3376 1834 3417 eum

240 3450 502 3520 quidquid
549 3467 579 3506 a
627 3452 854 3523 singulis
891 3454 1275 3510 sacerdotibus
1305 3456 1508 3525 agitur,
1542 3454 1829 3511 referatur.

244 3541 321 3598 Sit
350 3543 647 3599 concilium
678 3545 889 3615 quoties
912 3559 1093 3601 causa:
1124 3546 1351 3610 fuerint,
1371 3547 1584 3617 quoties
1621 3546 1713 3603 ille
1735 3562 1832 3617 pro

242 3636 628 3691 necessitatum
671 3641 1069 3708 emergentium
1113 3641 1325 3695 ratione
1373 3640 1676 3696 decreverit
1711 3659 1725 3696 :
1776 3651 1838 3697 ut

242 3727 438 3783 merito
484 3730 648 3787 sedes
690 3732 1010 3801 apostolica,
1044 3733 1312 3789 relatione
1365 3735 1485 3804 ejus
1542 3734 1834 3803 instructa,

240 3835 354 3891 qua:
376 3821 585 3878 fuerint
608 3832 722 3879 acta
750 3825 1056 3881 conﬁrmet.
1085 3826 1357 3883 Evocatus
1380 3834 1621 3883 vestrum
1648 3828 1835 3883 venire

241 3928 405 3970 nemo
429 3926 764 3984 contemnat,
796 3932 897 3975 nec
918 3920 1329 3991 congregationi
1352 3930 1556 3977 sancta:
1580 3921 1648 3976 ad
1669 3936 1830 3992 quam
1858 3962 1861 3965 -

239 4008 393 4067 debet
425 4011 701 4083 festinare,
732 4027 791 4069 se
823 4012 1074 4085 deneget.
1100 4014 1394 4072 Excusatio
1418 4030 1516 4087 per
1545 4024 1827 4073 contuma-

312 4185 336 4249 ξι
363 4176 422 4249 id
443 4186 552 4249 est,
588 4186 692 4233 tam
717 4182 906 4233 multas
928 4181 1142 4249 pariter.

306 4244 334 4283 δ
368 4248 605 4331 Primum
636 4250 779 4306 istud
810 4268 899 4306 nos
928 4244 995 4307 'in
1042 4260 1215 4321 recto,
1250 4266 1489 4325 sequens
1524 4252 1580 4308 in
1630 4260 1827 4324 quarto

243 4332 364 4372 €35“
388 4333 638 4375 Slllﬂlllll‘.

314 4401 333 4427 ε
368 4391 551 4446 Mallet
580 4391 888 4449 llolstenius
911 4397 1206 4450 constituta.
1240 4398 1284 4450 A
1312 4394 1470 4467 Xysti
1495 4404 1674 4452 tamen
1702 4410 1825 4450 sco-

247 4520 3511 4555 _———___—_——_————-——-—-———_*

1946 3280 2133 3336 pacem
2165 3273 2219 3319 et
2246 3262 2595 3319 concordiam
2628 3261 2918 3318 custodite.
2942 3261 3028 3317 Sit
3049 3261 3103 3316 in
3132 3260 3308 3325 vobis,
3339 3270 3540 3316 utesse

1946 3358 2242 3422 credimus,
2274 3372 2370 3412 cor
2401 3372 2566 3411 unum
2594 3367 2650 3413 et
2680 3357 2855 3411 anima
2884 3372 2986 3411 una
3018 3356 3157 3428 (Act.
3182 3372 3257 3425 tv,
3286 3356 3403 3426 5‘2).
3427 3355 3540 3411 Nec

1948 3452 2184 3508 credatis
2207 3450 2363 3506 vobis
2405 3450 2571 3505 minui
2616 3449 2874 3520 quidquid
2916 3449 3237 3505 reverentiae
3266 3446 3439 3517 illius,
3466 3448 3535 3503 ad

1947 3561 2110 3617 quem
2149 3553 2206 3601 et
2228 3544 2460 3614 majores
2488 3544 2659 3598 nostri
2692 3553 2747 3598 et
2777 3558 2876 3599 nos
2909 3542 3227 3615 lllyricanas
3260 3542 3533 3599 Ecclesias

1944 3642 2093 3709 juxta
2138 3651 2343 3692 morem
2373 3634 2627 3690 traditum
2658 3634 2926 3689 voluimus
2970 3634 3271 3705 pertinere,
3295 3647 3327 3687 a
3354 3642 3536 3689 vestra

1947 3730 2239 3788 dilectione
2292 3738 2347 3784 et
2392 3726 2599 3784 servari
2650 3728 2896 3783 volumus
2944 3736 3000 3784 et
3045 3727 3264 3784 deferri.
3320 3725 3347 3765 ά
3404 3729 3537 3785 Data

1948 3827 2016 3881 15
2046 3822 2309 3881 kalendas
2336 3822 2645 3889 Januarias,
2691 3820 2848 3877 Aetio
2895 3821 3095 3878 iterum
3135 3832 3191 3878 et
3221 3820 3536 3892 Segisvulto

1944 3918 2282 3975 consulibus.

1941 4193 2012 4249 po
2047 4175 2282 4249 alienum
2317 4186 2422 4225 non
2454 4177 2537 4225 est
2574 4168 2850 4249 custodite.
2874 4164 3033 4249 Nihil;
3061 4165 3202 4221 enim
3230 4166 3374 4249 bovi
3405 4180 3535 4222 cons

1937 4238 2137 4309 stituit.
2173 4243 2269 4300 sed
2318 4257 2437 4312 qua:
2488 4256 2517 4295 a
2574 4238 2871 4308 majoribus
2913 4246 3039 4293 sunt
3087 4239 3383 4293 constituta
3441 4253 3534 4294 σιμ

1936 4321 2324 4444 ³ῑῗιᾱδέιειξηιι).
2354 4383 2422 4441 18
2452 4382 2579 4438 anni
2607 4383 2734 4439 457.

1368 4653 2401 4773 APPENDIX.

469 4947 799 5009 ΝΟΤΙΤΙΛ
843 4946 1369 5021 RELIQUORUM
1412 4945 1919 5010 SCRIPTORUM
1963 4943 2149 5021 QUE
2197 4941 2305 5003 AD
2352 4933 2683 4999 XYSTUM
2730 4932 2815 4994 lll
2861 4931 3292 4994 ATTINENT.

420 5070 447 5144 ᾗ
473 5070 514 5125 l.
548 5071 676 5137 Qua:
701 5069 899 5141 Xystus
929 5069 1098 5123 adhuc
1135 5069 1393 5140 presbyter
1420 5070 1649 5142 scripsit.

317 5163 602 5235 LXystus,
616 5162 837 5218 Zosimo
866 5176 1079 5217 summo
1098 5162 1378 5233 pontiﬁce,
1392 5161 1652 5217 Romana:
1666 5162 1838 5219 eccle-

243 5255 337 5311 siae
368 5258 647 5328 presbyter
681 5257 813 5311 tanti
848 5265 959 5311 erat
996 5255 1254 5323 nominis,
1289 5264 1347 5310 ut
1371 5269 1493 5310 cum
1533 5255 1671 5310 fama
1711 5271 1835 5311 eum

242 5348 545 5418 Pelagianis
596 5348 781 5404 favere
824 5347 1111 5418 iactasset,
1172 5345 1301 5404 hinc
1354 5362 1461 5403 non
1492 5346 1839 5403 mediocriter

242 5440 562 5498 eﬁ‘errentur
590 5441 922 5497 Christianae
949 5440 1140 5511 gratia
1171 5438 1401 5504 inimici,
1432 5454 1497 5495 ac
1552 5439 1834 5494 nihilomi-

244 5550 341 5589 nus
378 5537 828 5591 contristarentur
855 5535 1101 5606 ejusdem
1131 5535 1321 5605 gratim
1352 5534 1667 5589 defensores
1698 5532 1832 5605 (Au-

242 5629 432 5696 gustin.
457 5630 605 5700 epist.
634 5626 739 5683 194
764 5646 817 5681 n.
852 5627 927 5697 1).
963 5627 1057 5683 llle
1078 5642 1214 5684 vero
1238 5629 1521 5684 sinistrum
1555 5641 1828 5681 rumorem

247 5726 303 5770 ut
346 5720 659 5787 quantocius
689 5720 1003 5790 dissiparet,
1049 5720 1232 5791 primo
1272 5718 1599 5775 Christianae
1643 5720 1831 5789 gratiae

245 5807 475 5870 inimicis
497 5815 550 5872 in
574 5815 1019 5885 frequentissimo
1046 5814 1233 5886 populi
1252 5823 1398 5872 ctetu
1416 5814 1566 5885 prior
1586 5811 1829 5869 omnium

512 5911 790 5973 ΡΑτιιοι..
838 5910 911 5970 L.

1856 5072 1913 5134 D
1938 5068 2225 5125 anathema
2257 5058 2657 5135 pronuntiavit;
2688 5071 2750 5110 ac
2794 5054 2990 5110 deinde
3029 5054 3230 5111 Leonis
3262 5064 3376 5111 tum
3409 5073 3533 5112 aco~

1942 5164 2076 5235 lythi
2104 5174 2268 5231 opera
2291 5153 2575 5227 epistolam
2600 5150 2664 5206 ad
2696 5148 2974 5205 Aurelium
3007 5162 3191 5203 senem
3215 5148 3379 5213 misit,
3406 5150 3533 5204 bre-

1942 5254 2216 5311 vissimam
2254 5248 2496 5320 quidem,
2530 5244 2625 5300 sed
2656 5246 2710 5297 in
2739 5256 2843 5312 qua
2879 5240 3027 5296 etde
3071 5240 3532 5309 perniciosissimo

1939 5348 2187 5418 dogmate
2216 5352 2269 5399 et
2296 5342 2367 5397 de
2396 5340 2571 5411 gratia
2606 5336 2700 5392 Dei
2734 5335 2862 5405 quid
2907 5331 3141 5387 sentiret
3180 5333 3313 5388 satis
3357 5349 3531 5402 expc-

1938 5440 2132 5505 nebat;
2166 5452 2267 5494 nec
2288 5434 2502 5491 tacebat
2542 5438 2749 5502 quanto
2773 5427 2980 5497 vigore,
3012 5434 3070 5479 ut
3110 5425 3344 5481 recentis
3375 5443 3530 5481 erro-

1937 5533 2015 5589 ris
2045 5532 2282 5588 fautores
2329 5532 2734 5589 coercerentur,
2767 5523 2969 5591 egisset
3010 5517 3184 5588 (ldem
3228 5519 3380 5589 epist.
3429 5521 3524 5576 l9t

1939 5643 1993 5681 η.
2028 5624 2102 5697 1).
2128 5624 2354 5679 Demum
2384 5635 2488 5676 non
2521 5618 2594 5673 ita
2635 5614 2803 5669 multo
2833 5620 2954 5682 post
2983 5609 3050 5665 ad
3081 5612 3443 5681 Augustinum
3476 5624 3528 5675 ct

1938 5717 2213 5789 Alypium,
2248 5716 2435 5771 Firmo
2476 5710 2796 5782 presbytero
2840 5703 3139 5769 deferente,
3172 5704 3333 5760 aliam
3366 5705 3528 5775 proli.

1936 5812 2147 5868 xiorem
2182 5806 2483 5865 transmisit
2513 5800 2822 5873 epistolam,
2855 5798 2907 5855 in
2954 5810 3061 5869 qua
3103 5796 3248 5868 quod
3280 5811 3525 5857 asseruo‘

2963 5895 3045 5954 20
