4018 6338
475 235 587 304 619

1474 230 1566 289 AD
1595 230 1825 290 OPERA
1866 227 2045 288 XlSTi
2086 229 2152 286 Ill
2191 231 2393 288 PAPrE
2421 226 2797 290 APPENDIX.‘

3665 221 3766 287 sto

403 379 420 416 -κ
475 367 562 416 rat
591 335 775 428 priore
825 351 989 410 latius
1043 355 1099 409 et
1139 347 1376 420 apertius
1422 348 1746 419 explicabat.
1790 347 1915 402 Duae
1959 345 2064 400 illm
2094 345 2145 406 Α
2171 344 2369 417 Pelagii
2393 348 2739 416 sententiam,
2765 360 2872 418 qua
2900 343 3096 402 divites
3126 358 3155 402 a
3186 357 3358 417 regno
3382 341 3652 404 caelorum
3679 360 3768 400 cx-

417 430 428 494 Ῠ
476 450 722 523 epistolae
751 447 1089 505 exciderunt.

544 543 599 598 2.
642 542 724 604 Ad
758 542 856 597 has
883 538 1213 610 Augustinus
1237 538 1372 594 duas
1402 537 1640 593 vicissim
1669 534 1926 600 reddidit,
1961 533 2066 589 sci-

478 640 603 694 licet
634 636 812 692 l9iet
843 633 968 689 194.
1015 632 1259 690 Seorsim
1311 630 1668 700 rescripserat
1719 639 1773 686 et
1821 629 2064 700 Alypius,

476 729 573 787 sed
601 743 776 799 neque
797 727 903 782 hoc
933 727 1194 796 scriptum
1227 723 1294 779 ad
1321 738 1418 778 nos
1440 723 1710 794 pervenit.

544 821 600 878 5.
642 819 701 881 In
731 818 1056 876 bibliotheca
1088 818 1307 874 Patrum
1337 818 1404 872 ad
1429 816 1687 874 saeculum
1712 831 1762 870 vi
1781 856 1798 883 ,
1831 823 1940 870 tres
1972 813 2067 869 ha-

482 915 678 971 bentur
705 912 853 979 libri,
887 910 1094 982 primus
1121 909 1191 966 de
1228 909 1471 976 Divitiis,
1501 909 1642 965 alter
1679 908 1747 965 de
1777 908 1930 964 Malis
1963 907 2068 963 Do-

475 1009 714 1066 ctoribus
741 1018 796 1064 et
821 1008 890 1063 de
919 1007 1188 1077 Operibus
1230 1005 1403 1071 Fidei,
1451 1013 1760 1076 postremus
1789 1003 1856 1058 de
1878 1002 2068 1058 'Casti-

473 1111 605 1169 tate,
634 1101 807 1173 Xysto
834 1100 900 1156 ιιι
932 1114 1082 1170 papae
1102 1115 1128 1152 a
1160 1098 1365 1154 Jacobo
1388 1097 1609 1154 Salonio
1639 1097 1871 1168 primum
1901 1092 2070 1150 ascri-

473 1196 573 1265 pti,
603 1195 699 1250 sed
728 1194 776 1250 ei
805 1208 837 1249 a
885 1193 1158 1264 plerisque
1187 1192 1441 1248 omnibus
1481 1190 1706 1247 eruditis
1749 1187 2062 1258 abjudicati.

472 1289 615 1345 Sane
643 1295 701 1344 ut
731 1301 824 1343 eos
856 1286 1115 1342 Salonius
1142 1285 1320 1357 Xysto
1360 1296 1546 1342 nostro
1575 1283 1924 1346 attribueret,
1959 1295 2066 1336 una

470 1391 648 1437 motus
679 1390 763 1436 est
787 1379 1110 1449 exemplaris
1133 1380 1217 1434 sui
1263 1379 1622 1443 auctoritate;
1651 1385 1708 1432 et
1750 1374 1952 1430 fatetur
1980 1383 2061 1427 ta-

470 1490 596 1530 men
627 1473 684 1530 1*
708 1475 926 1529 titulum
958 1473 1044 1528 his
1066 1472 1218 1528 libris
1252 1472 1306 1526 in
1336 1486 1434 1527 suo
1455 1469 1752 1540 exemplari
1783 1465 2061 1536 praefixum

469 1583 594 1624 esse
622 1566 946 1624 recentioris
977 1580 1168 1622 manus
1187 1604 1202 1631 ,
1231 1564 1291 1618 2°
1336 1579 1444 1620 non
1470 1561 1625 1634 Xysti
1663 1561 1730 1617 lll
1761 1576 1929 1633 papre,
1963 1558 2063 1614 sed

469 1662 623 1735 Igsti
645 1679 794 1732 papa:
815 1671 863 1716 et
896 1659 1145 1731 martyris
1171 1673 1368 1716 nomen
1399 1655 1746 1729 praeseferre:
1781 1664 2061 1724 postremo

2169 438 2359 506 cludit,
2390 455 2419 494 a
2448 439 2620 512 Xysto
2647 448 3036 512 propugnatam
3067 456 3174 495 non
3197 454 3320 498 esse
3350 439 3493 496 istud
3525 438 3764 496 maxime

2170 534 2370 591 indicio
2397 545 2502 604 est,
2535 535 2681 607 quod
2708 551 2829 592 cum
2876 537 3213 607 Augustinus
3239 534 3402 605 epist.
3436 534 3544 592 194
3592 534 3767 592 omnia

2169 627 2346 700 Xysto
2377 638 2634 701 exponat,
2665 629 2938 700 simulque
2968 629 3139 685 diluat
3165 629 3586 700 Pelagianorum
3612 643 3768 698 argu-

2169 731 2372 790 menta,
2413 723 2482 780 de
2508 724 2707 794 quibus
2750 739 2875 780 eum
2905 723 3306 780 admonendum
3335 738 3458 780 esse
3487 722 3765 792 censebat,

2168 815 2238 872 de
2271 816 2372 872 hoc
2401 817 2659 888 singulari
2690 816 2894 888 Pelagii
2917 818 3062 874 circa
3091 815 3286 872 divites
3312 816 3514 887 placito
3545 830 3767 887 prorsus

2169 910 2311 967 silet.
2343 911 2443 970 Vel
2493 911 2618 970 hinc
2648 911 2814 983 igitur
2845 912 2898 968 in
2945 911 3177 984 Xystum
3224 911 3446 970 minime
3476 911 3769 968 convenire

2168 1005 2428 1075 probatur
2459 1005 2693 1076 primum
2725 1005 2793 1061 de
2829 1005 3043 1068 Divitiis
3075 1006 3310 1072 librum;
3343 1021 3453 1076 quo
3481 1006 3532 1061 ei
3557 1004 3767 1074 abjudi-

2167 1108 2312 1164 cato,
2361 1097 2498 1154 alios
2536 1098 2674 1158 duos
2719 1100 2924 1168 pariter
2975 1099 3152 1155 eidem
3200 1098 3595 1170 abjudicandos
3647 1112 3768 1156 esse

2169 1208 2330 1248 nemo
2357 1191 2564 1248 inficias
2591 1193 2733 1248 ierit.
2768 1192 3032 1249 Praeterea
3076 1194 3122 1249 si
3170 1191 3324 1265 Xysti
3361 1208 3422 1250 re
3454 1193 3577 1263 ipsa
3601 1194 3770 1252 exsti-

2170 1285 2363 1340 tissent
2392 1285 2466 1338 illi
2511 1285 2654 1352 libri,
2689 1300 2811 1341 cum
2845 1285 2999 1341 illum
3032 1285 3097 1342 iis
3129 1285 3182 1341 in
3237 1285 3391 1342 libris
3425 1301 3598 1356 prava
3645 1301 3768 1343 seu-

2168 1379 2308 1435 sisse
2338 1393 2402 1436 ac
2430 1379 2681 1438 docuisse
2711 1378 3054 1449 exploratum
3084 1387 3250 1444 esset,
3286 1393 3391 1436 non
3421 1378 3558 1438 solis
3586 1379 3768 1449 Suspi-

2169 1474 2417 1530 cionibus
2447 1489 2512 1530 ac
2554 1474 2864 1530 rumoribus
2893 1473 3065 1541 falsis,
3095 1474 3192 1534 sed
3232 1474 3395 1532 certis
3423 1475 3768 1546 argumentis

2169 1577 2230 1623 ut
2259 1567 2639 1624 haereticorum
2670 1567 2848 1624 fautor
2871 1568 3064 1624 audire
3095 1568 3391 1628 debuisset.
3420 1567 3532 1624 Nec
3561 1579 3677 1627 tum
3697 1568 3771 1626 ad

2169 1661 2424 1731 injectam
2464 1661 2532 1717 de
2560 1676 2620 1717 se
2649 1659 2847 1718 famam
2880 1661 3289 1732 expurgandum
3327 1661 3463 1718 satis
3497 1663 3547 1716 ei
3581 1659 3770 1718 fuisset

467 1756 639 1812 libros
697 1755 817 1811 illos
863 1753 1038 1825 Xysto
1090 1768 1242 1824 papa:
1282 1761 1338 1808 et
1394 1753 1640 1823 martyri,
1675 1757 1866 1820 utpote
1908 1747 2062 1818 cujus
2092 1739 2143 1804 Β
2173 1753 2479 1825 Pelagianis
2507 1754 2796 1810 anathema
2827 1755 3038 1820 dicere;
3070 1755 3166 1810 sed
3193 1754 3355 1810 simul
3381 1753 3676 1813 damnandi
3705 1768 3772 1810 ae

469 1858 628 1904 relate
658 1848 986 1920 posteriores
1014 1862 1108 1903 eos
1134 1862 1257 1903 esse
1283 1848 1625 1918 exploratum
1658 1853 1742 1900 est
1778 1858 1885 1898 non
1923 1857 2059 1897 con-

468 1957 682 2013 gruere.
717 1942 823 1998 Sed
848 1943 892 1997 si
927 1941 1094 1996 falsus
1125 1941 1336 2008 titulus,
1383 1939 1511 2011 quid
1552 1947 1672 1996 erat
1712 1953 1812 1994 cur
1837 1952 1909 1993 ex
1944 1936 2061 2005 ejus

467 2033 576 2090 ﬁde
601 2032 774 2106 Xysto
802 2032 871 2088 lll
903 2032 1180 2103 papm,qui
1199 2041 1347 2088 certe
1375 2041 1583 2103 martyr
1609 2046 1715 2086 non
1746 2029 1863 2096 fuit,
1895 2028 2062 2085 ascri-

465 2128 759 2186 berentur?
789 2127 996 2184 Deinde
1024 2127 1168 2197 apud
1215 2141 1404 2183 omnes
1445 2125 1697 2182 eruditos
1727 2125 1780 2180 in
1811 2123 2062 2181 confesso

467 2230 552 2277 est
594 2221 762 2277 libros
790 2220 916 2276 illos
969 2220 1274 2292 Pelagianis
1331 2219 1614 2276 erroribus
1651 2217 1878 2275 refertos
1916 2231 2060 2282 esse,

407 2359 409 2361 .
466 2315 896 2385 nominatimque
963 2313 1103 2370 hanc
1163 2313 1367 2384 Pelagii
1413 2312 1778 2377 sententiam,
1840 2309 2062 2364 Diuitem

465 2415 754 2462 manentem
798 2407 852 2460 in
901 2406 1094 2459 divitiis
1133 2405 1244 2460 suis
1287 2406 1342 2459 in
1397 2421 1617 2473 regnum
1667 2403 1762 2458 Dei
1796 2419 1899 2458 non
1916 2418 2066 2474 posse

466 2497 688 2569 ingredi,
723 2511 884 2567 quam
917 2496 1250 2567 Augustinus
1282 2496 1444 2566 epist.
1479 2495 1578 2550 157
1610 2495 1678 2551 ad
1712 2494 1972 2550 llilarium
2006 2509 2058 2550 c.

464 2593 502 2647 4
538 2593 788 2665 pluribus
816 2591 1034 2661 refellit,
1065 2592 1272 2648 diserte
1305 2593 1360 2647 in
1392 2592 1504 2647 illis
1531 2591 1881 2662 propugnari.

534 2688 592 2743 4.
631 2687 832 2744 Verum
878 2687 980 2742 hoc
1007 2694 1326 2758 argumento
1347 2727 1362 2753 ,
1395 2700 1504 2756 quo
1527 2685 1616 2740 alii
1650 2686 1757 2742 hoc
1789 2698 1926 2755 opus
1952 2683 2064 2756 Xy-

458 2789 549 2836 sto
583 2779 914 2851 abjudicant,
965 2778 1122 2834 Joan.
1171 2777 1470 2834 Garnerius
1520 2779 1711 2845 utitur,
1749 2789 1809 2833 ut
1843 2777 1976 2833 illud
2012 2779 2062 2832 ei

458 2871 738 2945 adjudicet
762 2889 773 2925 :
795 2873 938 2943 quia,
969 2872 1164 2942 inquit,
1192 2881 1396 2927 constat
1423 2871 1644 2942 Syxtum
1663 2871 1787 2925 olim
1814 2869 2065 2942 Pelagia-

455 2967 540 3022 nis
579 2965 790 3037 favisse,
820 2981 1067 3037 suumque
1104 2966 1230 3033 ipsis
1264 2966 1587 3036 aliquamdiu
1629 2964 1940 3034 impendisse
1969 2981 2067 3033 pa-

459 3062 734 3118 trocinium
773 3061 962 3133 (Garri.
998 3062 1053 3115 in
1083 3060 1304 3115 Mercat.
1337 3078 1385 3128 ρ.
1421 3075 1436 3114 ι
1472 3077 1595 3132 pag.
1637 3058 1790 3129 369).
1821 3061 1890 3114 At
1917 3059 2066 3129 quod

454 3155 542 3210 vir
567 3154 833 3220 eruditus,
884 3154 1036 3209 velut
1075 3153 1359 3224 Augustini
1400 3154 1586 3208 verbis
1645 3153 1810 3222 epist.
1863 3153 1961 3207 till
2007 3133 2137 3208 etC

457 3246 567 3306 194
603 3248 770 3304 nixus
800 3263 896 3319 pro
923 3256 1075 3304 certo
1103 3248 1277 3318 ponit,
1310 3247 1536 3302 minime
1564 3254 1774 3302 certum
1806 3254 1909 3301 est.
1941 3245 2062 3304 Non

452 3341 603 3397 enim
652 3341 726 3396 ait
754 3341 1091 3412 Augustinus
1120 3339 1265 3410 quod
1305 3338 1541 3406 faveret,
1592 3339 1688 3394 sed
1740 3337 1885 3409 quod
1934 3353 2060 3396 eum

456 3435 602 3506 fama
641 3436 870 3506 jactaret
912 3433 1135 3487 inimicis
1177 3431 1486 3487 Christiania
1525 3431 1706 3501 gratim
1733 3431 1922 3501 favere.
1953 3436 2064 3486 Aut

451 3527 504 3584 si
532 3541 604 3582 ex
633 3525 947 3597 hujusmodi
997 3524 1140 3580 fama
1172 3541 1295 3581 eum
1345 3523 1638 3593 Pelagiana
1681 3539 1874 3580 errore
1921 3525 2060 3581 infe-

452 3631 600 3678 ctum
632 3620 908 3677 hzereticis
937 3619 1046 3676 illis
1077 3619 1277 3676 favisse
1301 3619 1610 3685 coniicitur,
1638 3617 1891 3675 eumdem
1924 3635 2058 3688 quo-

457 3733 565 3792 que
616 3717 1002 3775 Nestorianum
1055 3718 1332 3774 exstitisse
1379 3717 1786 3775 concedendum
1836 3719 1958 3774 erit.
2007 3719 2060 3776 Is

457 3812 606 3869 enim
644 3810 847 3882 pariter
866 3810 935 3867 de
979 3810 1075 3866 lllo
1121 3818 1313 3880 postea
1362 3811 1656 3882 dissipatus
1708 3818 1795 3867 est
1846 3827 2057 3880 rumor,

453 3904 601 3976 quod
629 3903 883 3960 Nestorio
909 3902 1137 3959 faveret.
1168 3904 1288 3972 Quo
1313 3905 1457 3960 circa
1488 3902 1724 3976 Cyrillus
1745 3905 1811 3960 ad
1852 3905 2056 3961 calcem

453 3997 703 4068 epistoltc
730 3995 800 4051 ad
835 3995 1097 4052 Acacium
1128 3996 1524 4053 Mclitinensem
1577 3997 1768 4053 scribit
1799 4017 1811 4052 :
1861 3998 1924 4053 Si
1967 3998 2058 4067 qui

454 4089 726 4162 epistolam
760 4099 1021 4162 tamquam
1050 4106 1084 4143 a
1106 4088 1357 4164 Philippo
1395 4093 1824 4147 reverendissimo
1861 4091 2058 4146 Roma—

451 4198 536 4239 πω
561 4181 809 4242 Ecclesia:
832 4183 1128 4254 presbytero
1153 4183 1401 4254 scriptam
1422 4183 1708 4249 attulerint,
1735 4186 1948 4253 perinde
1973 4200 2059 4240 so-

452 4285 661 4333 nantem
698 4291 760 4330 ac
790 4277 834 4332 si
861 4276 1218 4331 sanctissimus
1244 4277 1511 4348 episcopus
1541 4275 1742 4348 Xystus
1773 4278 2057 4348 depositio-

453 4387 571 4425 nent
596 4368 829 4424 Nestorii
852 4368 1066 4424 moleste
1089 4370 1367 4439 acceperit,
1400 4369 1548 4441 eique
1579 4387 1727 4441 opem
1756 4371 1964 4436 tulerit;
1993 4387 2060 4425 ne

453 4463 631 4519 credat
675 4461 772 4516 hoc
813 4464 1066 4517 sanctitas
1110 4474 1203 4519 tua
1230 4460 1456 4533 (Concil.
1489 4472 1614 4519 tam.
1658 4462 1729 4520 III
1758 4482 1810 4535 p.
1868 4465 2053 4536 1229).

451 4555 592 4613 Tum
625 4555 781 4612 addit
823 4555 1058 4628 Cyrillus
1091 4573 1106 4608 :
1160 4527 1385 4626 Scripsit
1425 4558 1562 4611 enim
1593 4527 1818 4614 consona
1861 4527 2056 4615 sancta:
2081 4527 2138 4592 Β

452 4650 654 4722 synodo
684 4647 1026 4722 (Ephesium)
1057 4649 1329 4719 omniaque
1357 4648 1500 4704 illius
1531 4659 1674 4722 gesta
1705 4653 2048 4721 conﬁrmavit,

451 4758 518 4796 ac
562 4741 829 4796 nobiscum
873 4741 1049 4796 sentit.
1099 4741 1163 4796 Et
1193 4741 1353 4812 hujus
1381 4742 1600 4813 quidem
1630 4745 1706 4799 rei
1737 4754 1900 4800 testes
1931 4755 2056 4802 sunt

451 4832 628 4904 ipsius
683 4832 951 4904 epistolae.
1005 4832 1211 4904 Nempe
1252 4848 1377 4889 cum
1432 4833 1638 4906 Xystus
1692 4835 2054 4906 integerrimas

449 4942 674 5000 semper
706 4927 828 4983 ﬁdei
855 4925 1037 4995 fuerit,
1072 4928 1193 4999 ejus
1223 4937 1405 4986 tamen
1455 4939 1574 4986 erat
1625 4931 1845 4998 indolis,
1896 4942 1956 4988 ut
1996 4932 2051 4988 in

453 5021 780 5081 damnandis
819 5020 1095 5079 haereticis
1140 5023 1275 5080 nihil
1303 5039 1712 5096 praeproperum
1739 5027 1925 5095 vellet,
1957 5029 2054 5085 sed

451 5116 640 5172 omnia
664 5116 816 5187 prius
843 5126 1064 5187 cuperet
1093 5117 1352 5188 experiri,
1385 5118 1432 5173 si
1461 5117 1601 5176 forte
1623 5128 2054 5190 temperamento

449 5208 636 5280 aliquo
677 5208 747 5266 ad
794 5209 1077 5265 veritatem
1119 5210 1312 5266 adduci
1340 5219 1584 5282 possent.
1618 5210 1751 5268 inde
1799 5213 1930 5270 viris
1956 5213 2048 5284 qui

448 5305 632 5362 minus
665 5305 936 5376 patientes
963 5313 1122 5364 erant
1161 5306 1290 5363 data
1340 5304 1556 5363 occasio
1587 5323 1691 5378 qua
1740 5317 2051 5380 suspectam

447 5396 717 5456 haberent
756 5399 900 5456 illius
930 5399 1116 5468 ﬁdem,
1153 5412 1207 5457 et
1234 5401 1523 5472 praedictos
1553 5416 1800 5458 rumores
1849 5411 2053 5461 temere

448 5503 722 5551 sererent.
751 5493 914 5552 Aliud
953 5503 1038 5551 est
1063 5504 1243 5551 autem
1289 5495 1578 5565 quamdam
1609 5509 1734 5565 erga
1763 5494 2052 5552 haereticos

445 5586 843 5660 benignitatem
883 5589 1227 5660 praeferre.
1272 5587 1421 5644 aliud
1469 5602 1658 5644 eorum
1709 5587 1908 5645 docere
1960 5598 2052 5646 aut

453 5681 593 5737 tueri
620 5695 860 5738 errores.

523 5772 577 5831 δ.
617 5772 942 5831 Nominatim
973 5789 1104 5832 vero
1153 5774 1481 5847 singularem
1533 5773 1682 5830 illum
1711 5788 1774 5830 ac
1822 5788 2042 5844 pravam

2168 1848 2540 1918 supprimendi
2566 1856 2723 1905 erant
2753 1849 2832 1904 illi
2864 1849 3012 1915 libri,
3041 1863 3104 1904 ac
3133 1865 3402 1919 perversa:
3435 1849 3636 1920 Pelagii
3671 1848 3772 1906 do-

2167 1942 2357 1998 ctrinae
2399 1945 2478 1997 eis
2508 1944 2728 1998 inserta:
2753 1943 3027 1998 contraria
3075 1943 3214 1998 ﬁdes
3261 1942 3583 2015 proﬁtenda.
3631 1941 3769 1998 Cum

2169 2036 2332 2106 igitur
2378 2051 2485 2091 non
2531 2052 2636 2092 una
2687 2038 2897 2092 ratione
2927 2036 3204 2093 historica
3253 2037 3470 2093 veritati
3504 2045 3771 2108 repurgant

2169 2127 2338 2184 libros
2379 2130 2500 2184 illos
2525 2128 2699 2201 Xysto
2728 2129 2949 2197 ascribi,
2993 2130 3190 2184 mirum
3236 2137 3322 2184 est
3356 2136 3565 2184 tantum
3614 2127 3770 2184 titulo

2170 2237 2199 2277 a
2227 2223 2433 2279 recenti
2461 2238 2624 2277 manu
2653 2221 2838 2278 addito
2867 2237 2930 2279 ac
2955 2222 3240 2279 manifeste
3269 2221 3405 2278 falso
3433 2220 3640 2276 deferri
3668 2235 3767 2292 po-

2169 2314 2360 2384 tuisse,
2397 2325 2452 2370 ut
2483 2315 2752 2371 catholico
2788 2316 3131 2388 presbytero,
3162 2315 3360 2372 summi
3388 2313 3662 2386 pontiﬁcis
3687 2314 3774 2369 di-

2168 2408 2371 2478 gnitate
2419 2417 2611 2479 postea
2678 2409 2958 2480 insignito,
3029 2408 3398 2466 ascriberetur
3445 2407 3772 2463 haereticus!)

2169 2519 2330 2574 opus,
2355 2504 2498 2574 quod
2525 2505 2571 2559 si
2604 2503 2761 2577 Xysti
2782 2505 2956 2562 nostri
2987 2502 3201 2567 fuisset,
3237 2518 3345 2558 non
3372 2503 3510 2559 Sisti
3544 2517 3693 2572 papa
3717 2511 3772 2557 et

2169 2597 2436 2668 martyris,
2470 2597 2566 2653 sed
2611 2595 2766 2669 Xysti
2794 2597 3078 2670 presbyteri
3103 2595 3322 2652 nomine
3361 2593 3770 2651 inscribendum

2168 2701 2305 2749 erat.

2242 2786 2296 2841 6.
2340 2786 2454 2842 Hoc
2483 2794 2664 2842 tamen
2690 2786 2834 2856 jacto
2865 2784 3240 2852 fundamento,
3270 2783 3415 2855 quod
3447 2783 3653 2855 Xystus
3680 2797 3769 2837 ero

2170 2895 2358 2935 rorum
2404 2879 2820 2951 Pelagianorum
2875 2879 3051 2935 fautor
3098 2878 3432 2951 aliquamdiu
3475 2876 3768 2942 exstiterit,

2172 2986 2377 3042 eosque
2407 2971 2562 3028 libris
2594 2971 2753 3027 editis
2785 2971 3091 3038 tradiderit,
3135 2970 3266 3026 inde
3312 2969 3564 3025 laudatus
3590 2969 3675 3022 vir
3722 2968 3772 3022 in

2173 3064 2314 3120 alias
2363 3063 2477 3121 abit
2531 3065 2901 3136 conjecturas,
2934 3064 3137 3135 quibus
3176 3064 3339 3120 etiam
3381 3063 3552 3120 libros
3590 3059 3775 3132 Hypo-

2168 3159 2474 3215 mnesticon
2503 3159 2645 3230 apud
2667 3159 3030 3230 Augustinum
3065 3159 3120 3214 in
3137 3156 3773 3228 appendicetominul-

2168 3261 2324 3321 gatos
2353 3251 2526 3324 Xysto
2557 3251 2780 3308 attribui
2823 3267 2986 3323 posse
3031 3252 3308 3322 opinatur.
3339 3251 3541 3308 Verum
3579 3249 3774 3307 funda-

2168 3355 2360 3402 mento
2380 3346 2685 3417 bnjusmodi
2705 3346 2908 3413 diruto,
2936 3356 3196 3402 corruant
3217 3359 3443 3402 necesse
3458 3355 3544 3402 est
3565 3360 3633 3402 eo
3666 3359 3773 3401 uno

2168 3435 2322 3493 fulta:
2353 3438 2704 3508 conjecturas.
2736 3439 2804 3494 Et
2851 3454 2986 3494 vero
3039 3440 3091 3493 iu
3143 3439 3436 3495 novissima
3484 3437 3774 3509 Augustini

2169 3530 2430 3600 editione,
2460 3546 2688 3587 censura
2721 3531 2875 3587 libris
2901 3532 3012 3586 illis
3041 3532 3284 3602 praeﬁxa,
3319 3547 3416 3588 eos
3439 3532 3507 3587 ad
3540 3532 3768 3587 Marium

2169 3623 2527 3681 Mercatorem
2555 3627 2734 3698 potius
2759 3641 2918 3698 quam
2949 3628 3018 3682 ad
3067 3627 3300 3700 Xystum
3348 3627 3626 3697 pertinere
3675 3625 3771 3682 de-

2168 3725 2526 3776 monstratur.

2239 3813 2292 3867 7.
2334 3810 2666 3884 Argumenta
2713 3827 2820 3870 non
2846 3814 3047 3870 desunt
3091 3815 3288 3885 quibus
3327 3813 3586 3886 Xystum,
3639 3815 3766 3872 dum

2167 3901 2344 3959 adhuc
2384 3904 2671 3977 presbyter
2712 3913 2880 3972 esset,
2913 3904 2979 3960 ad
3006 3904 3336 3972 Nestorium,
3390 3906 3457 3960 ad
3499 3905 3766 3961 Joannem

2165 3995 2570 4054 Antiochenum
2596 4007 2654 4053 et
2675 3997 2744 4054 ad
2767 3998 3030 4068 Cyrillum
3044 3997 3470 4054 Alexandrinum
3482 3999 3766 4070 scripsisse

2166 4091 2509 4161 colligamus.
2542 4092 2588 4146 A
2631 4090 2911 4148 Gennadio
2959 4091 3050 4146 lib.
3086 4093 3155 4147 de
3199 4091 3398 4161 Script.
3431 4091 3578 4147 Eccl.
3609 4090 3764 4162 Xysti

2164 4187 2233 4242 ad
2255 4187 2562 4242 Nestorium
2589 4188 2816 4260 epistola
2845 4195 3194 4244 memoratur.
3227 4187 3345 4258 Ipse
3371 4185 3576 4262 Xystus
3603 4187 3760 4258 epist.

2165 4277 2200 4332 6
2230 4294 2282 4332 n.
2312 4279 2346 4332 2
2372 4278 2567 4333 .loanni
2599 4277 2858 4349 episcopo
2886 4277 3224 4334 Antiocheno
3251 4279 3302 4333 in
3333 4277 3656 4338 memoriam
3677 4291 3760 4334 re-

2166 4380 2326 4426 vocat
2353 4372 2576 4442 qualiter
2603 4371 2802 4440 (inquit
2827 4370 2897 4426 de
2926 4369 3202 4441 Nestorio)
3232 4371 3277 4428 ei
3309 4371 3566 4427 voluimus
3591 4380 3759 4426 nostra

2164 4464 2516 4518 admonitione
2537 4480 2856 4532 succurrere.
2909 4464 3044 4518 Eum
3094 4474 3275 4520 autem
3330 4465 3402 4520 ibi
3448 4464 3517 4519 de
3568 4463 3758 4530 litteris

2162 4563 2290 4611 ante
2330 4557 2699 4625 pontificatum
2730 4555 2948 4625 scriptis
2977 4555 3121 4626 loqui
3153 4555 3324 4626 liquet
3349 4570 3417 4610 ex
3448 4555 3616 4625 ipsius
3641 4553 3758 4624 epi~

2162 4646 2363 4702 stollsl
2396 4654 2448 4702 et
2479 4646 2533 4700 2.
2561 4647 2766 4713 Nempe
2797 4646 2970 4701 adhuc
3018 4646 3314 4716 superstite
3343 4645 3637 4702 Ccelestino
3676 4645 3753 4700 le-

2161 4749 2320 4811 gatos
2348 4739 2578 4795 Romam
2635 4741 2933 4796 destinarat
2976 4741 3230 4812 Cyrillns,
3283 4750 3342 4796 et
3379 4741 3611 4811 qualiter
3637 4755 3753 4796 cum

2161 4832 2370 4890 Joanne
2391 4833 2731 4889 Antiocheno
2759 4833 3028 4904 agendum
3051 4844 3199 4890 esset
3226 4835 3595 4891 consuluerat.
3623 4833 3751 4888 Tum

2160 4925 2215 4982 in
2247 4926 2526 4984 Caelestiui
2556 4927 2735 4982 locum
2767 4925 3026 4982 suffectus
3055 4926 3284 4998 Xystus,
3315 4940 3381 4984 ac
3409 4927 3598 4998 legatis
3623 4940 3754 4996 prae-

2164 5019 2416 5074 sentibus
2463 5017 2766 5083 ordinatus,
2809 5016 3136 5088 respondit:
3191 5018 3523 5089 Suﬂiciebant
3560 5018 3752 5091 quidem

2163 5114 2272 5169 illa:
2292 5113 2496 5179 littera,
2525 5130 2652 5183 quas
2675 5121 2720 5167 et
2743 5121 2890 5167 antea
2926 5129 3016 5180 per
3053 5110 3302 5172 Ecclesia:
3329 5111 3753 5178 Constantinam-

2165 5208 2339 5261 litana:
2379 5206 2591 5262 clericos
2622 5217 2666 5260 et
2695 5221 2784 5276 per
2814 5205 3057 5259 diaconos
3089 5213 3188 5261 tute
3213 5204 3501 5265 sanctitatis
3531 5204 3650 5275 (hoc
3673 5211 3753 5257 est

2162 5297 2380 5370 Cyrilli)
2411 5299 2589 5372 plenas
2615 5298 2846 5353 omnibus
2874 5299 3177 5353 necessariis
3206 5299 3343 5354 misi.
3377 5297 3446 5354 lis
3476 5305 3647 5354 tamen
3676 5295 3753 5349 loc

2161 5393 2240 5446 cis
2264 5392 2476 5448 litteras
2503 5408 2622 5463 quae
2648 5391 2929 5448 Coelestiui
2958 5392 3180 5448 nomine
3213 5393 3432 5464 scripta:
3477 5391 3751 5461 missaeque

2159 5487 2395 5555 fuerant,
2432 5489 2850 5544 commemorari
2877 5489 3240 5558 suspicamur.
3272 5485 3609 5558 Xystumque
3637 5484 3750 5554 opi-

2158 5600 2353 5640 namur
2383 5585 2452 5641 de
2495 5584 2580 5640 his
2610 5582 2758 5655 loqui
2787 5583 2950 5640 veluti
2979 5583 3048 5642 de
3085 5582 3223 5651 suis,
3276 5598 3383 5647 non
3413 5582 3582 5644 solum
3633 5579 3751 5657 quia

2155 5675 2460 5732 successori
2493 5675 2653 5732 liceat
2677 5675 2994 5734 decessoris
3023 5677 3106 5732 sui
3150 5676 3355 5748 scripta
3406 5684 3653 5750 gestaque
3691 5673 3750 5728 in

2153 5770 2462 5842 hujusmodi
2495 5771 2678 5826 causis
2702 5769 2804 5828 sibi
2835 5769 3160 5838 attribuere,
3192 5778 3286 5830 aut
3310 5768 3434 5842 quia
3459 5768 3742 5828 litterarum
