4018 6338
208 311 301 379 GH

727 300 1005 364 NOTITIA
1042 293 1476 358 SCRIPTORUM
1516 290 1682 359 QUE
1724 286 1814 345 AD
1852 284 2146 343 XYSTUM
2184 284 2251 343 lll
2291 284 2521 343 PAPAM
2560 283 2932 343 ATTlNENT.

3367 281 3476 341 622

208 430 409 488 illarum
451 436 484 480 ι
520 420 817 482 leestino
844 437 877 480 ο
904 420 1112 494 synodo
1150 418 1478 488 scriptarum
1508 412 1775 483 particeps
1804 406 1859 469 Α
1881 422 1944 462 ac
1977 418 2087 464 tres
2115 419 2205 464 aut
2228 417 2456 480 quatuor
2488 423 2519 464 a
2548 408 2754 480 Cyrillo
2784 406 3043 478 epistolas
3069 406 3137 462 ad
3161 417 3220 462 se
3246 405 3483 476 seriptu

205 521 358 579 fuerit
382 518 578 585 factus,
604 532 793 575 verum
822 514 983 573 etiam
1021 514 1145 583 quia
1188 510 1485 567 Caelestino
1534 508 1587 561 in
1636 504 1777 559 scri-

205 612 386 671 bendis
414 611 663 684 epistolis
682 609 900 681 adjutor
936 606 1224 664 exstiterit.
1260 606 1326 660 Et
1369 601 1621 659 eumdem
1664 596 1784 668 qui-

205 708 317 766 dem
341 704 562 780 stylum,
596 705 737 762 idem
763 704 1057 776 ingenium,
1088 700 1230 774 quod
1260 697 1629 771 frequentibus
1661 710 1782 750 sen-

206 802 379 861 tentiis
431 802 753 871 delectatur,
795 798 1078 858 leestini
1128 795 1395 869 Xystique
1449 795 1646 848 litterae
1697 804 1785 845 sa-

204 898 370 969 piunt.

207 987 317 1061 ςιι.
348 985 428 1045 Ds
455 987 659 1061 scriptis
683 1002 801 1061 qua
826 987 896 1043 ad
937 984 1164 1057 Xystam
1204 987 1319 1057 jam
1350 980 1649 1055 pontiﬁcem
1700 986 1782 1033 at-

905 1081 1086 1136 tinent.

264 1172 322 1229 8.
365 1173 448 1231 Ad
473 1173 826 1232 Calestinum
854 1173 1071 1245 quidem
1096 1172 1349 1228 destinati
1371 1179 1526 1227 erant
1553 1166 1790 1224 Orientis

206 1266 357 1338 legati
380 1266 749 1337 Hermogenes
779 1266 1216 1323 Rhinocurorum
1251 1274 1307 1321 et
1347 1261 1656 1333 Lampeties
1682 1260 1789 1314 Ca-

207 1359 263 1416 sii
284 1360 556 1431 episcopi,
589 1360 686 1417 sed
715 1359 904 1432 Cyrilli
947 1360 1173 1429 epistola
1215 1359 1345 1429 ipsis
1372 1356 1589 1419 tradita,
1622 1352 1793 1424 Xysto

206 1450 412 1508 reddita
435 1451 534 1507 fuit
564 1451 758 1525 (Epist.
787 1453 824 1506 2
849 1470 903 1507 η.
948 1453 1027 1523 1).
1056 1450 1231 1505 Tanto
1258 1450 1436 1519 elogio
1476 1449 1525 1501 in
1554 1447 1654 1500 hac
1679 1444 1793 1514 epi-

206 1544 338 1601 stola
375 1545 897 1602 commendabantur
924 1546 1105 1616 legati,
1150 1553 1206 1599 ut
1235 1544 1433 1613 forsan,
1468 1540 1643 1611 inquit
1682 1538 1793 1608 Xy-

205 1644 336 1707 stus,
381 1638 553 1693 minus
604 1636 786 1693 litteris
829 1655 958 1709 quas
986 1638 1050 1693 de
1090 1638 1155 1692 iis
1202 1636 1452 1705 scripsisti
1491 1632 1795 1688 credidisse-

205 1747 333 1798 mus,
358 1731 459 1784 nisi
483 1748 662 1787 earum
692 1732 1038 1787 testimonium
1060 1731 1260 1786 vicisset
1289 1728 1383 1784 sibi
1412 1728 1510 1798 ipsi
1550 1735 1793 1781 attestans

1884 515 2006 557 esse
2049 501 2342 572 signiﬁcat.
2385 502 2536 569 Quod
2582 512 2636 559 at
2673 502 2794 572 ipse
2823 499 3133 569 conﬁrmat,
3165 514 3287 557 cum
3320 500 3481 557 unius

1885 608 1953 649 ex
1981 594 2089 649 illis
2120 593 2303 665 Cyrilli
2342 594 2588 664 epistolis
2632 593 2941 664 exemplum
2993 592 3062 648 ad
3111 591 3494 648 Alexandrum

1886 687 2104 744 mittere
2121 703 2181 743 se
2214 687 2488 758 prmfatus,
2519 687 2644 742 inde
2672 696 2856 757 sperat
2894 686 3013 742 fore
3061 693 3120 741 ut
3160 684 3357 756 pedum
3383 666 3497 741 dor"

1885 780 1989 845 lor,
2022 795 2129 851 quo
2144 780 2768 846 laborabatAlexander,
2793 779 3128 846 sublevetur,
3156 794 3279 836 cum
3299 780 3351 835 in
3382 778 3484 834 illo

1888 875 2145 944 exemplo
2168 890 2286 945 quae
2307 873 2599 944 diligenter
2620 884 2674 930 et
2700 881 2955 930 accurate
2983 871 3219 943 Cyrillus
3237 871 3483 940 explica-

1888 970 1977 1025 bat
2003 969 2322 1039 inspexerit.
2340 968 2400 1025 Si
2430 983 2567 1038 vero,
2594 967 2784 1038 inquit,
2802 968 2931 1022 sicut
2953 965 3223 1036 scripsisti,
3239 982 3371 1020 nunc
3394 980 3483 1018 us-

1888 1081 1985 1136 que
2030 1065 2245 1137 pedibus
2298 1064 2460 1126 doles.
2502 1063 2780 1133 inspiciens
2810 1063 3006 1117 litteras
3040 1059 3152 1115 Deo
3187 1058 3486 1113 amicissimi

1891 1157 2117 1229 episcopi
2158 1155 2362 1227 Cyrilli,
2387 1165 2434 1211 et
2449 1170 2761 1228 cegnoscens
2786 1163 2981 1225 quanta
3010 1153 3077 1209 sit
3102 1168 3226 1207 usus
3252 1151 3485 1226 ἀκριϐείᾳ

1892 1250 1948 1303 in
1976 1249 2100 1319 ﬁdei
2114 1267 2294 1315 causa,
2311 1259 2418 1304 etc.
2437 1247 2579 1303 Nihil
2601 1256 2686 1303 est
2700 1248 2859 1315 igitur
2875 1262 2970 1301 cur
2983 1246 3053 1302 ob
3068 1244 3245 1300 Acacii
3270 1244 3487 1300 laudata

1895 1344 2062 1399 verba
2103 1344 2237 1399 ullas
2281 1342 2437 1415 Xysti
2489 1341 2556 1397 ad
2602 1340 2973 1396 Alexandrum
3025 1336 3484 1408 Hierapolitanum

1894 1440 2209 1508 episcopum
2238 1438 2451 1492 litteras
2481 1434 2879 1491 desideremus.

1967 1529 2052 1584 11.
2086 1528 2233 1583 Licet
2254 1527 2479 1599 Xystus,
2505 1527 2557 1581 in
2577 1526 2802 1596 epistola
2824 1527 2858 1581 5
2881 1541 2935 1580 n.
2963 1525 2994 1580 7
3018 1523 3105 1579 die
3137 1522 3204 1579 15
3233 1523 3483 1599 Septem-

1896 1622 2011 1679 bris
2040 1623 2169 1678 anni
2215 1621 2342 1686 455,
2401 1636 2535 1690 stupe
2563 1635 2623 1676 se
2652 1619 2720 1674 ad
2770 1618 3154 1673 Maximianum
3202 1616 3504 1687 scripsisse-

1897 1725 2166 1773 memoret
2190 1716 2257 1772 de
2289 1715 2553 1771 facilitate
2578 1729 2686 1784 qua
2708 1713 2943 1785 Cyrillus
2969 1710 3258 1767 redeuntes
3285 1711 3353 1766 ad
3384 1710 3487 1765 Ec-

206 1826 492 1893 ρηεεεηιία,
525 1825 662 1880 Tum
694 1825 929 1897 Cyrinus
962 1840 1069 1896 quo
1098 1838 1225 1894 erga
1253 1822 1577 1887 orientales,
1608 1819 1699 1889 qui
1728 1818 1794 1873 ab
1826 1800 1877 1862 B
1902 1809 2125 1865 clesiam
2176 1807 2378 1877 suscipi
2409 1807 2734 1879 percptabat
2757 1850 2771 1871 ,
2807 1821 2871 1860 ex
2919 1806 2983 1859 iis
3029 1814 3211 1859 tamen
3244 1802 3491 1873 epistolis

205 1916 315 1986 ipso
344 1916 707 1985 dissidebant,
748 1918 930 1975 animo
960 1927 1106 1975 esset
1136 1915 1383 1980 affectus,
1417 1914 1662 1983 pluribus
1692 1927 1791 1966 ex-

202 2009 455 2079 plicabat.
488 2010 698 2081 Quippe
728 2019 785 2067 ut
814 2012 880 2067 ad
914 2024 1101 2080 pacem
1141 2010 1378 2065 Orientis
1416 2008 1560 2061 viam
1588 2005 1790 2076 pande-

201 2112 274 2159 ret
296 2105 1094 2176 expeditiorem,contumelias
1118 2106 1362 2175 proprias
1386 2104 1531 2158 ultro
1549 2110 1793 2157 contem-

202 2210 324 2251 nere
355 2212 440 2267 se,
472 2206 635 2268 atque
661 2197 937 2255 Ecclesiae
962 2196 1204 2253 ordinari
1243 2212 1404 2268 quam
1428 2193 1687 2251 vindicari
1732 2206 1791 2247 se

201 2290 362 2346 malle
410 2291 727 2347 testabatur.
774 2292 1040 2359 Quocirca
1103 2290 1337 2346 Nestorii
1390 2289 1549 2346 unius
1596 2287 1794 2345 exsilio

199 2392 506 2452 contentus,
534 2385 749 2441 caeteris
782 2386 835 2439 in
878 2385 1069 2441 eodem
1106 2383 1389 2454 naufragio
1419 2383 1793 2437 laborantibus

200 2490 416 2532 manum
449 2478 651 2548 porrigi
676 2478 972 2547 flagitabat,
1001 2477 1266 2548 simulque
1296 2476 1521 2546 rogabat
1549 2477 1638 2546 qui
1668 2491 1791 2530 cum

200 2567 405 2624 Joanne
432 2550 775 2626 Antiocheno
802 2583 862 2626 se
889 2580 1125 2641 gereret.

276 2662 334 2720 9.
407 2661 543 2718 Huic
593 2663 776 2737 Cyrilli
840 2663 1086 2732 epistolae
1160 2662 1466 2717 rescribens
1536 2660 1737 2733 Xystus
1772 2706 1787 2729 ,

200 2756 440 2825 ejusdem
495 2756 746 2826 rescripti
803 2757 950 2827 paria
1020 2756 1270 2826 exempla
1324 2757 1487 2811 etiam
1546 2755 1614 2810 ad
1655 2755 1795 2809 alios

199 2852 433 2909 Orientis
483 2853 768 2924 episcopos
823 2854 888 2907 nd
930 2869 1065 2925 quos
1111 2855 1250 2909 mitti
1298 2854 1568 2924 petierant
1607 2853 1791 2923 legati,

200 2945 416 3001 misisse
476 2960 537 3001 se
609 2946 897 3017 signiﬁcat.
956 2945 1111 3013 Quod
1178 2946 1375 3002 indicio
1444 2957 1525 3001 est
1590 2946 1795 3016 legatos

200 3036 314 3092 illos
337 3038 416 3093 ita
439 3039 813 3110 episcoporum
839 3039 1076 3094 Orientis
1102 3040 1322 3094 nomine
1347 3038 1585 3105 venisse,
1620 3047 1681 3092 ut
1704 3052 1794 3091 sos

200 3130 297 3187 lius
342 3140 529 3188 tamen
576 3131 761 3203 Cyrilli
811 3134 1022 3189 litteras
1069 3133 1347 3190 afferrent.
1392 3133 1607 3204 Alioqui
1662 3131 1796 3186 nihil

200 3240 331 3294 opus
355 3236 477 3282 erat
494 3236 551 3281 ut
568 3227 886 3297 quibusnam
911 3227 1015 3282 sibi
1038 3238 1187 3283 esset
1215 3228 1564 3284 scribendum
1592 3226 1795 3299 Xystus

201 3333 228 3372 a
268 3319 467 3390 legatis
495 3319 752 3389 disceret,
780 3322 1023 3377 maxime
1048 3335 1170 3377 cum
1204 3321 1257 3377 id
1290 3322 1459 3377 moris
1488 3320 1650 3376 fuerit
1683 3320 1794 3374 Ro-

202 3411 380 3468 manis
412 3412 756 3482 pontiﬁcibus
776 3423 835 3469 ut
868 3414 971 3470 sibi
1014 3415 1381 3471 scribentibus
1409 3416 1794 3471 rescriberem.

202 3501 495 3560 Probabile
533 3514 712 3562 autem
752 3516 856 3575 est,
888 3508 1213 3579 legationem
1244 3509 1389 3564 illam
1433 3517 1559 3563 tunc
1591 3515 1797 3563 tantum

204 3594 530 3651 destinatam
559 3612 699 3664 esse,
732 3614 852 3654 cum
874 3599 1155 3656 leestini
1179 3600 1396 3665 litterae.
1425 3600 1681 3655 Martiil5
1710 3599 1799 3655 die

204 3686 326 3743 anni
356 3686 471 3745 452
498 3688 637 3743 datze
666 3689 720 3743 in
767 3690 1044 3745 Orientem
1092 3692 1498 3762 pervenissent;
1553 3690 1799 3760 adeoque

204 3780 386 3835 minus
426 3780 761 3850 probabilem
790 3782 916 3838 inde
943 3783 1059 3838 fieri
1090 3783 1433 3852 opinionem,
1480 3798 1599 3853 quae
1644 3781 1800 3852 Xysti

206 3871 605 3931 ordinationem
635 3889 822 3931 mense
845 3875 1014 3945 Aprili
1043 3875 1287 3945 ejusdem
1320 3876 1443 3930 anni
1476 3874 1581 3929 452
1614 3875 1801 3929 consi-

204 3975 352 4039 gnat.
400 3966 589 4037 Neque
622 3984 752 4026 vero
802 3968 921 4025 sine
958 3984 1120 4025 causa
1152 3970 1358 4025 tardius
1400 3968 1577 4024 dill'ert
1608 3969 1805 4040 Pagius

205 4058 345 4116 banc
375 4060 800 4131 ordinationem,
833 4063 877 4117 si
901 4072 1027 4119 ante
1057 4073 1293 4133 acceptae
1333 4061 1537 4117 fuerint
1567 4075 1691 4114 mox
1722 4061 1807 4116 di-

206 4162 308 4210 eue
339 4153 540 4209 litterae
561 4169 722 4225 quam
756 4155 939 4225 legati,
971 4170 1109 4225 quos
1139 4154 1464 4209 ordinutinni
1495 4170 1609 4208 sua:
1640 4155 1803 4207 inter—

206 4245 378 4304 fuisse
400 4247 700 4318 gratulatur
730 4248 951 4321 Xystus,
970 4264 1036 4304 ex
1060 4249 1280 4304 Oriente
1303 4248 1805 4318 proﬁciscerentur.

277 4341 371 4397 10.
414 4340 621 4413 Xystus
661 4342 851 4414 legatis
895 4342 1247 4399 redeuntibus
1281 4344 1415 4397 duas
1446 4340 1667 4397 tradidit
1692 4340 1811 4410 epi-

209 4434 403 4499 stolas,
432 4450 565 4505 quas
599 4436 892 4491 etiamnum
923 4436 1204 4500 habemus,
1241 4434 1443 4499 Cyrillo
1478 4434 1805 4500 reddendas,

208 4541 375 4581 unam
410 4526 697 4597 privatam,
732 4527 962 4583 alteram
993 4543 1114 4583 cum
1147 4529 1267 4583 aliis
1297 4543 1660 4583 communem.
1693 4527 1809 4581 llu-

1897 1918 2004 1959 non
2037 1911 2205 1959 restat
2251 1902 2356 1957 nisi
2384 1916 2511 1968 una,
2567 1900 2778 1956 scilicet
2805 1898 2999 1967 prima,
3033 1897 3238 1969 Cyrillo
3267 1897 3484 1966 quidem

1896 1996 2176 2065 inscripta,
2230 1993 2324 2051 sed
2371 1993 2527 2063 cujus
2583 1991 2899 2059 exemplum
2947 1991 3111 2045 etiam
3158 1988 3490 2044 Maximiano

1897 2089 2151 2145 traditum
2207 2095 2309 2143 est.
2360 2085 2512 2143 Unde
2544 2084 2792 2153 sequitur
2824 2090 2883 2138 ut
2909 2082 3086 2152 aliqua
3137 2080 3330 2137 saltem
3372 2081 3491 2150 epi-

1897 2182 2035 2238 stola
2068 2182 2133 2237 ad
2161 2180 2544 2236 Maximianum
2572 2178 2772 2247 scripta
2802 2174 3087 2231 exciderit.

1973 2275 2058 2329 19.
2120 2274 2313 2332 Statim
2365 2280 2425 2329 ut
2480 2272 2717 2327 Joannes
2770 2269 3146 2326 Antiochenus
3202 2283 3324 2325 cum
3370 2269 3492 2325 aliis

1898 2368 2134 2424 Orientis
2159 2367 2432 2437 episcOpis
2461 2364 2529 2419 ad
2564 2363 2827 2419 Ecclesiae
2850 2362 3141 2429 unitatem,
3182 2364 3489 2432 composita

1897 2476 2053 2532 pace,
2104 2459 2286 2526 rediit,
2337 2458 2567 2513 Romam
2622 2456 2912 2511 destinavit
2962 2455 3285 2526 legationem
3315 2493 3332 2521 ,
3385 2469 3491 2525 qua

1897 2554 2077 2625 Xysto
2104 2569 2163 2610 se
2204 2552 2479 2609 cohterere
2532 2558 2842 2606 testaretur.
2875 2548 3014 2604 Tum
3048 2547 3286 2619 Cyrinus
3330 2555 3385 2603 et
3424 2546 3495 2603 de

1898 2648 2149 2705 confecta
2203 2661 2351 2716 pace,
2398 2652 2452 2699 et
2481 2643 2548 2698 de
2572 2642 2795 2699 Joannis
2822 2641 3095 2712 legatione
3140 2639 3375 2711 Xystum
3405 2639 3495 2694 lit-

1900 2741 2034 2797 teris
2055 2741 2352 2795 admonere
2383 2736 2662 2792 festinavit
2716 2732 2913 2805 (Epist.
2969 2733 3004 2788 5
3051 2751 3103 2789 η.
3158 2732 3235 2805 6).
3292 2732 3494 2805 Xystus

1898 2849 2032 2888 vero
2062 2832 2266 2886 litteras
2288 2829 2412 2884 illas
2437 2828 2541 2898 legi
2564 2827 2775 2882 curavit
2814 2826 2865 2880 in
2915 2832 3062 2881 cmtu
3106 2825 3487 2895 episcoporum

1900 2926 1989 2994 qui
2020 2925 2087 2978 ad
2118 2920 2550 2979 anniversarium
2581 2917 2938 2975 ordinationis
2961 2930 3073 2973 sua:
3102 2917 3247 2973 diem
3286 2931 3491 2973 conve-

1904 3027 2098 3073 nerant
2124 3018 2143 3089 (
2170 3015 2360 3084 Ephes.
2396 3013 2591 3070 Concil.
2628 3029 2691 3068 us
2731 3028 2849 3084 par.
2900 3028 2944 3067 c.
2978 3010 3103 3081 '52).
3133 3009 3270 3066 Cum
3311 3019 3493 3066 autem

1905 3110 2144 3166 Orientis
2195 3124 2299 3176 pax
2348 3108 2569 3163 ineunte
2616 3120 2759 3161 anno
2799 3104 2908 3161 4⁸55
2949 3105 3160 3160 ﬁrmata
3187 3104 3278 3169 sit,
3308 3104 3387 3158 uti
3426 3119 3494 3158 ex

1823 3193 1873 3259 C
1905 3202 2128 3258 homilia
2176 3200 2327 3255 Pauli
2358 3198 2595 3255 Emiseni
2625 3198 2801 3268 primo
2841 3196 3001 3266 hujus
3026 3196 3152 3251 anni
3194 3194 3282 3251 die
3313 3194 3499 3250 habita

1906 3296 2094 3366 liquet,
2120 3295 2219 3349 has
2240 3292 2426 3365 Cyrilli
2452 3292 2660 3347 litteras
2708 3299 2766 3346 et
2800 3298 2924 3359 post
2966 3288 3177 3343 initium
3232 3288 3360 3342 anni
3390 3288 3498 3342 455

1906 3390 2160 3455 scriptas,
2203 3393 2258 3440 et
2297 3394 2421 3440 ante
2458 3381 2889 3439 anniversarium
2938 3381 3297 3438 ordinationis
3340 3379 3500 3451 Xysti

1907 3484 2051 3540 diem
2080 3490 2330 3552 acceptas
2360 3495 2482 3536 esse
2509 3477 2652 3534 haud
2678 3484 2883 3534 temere
2911 3476 3216 3547 colligatur.

1984 3579 2068 3634 15.
2101 3577 2322 3647 Aliquot
2349 3584 2473 3645 post
2496 3573 2644 3639 dies,
2675 3573 2765 3642 qui
2810 3570 3153 3640 praenuntiati
3205 3567 3420 3624 fuerant
3470 3580 3505 3622 ι

1910 3674 2113 3745 Cyrillo
2156 3672 2381 3727 Joannis
2434 3668 2598 3739 legati
2643 3666 2868 3722 Romam
2901 3674 3187 3730 venerunt,
3243 3661 3499 3718 reddide—

1908 3776 2144 3835 runtque
2172 3764 2402 3830 litteras,
2436 3776 2667 3832 quarum
2718 3757 3000 3815 exordium
3048 3755 3206 3827 Xysti
3248 3754 3502 3811 faudibus

1909 3859 2175 3916 refertum
2207 3868 2321 3914 erat
2344 3856 2540 3927 (Epist.
2565 3854 2600 3910 6
2627 3871 2679 3909 η.
2710 3852 2789 3924 '5).
2816 3850 3143 3907 Nominatim
3171 3863 3302 3904 vero
3347 3848 3498 3903 illum

1912 3953 2043 4008 bono
2080 3952 2291 4007 humani
2319 3950 2516 4023 generis
2543 3949 2840 4020 apostolica:
2865 3947 2974 4001 sedi
3000 3944 3273 4018 prtesidere
3298 3941 3500 4015 praedi-

1913 4049 2072 4104 cabat
2094 4046 2352 4112 Joannes,
2381 4058 2445 4099 ac
2471 4043 2741 4112 luciferum
2765 4041 2949 4111 ubique
2975 4040 3223 4094 lucentem
3247 4037 3496 4093 vocabat.

1914 4143 2043 4199 Ideo
2070 4149 2250 4197 autem
2278 4139 2495 4209 scriptae
2522 4144 2679 4194 erant
2728 4136 2813 4190 hac
2862 4134 3076 4198 litterae,
3106 4142 3165 4188 ut
3190 4141 3245 4187 et
3269 4132 3502 4188 Nestorii

1916 4235 2311 4307 depositionem
2332 4274 2346 4297 ,
2379 4241 2433 4287 et
2463 4228 2768 4285 Maximiani
2820 4228 2871 4281 in
2919 4225 3036 4295 ejus
3066 4224 3245 4281 locum
3280 4222 3502 4279 ordina-

1914 4331 2120 4384 tionem
2171 4325 2403 4397 probare
2451 4337 2512 4378 se
2541 4322 2776 4377 Joannes
2827 4318 3143 4375 solemniter
3188 4322 3503 4372 testaretur.

1918 4424 2031 4479 Eas
2059 4436 2272 4492 quoque
2301 4418 2503 4491 Xystus
2533 4416 2726 4487 dignas
2746 4413 3031 4484 judicavit,
3060 4426 3181 4482 quae
3204 4412 3259 4466 in
3291 4424 3508 4466 eorum.

1921 4519 2043 4574 dem
2075 4522 2343 4572 conventu
2369 4512 2767 4583 episcoporum,
2824 4507 2914 4577 qui
2947 4506 3013 4559 ad
3062 4504 3295 4559 natalem
3337 4503 3510 4575 ipsius

206 4616 295 4686 ius
328 4619 645 4689 exemplum
677 4619 779 4675 sibi
804 4621 1026 4675 missum
1056 4636 1176 4677 esse
1202 4622 1431 4677 Aeacius
1461 4622 1664 4677 Beroem
1693 4620 1813 4690 epi-
1841 4591 1899 4653 Ῑ)
1923 4608 2304 4670 celebrandum
2328 4620 2447 4662 sese
2473 4605 2527 4659 in
2553 4602 2763 4659 Urbem
2786 4598 3147 4664 contulerant,
3175 4596 3504 4666 legerentur.

210 4725 417 4781 scapus
460 4712 525 4767 ad
571 4713 936 4770 Alexandrum
971 4716 1428 4785 Hierapolitanum
1463 4723 1691 4771 testatur
1729 4715 1815 4769 his

210 4804 441 4859 verbis:
467 4803 759 4874 Episcopus
788 4808 991 4877 quidem
1020 4810 1107 4878 qui
1140 4809 1319 4863 Roma:
1352 4818 1425 4862 est
1450 4824 1605 4862 unum
1632 4808 1701 4861 ad
1735 4824 1818 4861 me

213 4899 428 4969 scripsit
455 4902 727 4973 epistolam
770 4900 976 4973 (Bolus.
1009 4918 1124 4957 nov.
1162 4903 1285 4956 coll.
1341 4920 1461 4975 pag.
1512 4901 1660 4971 757).
1706 4901 1815 4957 Sed

212 4990 344 5059 quia
378 4990 559 5047 statim
591 4991 841 5063 adjungit
895 4993 1145 5059 Aeacius,
1185 4992 1517 5048 Alexandria:
1551 5009 1669 5048 vero
1718 5002 1819 5046 tres

211 5083 293 5137 uel
329 5096 574 5155 quatuor,
609 5104 674 5142 ea:
695 5088 879 5159 quibus
907 5088 1061 5142 unius
1101 5090 1409 5159 rescriptum
1438 5096 1538 5141 tum
1564 5087 1825 5158 religiosi-

212 5178 310 5231 tati
346 5179 543 5246 direxi;
574 5180 703 5235 dum
742 5180 887 5236 istud
926 5181 1005 5236 sic
1032 5181 1423 5248 interpretatur
1444 5180 1824 5235 'l‘illemontius

209 5266 398 5338 (Tom.
426 5270 496 5328 IV
532 5289 659 5345 pag.
690 5272 819 5345 521)
848 5276 1023 5344 quasi,
1053 5273 1390 5329 Alexandria:
1420 5275 1561 5338 loco,
1595 5273 1820 5327 Alexim.

214 5362 397 5417 driam
422 5365 661 5437 legisset,
698 5367 925 5440 Xystum
957 5383 1024 5425 eo
1062 5378 1306 5440 tempore
1333 5385 1439 5440 quo
1465 5370 1531 5423 ad
1563 5367 1820 5423 Acacium

212 5457 465 5524 scritssit,
496 5462 660 5515 etiam
713 5471 822 5516 tres
853 5470 947 5515 aut
990 5471 1221 5533 quatuor
1271 5461 1530 5532 epistolas
1586 5462 1822 5515 Alexan-

212 5543 400 5600 driam
429 5548 641 5605 misisse
672 5551 986 5606 arbitratur.
1026 5552 1132 5608 Sed
1176 5553 1355 5622 potior
1386 5560 1469 5607 est
1497 5553 1824 5622 interpreta-

214 5638 298 5693 tio
331 5637 555 5708 Baluzii,
587 5643 811 5712 perinde
842 5644 981 5699 istud
1003 5645 1333 5700 Alexandria:
1368 5662 1505 5710 vero,
1549 5646 1705 5715 quasi
1737 5648 1829 5699 ha-

1923 4707 2110 4777 Neque
2137 4701 2281 4759 enim
2312 4715 2406 4756 eos
2427 4699 2516 4768 qui
2544 4696 2756 4752 litteras
2777 4691 3064 4764 legationis
3098 4689 3327 4746 Joannis
3368 4702 3511 4758 prte-

1923 4800 2142 4856 nuntias
2196 4796 2490 4851 attulerant
2536 4790 2685 4862 prius
2712 4786 3063 4844 dimittendos
3110 4784 3297 4848 duxit,
3350 4798 3508 4853 quam

1923 4892 2210 4966 legationis
2238 4888 2411 4961 ipsius
2436 4894 2601 4943 testes
2630 4883 2754 4939 facti
2796 4882 3043 4937 fuissent.

1998 4989 2088 5043 14.
2119 4985 2199 5041 Eo
2228 4984 2349 5054 ipso
2374 4992 2617 5051 tempore
2644 4990 2752 5049 quo
2782 4975 3018 5032 Joannes
3037 4972 3347 5045 acCyrillus
3372 4970 3517 5040 lega-

1928 5086 2135 5139 tionem
2182 5078 2467 5151 parabant,
2520 5072 2759 5130 Orientis
2788 5069 3049 5142 episcopi,
3090 5068 3285 5140 quibus
3335 5081 3435 5136 pax
3486 5080 3519 5119 a

1931 5179 2139 5235 Joanne
2160 5175 2289 5230 inita
2310 5168 2650 5241 displicebat,
2676 5164 3038 5222 festinandum
3066 5162 3167 5217 sibi
3187 5165 3519 5216 censuerunt

1931 5287 2003 5328 ne
2057 5268 2337 5341 pactiones
2392 5269 2671 5319 conventas
2710 5274 2740 5315 a
2774 5258 2945 5330 Xysto
2990 5255 3356 5309 ﬁrmarentur.
3409 5249 3523 5304 Hac

1933 5365 2003 5421 de
2032 5378 2192 5421 causa
2235 5359 2524 5417 Eutherius
2569 5354 2910 5428 Thyanensis
2938 5358 2993 5406 et
3023 5345 3299 5404 Helladius
3326 5343 3523 5400 Tharsi

1935 5458 2178 5528 episcopi
2204 5454 2512 5525 epistolam,
2547 5464 2709 5521 quam
2740 5447 3037 5502 etiamnum
3081 5441 3338 5496 habemus
3364 5478 3379 5503 ,
3412 5451 3523 5493 non

1940 5552 2102 5608 modo
2155 5550 2595 5617 conscripserunt
2623 5543 2817 5615 Xysto,
2852 5538 2943 5594 sed
2976 5543 3032 5592 et
3056 5550 3175 5591 eam
3211 5532 3525 5603 priusquam

1939 5647 2245 5701 mitteretur
2276 5655 2399 5697 cum
2434 5636 2740 5694 Alexandro
2772 5630 3125 5701 Hierapoleos
3177 5640 3242 5683 ac
3277 5624 3528 5683 Theodo-

212 5730 464 5799 beretur,
494 5736 761 5805 episcopus
787 5752 905 5790 vero
924 5739 1013 5806 qui
1039 5739 1367 5791 Alexandria:
1397 5748 1490 5800 est,
1524 5739 1831 5807 intelligen-
1938 5749 2058 5793 reto
2079 5736 2205 5807 Cyri
2235 5734 2505 5805 episcopis
2535 5725 2926 5794 communicari
2966 5723 3311 5779 studuerunt.
3344 5717 3531 5787 Neque

212 5824 316 5878 tis.
354 5824 579 5882 Tantum
611 5830 774 5898 igitur
791 5829 1022 5885 Aeacius
1049 5832 1210 5886 allato
1242 5832 1363 5886 loco
1384 5846 1542 5886 unam
1570 5848 1595 5885 a
1629 5832 1825 5901 Xysto,

1941 5831 2041 5885 hac
2066 5845 2122 5884 rc
2166 5836 2458 5883 contentus
2489 5821 2802 5890 Eutherius,
2862 5818 3087 5890 privatis
3140 5816 3303 5873 etiam
3337 5808 3531 5867 litteris
