4018 6338
557 286 666 350 625

1610 286 1702 342 AD
1739 283 1969 344 OPERA
2007 279 2212 342 XYSTI
2252 285 2320 345 Ill
2359 285 2727 346 APPENDIX.
3680 312 3762 375 σαι

554 410 715 466 simul
747 392 926 467 miSsis
951 417 1241 480 utrumque
1289 407 1606 464 cohortatus
1632 417 1738 474 est,
1772 415 1832 462 ut
1862 416 1918 462 et
1951 405 2053 475 ipsi
2080 407 2134 459 in
2161 403 2217 466 Α
2240 408 2525 477 gessimus;
2553 407 2610 460 id
2639 422 2838 478 quoque
2874 405 2987 462 risu
3010 407 3312 480 excipiatur.
3356 410 3498 471 Unde
3535 421 3763 494 conjicere

556 501 845 556 Occidentis
877 512 1066 572 partes,
1100 501 1202 556 hoc
1236 510 1323 556 est
1366 500 1617 566 Romam,
1659 499 1868 570 aliquos
1896 499 2138 554 destina—

554 603 676 649 rent
705 593 920 664 (Bolus.
979 611 1095 648 nov.
1144 592 1266 648 coll.
1317 611 1438 666 pag.
1470 594 1637 664 817).
1669 593 1847 649 Timor
1877 603 1949 649 est
1980 595 2138 660 enim,

552 686 850 756 inquiebat,
884 704 946 742 ne
976 687 1403 756 prwvenientibus
1440 688 1622 742 litteris
1666 688 1887 743 aliorum
1917 687 2140 760 (Cyrilli

553 783 763 838 scilicet
788 797 852 838 ac
875 783 1166 848 Joannis),
1197 784 1346 851 quasi
1388 783 1551 836 unitio
1580 784 1719 853 facta
1761 784 1847 850 sit,
1899 793 1944 836 et
1991 785 2141 837 rebus

553 876 848 948 incongruis
870 864 1300 930 consentientibus
1322 876 1572 930 universis
1601 876 1692 946 (id
1723 886 1825 941 est,
1857 875 1945 930 ubi
1979 875 2142 930 rebus

554 970 866 1040 incongruis
897 969 1275 1024 consenserint
1321 968 1599 1040 universi)
1629 1009 1643 1034 ,
1673 969 1933 1039 segniores
1963 985 2143 1039 appa-

552 1071 696 1115 reant
727 1061 744 1131 (
767 1058 1032 1131 Romani)
1055 1060 1124 1114 ad
1146 1077 1207 1115 ea
1235 1077 1348 1129 qua:
1370 1062 1504 1115 male
1526 1071 1643 1114 acta
1673 1069 1791 1114 sunt
1811 1060 2138 1130 corrigenda.

553 1154 760 1221 Quibus
794 1153 1012 1209 monitis
1042 1168 1244 1208 morem
1269 1169 1465 1223 gerens
1490 1153 1817 1218 Alexander,
1850 1150 2057 1222 legatos
2087 1151 2140 1207 in

552 1246 755 1303 Urbem
787 1248 970 1314 misit,
1004 1263 1253 1302 accusans
1281 1248 1466 1316 impias
1518 1247 1639 1300 illas
1679 1246 1941 1318 pactiones
1967 1247 2139 1316 (quas

551 1340 786 1412 Cyrillus
813 1350 866 1397 et
890 1341 1132 1396 Joannes
1163 1339 1474 1410 ferierant),
1509 1356 1622 1409 qua:
1650 1355 1803 1410 super
1837 1338 1944 1392 alia
1963 1339 2143 1392 incon-

551 1452 682 1506 grua
720 1444 767 1489 et
794 1435 845 1489 in
873 1434 976 1504 ﬁde
1005 1445 1257 1488 auxerunt
1304 1434 1615 1490 discordiam
1642 1432 1846 1506 (Ibid.,
1881 1450 1999 1506 pag.
2035 1431 2135 1487 821

551 1538 598 1582 et
620 1526 777 1596 822),
810 1529 884 1582 uti
928 1527 1072 1597 loqui
1122 1527 1300 1596 placet
1342 1527 1566 1595 lrenazo,
1619 1527 1723 1581 hoc
1768 1535 1851 1581 est
1876 1527 2140 1580 acerrimo

553 1621 792 1677 Nestorii
814 1619 1108 1678 defensori.
1139 1622 1334 1677 Iisdem
1363 1621 1582 1677 monitis
1600 1636 1721 1676 cum
1740 1619 2135 1687 Thcodoretus,

555 1724 666 1768 tum
695 1713 785 1768 alii
809 1714 1068 1783 episc0pi,
1101 1729 1329 1784 quorum
1369 1714 1585 1769 nomina
1616 1712 1861 1769 Meletius
1890 1711 2136 1782 Mopsue-

559 1805 678 1860 stia:
705 1805 996 1876 episcopus
1021 1805 1178 1860 nobis
1209 1806 1436 1872 indicat,
1471 1813 1790 1876 paruerunt.

627 1896 714 1952 15.
775 1897 906 1952 Cum
949 1897 1094 1952 enim
1124 1897 1339 1952 illorum
1395 1897 1579 1953 clerici
1636 1897 1860 1951 Romam
1912 1905 2142 1952 conten-

553 1987 744 2045 dentes
781 1989 1165 2060 Mopsuestiam
1199 1989 1569 2045 'divertissent
1595 2031 1608 2054 ,
1642 1989 1890 2045 Meletius
1938 1990 2005 2044 de
2038 1990 2144 2046 illis

556 2081 876 2149 Alexandro,
899 2081 1244 2151 Theodoreto,
1270 2081 1488 2150 Abbibo,
1517 2081 1747 2147 Heliadi,
1766 2083 1926 2150 Mari,
1957 2082 2143 2137 Dauidi

553 2184 599 2230 et
637 2174 839 2230 Acilino
870 2177 948 2230 sic
974 2203 986 2240 ί
999 2175 1279 2244 rescripsit
1307 2173 1494 2246 (Ibid.,
1529 2192 1650 2245 pag.
1703 2173 1829 2245 822)
1857 2194 1869 2227 :
1895 2173 1999 2229 Eos
2030 2175 2144 2246 qui-

553 2268 701 2338 dem,
729 2269 815 2336 qui
841 2269 908 2321 ad
939 2267 1266 2323 Occidentem
1307 2267 1493 2322 directi
1535 2278 1672 2334 sunt,
1706 2267 1816 2323 Deo
1846 2270 2144 2324 amantissi-

553 2377 662 2415 mos
717 2362 928 2417 clericos
976 2362 1050 2415 ita
1102 2362 1460 2431 suscepimus,
1516 2372 1572 2416 ut
1625 2379 1938 2434 consequens
1987 2372 2136 2428 erat,

555 2461 760 2508 nostros
789 2453 933 2526 (leg.
971 2452 1191 2525 uestros)
1223 2462 1271 2507 et
1315 2455 1406 2525 qui
1436 2471 1529 2524 pro
1557 2455 1649 2508 tali
1695 2471 1851 2509 causa
1898 2454 2142 2510 destinati

555 2553 695 2610 sunt,
728 2544 780 2599 id
802 2553 906 2614 est,
940 2545 1012 2600 ita
1038 2545 1380 2616 suscepimus
1409 2553 1466 2600 ut
1487 2545 1712 2602 decebat
1733 2548 2010 2616 suscipere
2032 2548 2143 2603 cle-

555 2634 701 2690 ricos
728 2644 959 2702 vestros,
1015 2637 1248 2692 maxime
1307 2651 1404 2706 pro
1458 2637 1551 2692 tali
1595 2652 1756 2693 causa
1813 2639 2135 2694 destinatos.

556 2725 693 2782 Tum
725 2727 820 2782 his
865 2727 1112 2798 adjunxit
1140 2747 1151 2781 :
1182 2727 1513 2784 Festinamus
1557 2738 1603 2784 et
1635 2748 1747 2797 nos,
1795 2730 1840 2784 si
1887 2729 2140 2786 Dominus

553 2818 798 2873 annuerit
821 2819 1135 2874 orationibus
1165 2829 1342 2875 vestris
1370 2821 1685 2886 sanctitatis,
1725 2821 1919 2875 similia
1940 2839 2134 2893 gerere,

549 2911 670 2981 quia
700 2919 897 2980 oportet
919 2913 1127 2967 omnino
1150 2923 1204 2967 ut
1231 2912 1513 2980 offeramus
1537 2923 1584 2968 et
1610 2931 1704 2970 nos
1731 2931 1848 2986 quae
1881 2915 2139 2970 credimus

549 3005 811 3074 expedire.
843 3005 1083 3072 lstudne,
1113 3007 1257 3078 quod
1282 3008 1355 3064 ibi
1375 3009 1603 3079 spondet
1635 3009 1904 3076 Meletius,
1932 3011 2140 3080 praesti-

548 3096 694 3162 terit,
727 3105 823 3154 aut
847 3115 954 3170 quo
994 3109 1149 3170 pacto
1179 3117 1209 3156 a
1235 3101 1408 3173 Xysto
1436 3103 1673 3173 suscepti
1701 3102 1809 3158 sint
1844 3102 2132 3159 Alexandri

2243 508 2347 566 est,
2403 515 2522 555 cum
2573 498 2811 572 Cyrillus
2851 500 3206 570 capitulorum
3235 517 3446 563 suorum
3475 513 3757 580 publicasset

2241 595 2681 665 explicationem,
2714 612 2832 666 quae
2873 596 3123 654 omnibus
3151 599 3316 669 aequis
3364 602 3486 658 viris
3512 617 3654 679 atque
3677 614 3757 685 ipsi

2242 690 2402 744 etiam
2421 689 2768 744 Theodoreto
2788 689 3011 758 probata
3035 699 3136 766 est,
3162 689 3489 751 adversarios
3510 698 3635 756 illius
3653 703 3762 765 hanc

2244 781 2533 851 arripuisse
2576 782 2921 838 occasionem
2950 790 3009 837 ut
3033 781 3300 852 duplicem
3341 783 3480 842 illam
3520 791 3760 860 epistolam

2244 872 2635 942 conﬁngerent.

2318 967 2404 1020 l7.
2434 967 2613 1023 Sancti
2661 967 2810 1023 Britii
2839 967 3124 1024 Turonicas
3153 969 3384 1026 civitatis
3409 972 3646 1044 episcOpi,
3689 983 3759 1051 qui

2243 1057 2401 1113 beato
2423 1059 2651 1131 Martino
2679 1071 3034 1126 successerat,
3063 1060 3212 1116 varia
3258 1061 3462 1118 fortuna
3504 1063 3611 1120 fuit.
3638 1068 3697 1124 Et
3729 1073 3763 1129 is

2243 1151 2459 1220 quidem
2488 1152 2618 1207 olim
2659 1167 2690 1206 a
2718 1152 2922 1208 Lazaro
2959 1161 3262 1215 accusatus.
3288 1154 3340 1208 in
3367 1154 3563 1225 synodo
3601 1158 3758 1217 Tauri-

2245 1248 2400 1301 nensi
2429 1261 2458 1301 a
2483 1247 2710 1302 Proculo
2739 1246 2938 1302 meruit
2965 1244 3180 1303 absolvi
3197 1245 3410 1319 (Zosim.
3441 1249 3577 1316 epist.
3601 1251 3763 1324 διώ).

2245 1339 2590 1394 Postmodum
2626 1349 2803 1394 tamen
2827 1356 2967 1395 anno
2997 1342 3107 1396 450
3135 1354 3165 1394 a
3191 1341 3388 1410 popqu
3416 1356 3509 1398 suo
3535 1346 3765 1414 expulsus,

2246 1434 2470 1489 Romam
2495 1433 2787 1505 confugere
2809 1442 3028 1491 coactus
3057 1442 3158 1500 est,
3193 1434 3267 1489 uti
3295 1433 3577 1506 Gregorius
3603 1438 3763 1496 Turon.

2245 1525 2337 1581 lib.
2368 1542 2405 1582 ιι
2429 1527 2562 1582 Hist.
2598 1526 2793 1582 Franc.
2824 1541 2873 1582 c.
2905 1527 2931 1581 1
2967 1534 3172 1581 narrat.
3216 1525 3436 1592 Verum,
3464 1527 3625 1600 inquit
3659 1531 3768 1589 idem

2245 1617 2557 1690 Gregorius,
2593 1619 2688 1673 lib.
2720 1635 2750 1672 x
2780 1633 2829 1673 c.
2862 1617 2953 1683 51,
2993 1619 3210 1690 septimo
3256 1634 3507 1690 regressus
3532 1638 3651 1677 anno
3683 1642 3770 1680 cum

2243 1712 2550 1766 auctoritate
2574 1727 2722 1782 papte
2744 1709 2888 1765 illius
2910 1709 3144 1765 Turonos
3173 1710 3345 1765 redire
3375 1713 3608 1782 disponit.
3651 1716 3768 1785 Quod

2172 1793 2222 1854 B
2248 1802 2446 1872 duplici
2484 1802 2689 1858 ratione
2734 1801 2956 1872 intelligi
2985 1811 3182 1871 potest.
3219 1800 3313 1858 Vel
3339 1805 3476 1858 enim
3520 1805 3646 1860 istud
3678 1825 3766 1863 cum

2246 1896 2638 1951 auctoritateita
2667 1895 2868 1951 dictum
2893 1903 2998 1960 est,
3039 1905 3099 1950 ut
3125 1893 3329 1950 Britius
3359 1910 3460 1950 non
3505 1899 3772 1959 auctoritate

2247 2003 2365 2055 sua,
2407 1989 2500 2044 sed
2528 1988 2679 2060 Xysti
2705 1989 2859 2059 jussu
2912 1987 2978 2041 ad
3029 1986 3333 2044 Ecclesiam
3382 2003 3526 2043 suam
3575 1990 3770 2049 redierit.

2245 2079 2341 2136 Cui
2365 2080 2795 2150 interpretationi
2819 2079 2970 2135 favet
2992 2078 3124 2134 illud
3142 2078 3390 2149 Gregorii
3406 2079 3627 2150 ejusdem
3646 2082 3768 2141 ibid.:

2245 2173 2438 2227 Britius
2463 2190 2578 2228 vero
2606 2181 2800 2244 septem
2821 2172 2966 2244 apud
2994 2171 3198 2239 Papam
3237 2170 3394 2228 Urbis
3439 2175 3577 2229 annis
3605 2176 3771 2248 degens,

2244 2267 2461 2320 idoneus
2489 2265 2670 2338 (forte
2690 2265 2965 2336 innocens)
2994 2266 3228 2320 inventus
3253 2282 3285 2319 a
3307 2265 3533 2333 crimine,
3556 2268 3617 2321 ad
3639 2268 3775 2325 urbem

2243 2375 2391 2413 suam
2420 2358 2588 2413 redire
2632 2361 2815 2429 jussus
2843 2367 2936 2412 est.
2969 2357 3067 2413 Vel
3110 2373 3238 2413 cum
3287 2356 3638 2426 Tillemontio,
3674 2369 3774 2416 tom.

2245 2448 2364 2504 XIV
2381 2465 2500 2520 pag.
2517 2449 2646 2515 261,
2658 2449 2878 2505 verbum
2897 2449 3218 2505 auctoritatis
3231 2449 3310 2504 sic
3324 2449 3646 2535 interpretari
3658 2451 3775 2521 licet,

2245 2549 2302 2595 ut
2331 2555 2396 2596 eo
2424 2549 2681 2596 notentur
2726 2541 2921 2596 littera:
2959 2556 2988 2595 a
3021 2540 3197 2614 Xysto
3228 2541 3391 2610 datae,
3439 2543 3617 2614 quibus
3658 2545 3795 2601 innor

2243 2635 2434 2690 centiae
2466 2633 2619 2689 Britii
2646 2632 2804 2689 (idem
2830 2632 3050 2699 faceret,
3077 2649 3314 2704 eumque
3331 2633 3446 2691 sine
3466 2637 3777 2692 controversia

2243 2728 2408 2798 recipi
2440 2729 2774 2798 praeciperet.
2827 2727 3030 2783 Eodem
3062 2729 3388 2785 auctoritatis
3418 2731 3620 2786 nomine
3653 2730 3774 2787 Zosi-

2243 2836 2361 2876 mus
2411 2837 2546 2892 papa
2598 2821 2884 2892 epistolam
2921 2835 3072 2876 suam
3115 2822 3347 2892 primam
3395 2822 3602 2892 indicat,
3628 2823 3775 2879 ubisit

2243 2913 2438 2984 (Epist.
2467 2915 2492 2969 1
2515 2930 2568 2967 n.
2593 2912 2646 2985 1)
2677 2932 2688 2967 :
2721 2913 2892 2979 Quam
2917 2912 3278 2968 auctoritatem
3304 2913 3489 2985 ubique
3513 2931 3600 2969 nos
3621 2915 3779 2970 misisse

2242 3004 2569 3074 manifestum
2620 3014 2713 3058 est.
2749 3004 2818 3059 Et
2851 3005 2896 3059 is
2942 3004 3159 3077 quidem
3191 3020 3326 3060 usus
3363 3002 3481 3061 cum
3509 3021 3609 3062 non
3635 3007 3771 3063 solum

2243 3096 2502 3152 Romanis
2529 3095 2897 3167 pontiﬁcibus,
2923 3097 3018 3152 sed
3047 3106 3100 3152 et
3127 3097 3481 3167 scriptoribus
3517 3097 3626 3153 aliis
3653 3097 3779 3153 lami-

547 3187 883 3262 aliorumque
945 3192 1141 3262 legati,
1196 3171 1350 3249 nullo
1405 3171 1740 3250 monimento
1790 3205 2130 3266 compertum
2161 3171 2208 3236 (ἶ
2241 3190 2387 3245 liaris
2415 3192 2502 3256 sit,
2532 3190 2764 3244 maxime
2795 3189 2848 3244 in
2880 3188 2985 3244 hoc
3020 3188 3269 3261 Gregorii
3305 3190 3604 3246 testimonio
3629 3190 3773 3246 locum

547 3281 827 3339 habemus.
861 3283 1221 3340 Indubitatum
1245 3295 1424 3342 tamen
1453 3296 1536 3343 est
1558 3295 1722 3357 atque
1747 3303 1811 3343 ex
1846 3287 2017 3358 ipsius
2044 3291 2134 3344 lit-

549 3376 679 3432 teris
699 3377 1056 3447 exploratum,
1110 3377 1255 3434 hunc
1289 3394 1481 3449 papam
1533 3378 1588 3435 in
1647 3381 1840 3436 tuenda
1871 3381 1974 3437 [ide
2001 3399 2135 3437 con-

547 3473 780 3524 stantem
812 3483 1025 3540 semper
1056 3469 1244 3527 fuisse.
1276 3471 1461 3542 Neque
1491 3473 1875 3544 ambigendum
1921 3475 2134 3531 videtur

549 3561 678 3632 quin
702 3561 861 3617 simul
885 3563 1046 3617 etiam
1087 3562 1143 3618 in
1171 3563 1236 3619 iis
1262 3564 1353 3635 qui
1377 3564 1634 3621 errabant
1678 3566 2003 3623 sustinendis
2032 3577 2086 3623 et
2110 3611 2126 3637 ,

550 3660 808 3724 quantum
836 3654 887 3708 in
911 3667 971 3709 se
989 3662 1126 3721 erat,
1156 3654 1224 3711 ad
1249 3655 1509 3712 unitatem
1538 3658 1858 3715 reducendis
1889 3659 2034 3730 pium
2073 3674 2134 3716 se

550 3761 614 3800 ac
644 3744 932 3817 benignum
960 3747 1029 3803 de
1051 3761 1202 3804 more
1232 3748 1520 3819 praebuerit

619 3837 707 3894 16.
737 3839 806 3895 At
833 3841 1080 3911 quamvis
1133 3857 1255 3898 eum
1308 3842 1565 3900 inducere
1593 3859 1699 3899 non
1735 3845 2036 3915 potuissent
2067 3854 2127 3900 ut

547 3930 836 4003 quidquam
870 3932 923 3988 in
952 3933 1182 4003 partium
1214 3949 1433 3990 suarum
1463 3936 1688 4006 gratiam
1726 3937 2014 4005 scriberet,
2067 3953 2133 3995 eo

548 4030 726 4078 tamen
757 4028 1022 4095 processit
1048 4027 1430 4083 nonnullorum
1466 4029 1818 4099 impudentia,
1853 4040 1914 4086 ut
1944 4047 2135 4102 quam-

547 4115 671 4170 dam
712 4115 780 4171 de
818 4116 986 4186 ipsius
1037 4119 1335 4174 mutatione
1382 4121 1758 4193 contingerent
1808 4123 2131 4194 epistolam,

548 4225 776 4280 eamque
807 4225 901 4280 per
929 4213 1234 4280 provincias
1257 4212 1596 4270 circumferri
1627 4226 1899 4272 curarent.
1937 4217 2045 4272 Hac
2065 4218 2134 4273 de

546 4321 609 4362 re
647 4304 883 4376 Cyrillus
914 4304 1269 4375 Succensum,
1303 4308 1369 4363 ad
1401 4309 1603 4366 calcem
1649 4310 1890 4380 epistolae
1914 4311 1948 4364 2
1970 4327 2132 4382 quam

546 4397 614 4454 ad
661 4397 805 4454 hunc
845 4398 1155 4468 episcopum
1199 4401 1434 4470 scripsit,
1488 4412 1673 4457 monet
1703 4403 1788 4457 liis
1815 4403 2030 4458 verbis:
2071 4403 2132 4460 Si

545 4497 718 4544 autem
743 4489 978 4544 nonnulli
1007 4491 1375 4562 circumferant
1415 4494 1685 4562 epistolam
1707 4504 1762 4548 ut
1788 4512 1819 4548 a
1848 4496 2133 4568 religiosis-

2235 3283 2418 3340 babet.
2446 3283 2669 3339 Britium
2693 3284 2836 3340 enim
2867 3293 2989 3354 post
3018 3293 3126 3338 tam
3159 3284 3382 3355 longum
3405 3284 3457 3340 in
3485 3284 3620 3342 Urbe
3638 3299 3782 3341 seces-

2235 3392 2377 3446 sum,
2423 3376 2549 3432 inde
2611 3377 2676 3432 ad
2723 3375 2934 3447 plebem
2977 3390 3100 3446 quae
3143 3376 3329 3446 ipsum
3377 3377 3645 3448 expulerat
3687 3376 3780 3431 sine

2236 3465 2694 3522 commendatitiis
2746 3480 2896 3536 papa
2947 3463 3146 3520 litteris
3187 3464 3473 3522 dimissum
3511 3480 3621 3522 esse
3654 3477 3783 3521 nemo

2237 3560 2518 3632 probabile
2560 3558 2902 3630 iudicaverit.

2309 3655 2400 3710 18.
2445 3654 2606 3710 Aliud
2654 3651 2808 3726 Xysti
2854 3653 3174 3723 praeclarum
3229 3653 3440 3709 facinus
3486 3649 3698 3724 Prosper
3738 3650 3780 3706 in

2236 3755 2505 3812 Chronico
2545 3755 2612 3810 ad
2653 3770 2854 3810 annum
2881 3753 2986 3809 4'59
3016 3753 3300 3809 memoriae
3321 3750 3694 3809 commendavit
3719 3749 3781 3803 his

2237 3849 2452 3905 verbis:
2498 3847 2611 3902 Hac
2655 3854 2958 3919 tempestate
3004 3845 3259 3901 Julianus
3293 3846 3635 3901 Athelenensis
3661 3842 3780 3916 (leg.

2240 3942 2541 3998 Erlanensis
2563 3940 2583 4013 )
2595 3940 3008 4012 jactantissimus
3035 3937 3321 4010 Pelagiani
3369 3939 3554 3993 erroris
3578 3943 3780 3999 assertor,

2235 4052 2384 4107 quem
2413 4034 2613 4089 dudum
2651 4033 2834 4087 amissi
2859 4033 3187 4102 episcopatus
3239 4033 3578 4104 intemperans
3623 4029 3778 4100 cupido

2239 4129 2552 4199 exagitabat,
2583 4125 2890 4179 multimoda
2922 4134 3033 4179 arte
3059 4125 3307 4196 fallendi,
3343 4124 3656 4181 correctionis
3673 4136 3784 4191 spem

2239 4219 2259 4292 [
2285 4221 2418 4290 Aug.
2449 4234 2543 4272 ms.
2587 4215 2864 4288 speciem]
2911 4217 3213 4287 praeferens,
3246 4216 3464 4270 molitus
3489 4224 3559 4270 est
3601 4215 3648 4267 in
3673 4225 3785 4266 coin-

2238 4314 2527 4368 munionem
2559 4309 2803 4365 Ecclesia
2831 4311 3074 4378 irrepere.
3119 4309 3227 4366 Sed
3272 4308 3355 4364 his
3409 4308 3607 4364 insidiis
3635 4306 3780 4363 Sixtus

2237 4422 2372 4476 papa
2392 4403 2598 4458 diaconi
2627 4400 2815 4457 Leonis
2837 4401 3041 4454 hortatu
3065 4400 3338 4471 uigilanter
3367 4415 3628 4454 occurrens
3646 4438 3658 4460 ,
3683 4398 3780 4449 nul-

2239 4499 2348 4553 lum
2375 4498 2571 4551 aditum
2596 4495 2850 4567 pestiferis
2877 4493 3144 4548 conatibus
3176 4504 3356 4564 patere
3383 4493 3640 4563 permisit:
3667 4500 3706 4544 et
3729 4489 3785 4542 ita

545 4583 678 4638 simo
709 4581 958 4638 Romana:
981 4554 1228 4639 Ecclesia;
1255 4554 1550 4656 presbytero
1586 4585 1834 4660 Philippo
1862 4554 2128 4661 scriptam,
2160 4554 2216 4617 Β
2240 4607 2414 4646 omnes
2441 4554 3034 4657 catholicos'defectione
3055 4554 3243 4658 [Idem
3269 4602 3366 4640 ms.
3383 4554 3466 4642 'de
3502 4584 3808 4644 rctectione,.

543 4675 696 4745 quasi
745 4676 1096 4730 sanctissimus
1155 4677 1426 4749 episcopus
1483 4693 1620 4747 aegre
1672 4678 1846 4734 tulerit
1900 4679 2134 4736 Nestorii

546 4768 931 4839 depositionem,
982 4769 1125 4840 eique
1173 4785 1318 4839 opem
1363 4771 1575 4836 tulerit;
1623 4788 1686 4826 ne
1713 4770 1834 4826 huic
1872 4775 1946 4828 rei
1974 4774 2133 4845 fidem

543 4861 894 4916 accommodet
915 4870 1078 4915 vestra
1100 4861 1379 4917 sanctitas:
1410 4873 1752 4918 consentanea
1772 4881 1989 4937 namque
2012 4884 2136 4922 san-

545 4961 638 5006 cta:
657 4953 856 5022 synodo
881 4953 1108 5022 scripsit,
1136 4963 1182 5007 et
1203 4956 1377 5008 omnia
1402 4956 1546 5024 apud
1568 4972 1678 5011 eam
1696 4966 1814 5011 acta
1834 4963 2130 5030 conﬁrmat,

497 5023 516 5096 Ϊ
547 5053 595 5099 et
620 5044 798 5098 eadem
823 5061 938 5116 qua!
963 5061 1056 5100 nos
1093 5047 1272 5101 sentit.
1306 5023 1504 5104 Eadem
1535 5064 1754 5120 quoque
1801 5023 2028 5107 monitio
2073 5023 2128 5108 in

545 5135 656 5194 line
709 5139 950 5207 epistola:
997 5139 1024 5194 1
1075 5139 1316 5209 ejusdem
1365 5141 1432 5196 ad
1479 5142 1732 5198 Acacium
1789 5144 2126 5202 Melitensem

543 5229 854 5299 episcopum
882 5231 1165 5301 repetitur.
1199 5230 1335 5287 Tum
1362 5231 1415 5286 in
1443 5241 1670 5304 utraque
1689 5235 1889 5305 pariter
1911 5237 2130 5307 subjicit

543 5323 810 5399 Cyrillus:
845 5328 906 5384 Si
929 5327 1147 5400 epistola
1179 5345 1209 5381 a
1241 5330 1544 5398 quibusdam
1572 5329 1826 5398 offeratur
1866 5341 2129 5402 tamquam

543 5436 578 5477 ι
603 5436 682 5477 me
701 5423 913 5492 scripta,
943 5422 1089 5494 quasi
1118 5439 1206 5476 nos
1249 5439 1422 5477 eorum
1467 5425 1710 5494 paeniteat
1764 5441 1878 5496 qua:
1929 5424 2126 5496 Ephesi

1817 5675 1878 5686 ..ι-Δ

2236 4687 2368 4756 forte
2391 4680 2728 4754 dejectione]
2755 4680 2960 4752 fallacis
2994 4681 3167 4735 bestia:
3199 4679 3436 4752 gaudere
3475 4679 3627 4750 facit,
3665 4673 3786 4745 quasi

2236 4787 2356 4832 tunc
2383 4778 2607 4850 primunt
2633 4774 3046 4845 superbissimum
3076 4773 3319 4829 hteresim
3355 4772 3652 4846 apostolicus
3689 4765 3783 4840 gla-

2236 4873 2353 4926 dius
2379 4871 2742 4924 detruncasset.
2772 4866 2848 4922 ita
2874 4865 2964 4921 ille
2994 4865 3249 4921 eximiam
3277 4868 3451 4937 gestis
3479 4866 3585 4919 suis
3605 4859 3784 4918 coroni-

2237 4963 2360 5019 dem
2389 4960 2668 5032 imposuit,
2689 4973 2916 5029 seseque
2937 4958 3155 5030 dignum
3187 4959 3430 5015 ostendit
3452 4965 3782 5014 successorem

2235 5053 2560 5119 Innocentii,
2591 5051 2814 5117 Zosimi,
2848 5049 3109 5106 Bonifacii
3139 5064 3203 5106 ac
3220 5049 3540 5114 Ctelestini;
3571 5049 3651 5118 qui
3691 5043 3785 5115 qui-

2236 5148 2359 5203 dem
2383 5160 2574 5202 omnes
2603 5159 2712 5200 uno
2742 5145 2925 5199 animo
2951 5143 3018 5198 ad
3043 5141 3487 5213 comprimendos
3515 5136 3694 5209 Pelagii
3735 5147 3784 5189 ac

2233 5239 2627 5311 discipu‘lorum
2675 5237 2854 5295 varios
2901 5244 3129 5295 conatus
3179 5235 3466 5307 vigilanter
3490 5241 3542 5290 et
3581 5228 3784 5287 studiose

2236 5333 2614 5390 incubuerunt.

1903 5659 1910 5663 .
1925 5655 2562 5666 Mm.“
