4018 6338
303 412 413 470 625

1280 410 1687 470 VlNCENTlUS
1725 411 2126 469 LIRINENSIS.
2171 414 2711 477 PROLEGOMENA.

3477 426 3580 483 626

305 530 3563 577 Μ

1611 670 1783 717 ANNO
1824 669 2059 717 DOMINI
2099 671 2291 716 CDXL.

443 817 1917 985 VINCENTIUS
1989 817 3345 992 LIRINENSIS

1336 1231 2533 1345 PROLEGOMENAs

1491 1611 1821 1675 NOTITIA
1868 1610 2331 1674 GALLANDII.

1286 1756 1382 1820 (Ex
1404 1756 1531 1805 Bibl.
1560 1754 1678 1807 Vett
1719 1753 1853 1802 Patr.
1877 1751 2095 1803 Gallaud.
2126 1759 2241 1802 tom.
2269 1752 2328 1817 X,
2357 1754 2583 1819 Proleg.)

364 1874 418 1931 1.
464 1850 798 1935 Vincentius,
828 1868 1049 1923 natione
1076 1864 1265 1921 Gallus
1285 1906 1300 1933 ,
1332 1863 1635 1919 Lirinensis
1662 1862 1841 1917 dictus
1868 1904 1882 1927 ,
1912 1862 1963 1921 Α
1992 1861 2285 1915 remotioris
2312 1862 2509 1917 villqu
2538 1874 2587 1919 et
2615 1864 2670 1918 in
2694 1882 2757 1920 ea
2790 1879 3043 1922 secretum
3086 1871 3381 1924 monasterii
3419 1886 3472 1925 se
3500 1872 3583 1925 in-

291 1978 404 2034 quo
432 1961 502 2018 ab
528 1961 648 2016 aliis
678 1958 888 2015 duobus
916 1954 1164 2026 ejusdem
1194 1954 1426 2010 nominis
1455 1953 1888 2023 distingueretur

290 2056 390 2127 qui
436 2053 628 2111 eadem
683 2058 1010 2121 tempestate
1061 2049 1329 2114 claruere,
1357 2046 1683 2116 aliquamdiu
1732 2045 1889 2099 variis

287 2166 357 2203 ac
420 2147 652 2203 tristibus
696 2143 966 2200 secuturis
1016 2142 1220 2198 militiae
1265 2140 1555 2196 turbinibus
1598 2154 1657 2194 se
1710 2140 1889 2209 ipsutn

289 2240 466 2297 fuisse
495 2240 753 2310 jactatum
783 2235 1069 2307 proﬁtetur
1096 2233 1197 2307 (a).
1217 2233 1325 2291 Sed
1354 2232 1570 2287 tandem
1600 2233 1653 2285 in
1685 2240 1890 2301 portum

289 2334 562 2406 religionis
610 2330 817 2386 Christo
865 2330 1131 2399 aspirante
1178 2328 1491 2398 ingressus,
1522 2326 1612 2393 ibi,
1644 2324 1891 2395 depositis

291 2427 540 2483 sanitatis
569 2441 630 2478 ac
684 2424 938 2492 superbia:
978 2422 1216 2493 ﬂatibus,
1249 2418 1557 2474 Christiana:
1587 2417 1891 2471 humilitatis

290 2522 553 2592 sacriﬁcio
584 2521 794 2593 placare
822 2519 991 2573 Deum
1041 2516 1252 2572 studuit
1282 2514 1382 2586 (b).
1433 2513 1639 2581 Quibus
1668 2527 1741 2567 ex
1771 2526 1893 2565 ver-

292 2616 387 2671 bis
416 2614 473 2669 in
503 2628 621 2669 eam
648 2612 913 2667 adductus
938 2619 1021 2665 est
1047 2608 1373 2664 sententiam
1410 2614 1597 2661 noster
1624 2605 1893 2659 Baronius

296 2706 407 2778 (c),
437 2714 497 2761 ut
515 2705 619 2761 sibi
648 2717 969 2775 persuasum
1000 2701 1228 2756 haberet
1248 2707 1526 2754 auctorem
1558 2713 1665 2769 quo
1689 2696 1758 2752 de
1780 2697 1893 2767 agi-

293 2813 428 2854 mus
454 2797 623 2853 fuisse
654 2796 804 2851 illum
838 2793 1184 2850 Vincentium
1234 2792 1389 2858 cujus
1433 2788 1680 2845 meminit
1714 2788 1895 2858 Sulpi-

291 2891 422 2948 cius
458 2890 700 2946 Severus
745 2887 857 2959 (Δ),
890 2887 1067 2941 virum
1109 2884 1390 2955 egregium
1419 2882 1675 2953 omnique
1723 2881 1895 2935 virtu-

295 2995 419 3039 tum
449 2997 651 3055 genere
680 2989 1051 3054 praestantem,
1088 2978 1179 3049 qui
1207 2978 1419 3033 vivente
1446 2986 1634 3032 sancto
1662 2974 1893 3029 Martino

286 3076 614 3134 Turonensi
679 3073 936 3144 episcopo
988 3070 1285 3128 Galliarum
1344 3066 1673 3139 praefectura
1729 3066 1897 3121 luisse

290 3181 494 3228 auctus
545 3169 898 3238 comperitur.
950 3164 1147 3221 Verum
1196 3160 1505 3233 huiusmodi
1553 3159 1659 3215 viri
1712 3156 1893 3229 magni

298 3265 622 3331 conjectura
652 3258 1025 3330 Papebrochio
1050 3258 1147 3329 (ε),
1185 3254 1534 3311 Tillemontio
1563 3251 1635 3323 (ι’)
1665 3252 1894 3321 aliisque
1924 3242 1973 3303 B

297 3355 666 3426 scriptoribus
688 3352 916 3409 eruditis
939 3351 1016 3421 (g)
1040 3350 1220 3405 minus
1247 3348 1473 3403 arridet.
1507 3345 1609 3402 Alii
1633 3354 1894 3415 praeterea

291 3461 368 3502 ex
423 3445 651 3515 epistola
708 3444 880 3499 sancti
940 3440 1199 3496 Eucherii
1238 3438 1307 3495 ad
1349 3439 1616 3494 Hilarium
1650 3437 1713 3492 de
1743 3437 1896 3491 laude

292 3538 458 3592 eremi
486 3535 569 3607 (h)
595 3544 849 3606 arguunt,
883 3532 1227 3587 Vincentium
1260 3538 1504 3586 nostrum
1557 3530 1728 3585 sancti
1761 3528 1897 3598 Lupi

291 3630 594 3688 Trecensis
620 3628 860 3699 episcopi
887 3626 1052 3682 fuisse
1076 3625 1299 3679 fratrem
1324 3639 1660 3694 germanum.
1694 3628 1761 3677 At
1780 3622 1897 3678 haec

298 3724 437 3779 item
466 3723 732 3777 sententia
762 3720 893 3775 viris
920 3719 1095 3773 doctis
1125 3717 1287 3773 modo
1334 3716 1588 3781 laudatis,
1623 3715 1895 3785 Papebro-

294 3816 465 3881 chio,
499 3815 718 3884 inquam
752 3812 840 3885 (i),
864 3811 1216 3867 Tillemontio
1248 3810 1313 3885 (j)
1345 3818 1509 3880 atque
1536 3808 1755 3863 Gallicae
1787 3808 1897 3863 his-

295 3906 460 3962 toriae
488 3905 769 3962 litterariae
801 3904 1115 3960 auctoribus
1161 3903 1234 3975 (lt)
1270 3903 1408 3957 haud
1459 3902 1737 3973 probatur.
1768 3901 1898 3969 Qui-

294 4001 408 4056 bus
442 3999 678 4055 addendi
708 4014 937 4069 operum
967 3999 1375 4053 Norisianorum
1402 3998 1640 4053 editores
1667 3999 1764 4069 (ι),
1799 3998 1896 4053 sed

297 4094 575 4164 imprimis
608 4095 835 4162 ipsemet
876 4092 1145 4159 Norisius,
1174 4091 1266 4163 qui
1310 4092 1413 4147 hac
1440 4090 1507 4147 de
1540 4107 1600 4147 re
1650 4091 1895 4162 pluribus

298 4187 516 4244 erudite
538 4187 757 4242 disserit
776 4186 896 4258 (m).

375 4279 432 4337 2.
474 4280 752 4336 Abdicatis
806 4280 986 4350 itaque
1033 4279 1351 4334 Vincentius
1389 4280 1571 4334 saeculi
1627 4279 1800 4344 curis.
1832 4296 1895 4335 ac

299 4374 470 4427 vitam
503 4373 866 4427 monasticam
896 4371 1164 4442 deligens,
1190 4372 1242 4426 in
1276 4373 1508 4427 insulam
1554 4372 1895 4428 Lirinensem

296 4464 533 4521 secessit
554 4464 661 4535 (η).
696 4462 861 4517 Locus
888 4473 1081 4533 autem,
1115 4465 1309 4535 inquit,
1345 4466 1483 4536 quod
1529 4465 1729 4519 urbium
1776 4470 1897 4536 [re-

296 4557 569 4626 quentiam
612 4555 897 4624 turbasque
923 4556 1160 4621 vitantes,
1193 4557 1482 4609 remotioris
1521 4557 1713 4611 villulw
1758 4567 1804 4610 et
1841 4558 1896 4609 in

1999 1953 2172 2006 colere
2201 1954 2555 2010 habitaculum
2600 1957 2816 2013 tradat:
2852 1976 3026 2031 neque
3070 1962 3235 2027 enim,
3292 1962 3467 2034 inquit
3505 1963 3586 2017 vir

1998 2044 2369 2115 doctissimus,
2403 2050 2510 2102 ulla
2531 2058 2651 2105 erat
2682 2052 2861 2106 villula
2895 2053 2947 2107 in
2995 2053 3204 2119 Lirino,
3252 2055 3348 2109 sed
3377 2064 3584 2110 tantum

1993 2137 2385 2193 monachorum
2434 2140 2643 2195 cellulae
2698 2142 2880 2197 insula
2937 2155 3047 2199 tota
3097 2146 3381 2216 dispersa).
3444 2147 3589 2215 Qua-

1994 2239 2219 2300 propter
2247 2232 2473 2303 conjicit
2500 2235 2749 2290 eumdem
2776 2236 2828 2289 in
2862 2237 3183 2293 Massiliensi
3210 2238 3440 2308 quodam
3468 2254 3588 2293 mo-

1994 2326 2236 2381 nasterio
2284 2326 2499 2397 degisse
2544 2346 2555 2379 :
2592 2329 2718 2384 licet
2759 2345 2886 2385 mox
2934 2331 3199 2387 Gennadii
3259 2334 3586 2388 auctoritate

1996 2427 2275 2490 permotus
2305 2431 2530 2488 annuat,
2566 2423 2712 2476 illum
2742 2423 2881 2493 apud
2931 2424 3239 2479 Lirinenses
3271 2440 3587 2495 supremum

1995 2510 2140 2566 diem
2170 2512 2388 2567 abiisse.
2424 2513 2479 2567 in
2521 2514 2684 2569 aliam
2736 2524 2916 2570 tamen
2967 2533 2994 2569 a
3051 2517 3335 2571 Norisiana
3368 2526 3588 2573 senten-

1997 2605 2125 2660 tiam
2155 2607 2287 2661 abiit
2312 2608 2380 2661 cl.
2415 2608 2720 2663 Antelmius
2746 2626 2760 2661 :
2786 2609 2929 2679 quod
2955 2610 3134 2664 minus
3156 2610 3393 2665 advertit
3418 2610 3588 2665 Tille-

1996 2701 2235 2755 montius
2266 2701 2368 2773 (p).
2399 2700 2617 2757 Norisio
2657 2703 2871 2771 quidem
2918 2703 2964 2757 is
2995 2704 3310 2769 assentitur,
3344 2704 3589 2773 opinanti

1996 2800 2272 2847 auctorem
2302 2802 2547 2848 nostrum
2575 2803 2725 2849 extra
2771 2794 2938 2849 Lirini
2985 2797 3368 2851 monasterium
3426 2794 3589 2850 Com-

1996 2885 2347 2941 monitorium
2378 2887 2762 2953 elucubrasse;
2798 2898 2853 2941 at
2882 2888 3204 2943 monachum
3247 2889 3585 2944 Lirinensem

1997 2989 2110 3034 tum
2138 2979 2247 3049 jam
2304 2980 2471 3035 fuisse
2524 2981 2744 3047 statuit,
2778 2995 2932 3036 secus
2980 2993 3139 3053 atque
3192 2981 3466 3036 Norisius.
3499 2981 3589 3038 Sic

1997 3075 2140 3128 enim
2171 3073 2359 3129 scribit
2390 3073 2465 3145 (q)
2507 3091 2519 3126 :
2558 3092 2577 3125 ‹
2614 3072 2933 3129 Vincentius
2982 3091 3014 3128 Ε
3068 3088 3404 3129 HONASTERIO
3442 3073 3589 3128 Lint-

1999 3181 2155 3220 NENSI
2204 3166 2259 3220 in
2315 3165 2513 3220 montis
2543 3164 2875 3233 Cano—Fulvi
2905 3164 3239 3238 (Cap-Rana,
3269 3166 3410 3234 quod
3462 3180 3589 3235 pro-

1998 3258 2329 3313 montorium
2377 3268 2460 3313 est
2510 3275 2619 3313 one
2650 3257 3040 3329 Foroiuliensis
3070 3258 3354 3313 maritima:
3376 3300 3388 3321 ,
3420 3273 3453 3314 e
3502 3273 3590 3313 re-

1999 3353 2155 3422 gione
2184 3350 2376 3422 Lirini)
2408 3360 2612 3406 secreta
2646 3366 2841 3421 magno
2870 3351 3150 3421 religionis
3190 3359 3245 3405 et
3288 3351 3591 3406 anachorea

1999 3462 2119 3502 seos
2147 3444 2345 3499 ardore
2366 3444 2650 3511 secedens,
2684 3445 2738 3498 in
2771 3444 2877 3498 illis
2904 3443 3319 3499 Commonitorii
3342 3443 3588 3499 scriben-

1999 3539 2052 3594 di
2083 3548 2140 3593 et
2181 3536 2459 3607 digerendi
2506 3536 2841 3606 propositum
2874 3536 3126 3605 sumpsit.
3159 3554 3179 3587 ι
3212 3535 3337 3589 Haec
3380 3534 3591 3603 aliaque

2000 3634 2080 3687 vir
2112 3631 2374 3687 eruditus.
2400 3630 2601 3685 Verum
2622 3629 3001 3684 Tillemontius
3023 3628 3374 3685 doctissimos
3400 3627 3587 3682 duum-

1998 3727 2162 3793 viros,
2193 3724 2467 3779 Norisium
2498 3731 2554 3779 et
2580 3722 2941 3789 Antelmium,
2976 3722 3077 3778 sibi
3108 3720 3457 3799 saperesinit
3477 3719 3586 3790 (r);

2000 3830 2162 3890 atque
2195 3818 2480 3873 adhaerens
2522 3817 2739 3872 interim
2788 3817 3017 3886 ipsemet
3062 3814 3365 3878 Gennad‘io,
3406 3813 3461 3867 in
3508 3813 3591 3867 in-

2000 3913 2115 3968 sula
2148 3911 2417 3966 Lirinensi
2442 3911 2777 3964 monasticen
2804 3908 3105 3976 profeSSum
3132 3907 3331 3961 vixiSse
3356 3919 3420 3959 ac
3449 3904 3590 3958 scri-

1998 4006 2174 4074 psisse
2205 4003 2549 4059 Vincentium
2599 4002 2891 4056 existimat.
2926 4005 3112 4071 Neque
3163 3998 3321 4053 aliter
3365 4004 3593 4052 censent

1999 4098 2219 4155 Gallica:
2251 4099 2490 4154 historim
2518 4097 2797 4152 litterariae
2832 4096 3132 4165 scriptores
3167 4094 3261 4164 (s).

2069 4192 2123 4246 5.
2154 4191 2442 4244 Enimvero
2473 4188 2590 4243 hcce
2610 4189 2675 4243 de
2704 4199 2923 4241 auctore
2950 4196 3133 4242 nostro
3150 4184 3460 4241 Gennadius
3487 4184 3589 4257 (t):'

2006 4280 2327 4344 Vincentius,
2359 4280 2554 4349 inquit,
2600 4295 2737 4332 aruo
2776 4293 3148 4332 MONASTERIUM
3178 4276 3480 4331 LIRINENSIS
3510 4290 3591 4331 tu-

1998 4386 2143 4429 sus:
2177 4373 2454 4441 presbyter,
2484 4373 2561 4425 vir
2589 4373 2642 4425 in
2669 4371 2955 4440 Scripturis
2994 4371 3173 4423 doctus
3207 4377 3252 4423 et
3296 4369 3477 4421 notitia
3504 4385 3589 4421 ec-

1999 4468 2399 4522 clesiasticarum
2430 4467 2726 4535 dogmatum
2780 4463 3087 4533 sufﬁcienter
3120 4464 3421 4525 instructus,
3452 4476 3591 4515 Cou-

1998 4576 2206 4626 POSUlT,
2235 4560 2303 4613 ad
2328 4558 2561 4613 evitanda
2591 4558 2941 4611 haereticorum
2965 4555 3186 4625 collegia
3214 4556 3379 4607 nitido
3399 4556 3522 4607 satis
3545 4563 3593 4607 et

298 4664 367 4702 ea
414 4658 659 4702 secretum
689 4648 988 4701 monasterii
1041 4649 1330 4703 incolamus
1384 4648 1755 4704 habitaculum.
1814 4650 1891 4704 Ex
1922 4620 1966 4682 Ο
1999 4662 2173 4726 aperto
2225 4666 2455 4705 sermone
2494 4664 2860 4704 vsumssmm
2906 4662 3333 4701 Dtspnnrtonen
3361 4688 3374 4710 ,
3432 4663 3589 4716 quam

298 4741 395 4796 his
426 4754 585 4806 porro
610 4740 793 4795 verbis
821 4742 994 4811 arguit
1023 4740 1266 4796 Norisius
1298 4738 1394 4811 (ο),
1425 4757 1550 4794 mon
1572 4741 1748 4795 tchum
1775 4742 1895 4811 qni-

295 4832 431 4889 dem
459 4832 628 4889 fuisse
649 4833 1013 4901 Vincentium,
1060 4834 1191 4888 dum
1236 4848 1393 4888 suum
1440 4834 1703 4888 scriberet
1731 4833 1895 4889 Com-

291 4925 679 4992 monitorium,
726 4926 819 4981 sed
863 4940 970 4981 non
1004 4924 1380 4992 Lirinensem;
1408 4936 1691 4997 propterea
1747 4930 1890 4999 quod

372 5084 454 5168 (ᾳ)
492 5084 744 5168 Vineent.
778 5084 839 5140 L.
863 5085 1192 5141 Commonit.
1220 5083 1249 5156 ᾗ
1287 5084 1336 5153 1,
1366 5085 1521 5141 infra.

372 5156 451 5298 (δὲ
490 5156 564 5210 Id.
595 5156 724 5211 ibid.

375 5228 425 5299 (c
494 5227 786 5299 Baron.}d
814 5241 947 5299 ann.
975 5226 1100 5299 454,
1134 5227 1163 5299 §
1191 5227 1282 5281 90.

400 5228 451 5298 c)
494 5228 687 5282 Baron.
719 5228 786 5281 ad
814 5241 941 5281 ann.
975 5228 1100 5291 454,
1134 5228 1163 5299 §
1191 5228 1282 5281 90.

400 5301 458 5367 ά)
496 5297 648 5366 Sulp.
678 5297 806 5353 Sev.
839 5298 977 5351 Dial.
1004 5297 1056 5363 1,
1079 5313 1198 5367 cap.
1231 5297 1325 5353 26.

370 5228 445 5443 ἑο)
488 5368 721 5438 Papebr.
779 5375 898 5423 Act.
959 5368 1057 5424 SS.
1111 5369 1234 5423 Maii
1285 5377 1325 5423 tt

396 5369 445 5440 e)
488 5368 721 5438 Papebr.
779 5375 898 5423 Act.
959 5368 1057 5424 SS.
1111 5369 1234 5423 Maii
1285 5377 1417 5423 tom.
1473 5368 1535 5434 V,
1587 5386 1707 5441 pag.
1748 5371 1886 5439 284,

285 5456 451 5581 nui?)-
479 5443 699 5566 "l'illem.
724 5509 886 5565 Mem.
922 5510 1071 5565 Eccl.
1102 5520 1232 5565 tom.
1263 5509 1381 5575 XV,
1412 5524 1532 5581 pag.
1562 5510 1682 5565 “3.

399 5514 446 5581 f)
483 5513 699 5566 Tillem.
724 5513 886 5565 Mem.
922 5513 1071 5565 Eccl.
1102 5520 1232 5565 tom.
1263 5513 1381 5575 XV,
1412 5524 1532 5580 pag.
1562 5513 1682 5565 “5.

370 5513 454 5719 ἒς)
492 5581 629 5636 Hist.
665 5581 935 5665 littérade
965 5583 1011 5635 la
1048 5583 1240 5663 Franc.
1275 5592 1407 5637 tom.
1440 5580 1507 5647 ll,
1540 5597 1659 5663 pag.
1685 5582 1810 5637 505.

393 5653 452 5722 Ii)
493 5652 731 5709 Eucher.
766 5662 926 5722 epist.
956 5653 1022 5708 ad
1048 5653 1211 5709 Hilar.
1242 5668 1362 5722 pag.
1397 5653 1523 5720 562,
1554 5653 1685 5709 edit.
1715 5654 1833 5709 Pari

290 5664 452 5782 ’ἐξ
493 5664 731 5709 ιςιιοιιθτ.
766 5664 926 5723 t‘plSl.
956 5664 1022 5708 ad
1048 5664 1211 5709 nitar.
1242 5668 1362 5724 pag.
1397 5664 1523 5720 562,
1554 5664 1685 5709 ean.
1715 5664 1885 5711 Paris.

375 5795 436 5866 (ί)
478 5794 705 5864 Papebr.
728 5795 765 5848 l.
795 5811 843 5850 c.
873 5811 1022 5850 num.
1043 5794 1099 5848 2.

292 5864 445 5999 Lg)
487 5866 703 5923 Tillem.
736 5866 775 5921 l.
816 5880 859 5922 c.
916 5880 1039 5938 post.
1071 5865 1195 5935 859,
1232 5873 1349 5921 not.
1382 5880 1422 5933 ι,
1452 5881 1542 5920 sur
1567 5864 1785 5923 Vincent
1828 5867 1892 5921 de

428 5954 508 5995 ns.

2001 4748 2247 4799 absconso
2296 4744 2500 4797 nomine
2548 4760 2642 4796 suo
2686 4744 2929 4806 titnlarit,
2978 4742 3268 4796 Pensatum
3316 4755 3588 4819 Abvsnsus

2004 4854 2335 4895 umnertcos.
2373 4838 2484 4893 Hoc
2509 4847 2591 4892 est
2616 4846 2796 4893 autem
2830 4837 3043 4891 celebre
3071 4836 3587 4891 Commonitorium:

2008 4950 2027 4984 ι
2062 4932 2201 5003 quod
2232 4931 2468 5002 quidem,
2499 4939 2556 4985 ut
2582 4930 2656 4985 ait
2688 4930 2944 4985 Baronius
2973 4929 3251 4999 (u),quam
3282 4928 3413 4981 mira
3433 4927 3593 4983 fuerit

2084 5091 2159 5160 (k)
2198 5091 2337 5144 Hist.
2369 5090 2535 5145 littér.
2568 5090 2636 5145 de
2668 5090 2714 5143 la
2739 5088 2939 5160 Franc.
2971 5088 3087 5160 lac.

2077 5155 2149 5232 (li
2184 5162 2439 5216 Ballerin.
2473 5161 2535 5213 ad
2563 5170 2699 5232 tom.
2734 5159 2956 5232 lVgOpp.
3004 5158 3184 5232 Noris.
3206 5170 3376 5232 ,upag.
3423 5155 3547 5232 915.

2074 5226 2375 5360 (ἕᾷἒΝοῐυὶε.
2404 5233 2537 5286 llist.
2560 5231 2741 5301 Pelag.
2766 5226 2952 5297 libftt,
2980 5244 3099 5299 cap.
3124 5230 3182 5283 11
3215 5228 3353 5296 Opp.
3384 5236 3516 5281 tom.
3542 5226 3587 5293 ι,

2003 5319 2054 5372 p.
2088 5319 2212 5360 aut).

2074 5376 2151 5446 (η)
2198 5373 2350 5427 Vinc.
2388 5373 2511 5428 Ler.
2541 5371 2579 5426 Ι.
2611 5387 2660 5425 c.

2077 5442 2153 5514 (ο)
2192 5446 2369 5499 Noris.
2403 5446 2441 5497 l.
2466 5458 2515 5497 c.
2544 5458 2664 5512 pag.
2688 5442 2814 5497 396.

2065 5509 2144 5585 (ρ)
2184 5516 2396 5570 'l‘illem.
2432 5516 2468 5568 Ι.
2500 5509 2556 5568 ο.
2580 5509 2700 5583 pag.
2733 5514 2858 5579 860,
2888 5520 3000 5585 not.
3028 5509 3082 5585 2_.

2066 5578 2141 5658 (qi
2170 5588 2401 5642 Antelm.
2452 5586 2531 5658 de
2551 5578 2680 5658 ver:
2731 5578 2878 5658 θρίξ.Δ
2910 5582 3010 5637 SS.
3054 5581 3225 5636 Leon.
3278 5586 3333 5636 et
3381 5578 3575 5650 Prosp.

1995 5654 2224 5713 Dissert.
2265 5659 2320 5723 9,
2361 5673 2480 5722 cap.
2516 5655 2600 5721 15,
2627 5671 2749 5724 pag.
2781 5654 2906 5724 419.

2068 5732 2139 5800 (r)
2180 5722 2393 5800 Tilletn.
2499 5742 2553 5800 c._
2584 5722 2842 5800 ρρε.]44
2871 5734 2923 5777 et
2956 5722 3081 5777 860.

2070 5791 2143 5868 (sl)
2169 5802 2300 5853 Hist.
2336 5796 2498 5851 littér.
2525 5791 2595 5868 de
2622 5791 2927 5868 Ita—France,
2962 5792 3190 5868 tonis",
3222 5807 3346 5867 pag.
3376 5791 3501 5853 506.

2091 5864 2134 5940 ι)
2156 5868 2402 5925 Gennad.
2432 5868 2499 5940 de
2530 5866 2640 5921 Vir.
2674 5866 3027 5940 llIuSIr._cap.
3049 5864 3137 5922 64.

2094 5936 2149 6013 ii)
2175 5940 2368 5999 Baron.
2412 5938 2477 5995 ad
2506 5952 2635 5995 ann.
2662 5936 2786 6008 454,
2820 5936 2849 6009 ς
2875 5936 2963 5996 2⁸).
