4018 6338
576 358 683 416 ϐ’ὶτ

1867 356 2280 415 VINCENTIUS
2320 356 2724 418 LllllNENSlS.

3697 382 3778 442 ιιι

573 476 858 546 scriptoris
884 476 1145 542 eruditio,
1182 477 1355 545 palam
1386 476 1626 531 ostendit
1652 495 1665 533 :
1695 486 1753 530 ut
1796 477 1882 532 vix
1912 478 1980 531 sit
2011 493 2166 546 repe-
2193 477 2246 540 Α
2270 485 2475 531 ctorem
2508 488 2750 533 nostrum
2807 477 3162 532 Vincentianas
3189 479 3485 549 obiectiones
3510 503 3626 559 quas
3665 485 3776 554 telo-

571 569 684 624 rirc
711 569 801 638 qui
833 568 1178 641 paucioribus
1227 569 1427 624 chartis
1473 569 1675 640 majora
1713 580 1766 625 ct
1797 570 2023 626 feliciori
2055 579 2160 626 tra-

568 670 719 717 ctatu
748 661 1112 717 concluserit:
1135 681 1153 714 ι
1179 661 1336 731 cujus
1363 671 1552 717 auctor
1579 661 1806 732 proinde
1831 661 1904 735 (a)
1927 680 2166 735 magnam

568 757 654 813 sui
682 757 903 811 nominis
917 757 974 812 in
995 754 1233 812 Ecclesia
1264 755 1521 812 catholica
1550 757 1756 812 laudm
1784 757 2012 828 reliquit.
2039 759 2164 816 Haec

571 864 802 919 magnus
831 847 1120 918 Batonius,
1168 849 1260 919 qui
1292 860 1347 906 et
1377 848 1506 906 alibi
1529 849 1608 922 (ὁ)
1637 864 1774 922 opus
1799 848 1934 906 illud
1971 861 2162 907 contra

567 939 808 996 hmrescs
863 942 1145 1011 scriptum,
1203 950 1339 996 certe
1380 959 1592 997 aureum
1640 944 1900 1014 appellat.
1944 945 2011 1000 Et
2042 945 2162 1014 jure

567 1034 729 1104 plane
758 1034 964 1105 optimo
991 1034 1265 1105 egregium
1314 1035 1620 1105 hujusmodi
1665 1036 1906 1092 libellum
1939 1040 2162 1094 summis

565 1127 856 1196 praeconiis
889 1141 1089 1182 auxere
1120 1127 1210 1181 alii
1243 1127 1341 1182 viri
1373 1127 1695 1198 doctissimi,
1743 1139 1802 1185 ut
1849 1131 2033 1188 videre
2079 1143 2163 1189 est

567 1220 707 1290 apud
734 1219 1038 1287 Norisium,
1065 1235 1170 1276 non
1213 1222 1386 1278 solum
1418 1223 1808 1282 catholicorum
1836 1225 1940 1298 (ε),
1973 1243 2159 1284 verum

567 1315 727 1368 ctiam
759 1313 1210 1370 heterodoxorum
1235 1315 1405 1386 elogia
1423 1319 1605 1386 paucis
1637 1329 2017 1389 congerentem
2045 1320 2155 1392 (d);

566 1405 661 1476 qui
687 1404 1194 1474 Commonitorium,
1244 1423 1379 1476 opus
1412 1411 1660 1464 eximium
1683 1453 1697 1478 ,
1731 1413 2024 1473 aureolum,
2067 1430 2160 1466 au-

565 1515 728 1564 reum,
759 1499 1008 1569 divinum,
1039 1518 1319 1572 numquam
1347 1503 1544 1557 homini
1590 1504 1880 1559 Christiano
1906 1506 2156 1576 deponen-

565 1597 689 1645 dum
711 1592 964 1660 manibus,
996 1593 1214 1650 honoris
1243 1595 1414 1664 gratia
1448 1595 1716 1650 dixerunt.

632 1688 687 1739 4.
721 1685 838 1753 Quo
867 1701 1030 1756 porro
1079 1697 1318 1759 tempore
1366 1688 1466 1744 hoc
1513 1689 1830 1759 opusculum
1876 1691 2156 1759 scripserit

563 1776 900 1846 Vincentius,
923 1786 1150 1836 testatur
1166 1781 1494 1851 ipsemetuhi
1527 1782 1858 1838 mentionem
1878 1783 2048 1854 injicit
2080 1782 2150 1856 (e)

2271 579 2412 624 tasse
2443 580 2683 625 sanctum
2714 571 3042 640 Prosperum
3098 572 3364 641 novimus,
3397 581 3666 648 complures
3687 603 3774 646 eru-

2267 661 2364 718 diti
2388 663 2488 719 viri
2509 664 2824 719 existimant
2852 681 2865 731 ;
2894 665 2984 735 qui
3027 675 3309 736 propterea
3337 683 3451 725 eum
3479 672 3679 743 legitima
3703 683 3776 740 Se.

2263 758 2715 828 mipelagianismi
2783 761 3091 830 suspicione
3158 759 3402 819 laborare
3455 773 3774 834 cantandum:

2263 864 2442 921 neque
2487 865 2656 922 porro
2700 850 2767 915 ab
2822 851 2920 908 hac
2969 851 3088 908 labe
3141 853 3376 910 immune
3421 854 3574 926 ipsius
3611 877 3778 937 quuque

2265 939 2756 999 Commonitorium
2789 945 3015 998 ducunt.
3050 945 3196 1000 inter
3230 961 3344 1014 eos,
3375 958 3429 1001 ιιι
3460 949 3580 1005 alios
3600 953 3775 1022 prater-

2263 1046 2476 1101 eamus,
2512 1037 2754 1092 eminent
2786 1037 3030 1092 Norisius
3057 1038 3147 1110 (j),
3185 1038 3480 1096 Autelmius
3509 1043 3597 1114 (k),
3621 1047 3779 1106 Natalis

2263 1126 2576 1186 Alexander
2605 1129 2695 1202 (Ι),
2730 1130 2925 1201 Pagius
2955 1129 3052 1202 (m)
3081 1138 3138 1186 et
3176 1131 3370 1186 Norisii
3399 1149 3605 1199 operum
3648 1141 3779 1194 edito-

2263 1233 2350 1276 res
2383 1220 2488 1294 (η).
2516 1220 2714 1278 Contra
2739 1236 2870 1278 vero
2900 1223 2967 1278 ab
2996 1221 3097 1277 hac
3137 1232 3262 1276 nota
3308 1222 3624 1282 Vincentium
3649 1230 3779 1286 vindi-

2260 1324 2386 1368 cant
2418 1314 2684 1369 Baronius
2709 1316 2758 1369 in
2803 1315 2992 1384 primis
3025 1313 3123 1385 (ο),
3158 1313 3408 1370 Labbeus
3435 1317 3532 1387 (p),
3559 1318 3779 1389 Papebro.

2260 1405 2416 1460 chius
2441 1405 2518 1477 (ᾳ)
2551 1416 2714 1477 atque
2760 1406 2984 1462 Gallicae
3037 1405 3277 1461 historia:
3309 1407 3575 1464 litterarim
3601 1414 3780 1483 scriplo-

2261 1514 2350 1553 res
2382 1498 2478 1570 (ν).
2513 1498 2695 1568 Neque
2726 1499 2796 1552 ab
2829 1499 2912 1553 his
2944 1500 3103 1569 longe
3147 1499 3301 1553 abest
3343 1497 3685 1558 Tillemontius
3711 1507 3778 1576 (ι),

2261 1585 2567 1660 Utcumque
2596 1590 2688 1655 sit,
2723 1608 2743 1642 ι
2786 1590 2934 1644 nulla
2967 1605 3062 1659 per
3100 1605 3198 1644 nos
3220 1635 3234 1658 ,
3283 1591 3453 1659 inquit
3481 1591 3694 1649 Norisius
3717 1599 3780 1668 (t),

2259 1680 2530 1738 Vincentii
2560 1683 2675 1738 sive
2705 1682 2998 1738 eruditioni
3043 1682 3160 1736 sive
3199 1682 3470 1737 sanctitati
3512 1683 3679 1754 injuria
3708 1689 3782 1744 im-

2259 1786 2527 1846 portetur,
2559 1778 2684 1833 dum
2713 1778 2866 1832 illum
2895 1793 3020 1834 cum
3053 1779 3120 1832 iis
3164 1777 3576 1834 Massiliensibus
3611 1785 3782 1838 censui-

559 1872 727 1928 sancti
757 1872 965 1927 concilii
1013 1876 1152 1941 quod
1198 1889 1338 1930 ANTE
1385 1891 1683 1932 TRIENNIIJI
1732 1879 1890 1948 ferme
1930 1879 1982 1933 in
2027 1878 2152 1933 Asia
2182 1880 2231 1942 Β
2259 1884 2379 1925 mus
2408 1871 2498 1942 qui
2525 1870 2946 1942 Semipelagiani
2989 1871 3151 1942 vulgo
3198 1870 3443 1926 audiunt.
3481 1869 3647 1942 Neque
3671 1877 3779 1931 enim

559 1967 700 2036 apud
731 1966 995 2038 Ephesum
1027 1970 1334 2025 celebratum
1373 1981 1448 2026 est
1483 1970 1602 2026 VV.
1652 1970 1753 2026 CC.
1778 1971 1942 2028 Basso
1970 1972 2152 2028 Antio-

558 2060 754 2128 choque
778 2063 1090 2118 consulibus.
1122 2063 1314 2119 Fuisse
1345 2075 1524 2120 autem
1570 2076 1808 2121 coactam
1853 2069 2150 2124 mcumeni-

557 2167 675 2207 cam
726 2153 992 2224 synodum
1044 2155 1372 2224 Ephesinam
1419 2171 1563 2212 anno
1596 2157 1694 2212 451
1743 2174 1900 2214 nemo
1932 2161 2144 2216 nescit:

555 2242 802 2315 adeoque
849 2260 990 2302 anno
1018 2245 1124 2302 454
1169 2263 1323 2304 suum
1379 2247 1530 2304 illum
1581 2250 1823 2306 libellum
1872 2252 2149 2323 scripserit

555 2334 894 2394 Vincentius.
939 2338 1124 2410 Neque
1153 2341 1280 2396 alibi
1307 2341 1466 2412 plane
1506 2356 1665 2412 quam
1698 2343 1751 2397 in
1789 2344 1961 2400 insula
2011 2344 2146 2402 Liri-

554 2428 712 2484 nensi
741 2443 877 2497 Opus
917 2431 1046 2486 illud
1092 2431 1285 2488 litteris
1330 2433 1502 2504 ipsum
1543 2435 1893 2505 consiguasse
1938 2437 2017 2492 fas
2062 2447 2146 2494 est

556 2521 792 2592 opinari,
819 2532 876 2578 ut
922 2523 1086 2580 modo
1133 2540 1202 2580 ex
1257 2525 1534 2584 Gennadio
1567 2528 1958 2586 intelleximus:
1990 2535 2144 2602 cujus

553 2613 773 2686 quidem
833 2616 1134 2672 auctoritati
1193 2616 1444 2674 Eucherii
1502 2635 1718 2691 quoque
1771 2621 2142 2693 Lugdunensis

553 2709 796 2780 episcopi
821 2711 1193 2768 testimonium
1223 2712 1425 2769 addere
1455 2713 1605 2783 libet,
1637 2716 1728 2786 qui
1770 2715 2047 2772 Salonium
2083 2718 2144 2772 ti-

549 2801 684 2857 lium
715 2802 793 2858 sic
814 2803 1106 2874 alloquitur
1131 2804 1196 2876 (f)
1231 2820 1246 2862 :
1286 2803 1528 2867 Vixdum,
1559 2807 1751 2876 inquit,
1787 2809 1959 2862 decem
1980 2826 2143 2864 annos

549 2905 719 2964 natus,
751 2912 972 2953 ιιιιιιιυιι
1001 2899 1279 2971 ingressus,
1304 2901 1436 2954 inter
1473 2900 1590 2954 illas
1620 2917 1794 2956 sacras
1833 2920 2011 2957 manus
2038 2920 2139 2958 non

549 2989 718 3045 solum
743 2991 963 3046 imbutus
986 3008 1058 3058 es,
1083 3007 1257 3046 verum
1280 2994 1430 3048 etiam
1452 2995 1739 3050 nutrituses
1754 2996 1846 3050 sub
1878 2995 2140 3052 Hanorato

548 3092 695 3150 patre
719 3083 830 3150 illo,
852 3093 998 3156 patre
1019 3085 1230 3155 inquam
1247 3086 1415 3153 primo
1437 3101 1760 3154 msuunnu,
1786 3098 1959 3159 postea
1983 3089 2138 3142 etiam

548 3173 904 3231 Ecclesiarum
932 3178 1212 3249 magistro;
1241 3195 1356 3232 eum
1377 3187 1425 3232 te
1445 3194 1584 3235 ILLIC
1610 3179 1886 3234 beatissimi
1916 3180 2136 3246 Hilarii,

2258 1964 2348 2019 isti
2376 1974 2533 2022 erant
2561 1965 2612 2020 id
2644 1966 2900 2038 temporis
2930 1965 3189 2032 haeretici,
3221 1966 3314 2021 sed
3341 1965 3440 2020 viri
3465 1966 3784 2026 doctissimiac

2257 2058 2610 2128 sanctissimi,
2637 2074 2770 2130 quos
2801 2069 3019 2116 sanctus
3054 2060 3387 2130 Augustinus
3415 2063 3587 2130 fratres
3609 2079 3660 2116 ac
3687 2063 3785 2118 dile-

2254 2160 2419 2205 ctores
2446 2153 2526 2205 sui
2554 2150 2667 2223 (u);
2701 2150 2937 2220 PrOSper
2967 2166 3116 2220 vero,
3152 2151 3276 2207 licet
3296 2150 3430 2206 alias
3459 2165 3628 2207 eorum
3653 2153 3785 2208 hostis

2251 2253 2481 2313 sanctos,
2540 2244 2820 2299 honoribus
2873 2257 2920 2298 et
2969 2244 3165 2298 meritis
3215 2243 3408 2311 claros,
3449 2251 3494 2297 et
3529 2246 3723 2317 egregios
3745 2247 3784 2299 in

2253 2339 2482 2392 omnium
2509 2339 2752 2392 uirtutum
2782 2337 2952 2392 studio
2983 2338 3139 2404 uiros,
3173 2335 3401 2392 honoris
3429 2349 3579 2392 causa
3601 2337 3787 2406 appella-

2250 2431 2383 2487 bant
2409 2432 2504 2502 (υ).
2536 2431 2665 2500 Quis
2693 2440 2875 2486 autem
2911 2430 3114 2486 nesciat
3145 2430 3414 2486 Hilarium
3445 2429 3784 2499 Arelatensem,

2250 2527 2514 2580 Joannem
2543 2523 2862 2580 Cassianum
2896 2539 2958 2578 ac
2991 2522 3246 2578 Faustum
3277 2521 3564 2578 Relensem
3592 2563 3606 2588 ,
3649 2520 3784 2577 adhuc

2248 2622 2307 2679 in
2332 2622 2466 2677 vivis
2499 2635 2690 2690 magna
2717 2619 2768 2674 in
2799 2618 3157 2674 :estimatione
3179 2618 3230 2672 in
3250 2616 3446 2672 Galliis
3475 2615 3653 2681 fuisse;
3674 2629 3786 2671 mor-

2250 2725 2369 2770 tuos
2397 2730 2550 2778 vero,
2579 2714 2824 2780 Arelate,
2861 2712 3111 2767 Massilia:
3141 2719 3196 2767 et
3225 2711 3371 2781 apud
3415 2710 3570 2766 Reios
3598 2710 3665 2764 uti
3687 2724 3786 2765 san-

2245 2819 2366 2863 ctos
2386 2807 2512 2876 coli,
2543 2822 2708 2878 quum
2742 2816 2920 2862 tamen
2951 2804 3110 2861 iidem
3152 2804 3359 2860 fuerint
3398 2803 3786 2876 Semipelagiante

2244 2901 2448 2958 scholae
2474 2899 2755 2972 magistri?
2782 2900 2934 2955 Tunc
2954 2899 3020 2954 ab
3047 2898 3357 2970 Augustino
3385 2897 3439 2954 in
3472 2898 3787 2954 controversia

2246 2992 2312 3048 de
2344 2991 2821 3063 prmdestinatione
2846 2990 2912 3045 ad
2945 2989 3102 3046 iidem
3135 2983 3485 3057 recedebant,
3516 2989 3704 3061 quando
3729 2990 3786 3044 las

2245 3097 2385 3154 erat,
2416 3101 2478 3141 ea
2502 3085 2569 3142 de
2599 3100 2657 3139 re
2690 3088 2742 3139 in
2779 3094 3063 3154 utramque
3106 3091 3316 3154 partem
3349 3082 3635 3153 disputare.
3667 3077 3787 3136 Anno

2245 3180 2388 3235 enim
2435 3178 2652 3234 demum
2702 3177 3003 3234 centesimo
3033 3178 3100 3233 ab
3145 3176 3435 3248 Augustini
3463 3175 3623 3243 obitu,
3651 3173 3787 3230 sancti

549 3274 669 3322 tunc
689 3282 932 3325 lNSULANI
973 3270 1174 3336 tironis,
1203 3272 1289 3324 sed
1311 3272 1429 3342 jam
1457 3289 1591 3326 nunc
1620 3275 1811 3327 summi
1857 3276 2138 3347 pontiﬁcis,
2167 3273 2213 3336 C
2248 3271 2489 3328 doctoris
2533 3271 2801 3326 sententia
2845 3268 2899 3324 in
2930 3270 3256 3325 Arausicana
3304 3267 3515 3341 synodo
3545 3269 3670 3324 inter
3695 3267 3786 3322 ﬁdei

549 3359 786 3417 doctrina
813 3365 1060 3433 [armaret
1087 3379 1178 3435 per
1199 3379 1374 3420 omnes
1403 3366 1756 3435 spiritualium
1787 3385 1958 3423 rerum
1984 3370 2139 3424 disci-

547 3454 754 3523 plinas;
774 3455 843 3510 ad
872 3455 968 3510 hoc
993 3459 1148 3512 etiam
1175 3467 1222 3512 te
1246 3467 1424 3528 postea
1446 3462 1923 3516 consummantibus
1948 3463 2137 3520 sanctis

545 3545 686 3610 uiris,
743 3545 988 3602 Salviano
1037 3557 1190 3619 atque
1242 3549 1564 3616 VINCEN'HO,
1615 3553 1899 3616 eloquentia
1946 3555 2137 3622 pariter

543 3638 859 3707 scientiaque
894 3640 1335 3712 prtzminentibus.
1389 3644 1529 3699 Ecce
1575 3644 1667 3700 tibi
1727 3644 2035 3702 Vincentius
2083 3649 2135 3701 in

545 3744 733 3795 eremo,
764 3729 815 3785 id
839 3738 925 3787 est
953 3731 1005 3786 in
1035 3731 1256 3798 Lerino,
1286 3734 1375 3788 ubi
1402 3734 1726 3801 Honoratus,
1753 3736 1841 3790 uhi
1878 3735 2131 3802 Hilarius,

541 3821 824 3880 Salonium
869 3824 1042 3880 sacris
1083 3826 1390 3894 disciplinis
1449 3828 1756 3882 instituens.
1809 3828 2130 3900 Supremum

543 3912 760 3970 tandem
790 3914 930 3972 diem
959 3917 1147 3972 clausit
1171 3918 1252 3972 vir
1275 3919 1528 3988 optimus,
1562 3919 1842 3975 Gennadiu
1867 3931 2001 3977 teste
2032 3922 2130 3993 (g),

543 4002 834 4060 Theodosio
869 4005 1125 4079 (iuniore)
1152 4019 1200 4063 et
1229 4007 1588 4066 Valentiniano
1625 4010 1737 4084 (Ill)
1761 4014 2091 4085 regnantibus
2112 4031 2131 4070 :

541 4111 607 4152 ac
634 4098 860 4167 proinde
888 4109 944 4155 ut
967 4103 1202 4156 maxime
1221 4102 1365 4157 circa
1397 4118 1599 4158 annum
1625 4102 1730 4159 450
1751 4121 1855 4173 quo
1883 4105 2132 4162 Theodo-

539 4192 674 4260 sius,
696 4193 786 4251 die
806 4192 877 4251 28
899 4193 1046 4266 Julii,
1076 4195 1372 4253 indictione
1401 4199 1434 4252 5
1464 4213 1494 4254 e
1517 4199 1653 4254 vivis
1676 4201 1930 4269 excessit,
1956 4201 2131 4258 Theo-

539 4282 677 4339 doro
712 4283 936 4342 Lectore
963 4286 1400 4358 perhibente(h).
1425 4289 1552 4359 Ejus
1586 4291 1844 4345 memoria
1863 4295 1912 4346 in
1937 4292 2130 4348 tabulis

539 4376 929 4433 ecclesiasticis
959 4379 1218 4434 recolitur
1244 4394 1296 4434 ιι
1323 4378 1431 4434 kal.
1466 4379 1611 4436 Junii
1648 4400 1659 4434 :
1692 4381 1850 4452 cujus
1884 4383 2129 4455 reliquias

537 4466 706 4524 nobili
731 4467 854 4524 loco
883 4469 1134 4541 repositae
1182 4471 1237 4525 in
1269 4470 1537 4528 Lirinensi
1581 4474 1909 4529 monasterio
1949 4490 2127 4532 asser-

538 4570 736 4616 vantur
771 4561 891 4632 (i).

605 4652 663 4709 5.
695 4650 898 4711 Prauer
943 4652 1426 4712 Commonitorium
1458 4656 1742 4728 scripsisse
1788 4673 2004 4730 quoque
2035 4676 2120 4716 au-

613 4812 687 4883 (a)
712 4811 906 4884 Baron.
939 4811 992 4864 in
1025 4820 1195 4884 notat.
1227 4813 1301 4884 ad
1322 4813 1600 4884 Martyrol.
1631 4830 1684 4871 ιι
1709 4811 1816 4870 Ital.
1839 4814 1965 4871 Jun.

633 4881 683 4954 ὁ)
715 4885 788 4954 ld.
816 4882 882 4954 ad
909 4896 1035 4954 ainn.
1068 4883 1193 4954 451,
1225 4881 1253 4954 ς
1285 4883 1414 4939 188,

633 4886 683 4954 b)
715 4886 788 4937 ld.
816 4886 882 4937 ad
909 4896 1035 4936 ann.
1068 4886 1193 4946 451,
1225 4886 1253 4954 5
1285 4886 1414 4939 188.

603 4886 900 5028 ἕηιξίυνὶς.
931 4953 1271 5024 HiSI.Pelag.
1303 4956 1398 5010 lib.
1437 4972 1494 5023 ιι,
1517 4970 1637 5026 cap.
1665 4957 1886 5028 “Opp.
1922 4968 2051 5014 tom.
2074 4959 2111 5026 l,

533 5025 813 5182 “iﬁlli:
831 5106 961 5182 tom.
990 5096 1084 5182 tu,
1101 5111 1256 5166 pagg.
1284 5096 1391 5182 99s
1412 5113 1565 5182 seqq.
1617 5170 1630 5182 .

602 5166 677 5239 (ε)
708 5168 862 5240 Vino.
894 5166 1017 5223 Ler.
1044 5167 1328 5240 common.
1358 5171 1422 5240 2,
1447 5166 1586 5240 529,
1617 5170 1775 5226 intra.

599 5238 680 5311 (Γ)
708 5239 940 5293 Eucher.
969 5238 1179 5307 prtefat.
1213 5239 1278 5292 ad
1313 5239 1406 5294 lib.
1431 5238 1498 5295 de
1524 5241 1719 5296 Praest.
1752 5251 1863 5297 vet.
1901 5251 1955 5299 et
1985 5257 2109 5298 nov.

527 5310 761 5366 TeStam.

599 5384 678 5452 (ῃ)
709 5381 952 5452 Gennad.
977 5382 1016 5435 Ι.
1050 5397 1101 5436 c.

598 5454 680 5522 (ἡ)
713 5451 920 5507 Theod.
945 5451 1082 5507 Lect.
1118 5452 1213 5508 lih.
1245 5469 1302 5518 tt,
1342 5469 1489 5509 num.
1526 5453 1615 5508 64.

597 5523 890 5647 giislxpris.
927 5525 1061 5578 Hist.
1090 5522 1382 5596 Pelag.lib.
1413 5539 1606 5594 tt,cap.
1640 5524 1729 5592 ΙΙ,
1755 5524 1895 5597 Opp.
1918 5535 2048 5582 tom.
2075 5528 2114 5593 Ι,

717 5598 728 5627 (

525 5597 1154 5748 νῦῗῆὅίῖἤίδίόηριιεε.
1186 5668 1290 5721 587
1321 5683 1378 5749 se
1421 5683 1470 5748 qi.
1503 5678 1554 5721 et
1587 5667 1720 5750 alibi
1749 5670 1970 5750 passim,
1995 5684 2115 5724 cum

525 5737 580 5791 in
611 5683 821 5791 Confut.
870 5735 1138 5791 Paltnod..
1175 5749 1284 5791 tum
1325 5684 1628 5791 tn(l)tssert.
1663 5750 1919 5791 Inscripta
1964 5740 2108 5791 Ano-

525 5737 580 5792 in
608 5735 821 5802 'Confut.
870 5735 1138 5809 Patinam,
1175 5749 1284 5793 tum
1324 5740 1377 5792 in
1400 5735 1628 5793 Dissert.
1663 5735 1919 5809 inscripta
1964 5740 2108 5795 Ano-

526 5809 668 5879 nymi
695 5807 948 5879 scrupuli,
967 5817 1081 5879 pete.

598 5873 674 5949 (ι)
697 5873 932 5932 Antelm.
963 5877 1001 5933 Ι.
1035 5893 1108 5946 c.,
1143 5879 1171 5948 ς
1201 5880 1286 5948 l'l,
1321 5895 1478 5952 pagg.
1507 5881 1612 5939 M9
1643 5897 1796 5954 seqq.

2242 3379 2482 3420 canones
2520 3364 2688 3420 relata
2736 3373 2940 3420 est.....
2979 3363 3158 3430 Quare
3185 3376 3309 3417 cum
3343 3362 3394 3415 in
3428 3361 3656 3416 omnium
3681 3372 3788 3430 pene

2240 3457 2534 3524 sententia,
2559 3457 2648 3512 illa
2669 3456 2953 3525 Augustini
2978 3455 3224 3512 doctrina
3246 3454 3316 3511 de
3341 3453 3544 3511 cilicaci
3568 3453 3788 3509 electione

2240 3549 2304 3604 ad
2336 3551 2568 3619 primam
2592 3550 2819 3619 gratiam
2858 3548 3121 3603 contraria
3167 3557 3443 3618 putaretur
3477 3556 3666 3620 patrum
3702 3545 3789 3616 opi-

2239 3642 2382 3697 nioni
2404 3651 2452 3698 et
2479 3642 2820 3697 ecclesiastico
2850 3641 3043 3706 sensui,
3075 3650 3211 3696 teste
3232 3639 3508 3710 Prospero
3533 3639 3582 3695 in
3603 3638 3788 3708 epistola

2240 3736 2306 3791 ad
2337 3735 2591 3792 eumdem
2622 3744 2869 3792 sanctum
2898 3733 3202 3802 doctorem,
3227 3743 3282 3789 et
3302 3745 3491 3804 praeter
3517 3748 3692 3808 paucos
3724 3746 3789 3785 rc-

2240 3826 2371 3897 liqui
2424 3843 2532 3884 uno
2581 3835 2851 3884 consensu
2893 3837 3080 3883 contra
3111 3827 3365 3883 eumdem
3410 3826 3787 3895 conspirarent:

2236 3919 2365 3988 quid
2392 3921 2611 3988 mirum,
2632 3921 2678 3975 si
2700 3919 3014 3976 Vincentius
3035 3920 3127 3992 qui
3153 3929 3265 3975 toto
3293 3935 3363 3976 eo
3385 3917 3725 3976 eruditissimo
3742 3927 3790 3969 ac

2237 4012 2639 4084 elegantissimo
2657 4012 2930 4068 volumine
2958 4028 3124 4067 unum
3138 4010 3240 4068 hoc
3263 4021 3445 4083 urget,
3473 4025 3656 4080 nempe
3673 4022 3792 4064 com-

2236 4119 2454 4160 munem
2483 4104 2804 4161 sententiam
2828 4105 3042 4177 privatis
3065 4103 3449 4173 Opiniunculis,
3493 4114 3550 4159 ut
3585 4099 3788 4173 ejusdem

2233 4197 2416 4252 verbis
2441 4204 2583 4265 utar,
2622 4196 3042 4268 praeponendam
3069 4211 3211 4261 esse,
3255 4210 3323 4251 ea
3369 4196 3425 4252 in
3454 4191 3784 4251 controversia

2234 4292 2508 4346 communi
2541 4290 2680 4346 inter
2709 4289 2895 4345 Galliae
2923 4276 3177 4344 doctores
3209 4289 3500 4344 sententiae
3530 4285 3629 4341 sibi
3654 4283 3790 4340 inlue-

2234 4381 2460 4439 rendum
2507 4396 2629 4437 esse
2661 4381 2951 4453 putaverit,
3002 4381 3189 4436 relicta
3238 4380 3530 4450 Augustini
3587 4373 3789 4434 Africani

2233 4475 2510 4545 opinione,
2539 4490 2663 4544 quae
2695 4487 2828 4527 nova
2881 4473 3163 4544 putabatur
3201 4481 3259 4528 et
3314 4472 3583 4527 contraria
3615 4479 3785 4542 patrum

2233 4570 2468 4642 Opinioni
2491 4578 2538 4624 et
2566 4568 2909 4623 ecclesiastico
2931 4569 3148 4624 sensui?
3197 4566 3325 4624 Haec
3359 4567 3532 4624 fusius
3565 4577 3788 4640 prosecu-

2226 4673 2314 4722 tus
2344 4678 2488 4732 sum,
2517 4680 2624 4736 quo
2656 4664 3042 4720 nonnullorum
3087 4663 3322 4734 querelis
3366 4661 3606 4719 facerem
3651 4656 3786 4723 satis,

2147 4821 2204 4882 D
2301 4820 2380 4893 (Ι)
2404 4821 2576 4877 Natal.
2610 4823 2762 4877 Alex.
2801 4821 2933 4876 Hist.
2965 4821 3110 4876 Eccl.
3137 4833 3265 4875 saec.
3294 4834 3349 4888 v,
3389 4829 3529 4889 part.
3555 4833 3591 4884 ι,
3616 4829 3722 4884 cap.
3746 4812 3788 4879 δ,

2230 4902 2332 4946 art.
2362 4895 2396 4947 2
2426 4909 2544 4948 sec.

2303 4937 2400 5033 im.)
2425 4937 2652 5028 filim
2684 4979 2811 5018 ann.
2832 4963 2957 5024 454.
2985 4963 3048 5035 §§
3079 4964 3142 5018 l6
3165 4977 3317 5032 seqq.

2301 5023 2671 5106 (n)'Ballerin.
2705 5023 3058 5090 Οιιεθιννμιῖιῖ.
3111 5051 3149 5102 ι,
3197 5023 3316 5102 cap.
3363 5032 3420 5097 6,
3464 5047 3610 5090 num.
3653 5030 3700 5094 ὅ.
3735 5023 3790 5080 ad

2229 5116 2359 5159 tom.
2389 5105 2607 5174 IVOpp.
2631 5105 2806 5160 Noris.
2849 5123 2967 5175 pag.
3002 5106 3125 5160 912.

2298 5177 2371 5246 (ο)
2403 5165 2598 5247 Bari-tn.
2625 5177 2690 5230 ad
2720 5165 3003 5244 ιιιιιιί451,
3031 5175 3058 5247 δ
3081 5175 3207 5237 188.
3235 5185 3287 5230 et
3307 5175 3359 5230 in
3385 5171 3570 5230 Notat.
3592 5171 3653 5226 ad
3679 5165 3791 5223 blat-

2226 5251 2386 5318 tyrol.
2409 5265 2456 5300 ιχ
2481 5246 2586 5301 kal.
2617 5248 2740 5302 Jun.

2297 5318 2376 5389 (ν)
2397 5319 2562 5389 Labh.
2583 5320 2812 5374 Dissert.
2837 5318 2902 5372 de
2917 5318 3115 5387 Script.
3144 5315 3288 5389 Eccl.
3307 5326 3441 5371 tom.
3458 5306 3786 5389 l_l,pag.489.

2293 5386 2370 5458 ('q)
2398 5388 2624 5457 i’apebr.
2656 5393 2773 5444 Act.
2800 5391 2898 5444 SS.
2933 5386 3066 5443 tom.
3085 5389 3125 5442 V
3145 5388 3266 5442 Maii
3296 5403 3418 5458 pag.
3456 5386 3585 5453 285,
3610 5395 3788 5442 nutum.

2221 5461 2255 5515 6
2284 5477 2436 5515 seua.
2796 5483 2803 5490 ε

2298 5477 2534 5600 igimiiist.
2565 5529 2726 5586 Iittér.
2753 5531 2822 5586 de
2849 5530 2896 5585 la
2929 5531 3163 5595 France,
3191 5539 3322 5597 tom,
3359 5527 3430 5594 ll,
3466 5542 3590 5600 pag.
3615 5519 3730 5580 309.

2295 5591 2365 5670 (si
2396 5601 2609 5657 Tullum.
2639 5603 2797 5657 Mem.
2832 5603 2977 5656 li.ch
3005 5611 3133 5656 tom.
3153 5591 3284 5670 σιν,
3304 5591 3429 5672 pag.
3460 5591 3590 5669 866,
3622 5603 3723 5650 not.
3745 5591 3788 5644 3.

2292 5673 2362 5749 (_t)g
2389 5673 2563 5749 Noris.
2668 5683 2883 5749 c._tom.
2915 5675 2953 5736 Ι,
2973 5689 3128 5749 pagg.
3153 5673 3256 5727 397
3288 5687 3456 5749 seqq.
3613 5736 3644 5749 η

2291 5730 2372 5815 (ιί)
2403 5746 2537 5811 Aug.
2583 5745 2674 5798 lib.
2712 5746 2778 5798 de
2824 5730 2985 5797 dono.
3017 5730 3238 5815 licvrsev.
3287 5744 3337 5798 iu
3380 5730 3495 5802 line
3521 5749 3577 5798 et
3612 5735 3698 5796 lib.
3735 5730 3792 5788 αθ

2218 5813 2477 5872 Ρνέιξόθςι.
2504 5815 2604 5871 SS.
2639 5816 2758 5869 init.
2791 5829 2847 5869 et
2875 5830 2992 5884 cap.
3023 5813 3110 5868 ιι.

2294 5889 2366 5937 (υ)
2396 5887 2581 5956 Prosp.
2611 5886 2770 5955 epist.
2806 5886 2872 5939 ad
2907 5890 3132 5954 August.
