4018 6338
240 407 344 466 629

1669 407 2198 468 PROLEGOMENA.

3413 409 3521 470 6'50

239 524 326 597 qui
349 521 542 596 grandi
567 518 778 593 piaculo
807 517 1066 593 adstringi
1096 531 1283 592 putant
1306 537 1427 579 eum
1464 521 1552 592 qui
1581 519 1812 580 Vincen-
1843 525 1896 584 Α
1921 539 2083 594 gnare
2111 524 2455 597 scilicetquin
2483 525 2553 580 sit
2575 524 2703 580 illud
2734 523 3052 596 Symbolum
3081 523 3354 582 Vincentii
3380 522 3525 582 Liri-

239 621 369 674 tium
393 616 734 676 Lirinensem
765 664 779 687 ,
816 620 1029 677 eximia:
1067 621 1384 676 eruditionis
1421 636 1482 676 ac
1535 621 1832 676 sanctitatis

239 718 474 782 patrem,
503 711 556 768 in
588 711 1004 772 Massiliensium
1033 713 1217 770 album
1254 714 1442 782 refert,
1476 713 1628 784 quasi
1659 713 1834 770 Senti—

241 804 513 876 pelagiani
543 803 595 860 id
621 807 880 876 temporis
912 805 1156 863 haeretici
1187 807 1407 876 fuerint,
1440 822 1545 864 non
1584 822 1714 864 vero
1735 807 1834 863 viri

243 911 406 966 supra
435 903 664 954 creteros
703 899 759 953 in
808 895 1000 956 Galliis
1051 899 1355 956 doctissimi
1408 910 1569 973 atque
1610 900 1838 956 sanctis-

246 989 393 1044 simi.
415 1007 436 1042 ι
461 990 730 1046 Hactenus
747 991 830 1046 vir
854 993 1334 1062 praestantissimus
1353 1012 1365 1046 :
1387 995 1477 1063 qui
1507 1004 1561 1050 et
1583 994 1708 1049 alibi
1733 992 1834 1052 ad-

242 1093 435 1136 versus
464 1081 896 1155 Blondellumia)
921 1084 1127 1154 Optime
1149 1087 1344 1142 astruit
1363 1088 1464 1160 (b),
1499 1086 1835 1143 Vincentium

239 1177 364 1249 jure
406 1175 573 1234 fuisse
626 1177 695 1234 ab
722 1179 948 1235 ecclesia
979 1190 1288 1236 sanctorum
1317 1181 1465 1236 fastis
1499 1182 1812 1252 aseriptmn.

317 1269 375 1326 6.
409 1263 525 1326 Non
560 1271 739 1330 solum
778 1283 955 1328 autem
985 1274 1192 1330 auctori
1245 1283 1432 1329 nostro
1462 1275 1678 1330 tributae
1719 1273 1842 1330 Vin-

247 1364 504 1418 centiana:
530 1364 840 1434 obiectiones
869 1365 936 1420 ab
963 1366 1027 1421 iis
1058 1365 1188 1421 viris
1225 1365 1428 1422 criticis
1478 1382 1707 1436 quorum
1752 1380 1843 1420 su-

239 1444 438 1526 perius
462 1455 842 1524 meminimus;
874 1473 1062 1518 verum
1089 1459 1248 1514 etiam
1267 1458 1568 1530 symbolum
1601 1459 1844 1526 Quicum-

247 1565 347 1630 que
379 1549 546 1604 variis
595 1549 926 1622 argumentis
966 1550 1140 1606 eidem
1194 1565 1440 1606 asserere
1490 1561 1712 1606 conatus
1759 1559 1845 1606 est

247 1638 505 1697 laudatus
543 1643 883 1698 Ante-liuius:
918 1645 1058 1700 inter
1111 1659 1234 1715 quae
1276 1644 1505 1715 alicujus
1549 1660 1679 1702 sane
1731 1659 1847 1700 mo-

251 1731 424 1786 menti
454 1731 668 1791 videtur
691 1750 813 1792 esse
851 1734 1003 1802 illud,
1037 1736 1180 1808 quod
1227 1738 1363 1808 petit
1392 1737 1476 1794 vir
1514 1735 1753 1792 eruditus
1779 1751 1846 1792 ex

251 1821 529 1898 aliquibus
563 1826 812 1901 loquendi
867 1828 1111 1884 formulis
1139 1847 1383 1902 magnam
1433 1846 1555 1888 cum
1603 1831 1848 1903 Symboli

1936 618 2121 672 nensis
2152 633 2304 688 opus,
2349 619 2396 674 si
2439 616 2573 673 alias
2601 628 2811 674 certum
2861 617 3150 689 quodpiam
3201 626 3524 689 suppeteret

1937 726 2036 781 pro
2063 710 2348 766 Vincentio
2394 712 2478 768 vel
2507 711 2710 768 codicis
2757 711 2841 766 vel
2872 712 3154 782 scriptoris
3182 712 3410 782 alicujus
3437 721 3523 770 te-

1936 802 2270 860 Stimonium.
2304 803 2411 860 Sed
2443 804 2558 858 hrec
2579 803 2857 859 hactenus.
2890 803 3032 859 Nihil
3053 819 3218 874 porro
3242 803 3437 876 reliqui
3455 803 3527 864 de

1938 905 2160 954 auctore
2214 905 2402 952 nostro
2443 896 2598 952 nobis
2642 906 2892 966 superest
2922 895 3284 968 adjiciendum
3327 905 3528 967 praeter

1937 991 2199 1048 monitum
2234 990 2301 1047 de
2326 990 2412 1045 illa
2435 991 2675 1046 editione
2695 1007 2797 1060 qua
2828 992 2910 1048 usi
2933 1006 3119 1050 sumus
3145 991 3198 1047 in
3226 991 3345 1062 ejus
3366 990 3531 1048 Com-

1940 1087 2234 1144 monitorio
2284 1083 2624 1141 excudendo.
2684 1083 2816 1140 Eam
2877 1085 3131 1142 nimirum
3183 1084 3530 1142 adhibuimus

1941 1195 2098 1250 quam
2115 1178 2337 1235 Parisiis
2360 1193 2500 1233 anno
2533 1177 2669 1232 1684
2692 1176 2851 1232 tertio
2873 1178 3140 1248 evulgavit
3159 1179 3371 1236 caeteris
3394 1193 3532 1248 prm-

1941 1273 2257 1327 stantiorem
2310 1270 2616 1341 Stephanus
2671 1270 2925 1326 Baluzius
2956 1286 2970 1324 t
3003 1271 3092 1340 qui
3139 1271 3370 1340 primum
3407 1286 3529 1326 cum

1944 1367 2154 1422 duobus
2191 1365 2470 1422 codicibus
2517 1379 2652 1421 mss.
2689 1362 3038 1419 bibliotheca:
3087 1362 3270 1433 Regiae
3305 1361 3534 1420 contulit

1946 1459 2212 1532 ejusmodi
2244 1458 2598 1528 opusculum;
2627 1456 2883 1525 deinceps
2913 1469 3046 1509 vero
3075 1452 3207 1508 illud
3233 1468 3419 1509 rursus
3441 1469 3537 1510 ex.

1948 1553 2058 1620 egit
2097 1551 2163 1606 ad
2211 1549 2347 1605 alios
2397 1549 2533 1605 duos
2575 1564 2775 1618 eosque
2824 1547 3255 1612 vetustissimos,
3307 1560 3536 1616 quorum

1949 1644 2087 1698 alter
2119 1658 2262 1698 nunc
2289 1652 2602 1698 asservatus
2635 1641 2687 1695 in
2722 1639 3049 1695 bibliotheca
3080 1635 3415 1704 Colbertina,
3438 1635 3541 1692 fuit

1951 1736 2078 1790 olim
2114 1735 2257 1790 Petri
2284 1734 2509 1800 Pithoei;
2538 1734 2672 1788 alter
2698 1731 3035 1787 celeberrimi
3064 1728 3379 1786 monasterii
3404 1726 3541 1784 Cor-

1950 1829 2206 1886 beiensis.
2239 1826 2403 1882 Notas
2433 1836 2610 1880 autem
2641 1824 2959 1879 Baluzianas
2983 1836 3207 1893 quarum
3238 1820 3541 1894 praecipuus

250 1919 534 1992 particulis
567 1922 890 1992 quihusdam
927 1923 1340 1979 similitudinem
1392 1939 1501 1994 prae
1538 1939 1596 1980 se
1628 1924 1850 1980 ferenti-
1877 1919 1925 1980 B
1955 1936 2149 1992 scopus
2181 1930 2262 1975 est
2294 1919 2565 1974 variantes
2597 1917 2859 1971 lectiones
2892 1913 3161 1979 indicare,
3191 1912 3358 1968 textui
3384 1910 3540 1980 adje—

251 2009 378 2079 bus,
409 2029 545 2083 quas
574 2028 639 2069 es
672 2014 943 2070 Vincentii
992 2015 1420 2074 Commonitorio
1471 2017 1561 2073 ille
1603 2017 1842 2087 collegit.

251 2101 359 2158 Eas
391 2105 557 2160 refert
579 2120 642 2159 ac
671 2106 926 2177 expendit
967 2109 1040 2164 cl.
1085 2108 1512 2165 Montfauconius
1535 2110 1632 2179 (c),
1663 2110 1846 2180 aitque

252 2195 303 2249 id
336 2198 508 2267 probe
537 2197 734 2253 eruditi
769 2199 866 2256 viri
912 2201 1243 2273 argumentis
1274 2202 1488 2270 confici,
1525 2201 1652 2258 nihil
1689 2216 1845 2272 repu-

253 2354 406 2482 ωξλ)
431 2356 708 2482 'Bﬂlgpdell.
746 2356 812 2413 de
845 2358 1067 2414 Primat.
1103 2359 1156 2414 in
1184 2359 1326 2417 Eccl.
1355 2367 1484 2416 sect.
1514 2359 1565 2429 6,
1596 2377 1714 2430 pag.
1761 2362 1848 2423 52,

329 2444 340 2479 ι
378 2466 393 2479 .
578 2466 592 2481 ,

329 2444 393 2479 II.
431 2444 592 2481 11³61.

327 2498 408 2569 (ὁ)
433 2497 613 2554 Neris.
648 2514 772 2570 opp.
799 2510 928 2558 tom.
960 2501 1048 2568 lll,
1085 2517 1239 2572 pagg.
1273 2503 1409 2558 1010
1439 2511 1493 2558 et
1517 2518 1634 2572 seq.

1951 2015 2149 2079 cimus,
2170 2010 2356 2082 paucis
2388 2024 2483 2080 pro
2512 2022 2663 2064 more
2695 2016 2880 2061 nostro
2910 2005 2976 2060 ad
3004 2004 3207 2060 calcem
3228 2001 3543 2076 paginarum

1952 2108 2237 2178 appositis.

2029 2359 2099 2429 (c)
2136 2357 2319 2413 MOnli.
2365 2357 2546 2429 Diatr.
2603 2353 2892 2429 inUSymb.
2945 2354 3263 2426 Quicumque
3317 2353 3384 2410 ad
3417 2371 3542 2427 opp.

1955 2423 2156 2487 Athan.
2195 2441 2323 2483 tom.
2361 2428 2421 2492 ll,
2459 2441 2576 2497 pag.
2609 2423 2714 2480 724
2743 2423 2895 2495 seqq.

281 2627 2020 2655 mw

1397 2759 1725 2822 NOTITM
1776 2753 2415 2820 SCHOENEMANNI.

1257 2902 1372 2965 (Ex
1419 2901 1549 2953 Bibl.
1595 2902 1727 2952 Hist.
1770 2902 1944 2952 Litier.
1993 2899 2100 2948 Lat.
2150 2898 2252 2947 Pat.
2301 2900 2423 2946 tom.
2470 2892 2581 2956 II.)

611 3023 705 3097 §l.
752 3023 875 3080 Vita
909 3023 1168 3082 Vincentii
1195 3027 1499 3083 Lirinensis.

333 3117 630 3174 Lirinensis
659 3135 958 3191 cognomen
991 3121 1092 3191 ipsi
1117 3121 1344 3178 inditum
1378 3122 1506 3190 fuit,
1547 3133 1603 3182 ut
1643 3124 1709 3180 ab
1739 3121 1859 3178 aliis

260 3211 519 3283 ejusdem
550 3213 782 3268 nominis
812 3224 975 3286 atque
1001 3215 1176 3269 aetatis
1202 3216 1560 3286 scriptoribus
1587 3215 1860 3273 discerne-

260 3311 442 3370 rctur,
481 3305 548 3359 ab
579 3305 786 3374 insula,
819 3307 870 3361 in
903 3323 1008 3377 qua
1041 3306 1329 3363 maximam
1361 3308 1485 3364 vitm
1513 3323 1624 3363 suae
1652 3315 1858 3379 partem

1964 3059 2047 3106 est
2080 3061 2258 3116 neque
2279 3043 2552 3115 Peregrini
2576 3057 2794 3111 nomen,
2821 3057 2996 3114 neque
3021 3043 3409 3102 Commonitorii
3427 3048 3556 3103 titu-

1965 3141 2073 3196 lum
2098 3140 2165 3195 ab
2189 3142 2304 3210 ipso
2325 3148 2544 3195 auctore
2573 3137 2836 3209 profecta,
2864 3137 2959 3194 sed
2991 3153 3061 3194 ex
3090 3138 3409 3209 praefatione
3433 3139 3556 3196 libri

1965 3234 2130 3304 petita
2175 3243 2316 3288 esse.
2357 3231 2518 3286 Multa
2561 3231 2828 3300 disputata
2877 3238 3005 3286 sunt
3055 3246 3084 3285 a
3131 3231 3547 3298 recentioribus,

1968 3326 2328 3394 praeeuntibus
2358 3324 2552 3380 Vossio
2585 3331 2639 3378 et
2661 3322 2896 3388 Norisio,
2921 3323 2990 3379 de
3017 3322 3559 3394 Semipelaglanismo

263 3398 589 3456 monasticis
618 3399 812 3454 studiis
842 3399 1127 3470 impendit.
1156 3401 1327 3456 Pauca
1352 3411 1535 3456 etnon
1558 3402 1688 3458 satis
1716 3409 1856 3456 certa

1971 3419 2238 3476 Vincentii
2292 3418 2576 3488 studioque
2618 3417 2737 3486 ejus
2774 3417 3219 3488 Augustinianam
3256 3417 3557 3474 doctrinam

265 3489 334 3546 de
366 3496 493 3546 ortu
525 3489 640 3561 ejus
668 3501 828 3560 atque
855 3491 1168 3547 conditione
1198 3494 1471 3549 memoriae
1500 3493 1691 3548 tradita
1715 3503 1863 3548 sunt.

265 3585 446 3640 Natus
494 3585 591 3640 fuit
635 3587 688 3642 in
728 3584 900 3641 Gallia
931 3585 1129 3641 Celtica
1164 3587 1245 3642 vel
1279 3587 1494 3657 Belgica
1518 3629 1530 3652 ,
1564 3597 1613 3643 et
1663 3587 1707 3641 si
1740 3602 1865 3643 vere

265 3687 574 3750 germanus
601 3675 746 3734 illius
786 3677 883 3732 fuit
909 3676 1091 3748 Lupus
1129 3677 1218 3734 ille
1247 3679 1563 3745 Trecensis,
1599 3680 1738 3750 quod
1783 3690 1863 3734 ta.

267 3785 400 3824 nten
422 3768 719 3825 doctissimi
739 3785 919 3825 rerum
941 3773 1216 3840 utriusque
1237 3771 1531 3840 scriptores
1552 3784 1746 3841 negant
1763 3772 1864 3842 (a),

266 3862 498 3918 Tullum
527 3862 824 3918 Leucorum
859 3866 1085 3934 patriam
1111 3862 1312 3918 habuit.
1347 3865 1462 3932 Quo
1490 3875 1728 3934 tempore
1759 3867 1867 3935 pri-

265 3971 426 4012 mum
457 3954 657 4012 saeculo
688 3957 935 4014 nuntium
963 3954 1232 4011 remiserit
1262 3967 1314 4012 et
1341 3957 1392 4011 in
1421 3957 1647 4011 insnlam
1682 3972 1861 4012 seces-

269 4052 434 4118 serit,
479 4051 802 4124 quandoque
851 4061 904 4106 et
949 4050 1041 4106 ubi
1090 4051 1385 4126 presbyteri
1436 4053 1748 4123 dignitatem
1799 4054 1869 4107 sit

267 4146 528 4216 adeptus,
551 4145 862 4216 ignoramus
893 4161 908 4197 :
941 4143 1037 4200 sed
1069 4156 1279 4199 mature
1304 4145 1498 4199 factum
1530 4160 1650 4200 esse
1683 4145 1863 4211 debet,

270 4237 320 4292 si
374 4235 595 4307 quidem
646 4234 944 4290 Eucherius
995 4233 1063 4290 de
1109 4250 1174 4290 eo
1218 4235 1503 4305 praedicat,
1534 4250 1657 4289 eum
1699 4233 1863 4288 filium

269 4343 439 4384 suum
485 4327 795 4395 Salonium,
838 4329 928 4398 qui
979 4327 1047 4384 ab
1093 4327 1368 4383 limior-ato
1421 4325 1615 4381 abbate
1663 4327 1868 4381 institui

267 4425 548 4489 cmperat,
597 4434 716 4474 cum
769 4418 1026 4475 Salviano
1071 4433 1507 4485 consummasse,
1557 4415 1868 4488 obitmnque

269 4512 398 4582 ejus
425 4521 515 4565 an.
543 4511 649 4568 450
678 4511 975 4581 assignant.

585 4601 612 4676 ᾗ
642 4602 702 4659 ll.
735 4601 943 4676 Scripta
982 4601 1234 4657 Vincentii
1263 4601 1563 4658 Lirinensis.

358 4715 380 4749 ι
417 4696 732 4769 Composuit
771 4696 836 4750 ad
884 4695 1175 4752 evertenda
1227 4697 1604 4750 hmreticorum
1647 4695 1872 4766 collegia

273 4789 453 4845 nitido
497 4797 550 4844 et
588 4795 775 4858 aperto
823 4803 1076 4844 Sermone
1120 4787 1502 4844 validissimam
1553 4789 1876 4858 disputatio-

273 4900 428 4948 nem,
459 4898 618 4952 quam
649 4883 895 4936 absconso
932 4882 1132 4936 nomine
1158 4898 1252 4935 suo
1275 4881 1560 4935 attitulavit
1584 4881 1871 4953 Peregrini,

275 4973 527 5029 adversus
571 4969 840 5028 hwreticos
873 4989 890 5026 :
922 4973 1073 5042 cujus
1107 4973 1290 5042 operis
1329 4975 1450 5042 quia
1494 4972 1716 5029 secundi
1751 4974 1872 5029 libri

275 5069 573 5123 maximam
610 5067 660 5121 in
690 5066 962 5120 schedulis
995 5076 1199 5135 partem
1232 5081 1261 5120 a
1290 5066 1612 5136 quibusdam
1645 5063 1872 5121 furatum

276 5157 547 5232 perdidit,
581 5158 938 5229 recapitulato
963 5159 1078 5230 ejus
1102 5161 1285 5229 paucis
1317 5160 1658 5215 sermonibus
1679 5176 1838 5214 sensu
1856 5202 1871 5227 ,

279 5255 462 5323 primo
505 5252 774 5321 compegit
815 5260 866 5306 et
909 5253 960 5304 in
1000 5265 1164 5306 unum
1218 5253 1411 5307 librum
1457 5252 1644 5308 edidit.
1687 5271 1705 5304 ι
1750 5252 1876 5307 Huc

281 5343 598 5400 Gennadius
628 5358 678 5398 c.
709 5343 798 5398 64.
827 5344 1083 5412 Superest
1115 5344 1282 5399 hocce
1313 5344 1655 5412 opusculum,
1688 5343 1877 5402 inscri-

282 5448 434 5509 ptum
491 5435 984 5501 Commonitorium,
1033 5449 1126 5492 seu
1179 5434 1584 5491 Commonitoria
1633 5437 1733 5491 duo
1784 5453 1876 5508 pro

281 5529 554 5585 catholica:
585 5529 708 5599 ﬁdei
733 5529 1034 5599 antiquitate
1065 5539 1110 5584 et
1135 5530 1462 5584 universitate
1483 5530 1725 5588 adversus
1758 5547 1878 5598 pro-

284 5627 438 5694 fanas
491 5622 724 5678 omnium
787 5622 1147 5676 [uereticornm
1193 5622 1465 5677 novitates.
1515 5620 1618 5677 Sed
1671 5631 1874 5678 certum

365 5781 442 5849 (c)
481 5781 618 5838 Hist.
655 5780 780 5836 Litt.
814 5779 880 5834 de
910 5779 957 5833 la
990 5778 1218 5840 France,
1255 5788 1296 5833 t.
1323 5777 1389 5839 ll,
1423 5793 1477 5847 p.
1505 5775 1628 5832 505.

369 5849 442 5925 (b)
485 5854 762 5925 Disseruit.
809 5851 881 5925 de
908 5850 1187 5925 Vincentio
1213 5864 1332 5925 cap.
1377 5849 1441 5908 ἓ,
1474 5851 1506 5903 5
1547 5860 1786 5925 seqq.__t.
1827 5850 1875 5910 Ι.

290 5919 650 5994 13.195445.
691 5922 774 5978 Cf.
814 5921 950 5976 Hist.
985 5923 1084 5976 litt.
1127 5919 1316 5975 Gallia:
1342 5930 1600 5986 auctores,
1633 5932 1668 5975 t.
1714 5920 1785 5986 ll,
1823 5938 1873 5991 p.

1971 3513 2038 3568 de
2065 3514 2236 3584 gratia
2268 3523 2538 3582 tamquam
2573 3510 2882 3568 htereticam
2906 3510 3244 3567 traducendi.
3274 3508 3411 3578 Quin
3436 3525 3561 3582 pro-

1968 3608 2142 3678 prium
2177 3606 2228 3660 in
2264 3621 2329 3661 eo
2374 3604 2554 3674 operis
2595 3603 2754 3673 hujus
2784 3602 3074 3658 consilium
3115 3603 3365 3659 nonnulli
3393 3617 3560 3674 agno-

1969 3715 2122 3756 scere
2149 3700 2249 3756 sibi
2281 3700 2380 3754 visi
2410 3708 2529 3754 sunt
2563 3707 2618 3753 et
2649 3697 2764 3752 loca
2805 3698 2986 3753 omnia
3019 3695 3560 3768 Semipela'glanismo

1969 3808 2209 3849 consona
2243 3793 2524 3864 diligenter
2552 3800 2864 3858 enotarunt,
2890 3793 2958 3848 de
2996 3791 3192 3862 quibus
3227 3792 3464 3864 itemque
3492 3793 3560 3848 iis

1970 3902 2088 3956 quae
2111 3887 2176 3940 ab
2200 3885 2318 3940 aliis
2337 3885 2582 3954 opposita
2607 3893 2732 3939 sunt
2751 3883 3019 3940 Oudinum
3040 3882 3193 3939 adire
3213 3891 3434 3952 prastat
3457 3882 3557 3955 (ὁ).

1969 3976 2168 4030 Eadem
2205 3977 2316 4032 fere
2346 3975 2412 4031 de
2441 3990 2602 4042 causa
2640 3991 2668 4029 a
2711 3974 3034 4046 quibusdam
3072 3973 3358 4032 Vincentio
3396 3973 3560 4030 tribui

1971 4081 2164 4139 coaptm
2194 4079 2320 4125 sunt
2353 4068 2678 4140 Objectiones
2719 4069 2823 4126 illae
2856 4067 3207 4123 Vincentium:
3244 4077 3423 4124 contra
3453 4067 3562 4123 Au-

1970 4164 2158 4233 gustini
2188 4163 2509 4225 doctrinam,
2549 4177 2681 4231 quas
2719 4161 2978 4230 singulari
3019 4161 3198 4217 studio
3225 4163 3562 4232 oppugnavit

1971 4255 2203 4325 Prosper
2230 4255 2282 4310 in
2315 4255 2450 4309 libro
2474 4255 2840 4325 Responsionis
2868 4255 2935 4310 ad
2959 4255 3191 4326 capitula
3215 4255 3562 4328 objectionuns

1978 4345 2447 4407 Vincentianarum.
2482 4357 2535 4400 et
2566 4360 2701 4415 opus
2734 4344 3102 4400 Prwdestinati
3131 4347 3272 4417 quod
3304 4363 3393 4402 an.
3422 4345 3563 4402 1643

1976 4436 2198 4491 Parisiis
2227 4437 2378 4492 exire
2419 4437 2544 4492 fecit
2579 4437 2693 4492 Jac.
2736 4437 3073 4496 Sirmondus.
3108 4437 3216 4494 Sed
3249 4447 3438 4509 praeter
3487 4439 3565 4496 le-

1973 4543 2095 4582 vcm
2141 4528 2372 4584 nominis
2408 4529 2460 4583 in
2504 4529 2675 4584 altero
2705 4538 2759 4584 et
2798 4530 3057 4588 doctrinm
3089 4533 3142 4585 in
3175 4538 3402 4602 utroque
3440 4546 3565 4588 eum

1977 4619 2062 4674 illa
2098 4619 2620 4690 Semipelagianismi
2655 4620 2706 4674 in
2746 4620 3033 4678 Vincentio
3061 4623 3372 4690 suspicione
3409 4622 3565 4680 simi-

1980 4713 2258 4768 litudinem
2291 4714 2470 4768 omnia
2503 4714 2605 4768 alia
2639 4724 2954 4784 argumenta
2986 4726 3200 4772 cessant
3237 4714 3330 4787 (c).

1839 4833 1850 4922 ξ
1903 4833 1953 4894 Ι)
1984 4848 2012 4917 §
2045 4847 2127 4902 lll.
2156 4846 2443 4915 Editiones,
2474 4852 2804 4922 versioneset
2835 4852 3033 4905 codices
3066 4865 3278 4922 cperam
3312 4851 3569 4909 Vincentii

2629 4920 2929 4976 Lirinensis.

2641 5054 2907 5105 Editioncs.

2060 5161 2327 5216 Vincentii
2359 5157 2843 5215 Commonitorium
2865 5203 2878 5226 ,
2919 5171 2975 5214 ut
3007 5162 3233 5231 primum
3265 5177 3294 5217 e
3323 5162 3571 5220 manibus

1982 5253 2221 5307 auctoris
2252 5253 2331 5305 sui
2365 5253 2525 5318 exiit,
2554 5253 2734 5322 plures
2757 5253 2936 5308 statim
2964 5296 2976 5318 ,
3007 5261 3062 5308 et
3089 5252 3395 5329 frequentes
3421 5254 3571 5310 dein-

1983 5361 2112 5415 ceps
2141 5361 2234 5415 per
2265 5361 2424 5400 omne
2455 5361 2629 5400 aevum
2663 5345 2892 5401 lectores
2922 5357 2974 5400 et
3003 5361 3064 5400 ex
3099 5346 3390 5406 lectoribus
3418 5361 3587 5442 amari

1985 5446 2130 5492 tores
2161 5436 2382 5492 invenit.
2419 5435 2534 5490 Non
2579 5438 2846 5490 immerito
2876 5437 3114 5505 quidem.
3149 5436 3245 5492 Est
3272 5436 3416 5496 enim
3448 5439 3572 5494 huic

1984 5531 2192 5583 auctori
2229 5529 2499 5597 pro;rium
2529 5545 2751 5583 acmnen
2778 5525 3068 5597 quoddam,
3104 5529 3206 5584 etsi
3246 5528 3438 5590 falsum
3487 5531 3570 5585 in-

1987 5624 2194 5678 terdum
2247 5634 2299 5679 et
2351 5622 2644 5693 ineptiens,
2697 5633 2753 5680 et
2799 5621 3014 5680 dicendi
3070 5638 3243 5696 genus
3296 5625 3570 5682 concisum

1988 5777 2233 5862 509,un
2267 5777 2488 5832 minime
2532 5775 2910 5846 Pelagianisml
2959 5776 3339 5834 odoratorlbus
3383 5792 3572 5836 assens

1991 5860 2146 5992 ll"(Ti
2177 5921 2471 5977 Atlcundus
2501 5921 2661 5976 etiam
2695 5921 2763 5976 de
2801 5920 2883 5978 his
2925 5920 3164 5978 Oudinus
3226 5936 3349 5990 cap.
3379 5920 3414 5978 4
3437 5929 3492 5983 et
3520 5920 3570 5980 5i
