4018 6338
527 311 625 370 651

1749 307 2160 366 VINCENTIUS
2200 306 2609 366 LIRINENSIS.
3669 332 3756 393 63,

526 427 840 498 crebrisque
880 427 1401 499 interrogationibus
1431 433 1486 482 et
1517 423 1884 496 respondendi
1912 423 2118 478 docen-
2145 426 2198 486 Α
2225 422 2376 476 netiis
2405 422 2546 515 apud
2572 420 2689 476 Jac.
2716 419 3003 479 Gazellum.
3037 422 3139 482 Ubi
3167 426 3218 481 in
3243 427 3495 489 alterutro
3515 435 3617 494 sive
3639 440 3754 515 loco,

490 544 496 562 υ
528 520 689 592 dique
728 523 961 592 quadam
1002 521 1196 576 ﬁducia
1231 519 1464 576 vividum
1484 562 1498 588 ,
1530 519 1674 591 quod
1701 517 1853 574 facile
1883 518 2108 586 multos,

520 627 752 684 quorum
778 615 1008 684 quisque
1037 628 1190 670 suam
1224 613 1536 684 opinionem
1563 613 1629 668 ad
1662 612 1951 669 lectionem
1981 610 2116 666 aﬁ‘e-

520 707 706 773 rebat,
743 707 986 764 detinere
1017 716 1248 778 poterat.
1291 708 1420 772 Quae
1449 722 1612 762 causa
1655 709 1817 762 etiam
1847 707 1945 762 fuit
1972 705 2114 761 haud

519 799 707 867 dubie,
742 816 838 856 cur
868 801 1266 857 recentioribus
1300 800 1635 872 temporibus
1663 801 1803 855 inter
1831 800 2113 869 utriusque

521 891 775 948 Ecclesiae
798 894 996 949 summi
1023 909 1086 949 ac
1114 894 1284 949 inﬁmi
1312 895 1518 950 ordinis
1546 894 1789 950 eruditos
1820 893 2112 948 admirato-

520 1000 609 1040 res
643 1001 707 1041 ac
750 987 1060 1045 laudatores
1104 991 1376 1045 invenerit
1413 999 1466 1044 et
1501 989 1568 1044 ab
1609 998 1835 1060 utraque
1863 996 2014 1058 parte
2043 988 2111 1043 ad

521 1079 749 1134 alteram
788 1084 990 1137 erroris
1021 1084 1446 1139 convincendam
1473 1082 1775 1140 adhibitum
1814 1084 1998 1138 fuerit.
2033 1085 2110 1140 Ex

521 1186 629 1242 quo
657 1183 834 1229 autem
867 1176 1100 1246 primum
1127 1192 1216 1230 an.
1250 1177 1388 1232 1528
1409 1193 1440 1230 a
1470 1176 1558 1232 Jo.
1593 1176 1850 1233 Sichardo
1882 1177 1935 1232 in
1962 1177 2111 1231 Anti-

521 1269 645 1321 doto
667 1277 847 1320 contra
874 1284 1045 1322 omnes
1074 1269 1309 1333 hereses,
1345 1271 1607 1324 incertum
1638 1271 1801 1338 unde,
1838 1269 1981 1324 foras
2011 1270 2109 1324 da-

525 1369 634 1416 tum
674 1370 777 1426 est,
819 1370 924 1414 tam
957 1361 1150 1415 crebro
1181 1377 1276 1429 per
1301 1361 1441 1416 istud
1469 1363 1724 1416 smculum
1751 1372 1805 1418 et
1831 1363 2108 1434 sequentis

513 1467 656 1522 pene
677 1452 960 1508 dimidium
995 1455 1136 1523 typis
1166 1452 1494 1522 exscriptum
1525 1464 1629 1520 est,
1656 1462 1713 1508 ut
1737 1455 1949 1524 legendi
1977 1470 2110 1510 con-

514 1545 686 1600 tentio
713 1545 933 1615 fregisse
959 1545 1227 1615 videatur,
1252 1545 1396 1616 quod
1421 1562 1526 1601 non
1551 1555 1762 1616 poterat
1789 1563 1895 1601 non
1924 1547 2107 1602 multis

512 1638 747 1693 suboriri
771 1639 932 1709 paulo
955 1639 1295 1694 doctioribus
1319 1639 1649 1694 desiderium
1665 1640 1950 1695 emendate
1975 1639 2107 1695 illud

2215 515 2332 570 sive
2363 514 2670 585 bibliopolae
2694 517 2948 587 nomine,
2977 533 3130 574 error
3159 534 3277 577 esse
3297 523 3472 581 debet.
3503 527 3631 587 ldem
3649 514 3756 598 vero

2215 609 2503 682 Catalogus
2539 625 2660 665 cum
2697 610 2846 666 addit
2891 612 3007 667 sive
3039 612 3108 668 de
3139 628 3257 681 suo,
3289 630 3408 686 seu,
3438 623 3569 690 quod
3597 630 3756 693 proba.

2214 704 2402 771 bilius,
2434 721 2500 760 ex
2532 705 2690 761 titulo
2715 706 2840 763 libri
2868 709 3093 778 primum
3133 710 3332 779 editus,
3365 709 3546 771 fefellit
3571 718 3758 782 Benedi-

2214 803 2428 869 ctinos,
2472 810 2530 856 ut
2576 801 2874 871 principem
2922 801 3192 859 Vincentii
3228 805 3512 864 editionem
3542 827 3664 870 anno
3689 819 3754 874 in-

2212 903 2364 949 certo
2389 893 2630 950 Venetiis
2657 894 2855 950 factam
2878 897 3439 956 comminiscerentur.

2285 987 2447 1043 1552.
2472 987 2723 1056 Venetiis,
2754 990 2823 1042 ad
2850 990 3056 1061 signum
3087 989 3249 1059 Spei;
3275 993 3442 1048 ἰηο8υ.
3461 994 3752 1061 Vincentii...

2213 1076 2425 1132 libellus
2456 1093 2555 1147 pro
2583 1078 2864 1135 catholicae
2884 1081 3011 1136 fidei
3039 1083 3265 1138 veritate
3282 1093 3337 1138 et
3354 1086 3754 1160 antiquitatem.

2213 1167 2328 1223 Cat.
2353 1167 2492 1224 Bibl.
2530 1168 2655 1240 Reg.
2697 1169 2869 1226 Paris.
2906 1172 3043 1227 lluic
3069 1175 3364 1230 accessisse
3391 1177 3537 1234 aiunt
3567 1180 3757 1240 Benedi-

2211 1263 2364 1326 ctini,
2394 1260 2483 1316 Jo.
2512 1261 2737 1318 Cochlazi
2761 1265 3172 1320 dissertationem
3198 1267 3261 1320 de
3291 1265 3447 1322 Votis.

2285 1352 2445 1410 1552.
2487 1353 2898 1428 Lovanii,apud
2937 1357 3166 1410 Anthon.
3211 1357 3385 1411 Maria
3406 1358 3758 1433 Bergagne;in.

2211 1442 2295 1500 4°.
2339 1443 2611 1500 Vincentii
2654 1445 2957 1503 Lirinensis
3021 1447 3160 1504 Galli
3206 1463 3304 1518 pro
3359 1449 3623 1508 catholicae
3661 1455 3757 1516 ﬁdei

2209 1537 2530 1606 antiquitate
2570 1547 2625 1593 et
2660 1537 2915 1604 veritate,
2955 1539 3218 1595 adversus
3264 1539 3515 1610 profanas
3560 1548 3758 1606 omnium

2210 1627 2503 1684 haereseaon
2532 1630 2856 1687 novationes
2888 1631 3028 1686 liber
3059 1630 3528 1702 elegantissimus,
3555 1646 3664 1692 ante
3685 1654 3759 1695 an-

509 1732 745 1804 ]egendi,
780 1733 988 1804 Quippe
1019 1749 1084 1788 ex
1118 1734 1386 1789 immensa
1433 1733 1728 1788 editionum
1760 1748 1923 1805 grege
1953 1733 2107 1788 Βαεε-
2211 1737 2310 1778 nos
2341 1723 2488 1778 mille
2510 1724 2579 1779 ab
2597 1733 2818 1781 auctore
2844 1725 3206 1796 conscriptus.
3257 1725 3510 1782 Additum
3535 1739 3610 1784 est
3628 1730 3759 1790 breve

510 1828 604 1881 lea:
655 1826 951 1895 imprimis,
998 1825 1246 1891 Parisiis,
1299 1826 1560 1895 Colonia,
1615 1826 1830 1882 Lavanii
1874 1829 2098 1898 aliisque

2209 1817 2712 1872 commentariolum
2732 1858 2747 1884 ,
2779 1831 2875 1886 per
2896 1815 3153 1872 Joannem
3188 1815 3499 1886 Costerium,
3529 1821 3578 1876 in
3607 1837 3758 1882 eorum

505 1918 644 1974 locis
675 1934 736 1974 ac
769 1920 927 1974 terris
957 1934 1053 1988 per
1095 1920 1335 1990 singulos
1365 1935 1498 1989 pene
1529 1935 1699 1975 annos
1749 1935 2098 1992 procusarum

2210 1907 2553 1976 potissimum
2599 1909 2825 1979 gratiam
2853 1949 2868 1974 ,
2911 1910 3001 1980 qui
3047 1909 3100 1963 in
3149 1909 3350 1965 divinis
3390 1909 3579 1968 litteris
3615 1915 3757 1974 minus

509 2011 576 2066 ad
607 2028 804 2067 annum
835 2027 1006 2082 usque
1049 2011 1224 2079 1655,
1273 2028 1457 2083 paucae
1501 2014 1875 2069 tantummodo
1911 2015 2102 2070 cmico
2210 2001 2500 2055 exercitati
2548 2011 2695 2057 sunt.
2744 2001 2962 2073 Efﬁgies
3006 2001 3278 2072 Leopardi
3331 2003 3387 2058 iu
3427 2005 3575 2061 titulo
3610 2012 3758 2077 procul

506 2105 682 2160 aliove
708 2105 974 2160 editorum
1005 2120 1228 2160 munere
1255 2117 1379 2160 sunt
1403 2106 1819 2162 memorabiles:
1847 2122 2042 2178 nempe
2068 2123 2098 2163 a

2208 2091 2372 2147 dubio
2404 2103 2486 2149 est
2513 2092 2727 2166 insigne
2760 2095 3100 2167 typographi.

506 2206 654 2252 textu
705 2197 1057 2252 emendatiori
1106 2199 1243 2262 dum,
1279 2199 1445 2253 altera
1496 2198 1642 2252 Petri
1686 2197 1910 2265 Pithaai,
1961 2199 2098 2256 facta

2283 2186 2447 2242 1554.
2493 2187 2728 2254 Rhemis,
2759 2191 2901 2258 apud
2935 2187 3057 2244 Nic.
3092 2186 3436 2256 Bacnetium;
3462 2190 3617 2246 iii-1°.
3643 2191 3757 2251 Idem

502 2289 727 2345 Parisiis
773 2305 861 2343 an.
916 2289 1075 2358 1586,
1105 2291 1276 2357 iii—4°,
1323 2292 1490 2346 altera
1539 2291 1908 2347 Bartholomwi
1952 2292 2099 2347 Petri
2211 2279 2372 2335 iiber-
2404 2279 2687 2336 δατ-Βίων
2720 2280 2858 2336 Τείί·
2889 2282 3018 2338 ίδίάο

503 2383 701 2437 emissa
735 2381 902 2436 Duaci
943 2397 1034 2437 an.
1079 2383 1239 2449 1611,
1275 2382 1450 2449 in-16,
1484 2399 1607 2438 cum
1640 2385 1782 2438 notis
1817 2385 2093 2454 ejusdem;

2281 2372 2439 2428 1554.
2481 2374 2740 2429 Colonia.
2761 2415 2774 2430 .
2795 2415 2808 2430 .
2833 2415 2878 2428 ..
2901 2415 2914 2428 .
2959 2375 3049 2430 24.
3097 2374 3248 2432 Idem
3286 2375 3428 2433 liber
3463 2390 3576 2432 cum
3605 2378 3758 2435 eodem

507 2485 710 2544 praeter
742 2474 839 2528 has
871 2474 1193 2539 (Iosteriana,
1213 2490 1332 2544 quae
1359 2475 1556 2543 prodiit
1587 2476 1801 2530 Lovanii
1824 2492 1912 2533 an.
1932 2479 2093 2544 1552,

2205 2481 2404 2521 comm.
2435 2466 2548 2522 Cat.
2580 2467 2716 2523 Bibl.
2739 2466 2925 2522 Baluz.
2958 2479 2994 2523 t.
3028 2467 3090 2534 ll,
3121 2487 3173 2538 p.
3211 2467 3377 2524 1001.

2280 2558 2439 2614 1556.
2473 2557 2716 2627 Basileaz,
2742 2562 2880 2633 apud
2901 2560 3070 2617 Henr.
3091 2561 3305 2617 Petrum
3326 2581 3346 2630 ;
3374 2563 3545 2636 iit-fol.
3570 2565 3758 2622 Vincen-

2207 2652 2397 2707 tii....
2445 2667 2544 2722 pro
2587 2653 2734 2709 cath.
2777 2653 2904 2710 ﬁdei
2951 2657 3267 2726 antiquitate
3331 2667 3388 2714 et
3432 2659 3756 2731 universitate,

2203 2755 2343 2811 etc.;
2400 2746 2454 2801 in
2497 2745 2589 2802 Jo.
2629 2747 2854 2802 Heroldi
2896 2748 3276 2822 eresiologia
3326 2770 3479 2826 pagg.
3517 2754 3754 2813 διδ-οδες.

2275 2836 2437 2895 1560.
2478 2836 2727 2907 Parisiis,
2752 2840 2893 2912 apud
2915 2840 3007 2894 Jn.
3035 2841 3414 2912 Foucherium,
3438 2845 3517 2899 via
3535 2845 3753 2915 Jacobaa,

502 2564 674 2631 in-d",
706 2574 926 2634 pr0pter
965 2566 1502 2630 commentariolum,
1534 2576 1588 2622 et
1615 2568 1702 2622 Jo.
1729 2566 1957 2623 Filesaci
1991 2568 2096 2623 Pa-

501 2657 592 2710 ris.
625 2656 763 2712 1619
781 2699 794 2723 ,
823 2657 1065 2728 in-1“,}et
1094 2655 1355 2711 Calixtina
1376 2656 1716 2713 Helmestadii
1748 2659 1995 2715 an.16'29
2023 2669 2079 2715 et

501 2748 674 2816 1655,
704 2749 774 2804 ob
803 2750 1093 2805 consilium
1121 2750 1348 2805 editoris
1380 2751 1560 2806 multis
1603 2753 1913 2808 nominibus
1945 2754 2093 2809 cele-

498 2842 746 2899 berrimi.
775 2842 1138 2900 Memorabiles
1163 2853 1341 2900 autem
1371 2845 1513 2909 dico,
1548 2845 1600 2900 in
1629 2845 1886 2900 honorem
1919 2845 2094 2901 edito-

497 2948 621 2988 rum
653 2934 879 3000 scilicet,
912 2950 1141 3005 quorum
1184 2936 1338 3006 culpa
1381 2935 1624 3006 profecto
1657 2951 1764 2992 non
1796 2937 1917 3002 fuit,
1948 2939 2092 3007 quod

2205 2929 2292 2983 sub
2321 2939 2468 2986 scuto
2501 2929 2818 2996 Florentia;
2846 2932 3021 2988 ἄιε-16.
3051 2932 3350 2990 Vincentii.
3371 2978 3385 2991 .
3406 2977 3418 2989 .
3439 2975 3468 3001 .,
3487 2952 3578 3007 pro
3603 2938 3756 2994 catho-

497 3031 779 3098 sequiores
827 3030 1097 3086 editiones
1140 3047 1206 3088 ex
1249 3031 1317 3087 iis
1353 3047 1462 3087 non
1511 3033 1856 3102 profecerim.
1909 3034 2092 3104 Neque
2203 3021 2324 3078 1168
2356 3023 2483 3078 ﬁdei
2524 3024 2847 3095 antiquitate
2874 3035 2930 3081 et
2958 3025 3210 3093 veritate,
3251 3027 3518 3085 adversus
3547 3029 3757 3100 profanas

499 3122 644 3177 enim
691 3123 854 3179 ullam
900 3139 966 3179 ex
1003 3124 1087 3179 his
1128 3125 1386 3194 peculiari
1416 3125 1642 3180 consilio
1683 3141 1928 3182 recusam
1969 3143 2092 3184 esse

2205 3117 2441 3171 omnium
2479 3115 2769 3173 haeresemn
2803 3119 3158 3188 novationes,
3203 3119 3350 3175 liber
3376 3121 3756 3192 elegantissimus

497 3214 768 3279 novimus,
796 3216 1019 3285 solaque
1040 3215 1353 3271 Costeriana
1384 3218 1464 3272 vel
1493 3215 1722 3272 Costerii
1751 3229 2092 3273 commenta-

2205 3217 2327 3264 ante
2353 3194 2530 3265 annos
2561 3209 2711 3265 mille
2732 3210 2800 3266 ab
2827 3221 3053 3267 auctore
3084 3213 3454 3283 conscriptus.
3487 3213 3609 3268 Cum
3634 3215 3754 3270 brevi

496 3308 610 3362 rius
657 3309 838 3377 potius
876 3308 1058 3364 decies
1105 3318 1160 3363 et
1200 3310 1432 3379 amplius
1473 3319 1555 3364 est
1602 3312 1885 3379 repetitus.
1918 3311 2092 3367 Tanto
2197 3301 2648 3358 CommenlaPiOlO
2679 3303 2734 3358 in
2776 3302 2884 3358 line
2925 3303 3147 3370 addito.
3202 3319 3300 3374 per
3343 3304 3587 3360 Joannem
3619 3306 3757 3362 (ἰοειε-

495 3401 826 3456 luculentior
865 3419 999 3459 vero
1043 3405 1296 3473 apparuit
1335 3417 1500 3472 Opera
1548 3403 1803 3475 Stephani
1850 3404 2083 3473 Βαιιιιξε,
2197 3397 2352 3450 rium.
2399 3395 2457 3450 In
2510 3397 2630 3454 Cat.
2675 3395 2817 3452 Bibl.
2866 3396 3137 3453 Barberin.
3189 3398 3446 3455 laudatur
3482 3400 3622 3471 hujus
3658 3403 3756 3455 anni

497 3493 587 3563 qui
622 3492 958 3549 Vincentium
1002 3495 1069 3550 ad
1109 3496 1323 3551 codices
1368 3495 1552 3565 Regia:
1593 3496 1724 3552 bibl.
1767 3497 2092 3554 Parisiensis

2205 3489 2367 3544 editio
2399 3489 2538 3546 facta
2565 3488 2826 3558 Coloniae,-
2857 3491 3030 3547 iri-12.

493 3585 830 3656 recognitum
878 3596 935 3641 et
985 3587 1187 3642 notulis
1234 3587 1563 3643 doctissimis
1612 3589 1937 3644 illustratum
1984 3607 2089 3646 una
2267 3582 2429 3639 1561.
2465 3582 2927 3655 Paris.,apud
2969 3584 3363 3652 Buon;in.12.
3399 3588 3753 3644 Vincentii....

493 3692 617 3733 cum
658 3676 911 3733 Salviano
955 3679 1071 3733 orbi
1103 3679 1344 3733 litterato
1383 3679 1643 3750 impertiit
1680 3696 1731 3734 ιι.
1781 3680 1950 3751 1665,
1985 3683 2087 3738 ite-
2193 3691 2293 3745 pro
2321 3676 2470 3732 oath.
2522 3677 2649 3734 ﬁdei
2687 3679 3029 3750 antiquitate,
3067 3689 3197 3747 etc.,
3243 3698 3372 3738 cum
3406 3682 3608 3739 Stanisl.
3633 3684 3754 3739 Hosii

491 3785 720 3841 rumque
749 3786 839 3826 an.
872 3771 1032 3837 1669,
1067 3781 1120 3826 et
1171 3772 1330 3827 tertio
1362 3787 1449 3826 an.
1482 3772 1621 3827 1684
1671 3776 1987 3842 recognovit
2033 3786 2089 3831 et
2191 3769 2486 3825 cardinalis
2523 3771 2742 3843 dialogo
2773 3772 2844 3828 de
2878 3775 3265 3831 communione
3303 3774 3646 3833 Eucharistire
3671 3779 3752 3833 sub

490 3864 660 3918 auxit.
722 3863 971 3932 Repetita
1033 3872 1120 3919 est
1182 3865 1471 3919 Baluziana
1527 3864 1852 3937 Cantabriga:
1903 3866 2082 3933 1687,
2193 3870 2428 3931 utraque
2459 3865 2680 3934 specie;
2722 3865 2987 3938 Conjugio
3026 3870 3420 3940 sacerdotum;
3460 3884 3512 3928 et
3538 3873 3683 3929 Sacro
3705 3874 3749 3928 in

489 3953 690 4010 Emme
714 3955 873 4022 1688,
906 3957 1086 4011 Romae
1129 3957 1300 4024 1709,
1334 3967 1388 4012 et
1419 3973 1587 4025 nuper
1625 3958 1843 4012 demum
1883 3975 1911 4012 a
1951 3957 2085 4014 Gal-
2189 3956 2395 4024 vulgari
2471 3957 2652 4027 lingua
2718 3958 3067 4015 celebrando.
3131 3961 3384 4019 Laudant
3435 3965 3748 4032 Benedictini,

491 4051 688 4105 landio.
722 4050 833 4106 Nec
863 4050 1119 4106 Salinasii
1148 4052 1314 4107 editio
1341 4066 1429 4106 an.
1451 4052 1583 4107 1751
1611 4063 1805 4121 praeter
1836 4053 2083 4106 Baluzia-
2191 4047 2378 4101 nescio
2408 4063 2568 4117 quam
2606 4065 2755 4105 vere.
2805 4050 2967 4107 Certe
3003 4069 3158 4108 error
3193 4055 3395 4126 aliquis
3425 4072 3487 4113 ex
3514 4058 3750 4129 sequentis

487 4160 617 4201 num
647 4153 857 4200 textum
906 4145 1178 4201 laudabile
1207 4145 1500 4217 quidquam
1533 4146 1716 4201 habet.
1750 4147 2081 4204 Testimonia
2185 4140 2440 4196 editionis
2465 4142 2794 4200 confusione
2827 4147 3107 4216 profluxit.

487 4240 673 4311 accipe
700 4255 765 4296 ex
797 4241 1042 4312 sequenti
1073 4241 1240 4295 indice
1265 4241 1564 4297 editionum
1594 4241 1981 4314 chronologico.
2259 4233 2416 4289 1569-
2459 4233 2702 4303 Parisiis,
2731 4238 2870 4310 apud
2898 4237 3150 4294 Joannem
3179 4239 3569 4312 Faucherium;
3603 4243 3744 4298 iri-12.

1099 4348 1317 4390 secum
1354 4350 1463 4390 xvr.
2187 4327 2478 4384 Vincentii.
2648 4330 2788 4386 liber
2815 4347 2912 4402 pro
2947 4333 3094 4388 cath.
3129 4333 3254 4390 ﬁdei
3288 4335 3620 4406 antiquitate,
3654 4346 3742 4391 etc.

559 4426 718 4483 1528.
749 4425 970 4481 Basilea:
1011 4442 1124 4482 exc.
1167 4425 1336 4482 Henr.
1370 4425 1566 4495 Petro;
1592 4429 1778 4499 in-fol.
1812 4428 2078 4486 Vincentii
2183 4421 2434 4492 Repelila
2464 4423 2550 4478 ed.
2586 4438 2638 4479 a.
2673 4424 2830 4480 1560.
2863 4425 3065 4481 Ibidem
3089 4427 3395 4498 eodemque
3416 4443 3554 4484 anno
3579 4437 3628 4484 et
3653 4428 3743 4483 for-

484 4519 788 4576 Lirinensis
833 4517 972 4575 Galli
1007 4535 1108 4591 pro
1154 4519 1443 4575 catholicae
1486 4521 1609 4575 ﬁdei
1658 4523 1979 4592 antiquitate
2023 4531 2078 4578 et
2108 4561 2162 4592 η
2187 4531 2273 4571 Iua
2304 4516 2527 4586 eadem,
2561 4518 2656 4574 sed
2692 4534 2800 4573 non
2829 4536 2933 4575 una
2969 4535 3089 4576 cum
3117 4522 3408 4579 Vincentio
3437 4538 3654 4579 exeusus
3678 4531 3744 4577 est

482 4614 873 4678 universitate,
909 4611 1178 4668 adversus
1216 4611 1472 4682 profanas
1508 4614 1748 4668 omnium
1794 4614 2077 4672 haereseon
2105 4609 2158 4624 ⁴’
2185 4609 2407 4666 Stanisl.
2437 4610 2589 4665 Hosii
2619 4611 2686 4667 de
2714 4627 2974 4681 expresso
3005 4614 3096 4669 Dei
3127 4615 3308 4672 Verbo
3338 4616 3547 4672 libellus
3573 4629 3737 4671 recens
3762 4613 3768 4628 ‘

485 4705 835 4761 novationes:
873 4704 924 4758 in
953 4702 1042 4758 Jo.
1072 4702 1321 4758 Sichardi
1349 4705 1596 4761 Antidota
1630 4716 1810 4762 contra
1851 4707 2078 4764 diversas
2181 4713 2373 4757 ﬁliolus
2422 4713 2476 4758 et
2526 4703 2831 4774 recognilus
2879 4720 3002 4761 cum
3052 4706 3249 4764 libellis
3299 4709 3460 4778 paulo
3497 4717 3614 4763 ante
3646 4719 3732 4762 uo-

481 4798 710 4852 omnium
737 4796 840 4864 fere
859 4812 960 4852 sec.
985 4794 1233 4859 hwreses,
1267 4796 1362 4866 fol.
1384 4796 1648 4852 202-214.
2183 4796 2423 4853 minatis.

555 4888 712 4947 1545,
733 4887 990 4959 Lugduni,
1022 4890 1163 4961 apud
1191 4887 1377 4943 Iacob.
1409 4888 1702 4958 Gazellum;
1727 4892 1902 4949 iri-8°.
1926 4893 2073 4950 Idem
2254 4889 2412 4945 1562.
2454 4890 2692 4958 Lovanii;
2717 4895 2890 4950 ἑτι-12.
2921 4895 3067 4951 Idem
3090 4896 3224 4953 liber
3252 4914 3376 4954 cum
3395 4899 3584 4955 eodem
3603 4897 3738 4954 Com-

481 4983 620 5039 liber
646 4981 844 5036 Bened.
875 4983 928 5035 in
953 4980 1095 5035 Hist.
1120 4983 1220 5036 litt.
1247 4981 1451 5038 Gallia.
2178 4985 2470 5040 mentario.
2500 4986 2608 5040 Cat.
2640 4985 2778 5044 Bibl.
2804 4986 2990 5042 Baluz.
3022 5000 3060 5042 t.
3094 4989 3156 5054 ll,
3195 5005 3248 5060 p.
3285 4992 3451 5048 1000.

554 5074 714 5131 1544.
737 5073 1147 5144 Parisiis,apnd
1163 5076 1334 5130 eumd.
1361 5075 1717 5147 bibliOpolam;
1740 5079 1908 5135 iri-8°.
1939 5081 2071 5136 Vin-
2255 5077 2415 5132 1568.
2457 5074 2693 5144 Loranii,
2732 5079 2874 5149 apud
2926 5078 3183 5136 Joannem
3223 5080 3558 5156 Bagardum;
3598 5079 3737 5135 ἔνι-12.

478 5172 643 5228 ceutii
678 5170 972 5226 Lirinensis
1005 5168 1140 5225 Galli
1174 5170 1309 5224 liber
1334 5186 1432 5241 pro
1468 5172 1747 5228 catholicae
1778 5174 1901 5229 ﬁdei
1933 5177 2071 5232 anti-
2180 5168 2326 5224 idem
2354 5170 2515 5238 liber,
2567 5171 2752 5226 nescio
2780 5187 2848 5227 au
2885 5181 2940 5228 et
2969 5174 3425 5233 Commentarius.
3455 5171 3668 5230 Benedd.
3694 5181 3738 5226 ει

477 5268 684 5334 quitale
715 5271 771 5318 et
808 5263 1191 5324 universitate,
1239 5262 1504 5317 adversus
1533 5264 1784 5332 profanas
1825 5266 2066 5322 omnium
2180 5259 2404 5317 Ceillier.
2434 5271 2474 5318 t.
2512 5261 2647 5330 Xlll,
2677 5280 2727 5335 p.
2761 5265 2886 5320 582.

475 5355 756 5410 haereseon
799 5354 1146 5419 novationes;
1176 5353 1303 5408 item
1331 5353 1396 5422 ρ.
1424 5355 1569 5424 Sept.
1595 5354 1828 5411 Floreat.
1858 5357 2065 5414 Tertul-
2253 5355 2413 5412 1569.
2457 5356 2704 5426 Coloniw,
2759 5359 2901 5430 apud
2950 5359 3182 5416 Matern.
3230 5360 3544 5430 Chalinum;
3586 5359 3732 5416 ενι-12.

475 5449 605 5503 [iani
631 5448 768 5504 liber
797 5465 935 5504 unus
965 5449 1033 5504 de
1062 5449 1565 5520 Prsescriptionibus
1593 5451 1861 5509 adversus
1885 5451 2064 5510 haere-

475 5541 902 5600 ticos.Secunda
934 5542 1123 5598 editio.
1158 5541 1272 5596 Cat.
1301 5542 1438 5596 Bibl.
1475 5542 1602 5615 Reg.
1631 5541 1806 5597 Paris.

547 5634 707 5690 1547.
745 5633 914 5703 Ibid.,
949 5636 1090 5708 apud
1118 5637 1320 5703 eumd.;
1347 5636 1513 5692 in-8°.
1536 5635 1935 5692 VincentiiLir.
1969 5653 2066 5707 pro

473 5727 758 5783 catholicae
795 5727 983 5784 ﬁdei..
1129 5728 1286 5784 liber.
1331 5727 1421 5785 Sic
1454 5727 1785 5785 Benedictini
1826 5729 1863 5784 l.
1897 5728 1934 5783 l.
1971 5728 2068 5784 Ca-

472 5817 682 5892 ialogus
709 5807 851 5881 Bibl.
887 5819 1192 5880 Telleriame
1219 5836 1274 5894 p.
1305 5819 1374 5881 35
1405 5821 1726 5895 impressam
1763 5819 1928 5883 tradit
1973 5819 2070 5881 Ve-

2181 5447 2326 5504 Idem
2385 5449 2523 5504 liber
2569 5464 2692 5505 cum
2757 5450 3162 5510 Commentario
3205 5454 3438 5511 Costerii.
3497 5453 3731 5510 Posmin.

2173 5559 2300 5614 app.
2335 5551 2375 5598 t.
2409 5542 2496 5612 Ill,
2532 5558 2586 5614 p.
2617 5543 2741 5600 555.

2248 5634 2409 5692 1569.
2454 5634 2696 5705 Parisiis,
2723 5638 2864 5711 apud
2889 5639 3055 5694 Mich.
3087 5639 3397 5708 lulianum;
3425 5640 3586 5696 iii-8°.
3611 5636 3732 5693 Idem

2170 5729 2312 5786 liber
2359 5729 2503 5785 haud
2544 5728 2707 5787 dubie
2753 5746 2875 5789 cum
2930 5733 3125 5790 eodem
3174 5732 3590 5791 Commentario.
3630 5725 3728 5786 Cat.

2172 5822 2309 5882 Bibl.
2343 5823 2550 5882 Bodlei.

3933 3073 3946 3202 ἲ

3937 3203 3944 3292 ξ

3937 3301 3945 3400 ξ
