4018 6338
216 354 304 412 οδε
1525 345 2058 407 PROLEGOMENA.

3338 373 3443 434 οδι

272 468 414 527 1575.
454 464 690 529 Parisiis,
720 461 1065 563 apud-Misit.
1102 462 1386 563 sonnium
1407 463 1595 563 fol.
1625 463 1755 520 Vin-
1780 465 1835 527 Α
1861 468 2066 541 tiones,
2103 488 2224 529 cum
2266 478 2411 534 notis
2433 477 2522 537 Jo.
2551 480 2767 539 Costerii
2784 502 2804 553 ;
2842 485 2896 541 in
2932 485 3277 563 Chronologia
3305 492 3440 549 San-

212 562 379 621 eentii.
399 600 411 613 .
432 600 476 613 ..
505 557 983 614 Commonitorium
1014 569 1111 625 pro
1144 554 1248 610 lide
1274 554 1543 610 catholica
1567 566 1755 611 contra

211 658 450 716 hereses;
492 650 544 704 in
590 647 725 703 Bibl.
755 627 878 702 ῬΡ.
904 646 1057 721 Bign.
1113 656 1258 702 tomo
1301 646 1366 701 V.
1405 646 1647 703 Titulum
1689 663 1756 703 ex

209 749 356 817 litigio
386 743 561 799 laudo.

270 840 409 896 1585.
450 836 709 908 Lugduni,
742 834 879 906 apud
911 833 1053 890 Guil.
1082 833 1397 901 Rovillium;
1428 834 1596 891 in—16.
1620 834 1754 891 Vin-

211 934 374 992 centii.
394 973 407 985 .
428 971 441 986 .
462 972 475 986 .
507 931 641 984 liber
668 944 765 1000 pro
787 929 931 984 cath.
962 927 1086 995 ﬁde;
1116 944 1236 982 cum
1265 928 1501 1000 Dionysii
1528 930 1757 999 Areopa-

178 1032 307 1102 Vgita:
347 1024 607 1093 Operibus,
658 1033 703 1076 et
746 1021 997 1094 Epistolis
1046 1020 1106 1077 S.
1153 1020 1369 1094 Ignatii,
1402 1021 1686 1095 Polycarpi
1709 1034 1757 1080 et

209 1122 452 1178 Martialis.
483 1119 719 1173 Bessan.

268 1216 408 1273 1586.
452 1214 669 1267 Parisiis
693 1253 706 1277 ,
743 1212 884 1283 apud
921 1211 1207 1268 Sebastian.
1253 1212 1305 1267 Ν
1312 1213 1557 1279 ivellium;
1584 1215 1750 1270 iit-4°.

208 1306 449 1378 Peregrini
489 1321 588 1375 pro
623 1305 911 1359 catholicae
943 1305 1066 1359 ﬁdei
1098 1305 1416 1375 antiquitate
1451 1317 1503 1360 et
1535 1307 1754 1362 univer-

206 1409 337 1459 sitate
362 1402 617 1455 adversus
644 1396 898 1469 profanas
928 1398 1167 1452 omnium
1192 1397 1572 1453 haereticorum
1602 1402 1754 1454 novi-

207 1507 318 1553 tates
349 1493 765 1549 Commonitoria
804 1494 940 1559 duo;
976 1494 1027 1547 iu
1074 1492 1316 1546 Veterum
1342 1493 1535 1562 aliquot
1567 1491 1754 1549 Gallia:

208 1590 546 1661 Thcoloyorunt
598 1586 819 1657 Scriptis
857 1604 885 1640 a
924 1586 1126 1642 Pithwo
1167 1586 1329 1641 editis
1375 1602 1527 1658 pagg.
1567 1587 1636 1639 1-
1660 1588 1748 1644 76.

206 1682 384 1739 Titulus
407 1680 552 1735 addit
576 1721 590 1744 ,
632 1697 694 1735 ea:
730 1682 990 1751 apusculis
1013 1682 1066 1734 in
1092 1679 1189 1734 hoc
1218 1681 1473 1735 volumine
1502 1683 1751 1736 contentis

205 1779 420 1835 nonnulla
448 1794 509 1832 ea:
536 1777 793 1831 veteribus
830 1778 972 1831 libris
1011 1777 1329 1831 emendatius
1351 1821 1364 1844 ,
1406 1779 1585 1848 aliqua
1615 1796 1751 1833 nunc

1857 572 2056 620 ctorum
2082 576 2131 621 et
2157 571 2377 626 aliorum
2414 575 2637 631 virorum
2662 578 2939 635 illustrium
2976 599 3036 636 ac
3073 583 3310 639 abbatum
3350 604 3440 642 sa-

1856 673 1960 713 cras
1996 660 2181 716 insula:
2204 662 2485 721 Lirinensis
2507 710 2524 735 ,
2573 683 2604 722 ι
2652 671 2881 730 Domino
2922 674 3187 733 Vincentio
3214 677 3440 751 Barrali,

1858 752 2081 810 Salerno
2124 758 2372 815 monac/to
2415 760 2671 819 Lirinensi
2716 768 2769 821 in
2819 786 2976 824 unum
3018 773 3250 828 volumen
3299 790 3440 829 com-

1859 847 2039 917 pilata.

1933 939 2091 996 1618.
2134 942 2382 1013 Coloniae,
2416 950 2556 1019 apud
2583 950 2702 1004 Ant.
2731 950 3160 1029 Hierat;.in-fol.
3205 959 3440 1016 Vincen-

1860 1032 1917 1088 tii
1962 1034 2265 1121 Lirinensis
2307 1038 2374 1093 de
2413 1040 2652 1108 profanis
2682 1058 2879 1099 vocum
2914 1048 3243 1105 novitatibus
3273 1051 3440 1120 liber;

1858 1126 1913 1185 in
1945 1126 2138 1201 Magna
2164 1129 2299 1185 Bibl.
2334 1130 2453 1187 PP.
2492 1144 2528 1190 I.
2555 1133 2620 1203 V,
2651 1144 2793 1204 part.
2827 1154 2883 1193 ll.

1931 1223 2091 1279 1619.
2135 1223 2375 1293 Parisiis,
2407 1227 2547 1296 apud
2570 1227 2787 1300 Dionys.
2819 1229 3087 1305 Langlois;
3117 1235 3283 1291 ίη-ιο.
3313 1235 3444 1292 Vin-

1857 1320 2024 1374 centii
2053 1320 2376 1390 Lirinensis,
2419 1323 2691 1389 monachi,
2726 1340 2823 1380 seu
2856 1326 3161 1397 Peregrini,
3192 1330 3445 1387 Commo-

1856 1414 2054 1469 nitoria
2105 1416 2234 1482 duo,
2286 1432 2406 1471 cum
2460 1416 2881 1477 Commentariis
2929 1420 3149 1477 Joannis
3192 1423 3438 1481 Filesaci.

1857 1504 1971 1559 Cat.
1996 1506 2131 1561 Bibl.
2169 1508 2297 1579 Reg.
2332 1508 2507 1565 Paris.

1932 1600 2093 1655 1622.
2136 1601 2411 1674 Lugduni,
2442 1606 2728 1675 sumptibus
2752 1605 2959 1662 Claudii
2997 1608 3245 1683 Landrg;
3271 1614 3442 1669 ino12.

1861 1692 2126 1748 Vincentii
2146 1734 2159 1749 .
2179 1737 2192 1749 .
2216 1734 2229 1749 .
2249 1736 2261 1749 .
2286 1738 2300 1752 .
2333 1712 2431 1765 pro
2461 1699 2608 1752 cath.
2637 1699 2760 1754 ﬁdei
2784 1701 3103 1770 antiquitate
3133 1712 3190 1759 et
3224 1706 3447 1763 univerr

1856 1786 2049 1855 sitate,
2101 1798 2234 1855 etc.,
2271 1806 2426 1861 pagg.
2469 1792 2733 1859 65-151;
2787 1795 2840 1848 in
2881 1794 3022 1850 libro
3074 1799 3159 1853 cui
3216 1800 3439 1856 titulus:

206 1874 392 1941 primum
433 1870 547 1935 edi;
601 1885 722 1939 quae
751 1870 1006 1940 quoniam
1049 1869 1228 1923 nullus
1266 1870 1318 1923 in
1354 1884 1420 1925 eo
1452 1869 1753 1940 praefationi
1783 1859 1834 1920 Β
1861 1878 2159 1951 Sandapila
2200 1859 2473 1940 Silieernia
2518 1887 2691 1957 quinti
2730 1903 2791 1943 ac
2823 1890 2961 1944 sexti
3002 1889 3278 1961 Evangelii
3311 1892 3414 1948 ell'e

203 1965 337 2021 aliive
362 1962 713 2019 declarationi
760 1962 910 2017 locus
955 1970 1072 2027 est,
1104 1977 1226 2017 cum
1259 1963 1502 2018 auctoris
1535 1964 1753 2018 nomine

202 2074 281 2131 pro
305 2056 767 2113 commendatione
793 2071 914 2112 esse
942 2056 1164 2111 debent.

262 2154 401 2210 1589.
440 2152 688 2219 Coloniaz,
720 2154 886 2224 apud.
910 2196 922 2208 .
946 2193 958 2207 .
984 2192 995 2206 .
1019 2193 1032 2207 .
1055 2191 1069 2207 .
1102 2152 1401 2222 Herslium;
1422 2156 1593 2212 inv16.
1627 2157 1753 2213 Vin-

202 2250 391 2307 centii..
417 2291 429 2303 .
455 2289 497 2302 ..
534 2249 676 2304 liber
706 2264 804 2318 pro
830 2248 976 2303 catb.
1007 2249 1126 2305 ﬁdei
1154 2251 1494 2321 antiquitate,
1519 2262 1624 2308 etc.
1650 2251 1775 2307 Be.‘

188 2344 326 2399 inadd.
352 2359 408 2397 ea:
434 2342 734 2397 Possevino.

259 2434 399 2491 1589.
442 2435 693 2503 Parisiis,
720 2435 898 2503 in-{oL
926 2435 1191 2491 Vincentii
1216 2435 1515 2492 Lirinensis
1541 2438 1609 2494 de
1632 2439 1751 2493 Ha:-

200 2531 375 2585 resibus
420 2530 587 2596 liber;
644 2530 695 2585 in
748 2538 895 2585 tomo
944 2529 1010 2585 ιν
1052 2531 1305 2585 secundae
1340 2530 1427 2585 ed.
1460 2530 1595 2587 Bibl.
1628 2531 1748 2587 PP.

200 2622 326 2677 Bian.

282 2641 326 2677 η.

253 2641 395 2774 1591.
432 2717 689 2785 Loudini;
712 2720 871 2775 iri-8°.
894 2719 1183 2776 Vincentii.
1204 2760 1217 2775 .
1244 2762 1290 2774 ..
1324 2720 1460 2774 liber
1483 2735 1579 2790 pro
1601 2718 1744 2775 catb.

203 2810 301 2866 ﬁdei
334 2812 665 2881 antiquitate,
697 2823 801 2867 etc.
833 2812 943 2868 Cat.
979 2813 1115 2867 Bibl.
1149 2812 1349 2867 Bodlei.

263 2903 403 2959 1591.
446 2903 666 2974 Pragw,
702 2906 833 2976 typis
862 2904 1131 2959 llic/melis
1153 2904 1374 2971 Petrcli;
1415 2905 1591 2959 ἔνι-12.
1621 2905 1751 2959 Vin-

199 3001 328 3055 centii
366 3000 572 3055 libellus
621 3017 719 3069 pro
756 3003 1038 3057 catholicae
1076 3003 1199 3057 ﬁdei
1239 3004 1557 3073 antiquitate
1579 3012 1633 3060 et
1659 3021 1750 3061 ve-

200 3099 361 3163 ritate,
404 3098 665 3153 adversus
716 3098 969 3165 profanas
998 3097 1236 3151 omnium
1274 3098 1550 3153 hiereseon
1581 3114 1747 3153 nova-

1857 1974 2027 2029 rendo
2076 1975 2317 2033 humeris
2374 1995 2437 2034 ac
2490 1984 2609 2035 nisu
2655 1983 3144 2039 valentissimorum
3213 1996 3446 2055 quatuor

1857 2070 2300 2126 succollatorum.
2350 2074 2588 2139 Quorum
2616 2077 2914 2131 anteriores
2945 2074 3053 2130 duo
3077 2117 3091 2140 ,
3133 2076 3175 2129 Τ
3194 2092 3314 2131 ειιτ
3332 2093 3362 2132 u
3382 2095 3444 2132 L-

1857 2178 1962 2217 LIA
1980 2179 2098 2218 nus
2129 2165 2258 2219 libra
2286 2166 2347 2218 de
2370 2165 2875 2235 Praescriptionibus,
2901 2167 3016 2222 Vm
3032 2184 3197 2223 cnu'r
3213 2184 3228 2222 ι
3244 2184 3274 2223 υ
3294 2184 3320 2223 s
3337 2169 3442 2240 Lg-

1854 2258 2073 2312 rinensis
2108 2257 2507 2314 Commonitorio
2547 2261 2787 2313 adversus
2837 2259 3070 2313 Ita'rescs.
3107 2259 3442 2315 Posteriores

1856 2349 1984 2403 item
2016 2349 2143 2418 duo,
2176 2350 2217 2403 E
2237 2364 2538 2404 uuvunvs
2561 2348 2873 2419 Campianus
2898 2348 2965 2404 de
2991 2349 3262 2405 Soeietate
3288 2350 3436 2419 Jesu,

1855 2440 2284 2511 gloriosissimus
2309 2440 2509 2495 Christi
2541 2449 2765 2511 martyr,
2810 2441 2947 2496 libro
2979 2440 3264 2496 Rationum
3299 2443 3441 2497 Aea-

1855 2531 2083 2586 demicis
2154 2530 2557 2586 Oxouiensibus
2631 2531 2977 2599 oblatarum,
3048 2532 3441 2590 LBONARDUS

1854 2624 2058 2680 Lessius
2103 2640 2167 2681 ex
2210 2625 2400 2682 eadem
2431 2624 2725 2692 Societate,
2763 2625 3173 2683 Consultatione
3200 2628 3267 2684 de
3296 2627 3442 2683 Beli-

1854 2718 2031 2790 gione.

1925 2811 2177 2889 Praelatio
2218 2812 2378 2883 hujus
2422 2812 2668 2882 opusculi
2706 2812 2864 2866 latius
2892 2813 3137 2867 acumina
3168 2812 3304 2867 tituli
3336 2827 3440 2867 ex-

1854 2906 2092 2975 plicatet
2132 2906 2292 2961 facile
2342 2905 2523 2975 prodit
2568 2921 2635 2960 ex
2684 2920 2787 2975 qua
2827 2905 3010 2960 schola
3054 2905 3228 2960 editor
3270 2905 3441 2961 bellas

1852 2997 1983 3052 istas
2006 2997 2302 3068 elegantias
2330 2996 2589 3051 hauserit.

1926 3090 2083 3146 1624.
2127 3090 2389 3155 Parisiis,
2434 3088 2613 3162 iri—fol.
2662 3088 2809 3145 Idem
2859 3088 2996 3145 liber
3045 3089 3338 3155 Vincentii;
3386 3090 3437 3146 in

202 3188 343 3243 tiones
367 3204 480 3244 cum
516 3191 669 3244 notis
690 3189 778 3244 Jo.
812 3190 1001 3262 Langii
1030 3190 1437 3259 marginalibus.
1469 3189 1580 3244 Cat.
1608 3191 1741 3247 Bibl.

1864 3182 1989 3236 Bibl.
2031 3182 2147 3236 PP.
2184 3192 2331 3237 tomo
2358 3181 2447 3236 IV.

200 3276 368 3332 Banau.

254 3372 387 3427 1594.
430 3373 695 3439 Colonies;
737 3375 911 3428 ἱππ-12.
966 3373 1413 3430 Vincentii.....
1462 3375 1600 3430 liber
1649 3391 1747 3444 pro

198 3464 311 3516 cath.
336 3464 453 3518 ﬁdei
481 3467 829 3534 antiquitate,
854 3483 966 3519 cum
999 3465 1171 3519 Variis
1205 3465 1480 3520 Doctorum
1504 3467 1747 3522 Virorum

199 3551 339 3607 Notis.
368 3552 476 3608 Cat.
501 3555 643 3609 Bibl.
677 3555 946 3612 Barberin.
1596 3632 1601 3635 Α

252 3646 387 3701 1601).
429 3647 680 3712 Coloniae,
714 3650 768 3701 in
792 3649 990 3719 officina
1024 3648 1653 3716 Birkmanniana;in-12.
1686 3651 1743 3707 S.

1925 3274 2084 3330 162$}.
2130 3274 2471 3341 Ilelinstadii,
2520 3276 2573 3329 in
2605 3276 2755 3329 acad.
2805 3274 2981 3344 Julia,
3025 3284 3228 3347 typogr.
3268 3273 3440 3331 Calix-

1852 3368 1978 3433 tino,
2024 3384 2133 3421 exc.
2182 3366 2457 3440 Ilemtingo
2500 3367 2723 3421 Mullero
2749 3384 2767 3433 ,'
2794 3367 2960 3422 ενι-80.
2996 3366 3263 3423 Vincentii
3294 3366 3442 3423 Leri-

1851 3460 2033 3514 nensis
2079 3458 2590 3514 Commonitorium.
2640 3460 2905 3530 Gem-gius
2953 3460 3199 3516 Calixtus
3247 3475 3440 3517 recen-

1849 3553 1956 3607 suit
2000 3564 2054 3607 et
2095 3552 2294 3617 edidit;
2342 3568 2458 3605 cum
2502 3553 2782 3622 Augustini
2813 3552 2969 3608 libris
2995 3552 3061 3607 IV
3095 3555 3161 3609 de
3187 3554 3441 3610 Doctrina

1848 3644 2153 3700 Christiana
2185 3654 2240 3699 et
2270 3644 2336 3698 de
2369 3644 2501 3699 Fide
2534 3654 2588 3698 et
2617 3643 2897 3715 Symbolo.
2932 3644 3229 3700 Peculiaris
3257 3646 3441 3703 titulus

198 3733 427 3791 Vincentii
457 3738 759 3794 Lirinensis
790 3740 1005 3795 libellus
1046 3741 1306 3795 adversus
1344 3742 1596 3809 profanas
1636 3742 1747 3796 hae-
1849 3748 1929 3793 est
1965 3757 1975 3789 :
2008 3736 2273 3807 Peregrini
2304 3738 2406 3790 sive
2440 3736 2692 3791 Vincentii
2730 3736 3023 3793 Lerinensis
3056 3755 3151 3811 pro
3176 3738 3440 3795 catholica

196 3843 353 3883 rescon
380 3833 721 3895 novationes,
753 3847 873 3886 cum
899 3832 1124 3887 scholiis
1143 3842 1198 3887 et
1226 3833 1630 3887 commentariis
1649 3831 1739 3887 Jo.

195 3916 371 3974 Costerii
392 3934 442 3976 et
488 3922 551 3977 Β.
596 3924 725 3978 item
758 3923 1026 3977 Edmundi
1066 3922 1335 3993 Campiani
1376 3924 1431 3978 S.
1460 3924 1502 3978 l.
1543 3924 1593 3977 in
1631 3928 1741 3979 An-

194 4010 275 4080 glia
304 4029 388 4081 pro
426 4015 693 4086 religione
738 4017 1007 4072 catholica
1055 4018 1242 4083 occisi,
1289 4019 1527 4072 rationes
1553 4018 1741 4073 decem

194 4103 324 4157 oblati
366 4109 677 4163 certaminis
708 4111 760 4163 in
799 4124 960 4164 causa
999 4110 1121 4165 ﬁdei
1151 4109 1374 4165 redditae
1403 4108 1743 4165 Academicis

194 4197 379 4267 Anglice.
411 4198 521 4258 Cat.
555 4200 698 4256 Bibl.
734 4204 863 4274 Reg.
887 4203 1061 4258 Paris.

755 4312 970 4353 SJECULO
1002 4313 1134 4352 Χνιι.

248 4384 383 4443 1605.
423 4389 715 4457 Cracovite;
757 4391 949 4446 iit—16.
988 4392 1252 4447 Vincentii
1282 4391 1577 4448 Lirinensis
1600 4391 1740 4447 Galli

191 4476 407 4535 adversus
432 4485 687 4553 profanas
718 4486 999 4541 haereseon
1031 4487 1347 4541 novationes
1377 4485 1589 4541 libellus
1612 4501 1738 4542 vere

189 4584 350 4628 aureus
404 4576 726 4632 distributus
775 4579 828 4632 in
881 4580 1056 4648 capita
1102 4588 1155 4633 et
1185 4579 1325 4633 notis
1364 4579 1617 4634 brevibus
1667 4595 1731 4635 ex

189 4660 368 4721 Joannis
397 4667 611 4723 Costerii
642 4670 1058 4725 Commentariis
1082 4670 1400 4727 illustratus.

246 4757 381 4812 1611.
426 4760 617 4825 Duaci,
644 4763 783 4830 apud
814 4761 1051 4815 Marcum
1077 4761 1269 4832 Wyon,
1295 4764 1470 4818 iri-16.
1506 4764 1737 4818 Vincen-

191 4846 315 4902 lii...
337 4891 349 4903 .
378 4851 635 4907 adversus
667 4850 921 4920 profanas
955 4853 1234 4908 lia-resecti
1267 4856 1581 4910 novationes
1610 4870 1732 4910 cum

188 4945 595 4999 commentariolo
620 4944 706 4999 Jo.
732 4945 950 5001 Costerii
972 4958 1025 5001 et
1057 4946 1426 5001 Bartltolomrci
1462 4948 1601 5003 Petri
1635 4965 1735 5004 no-

188 5035 240 5087 tis
282 5036 553 5092 breviculis
599 5051 652 5092 et
701 5038 1081 5095 dissertatione
1117 5041 1454 5111 apologetica
1493 5042 1560 5096 de
1600 5042 1733 5098 Vin-

186 5130 330 5183 centio
353 5132 573 5203 ejusque
605 5135 840 5205 scriptis.
874 5132 1067 5188 Caveus
1098 5147 1136 5190 t.
1175 5135 1215 5197 l,
1270 5152 1324 5205 p.
1359 5135 1461 5191 4‘25
1486 5138 1571 5193 ed.
1604 5155 1727 5202 nov,

186 5218 267 5271 0x.

241 5314 547 5376 Benedictini
592 5330 847 5389 monent,
879 5320 1064 5379 Barth.
1099 5322 1319 5377 Petrum
1367 5331 1572 5379 textum
1608 5326 1728 5382 Vin-

187 5411 317 5464 centii
338 5411 481 5482 juxta
522 5414 662 5469 duos
700 5425 944 5471 vetustos
970 5416 1190 5471 codices
1220 5432 1351 5472 mss.
1386 5420 1725 5489 recognitum

187 5496 363 5558 dedisse
387 5504 821 5566 describendum.

240 5593 375 5649 lli-l5.
414 5594 877 5663 Cotoniw;in-16.
911 5598 1057 5657 idem
1102 5601 1238 5658 liber
1279 5617 1401 5659 cum
1443 5619 1726 5663 commen-

186 5685 305 5741 tariis
326 5687 406 5744 Jo.
437 5692 669 5747 Costerii.
699 5692 912 5749 Caveas.

238 5779 372 5836 16I3.
413 5783 686 5856 Lugduni.
708 5829 721 5841 .
743 5826 788 5842 ..
814 5827 861 5842 ..
908 5788 1172 5846 Vincentii
1204 5789 1506 5847 Lirinensis
1537 5792 1605 5848 de
1636 5808 1729 5848 ca—

188 5877 368 5936 tholica:
400 5882 520 5941 ﬁdei
543 5885 882 5955 antiquitate,
917 5884 1178 5942 adversus
1219 5884 1512 5944 haeresium
1551 5901 1723 5944 nova-

1848 3831 1969 3899 ﬁdei
2030 3832 2336 3899 antiquitate
2402 3841 2448 3884 et
2522 3832 2849 3885 universitate
2898 3832 3142 3887 adversus
3188 3838 3437 3905 profanas

1850 3926 2074 3977 omnium
2099 3925 2357 3977 liwreseon
2382 3924 2691 3977 novationes.
2729 3923 3129 3978 Commonitoria
3156 3926 3280 3995 duo,
3304 3941 3435 3995 quo-

1848 4031 1962 4067 rum
1992 4026 2158 4069 tamen
2192 4016 2444 4085 posterius
2473 4016 2749 4069 maximam
2784 4025 2978 4083 partem
3008 4016 3283 4070 intercidit.

1920 4106 2165 4162 Prowmii
2196 4112 2261 4162 ad
2309 4110 2568 4163 Lectorem
2619 4108 2852 4162 maxima
2903 4124 3029 4178 pars
3067 4109 3132 4164 ad
3166 4109 3434 4169 Vincentii

1844 4202 2040 4258 librum
2092 4202 2347 4269 refertur,
2397 4204 2550 4271 cujus
2588 4204 2888 4257 sententias
2926 4213 2980 4259 et
3011 4205 3248 4274 regulam
3279 4222 3435 4261 accu-

1844 4304 1962 4347 rate
1990 4295 2245 4363 explicat,
2281 4306 2333 4349 et
2363 4294 2415 4348 in
2442 4295 2629 4364 primis
2658 4295 2944 4350 ostendere
2967 4296 3147 4350 studet
3174 4299 3298 4366 quid
3323 4298 3433 4354 ha:-

1844 4388 1979 4441 resis
2012 4391 2232 4443 nomine
2265 4389 2449 4443 venire
2472 4388 2686 4455 debeat,
2718 4400 2769 4443 et
2802 4405 2923 4459 qua:
2958 4390 3029 4443 sit
3057 4393 3434 4449 consensionis

1846 4479 2212 4535 Ecclesiarnm
2263 4481 2314 4535 in
2358 4497 2516 4536 unam
2563 4481 2863 4536 doctrinam
2915 4483 3075 4537 ratio.
3130 4482 3266 4539 Hinc
3292 4487 3433 4542 cala-

1844 4586 1988 4625 mum
2019 4580 2206 4625 contra
2236 4570 2638 4626 Catholicorum
2673 4572 2739 4627 de
2769 4572 3061 4629 traditione
3092 4576 3327 4645 itemque
3364 4577 3433 4632 de

1844 4673 2111 4732 potestate
2134 4674 2189 4718 et
2220 4664 2602 4719 infallibilitate
2628 4673 2901 4735 praecepta
2931 4665 3135 4738 dirigit,
3166 4674 3222 4721 et
3243 4684 3432 4736 quem—

1840 4755 2129 4809 admodum
2174 4756 2240 4808 iis
2284 4755 2337 4808 in
2374 4756 2684 4825 reipublicae
2715 4759 3065 4829 Omniumque
3105 4767 3429 4828 potestatum

1838 4848 2223 4904 detrimentum
2266 4849 2529 4921 Loyolita:
2567 4863 2676 4904 tum
2717 4854 2861 4907 abuti
2903 4854 3426 4923 cmperintpcrorat.

1914 4945 2072 4999 1651.
2111 4944 2364 5009 Oxonia';
2386 4946 2563 4998 iit-‘25.
2610 4945 2920 5015 Peregrini,
2958 4945 3011 5000 id
3041 4958 3153 5014 est,
3185 4957 3243 5002 ut
3270 4948 3431 5019 vulgo

1840 5038 2175 5108 perhibetur,
2229 5039 2498 5094 Vincentii
2539 5038 2836 5095 Lirinensis
2860 5039 3285 5096 Commonitoria
3318 5041 3429 5097 duo

1839 5136 2103 5189 adversus
2155 5134 2409 5203 profanas
2452 5135 2720 5202 bwreses;
2766 5135 3018 5204 adjicitur
3044 5136 3107 5190 ι).
3140 5136 3425 5206 Augustini

1839 5225 1976 5279 liber
1999 5226 2065 5280 de
2096 5225 2435 5293 Hieresibus,
2462 5226 2627 5281 editio
2658 5239 2968 5299 repurgata,
2997 5230 3209 5284 cmteris
3241 5244 3424 5284 emen-

1836 5319 2032 5374 datior.
2068 5307 2179 5373 Cat.
2210 5318 2347 5373 Bibl.
2375 5318 2503 5390 Reg.
2540 5318 2706 5375 Paris.

1908 5414 2066 5467 16H.
2104 5412 2344 5481 Parisiis,
2374 5414 2552 5484 iri-fol.
2578 5414 2842 5468 Vincentii
2874 5412 3176 5469 Lirinensis
3206 5414 3275 5471 de
3304 5415 3424 5469 Hae-

1834 5508 2046 5562 resibus
2096 5507 2266 5572 liber;
2319 5508 2370 5561 in
2411 5504 2549 5559 Bibl.
2586 5505 2702 5560 PP.
2752 5505 2882 5559 torni
2919 5504 3009 5569 lV,
3039 5514 3181 5575 part.
3208 5522 3248 5560 ι.
3296 5505 3424 5562 Htec

1831 5600 2017 5667 editio,
2049 5609 2106 5655 ut
2135 5615 2279 5670 smpe
2306 5614 2337 5655 a
2370 5599 2525 5653 nobis
2555 5597 2814 5654 monitum
2843 5606 2946 5666 est,
2978 5596 3044 5653 ab
3072 5598 3162 5653 illa
3190 5613 3244 5654 a.
3280 5597 3422 5657 1651

1830 5711 1937 5749 non
1972 5695 2077 5750 nisi
2108 5695 2267 5749 titulo
2298 5692 2510 5749 diversa
2538 5701 2640 5749 est.

1904 5788 2062 5844 1655.
2108 5786 2421 5842 Helmstadii
2470 5802 2532 5840 ea:
2571 5784 2917 5858 typograplteo
2964 5784 3224 5842 Calixtino
3261 5804 3421 5860 opera

1832 5883 2095 5954 chningi
2129 5882 2399 5949 Muelleri;
2429 5881 2597 5937 ἱη-Ᾱο.
2634 5881 2895 5938 Vincentii
2923 5882 3233 5941 Lerinensis
3254 5882 3418 5941 Com-
