4018 6338
555 365 660 433 ιω

563 585 740 642 Editio
766 585 958 639 altera.

1827 363 2167 420 VINCENTII
2206 363 2585 422 LIRINENSIS

560 487 913 547 monitorium
954 483 1222 555 Georgius
1256 481 1505 538 Calistus
1549 479 1819 535 recensuit
1852 488 1906 536 et
1947 478 2134 534 edidit.
2163 475 2219 541 Α

3714 352 3810 419 ϐω

2836 489 3049 531 secum
3077 463 3240 530 ιςνῖηᾷ
3540 542 3551 551 ἱ

2315 568 2472 624 1709.
2511 568 2706 634 Horme,
2738 583 2799 623 ex
2821 566 3167 638 typographia
3197 581 3357 622 sacra
3377 565 3570 640 Congr.
3600 567 3668 622 de
3687 566 3810 624 Pre-

800 637 1021 730 editioni
1063 671 1129 726 ad
1152 669 1362 728 calcem
1391 637 1620 724 accessit
1669 681 1804 721 nova
1849 665 2140 734 disputatio
2242 679 2360 736 pag.
2387 637 2990 733 ﬁde;in—8°.Vincentil
3017 663 3312 719 Lirinensis
3333 637 3808 723 Commonitorium

561 768 811 831 editoris,
840 764 1217 820 Adntonitionis
1247 763 1315 817 ad
1341 761 1604 818 Lectarem
1632 759 1869 815 nomine.
1899 759 1954 813 ln
1983 772 2045 813 ea
2075 753 2142 811 ab
2243 758 2295 813 in
2355 756 2574 828 Iosephi
2636 757 2914 813 Tommasii
2958 756 3352 812 Institutionum
3398 757 3812 830 Theologicaratn

563 864 718 920 initio
761 861 1002 917 declarat
1048 859 1192 914 unde
1247 857 1349 912 sibi
1392 865 1516 912 ante
1565 869 1736 910 annos
1790 868 1914 907 xxvi
1970 852 2142 921 prima
2244 853 2581 925 Antiquorum
2620 850 2838 906 Patrum
2875 861 3021 907 torno
3056 851 3098 918 l,
3127 865 3283 923 pagg.
3324 851 3628 907 193-275.
3659 851 3813 908 Recu-

567 957 836 1012 Vincentii
879 953 1076 1010 edendi
1117 952 1332 1008 occasio
1360 960 1517 1007 enata
1563 950 1744 1004 fuerit.
1794 967 1814 1000 ι
1841 947 1973 1026 Cum
2001 945 2142 1001 enim
2245 957 2320 1002 sm
2350 954 2474 1000 sunt
2499 945 2703 1001 eaedem
2734 944 2954 1012 ibidem,
2990 959 3042 999 a.
3074 943 3212 1000 1746
3245 944 3465 1001 totidem
3500 947 3684 1001 tomis.

567 1057 696 1104 tunc
735 1044 998 1116 temporis
1047 1043 1304 1116 pontiﬁcii
1330 1084 1346 1110 ,
1396 1042 1590 1112 inquit,
1638 1042 1692 1095 in
1733 1039 1834 1094 hac
1873 1046 1927 1093 et
1947 1037 2146 1116 vicinis

567 1141 859 1213 provinciis
895 1137 1223 1194 monasteria
1267 1145 1322 1192 et
1368 1132 1626 1190 beneiieia
1651 1131 2019 1187 ecclesiastica
2050 1143 2144 1184 oc-

566 1241 867 1303 cuparent,
920 1242 1132 1287 nostros
1182 1228 1478 1298 ejicerent,
1512 1235 1566 1281 et
1611 1239 1746 1280 nova
1769 1238 1866 1278 sua
1898 1222 2148 1291 dogmata

571 1325 841 1380 mentibus
881 1322 1293 1387 nonnullorum,
1337 1319 1427 1390 qui
1455 1331 1612 1373 aures
1642 1315 1972 1387 praeberent,
2006 1314 2148 1368 inse-

571 1434 694 1474 rere
724 1426 1074 1482 conarentur,
1104 1414 1252 1469 venit
1282 1412 1409 1467 mihi
1443 1412 1495 1466 in
1520 1419 1756 1466 mentem
1786 1406 2152 1464 Commonito-

573 1512 712 1567 rium
741 1525 770 1563 a
806 1509 1089 1564 Vincentio
1120 1507 1220 1562 sub
1249 1507 1464 1562 nomine
1484 1501 1763 1573 Peregrini
1793 1502 2015 1567 editum,
2046 1513 2152 1570 quo

574 1604 864 1656 novitatem
898 1616 1136 1666 omnem,
1167 1599 1308 1669 quod
1334 1599 1522 1653 attinet
1551 1597 1800 1666 dogmata
1829 1594 1897 1649 ad
1924 1595 2152 1649 salutem

575 1696 881 1750 necessaria
907 1734 920 1756 ,
971 1694 1116 1748 serio
1146 1702 1203 1748 et
1233 1706 1424 1748 severe
1455 1689 1657 1759 rejicit,
1690 1699 1745 1744 et
1773 1687 1823 1743 id
1856 1687 2032 1742 solum
2061 1684 2156 1740 ad—

578 1785 894 1841 mittendum
923 1794 1136 1852 censet,
1181 1783 1323 1853 quod
1373 1781 1682 1837 testimonio
1709 1778 2041 1848 antiquitatis
2069 1777 2155 1832 ni-

2319 1038 2628 1106 Exemplari
2657 1037 3007 1093 Bibliotheca:
3056 1045 3256 1092 nostra:
3295 1036 3552 1092 nonnulla
3580 1036 3815 1107 ascripsit

2249 1130 2303 1186 b.
2354 1130 2412 1185 (ἱ.
2461 1132 2524 1185 A.
2573 1129 2933 1194 Heumannus,
2963 1145 3031 1184 ex
3060 1131 3252 1200 quibus
3285 1129 3402 1186 haec
3430 1140 3653 1186 notasse
3678 1129 3816 1199 juva-

2252 1223 2366 1279 bit:
2419 1242 2438 1276 t
2471 1223 2585 1278 Hoc
2626 1223 2828 1288 libello,
2864 1223 3057 1292 inquit.
3109 1221 3426 1279 Vincentius
3471 1222 3716 1278 stabilire
3741 1238 3816 1278 co—

2251 1329 2411 1374 natur
2438 1318 2661 1374 summis
2691 1317 2892 1372 viribus
2917 1315 3288 1388 praeiudicium
3312 1315 3678 1383 auctoritatis,
3706 1328 3814 1370 con-

2252 1418 2333 1466 tra
2366 1410 2672 1464 hominibus
2702 1410 2913 1479 eripere
2951 1408 3134 1465 studet
3170 1422 3386 1464 omnem
3425 1421 3584 1462 usum
3611 1408 3820 1463 rationis

2254 1502 2309 1557 in
2343 1502 2534 1568 sacris,
2569 1501 2958 1557 commendans
2984 1515 3206 1571 prorsus
3228 1502 3463 1576 λατρείαν
3482 1498 3688 1574 ἄλογον.
3716 1502 3822 1571 Agit

2255 1594 2417 1666 igitur
2447 1595 2532 1650 hic
2563 1611 2669 1649 non
2702 1596 2944 1649 veritatis
2977 1604 3261 1664 patronum
3281 1635 3296 1663 ,
3336 1594 3432 1650 sed
3463 1593 3692 1648 erroris.
3743 1593 3823 1648 Er-

2257 1689 2396 1744 roris
2419 1696 2524 1754 eet,
2553 1701 2798 1758 quaerere
2817 1728 2831 1752 ,
2865 1695 2925 1741 ut
2953 1686 3054 1743 sub
3081 1686 3268 1742 umbra
3298 1685 3645 1740 auctoritatis
3673 1695 3726 1739 et
3748 1700 3825 1742 att-

2260 1780 2521 1850 tiquitatis
2551 1781 2736 1836 lateat.
2782 1779 2990 1834 Veritas
3017 1792 3114 1835 sua
3141 1778 3261 1834 luce
3299 1777 3478 1834 radiat
3503 1786 3562 1833 et
3593 1777 3828 1833 omnibus

579 1888 745 1947 tatur,
779 1878 892 1932 sive
922 1876 1094 1947 quod,
1127 1884 1186 1930 ut
1215 1875 1474 1945 loquitur,
1519 1872 1897 1928 universaliter
1925 1869 2156 1940 antiqui-
2187 1877 2236 1941 Β
2262 1872 2408 1928 omni
2439 1881 2681 1943 tempore
2711 1887 2769 1927 se
2795 1871 3000 1942 praebet
3026 1871 3420 1942 inspiciendam
3450 1877 3620 1940 atque
3642 1869 3828 1925 enuti-

582 1981 665 2026 tus
725 1978 997 2040 receptum
1056 1967 1256 2024 fuerit:
1316 1968 1463 2022 venit
1519 1981 1736 2037 quoque
1786 1965 1839 2019 in
1896 1971 2154 2033 mentem,

579 2064 871 2135 scriptores
917 2061 1220 2132 pontiﬁcios
1263 2061 1616 2126 recentiores,
1673 2073 1808 2128 quos
1855 2057 2160 2128 praecipuos

581 2158 758 2229 legere
785 2157 1186 2223 meminissem,
1219 2155 1518 2211 doctrinam
1551 2153 1816 2210 Vincentil
1847 2165 2160 2221 summope-

583 2267 644 2307 re
674 2249 892 2304 laudare
921 2258 976 2304 et
1005 2248 1332 2319 approbare,
1366 2257 1418 2304 et
1447 2247 1672 2317 proinde
1703 2253 1848 2301 recte
1878 2259 1965 2300 me
1994 2243 2162 2299 factu-

580 2361 698 2400 rum
725 2385 739 2409 ,
770 2345 814 2399 si
847 2344 983 2398 hanc
1013 2344 1212 2413 ipsam,
1265 2343 1597 2413 antiquitatis
1644 2343 1781 2397 adeo
1834 2351 2079 2396 tenacem
2109 2348 2164 2395 et

583 2437 910 2491 adversariis
939 2444 1220 2505 tantopere
1251 2443 1478 2505 gratam,
1515 2433 1802 2503 pontificiis
1829 2432 2164 2488 novitatibus

583 2540 934 2598 opponerem.
966 2546 986 2578 ι
1038 2526 1191 2593 Quod
1235 2525 1684 2596 quemadmodum
1730 2525 1960 2591 fecerit,
2008 2531 2164 2578 antea

585 2621 846 2676 monitum
877 2629 982 2676 est.

659 2713 816 2769 1665.
837 2711 1080 2778 Parisiis,
1103 2713 1243 2782 apud
1262 2711 1455 2766 Franc.
1479 2712 1531 2766 Μ
1542 2723 1716 2785 uguet;
1739 2712 1904 2768 in-8".
1936 2712 2168 2768 Vincen-

586 2803 644 2858 tii
671 2803 966 2858 Lirlnensis
996 2802 1502 2869 Commonitorium,
1535 2803 1571 2857 8
1584 2819 1616 2857 τ
1634 2818 1666 2856 tt
1684 2818 1713 2856 ιι
1726 2817 1759 2856 ιι
1776 2818 1808 2856 Α
1822 2815 1934 2857 nos
1965 2803 2006 2856 Β
2021 2815 2051 2856 Α
2067 2818 2096 2856 ι.
2111 2816 2169 2856 c—

586 2913 727 2954 ztus
769 2896 835 2952 ad
880 2897 1040 2951 iidem
1093 2895 1339 2951 codicum
1389 2909 1522 2950 mss.
1573 2894 1878 2950 emendavit
1923 2893 2169 2962 notisque

587 2989 893 3055 illustravit;
924 3004 1045 3043 cum
1079 2987 1328 3043 Salviano
1351 2987 1619 3055 ejusdem.

661 3083 920 3138 Adhibuit
952 3083 1089 3136 duos
1117 3081 1334 3136 codices
1363 3081 1545 3150 Regite
1575 3080 1717 3134 Bibl.
1752 3079 1925 3134 Paris.
1962 3088 2015 3134 et
2044 3093 2171 3148 pau-

588 3175 735 3230 culas
762 3186 917 3230 notas
943 3173 1167 3240 addidit,
1199 3173 1264 3228 de
1297 3173 1496 3242 quibus
1521 3172 1640 3227 vide
1671 3173 1737 3226 ad
1764 3171 2098 3227 Salvianum.

2263 1965 2520 2021 nandam.
2575 1965 2782 2020 Bonum
2811 1979 3000 2020 aurum
3018 2003 3033 2032 ,
3060 1965 3105 2019 si
3131 1964 3216 2020 vel
3241 1963 3548 2019 sexcenties
3570 1960 3828 2019 examina-

2261 2059 2432 2123 veris,
2464 2073 2680 2128 semper
2705 2057 2948 2127 reperies
2974 2058 3174 2112 bonum
3205 2071 3415 2112 aurum.
3447 2055 3542 2112 Sic
3572 2062 3631 2111 et
3649 2055 3830 2111 veritas

2264 2162 2388 2224 post
2415 2152 2562 2207 mille
2582 2153 2828 2208 examina
2855 2160 3039 2206 manet
3061 2151 3286 2218 veritas,
3317 2158 3371 2206 et
3389 2147 3832 2221 quemadmodum

2263 2246 2636 2302 arithmeticos
2661 2244 3084 2314 computationis
3104 2260 3216 2299 suae
3235 2245 3521 2300 veritatem
3552 2255 3831 2313 numquam

2268 2338 2459 2408 probat
2484 2352 2582 2408 per
2612 2351 2936 2394 consensum
2966 2338 3197 2392 aliorum
3229 2337 3724 2403 arithmeticornm,
3752 2334 3833 2393 sed

2267 2434 2562 2489 exclamat:
2594 2431 2788 2499 Proba,
2821 2433 3082 2486 examina.
3114 2432 3206 2489 Sic
3234 2441 3288 2487 et
3313 2434 3539 2488 veritas.
3571 2451 3592 2485 ι
3639 2430 3835 2488 Notavit

2266 2525 2454 2593 idem,
2509 2533 2845 2596 quantopere
2901 2525 3005 2579 hoc
3069 2540 3205 2594 opus
3260 2525 3654 2596 contempserit
3713 2523 3834 2581 Dea.

2272 2622 2481 2691 Whitby
2509 2622 2561 2675 in
2593 2619 2744 2690 praef.
2770 2620 2837 2675 ad
2867 2619 3059 2676 librum
3086 2620 3155 2676 de
3182 2619 3402 2676 Patrum
3431 2619 3484 2674 in
3511 2618 3836 2690 Scripturam

2268 2714 2326 2770 Β.
2360 2713 2787 2768 commentariis.

2345 2803 2502 2860 1751.
2538 2805 2743 2871 Βοηιω,
2773 2804 2908 2875 typis
2929 2804 3019 2860 Jo.
3050 2804 3262 2876 Zempel
3291 2821 3450 2876 prape
3481 2803 3712 2859 Montem
3733 2801 3839 2858 lor-

2271 2898 2501 2964 danum;
2551 2899 2606 2952 in
2639 2900 2723 2954 8°.
2775 2897 3097 2954 Sanctorum
3148 2899 3411 2954 Vincentii
3461 2897 3760 2953 Lirinensis
3795 2906 3840 2954 et

2273 2989 2459 3044 Hilarii
2480 2990 2814 3046 Arelatensis
2836 2990 3014 3060 Opera
3035 2990 3101 3046 ad
3126 3005 3254 3046 mss.
3279 2990 3403 3046 cod.
3419 2991 3840 3061 'insignioresque

2273 3082 2541 3139 editiones
2570 3085 2841 3154 recognita
2872 3099 2935 3138 ac
2959 3085 3100 3138 netis
3129 3083 3710 3152 observationibusque
3738 3083 3841 3136 illu-

2273 3184 2444 3230 strata
2499 3189 2529 3229 a
2565 3175 2630 3230 υ.
2670 3174 2874 3231 Joanne
2905 3177 3132 3232 Saeuus
3173 3175 3524 3246 Neapolitano
3560 3173 3693 3230 Can.
3725 3173 3838 3244 Reg.

661 3267 820 3324 1664.
856 3267 1159 3340 Raceburgi,
1184 3284 1272 3336 per
1296 3267 1572 3320 Nicolaum
1595 3266 1810 3331 Nissen;
1832 3266 2000 3321 in-li.
2039 3267 2162 3321 Vin-
2189 3265 2234 3327 C
2267 3265 2384 3320 Lat.
2437 3283 2495 3320 ac
2545 3268 2604 3322 S.
2654 3267 2838 3323 Tlteol.
2892 3267 3035 3322 Lect.
3083 3267 3150 3322 ad
3206 3267 3454 3323 sanctiss.
3491 3266 3707 3322 Patrem
3735 3265 3842 3322 Cle-

588 3361 749 3415 eentii
794 3359 1094 3414 Lirinensis
1150 3373 1247 3428 pro
1296 3359 1441 3413 cath.
1492 3359 1615 3413 ﬁdei
1668 3358 2028 3428 antiquitate,
2060 3365 2166 3413 etc.

593 3449 708 3504 Cat.
735 3449 876 3504 Bibl.
902 3449 1106 3503 Bunau.

664 3543 821 3598 1669.
861 3542 1110 3608 Parisiis,
1153 3544 1292 3614 apud
1337 3541 1529 3596 Franc.
1557 3542 1813 3612 Muguet;
1850 3545 2012 3600 iri-8°.
2049 3545 2174 3599 Vin-

592 3637 755 3690 crntii
787 3636 1084 3692 Lirinensis
1107 3636 1592 3691 Commonitorium
1618 3652 1684 3691 ea
1711 3638 1935 3692 secunda
1956 3639 2173 3693 Btthtt

591 3729 848 3785 editione.

667 3820 824 3877 i677.
860 3820 1137 3892 Lugduni,
1160 3821 1299 3891 apud
1327 3823 1654 3888 Attissonios;
1683 3823 1861 3894 iri-fol.
1908 3825 2174 3880 Vincentii

593 3914 1079 3967 Commonitorium
1131 3914 1387 3968 adversus
1430 3914 1694 3981 haereses;
1742 3916 1793 3971 in
1843 3916 1978 3972 Bibl.
2025 3917 2169 3974 Max.

599 4004 716 4062 PP.
753 4017 790 4060 ι.
824 4005 935 4073 VII,
967 4021 1120 4076 pagg.
1150 4007 1256 4062 219
1279 4005 1449 4062 -Ξϐῗλ

669 4097 826 4154 1681.
859 4097 1099 4166 Parisiis,
1131 4099 1272 4166 apud
1312 4097 1502 4153 Franc.
1542 4099 1792 4169 Muguet;
1823 4102 1989 4156 iit-8°.
2048 4104 2174 4158 Vin-

592 4193 756 4248 eentii
786 4191 1083 4247 Lirinensis
1120 4191 1606 4247 Commonitorium
1648 4210 1714 4250 ex
1748 4199 1901 4250 tertia
1939 4196 2174 4254 editione

595 4287 798 4342 Suam.
829 4285 1076 4349 BALUZII;
1105 4299 1227 4339 cum
1259 4285 1526 4340 Salviano.

669 4379 999 4434 Retractavit
1032 4386 1085 4432 et
1115 4378 1315 4447 passim
1351 4379 1579 4432 mutavit
1611 4377 1848 4447 priorum
1879 4379 2172 4436 editionum

604 4479 830 4535 textum,
866 4479 1126 4538 notasque
1152 4471 1422 4524 auctiores
1449 4471 1677 4524 addidit.

671 4563 826 4617 1687.
855 4560 1198 4630 Cantabrigia:
1221 4602 1236 4626 ,
1281 4577 1346 4615 ea:
1383 4561 1476 4629 off.
1508 4561 1666 4615 loan.
1707 4560 1901 4633 Hegea,
1930 4564 2175 4635 impensis

2276 3370 2508 3416 mentem
2539 3360 2635 3415 Xll
2664 3371 2811 3431 pont.
2845 3377 2990 3417 max.

2346 3455 2568 3511 Scilicet
2613 3471 2719 3510 non
2769 3470 2866 3511 sua
2895 3457 3073 3510 denuo
3118 3470 3284 3526 opera
3330 3455 3666 3524 recognitum
3708 3453 3842 3508 dedit

2277 3546 2652 3613 Vincentium,
2705 3547 2798 3602 sed
2853 3547 3193 3602 Baluzianam
3237 3546 3530 3602 editionem
3577 3559 3630 3600 a.
3679 3543 3839 3599 1669:

2276 3625 2400 3696 nam
2446 3641 2657 3696 tertiam
2705 3641 2842 3695 haud
2873 3641 3049 3708 novit,
3098 3641 3238 3696 sicut
3269 3654 3370 3695 nec
3392 3648 3714 3694 ceterarum
3745 3637 3841 3691 edi-

2277 3733 2481 3788 tionnm
2531 3744 2884 3804 praeterquam
2929 3749 2993 3790 ex
3029 3732 3244 3788 Labbeo
3287 3743 3342 3788 et
3388 3733 3567 3786 Caveo
3608 3731 3838 3784 notitiam

2278 3825 2493 3888 habuit;
2524 3826 2690 3881 immo
2716 3841 2820 3880 non
2854 3841 3012 3881 unam
3047 3826 3229 3881 laudat
3255 3824 3455 3881 diserte
3484 3824 3773 3880 editionem
3795 3823 3839 3878 in

2275 3919 2429 3986 cujus
2461 3933 2602 3973 anno
2627 3934 2731 3974 non
2750 3933 2906 3974 error
2927 3920 3016 3973 sit.
3041 3937 3059 3971 ι
3084 3917 3250 3973 Notas
3269 3932 3396 3973 vero
3423 3917 3840 3972 observationes-

2276 4026 2380 4078 que
2403 4050 2418 4076 ,
2454 4010 2648 4078 inquit,
2684 4011 2816 4066 tales
2840 4011 3135 4075 adiecimus
3156 4052 3171 4078 ,
3199 4027 3318 4081 qua:
3362 4009 3604 4064 laborem
3632 4008 3840 4077 diligen-

2277 4102 2515 4173 tiamque
2560 4104 2936 4159 desiderarunt
2979 4105 3128 4175 (sic):
3184 4114 3362 4159 utrum
3416 4113 3599 4172 postea
3633 4101 3840 4169 alicujus

2275 4195 2382 4249 sint
2415 4195 2684 4262 utilitatis,
2720 4196 2900 4252 dicere
2924 4212 3031 4251 non
3062 4196 3257 4264 audeo,
3289 4203 3344 4250 et
3370 4193 3544 4250 libens
3576 4193 3693 4248 illas
3720 4191 3838 4260 aequi

2276 4287 2491 4342 lectoris
2521 4287 2724 4354 judicio
2749 4289 3030 4344 submitte.
3080 4288 3324 4358 Capitum
3353 4285 3750 4341 distinctionem
3779 4281 3838 4335 ii-

2277 4387 2360 4434 cet
2404 4394 2432 4432 a
2472 4379 2689 4434 Baluzio
2737 4379 3001 4434 sublatam
3030 4421 3044 4445 ,
3071 4393 3192 4434 eum
3239 4376 3543 4434 editoribus
3581 4376 3699 4430 aliis
3727 4373 3837 4428 reti~

2277 4485 2406 4526 nere
2433 4473 2637 4538 justum
2668 4486 2731 4528 ac
2761 4472 2956 4527 rationi
2979 4482 3402 4527 consentaneum
3433 4468 3683 4540 apparuit
3711 4466 3835 4538 (sic).

2275 4572 2328 4618 et
2377 4577 2496 4618 meo
2541 4563 2760 4632 quidem
2797 4564 3002 4633 judicio
3050 4581 3154 4618 non
3186 4578 3408 4634 prorsus
3439 4561 3720 4617 inutiliter.
3771 4558 3838 4613 De

596 4656 742 4710 Guil.
795 4655 1016 4721 Graves;
1056 4655 1224 4710 inde.
1277 4655 1538 4710 Vincentii
1588 4655 1886 4711 Lirinensis
1915 4657 2172 4714 adversus
2201 4640 2249 4702 D
2276 4658 2522 4712 doctrina
2554 4659 2612 4714 S.
2648 4658 2753 4714 Viri
2779 4703 2792 4726 ,
2823 4659 3024 4728 pergit,
3057 4659 3202 4713 circa
3234 4657 3571 4714 Traditiones
3595 4653 3718 4710 alibi
3741 4651 3839 4708 dis-

600 4746 850 4816 profanas
891 4747 1127 4803 omnium
1161 4746 1423 4802 novitates
1461 4747 1836 4803 haereticorum
1865 4751 2174 4806 Commoni-

600 4838 817 4902 torium,
844 4854 967 4892 cum
998 4843 1139 4893 notis
1169 4838 1231 4893 V.
1265 4839 1328 4892 C.
1360 4840 1542 4908 Steph.
1568 4837 1790 4896 Balusii.
1821 4840 2088 4912 Adjicitur
2109 4843 2167 4898 S.

599 4929 881 5000 Augustini
914 4928 1049 4984 liber
1075 4928 1141 4984 de
1171 4930 1499 4985 literesibus.

673 5019 937 5075 l'ra-cedit
984 5019 1242 5074 immensa
1304 5019 1563 5089 praefatio.
1636 5020 1788 5077 Notis
1831 5022 2042 5080 additus
2092 5034 2172 5080 est

599 5112 873 5184 Appendix
901 5112 1146 5165 Actorum
1174 5113 1416 5168 adversus
1451 5111 1717 5184 Pelagium
1749 5124 1796 5170 et
1826 5113 2172 5173 Cretestinnm.

600 5205 722 5263 Vid.
754 5205 1073 5262 SALVIANUS.

672 5298 831 5356 1688.
865 5296 1093 5364 Βνεηιιε,
1125 5297 1364 5370 sumptib.
1397 5296 1683 5354 Hermanni
1721 5297 1933 5356 Braveri
1955 5319 1975 5370 ;
2001 5304 2177 5358 iit-a0.

603 5393 871 5450 Vincentii
909 5392 1202 5448 Lirinensis
1237 5392 1723 5448 Commonitorium
1764 5409 1792 5448 a
1823 5394 2043 5450 Batusio
2072 5395 2179 5451 Tu-

601 5487 777 5542 telensi
819 5484 884 5540 ad
918 5483 1075 5540 [idem
1107 5492 1347 5540 veterum
1383 5484 1630 5540 codicum
1669 5500 1802 5542 mss.
1836 5488 2178 5544 emendatum

602 5587 654 5634 et
686 5578 1026 5633 illustratum.
1079 5576 1361 5632 Praemisso
1391 5577 1773 5636 dissertatione
1801 5578 1865 5635 G.
1901 5579 2092 5636 Calixti
2123 5581 2176 5637 in

604 5668 962 5737 Vincentium,
993 5678 1123 5736 etc.;
1149 5686 1270 5726 cum
1295 5670 1534 5726 Salviani
1565 5670 1841 5741 Operibus.

671 5765 864 5822 Caiixti
895 5765 1202 5823 dissertatio
1224 5781 1288 5822 ex
1319 5769 1581 5837 protentio
1609 5766 1724 5837 ejus
1765 5767 2044 5840 desumpta
2076 5781 2178 5828 est.

2279 4764 2521 4806 seremus
2551 4759 2742 4808 contra
2772 4750 3031 4806 Joannem
3056 4751 3311 4806 Dallaeum
3341 4765 3405 4805 ac
3431 4749 3713 4818 Georgium
3748 4743 3837 4800 Ca-

2282 4843 2471 4899 lixtum
2492 4885 2506 4908 ,
2539 4844 2865 4898 Lutheranm
2895 4844 3113 4898 familia:
3142 4844 3450 4908 hominem,
3476 4842 3564 4912 qui
3594 4839 3835 4894 Helmsta-

2281 4935 2357 4990 dii
2382 4937 2566 5006 periit!
2595 4957 2613 4990 ι
2653 4937 2854 4992 Eodem
2887 4938 3026 5009 style
3051 4947 3108 4993 et
3143 4937 3360 5008 ingenio
3397 4945 3553 4991 notas
3583 4948 3702 4989 suas
3727 4945 3836 5000 per-

2283 5032 2453 5086 texuit
2477 5031 2656 5087 statim
2685 5031 2975 5101 subjectos.

2357 5122 2514 5178 1774.
2555 5122 2799 5190 Venetiis,
2843 5123 2982 5192 apud
3013 5120 3100 5176 Jo.
3150 5120 3309 5191 Bapt.
3348 5113 3832 5182 Albritiumﬂnofol.

2285 5213 2553 5270 Vincentii
2603 5214 2903 5269 Lirinensis
2950 5211 3431 5267 Commonitorium
3459 5211 3608 5279 juxta
3648 5205 3834 5258 tertiam

2287 5307 2476 5377 Steph.
2513 5308 2714 5363 Baluzii
2741 5307 3030 5363 editionem
3062 5321 3184 5360 eum
3216 5305 3357 5359 notis
3382 5301 3626 5372 ejusdem
3648 5308 3836 5362 exure:-

2289 5417 2444 5468 sum;
2475 5401 2526 5457 in
2576 5402 2794 5456 Andreas
2840 5399 3106 5454 Gallandii
3146 5399 3280 5453 Bibl.
3334 5396 3450 5452 PP.
3495 5406 3541 5451 et
3583 5393 3681 5450 SS.
3734 5389 3832 5441 V8!-

2293 5496 2488 5551 Eccles.
2517 5505 2554 5551 t.
2587 5495 2654 5562 Χ,
2690 5511 2845 5565 pagg.
2883 5494 2985 5550 105
3008 5524 3027 5537 -
3055 5493 3174 5548 till.

2357 5589 2620 5644 Pauculas
2661 5588 2728 5642 de
2765 5602 2864 5643 suo
2907 5586 3312 5643 observationes
3359 5581 3427 5638 ad
3475 5595 3625 5636 oram
3654 5574 3833 5648 posin!

2286 5681 2596 5736 inferiorem
2636 5681 2922 5750 apposuit,
2957 5679 3500 5746 dissertationemque
3542 5675 3608 5729 de
3641 5669 3829 5727 Vincen-

2289 5774 2360 5830 tio
2391 5772 2650 5844 praemisit
2681 5774 2732 5826 in
2767 5771 3012 5844 Prolegg.
3043 5786 3159 5841 cap.
3188 5769 3254 5838 ll,
3283 5786 3436 5842 pagg.
3467 5780 3641 5824 tv-vt.
