4018 6338
605 396 710 458 639

600 615 722 657 eum
736 608 791 658 et
802 598 1271 672 appropinquantis
1287 596 1451 653 divini
1464 595 1654 652 Judicii
1671 595 1918 652 terribilis
1931 594 2174 666 quaedam

598 690 924 762 exspectatio
946 689 1128 760 augeri
1149 687 1402 759 efﬁagitet
1423 686 1596 743 studia
1611 686 1919 758 Religionis,
1936 693 1993 743 et
2007 701 2174 742 novo-

598 798 717 840 rum
740 783 1121 839 llaereticorum
1142 779 1494 836 fraudulentia
1518 780 1742 835 multum
1759 794 1901 834 curre
1922 787 1977 835 et
1996 784 2171 834 atten-

597 874 759 931 tionis
782 873 998 930 indicat.
1023 872 1196 928 Locus
1216 871 1291 945 (l)
1317 878 1512 938 autem,
1533 870 1673 942 quod
1693 870 1906 925 urbium
1925 867 2174 939 frequen-

597 964 726 1020 tiam
748 963 1033 1034 turbasque
1057 963 1304 1030 vitantes,
1328 961 1629 1017 remotioris
1644 960 1720 1034 (Ω)
1741 960 1935 1017 villula:
1954 968 2009 1035 et
2032 960 2088 1015 in
2107 972 2174 1016 ea

596 1064 859 1111 secretum
879 1053 1189 1111 monasterii
1209 1052 1500 1107 ineolamus
1528 1050 1886 1107 habitaculum
1899 1092 1916 1119 ,
1938 1049 2033 1106 ubi
2050 1049 2174 1107 abs-

596 1163 702 1218 que
738 1160 930 1219 magna
960 1145 1302 1202 distractione
1324 1143 1439 1200 ﬁeri
1462 1144 1630 1215 possit
1652 1142 1780 1198 illud
1800 1142 1942 1214 quod
1965 1143 2174 1199 canitur

597 1237 652 1293 in
674 1238 910 1309 psalmo:
944 1235 1145 1300 Vacate,
1170 1234 1372 1304 inquit,
1408 1242 1455 1287 et
1478 1232 1638 1287 videte
1663 1233 1900 1304 quoniam
1935 1249 2026 1304 ego
2061 1250 2174 1288 sum

598 1329 862 1398 Dominus,
900 1330 1044 1384 Psal.
1079 1328 1167 1384 45.
1192 1326 1299 1383 Sed
1323 1336 1379 1382 et
1412 1325 1669 1397 propositi
1691 1324 1862 1380 nostri
1884 1324 2022 1381 ratio
2041 1325 2095 1380 in
2117 1324 2173 1381 id

595 1421 868 1487 convenit;
892 1420 1085 1491 quippe
1105 1418 1197 1489 qui
1218 1432 1338 1472 cum
1358 1414 1665 1487 aliquandiu
1683 1416 1844 1471 variis
1858 1431 1922 1472 ac
1933 1415 2173 1472 tristibus

595 1511 847 1566 sccularis
871 1510 1072 1565 militiae
1102 1506 1399 1564 turbinibus
1424 1506 1787 1574 volveremur,
1823 1506 2037 1562 tandem
2074 1521 2174 1563 nos

597 1617 648 1657 Ill
688 1610 895 1673 portum
938 1600 1228 1672 Religionis
1252 1640 1267 1668 ,
1314 1599 1520 1655 cunctis
1563 1613 1775 1669 semper
1818 1598 2130 1655 ﬁdissimum
2152 1641 2168 1669 ,

594 1693 804 1751 Christo
826 1694 1127 1766 adspirante
1150 1691 1514 1759 condidimus;
1554 1700 1614 1747 ut
1638 1692 1711 1747 ibi
1742 1691 1997 1762 depositis
2019 1693 2171 1747 vani—

593 1788 715 1843 tatis
737 1803 799 1844 ac
818 1787 1079 1858 superbiae
1103 1785 1334 1854 flatibus,
1350 1784 1667 1841 Christiana:
1686 1783 1997 1839 humilitatis
2011 1785 2174 1838 sacri-

593 1879 713 1936 ﬁcio
734 1881 1005 1951 placantes
1025 1879 1195 1935 Deum
1214 1921 1228 1947 ,
1268 1894 1375 1933 non
1401 1877 1574 1933 solum
1597 1877 1875 1947 praesentis
1894 1877 2017 1931 vitae
2036 1891 2171 1931 nau-

592 1969 776 2042 fragia,
795 1969 889 2026 sed
904 1970 1063 2026 etiam
1084 1969 1246 2025 futuri
1270 1968 1433 2024 seculi
1450 1967 1690 2023 incendia
1703 1968 1871 2023 vitare
1885 1968 2167 2037 possimus.

592 2060 697 2118 Sed
726 2062 839 2132 jam
860 2062 916 2116 in
952 2060 1167 2116 nomine
1200 2059 1409 2115 Domini
1440 2058 1584 2129 quod
1609 2059 1771 2112 instat
1793 2057 2091 2128 adgrediar,
2116 2065 2176 2112 ut

592 2154 792 2210 scilicet
810 2170 841 2208 a
857 2153 1145 2224 majoribus
1161 2152 1351 2207 tradita
1374 2159 1427 2207 et
1448 2150 1588 2222 apud
1607 2165 1705 2206 nos
1723 2150 1960 2221 deposita
1981 2149 2176 2207 descri-

591 2242 730 2313 bam,
745 2244 987 2300 relatoris
1002 2242 1105 2299 ﬁde
1120 2243 1296 2313 potius
1314 2257 1473 2313 quam
1488 2242 1719 2297 auctoris
1734 2242 2169 2312 praesumptione;

592 2336 689 2393 hac
716 2346 891 2394 tamen
926 2335 1195 2393 scribendi
1223 2336 1340 2407 lege
1361 2345 1589 2402 servata,
1618 2342 1676 2389 ut
1699 2349 2032 2404 nequaquam
2052 2349 2171 2389 om-

591 2428 698 2497 nia,
726 2429 821 2484 sed
848 2436 1052 2483 tantum
1074 2427 1373 2483 necessaria
1407 2438 1631 2496 quasque
1654 2425 2005 2495 perstringam
2024 2466 2039 2493 ,
2077 2441 2173 2480 ne-

590 2533 691 2588 que
708 2518 761 2573 id
778 2526 963 2573 ornato
978 2525 1032 2573 et
1045 2525 1231 2572 exacto
1249 2517 1344 2572 sed
1359 2515 1499 2571 facili
1514 2516 1885 2585 communique
1900 2530 2167 2586 sermone,

590 2619 646 2666 ut
662 2611 912 2682 pleraque
928 2609 1215 2683 signiﬁcata
1233 2610 1407 2681 potius
1421 2623 1580 2681 quam
1598 2609 1856 2679 explicata
1871 2607 2165 2664 videantur.

590 2704 839 2760 Scribant
871 2705 907 2759 ii
929 2705 1070 2759 laute
1096 2711 1149 2759 et
1169 2710 1413 2758 accurate
1434 2702 1521 2772 qui
1545 2701 1612 2755 ad
1636 2700 1739 2756 hoc
1759 2716 1951 2756 munus
1975 2702 2059 2757 vel
2083 2702 2168 2757 in-

589 2796 727 2867 genii
754 2794 945 2850 ﬁducia
968 2795 1053 2851 vel
1074 2794 1232 2850 ofﬁcii
1255 2794 1459 2848 ratione
1478 2792 1759 2847 ducuntur.
1785 2792 1867 2847 Me
1891 2807 2018 2847 vero
2038 2792 2167 2848 sub-

591 2884 828 2942 levandm
862 2885 1244 2942 recordationis
1275 2884 1355 2939 vel
1385 2884 1561 2954 potius
1592 2883 1871 2939 oblivionis
1890 2897 2025 2939 meae
2045 2899 2166 2955 gra-

588 2981 660 3037 tia
697 2979 1169 3037 Commonitorium
1206 2978 1281 3051 (3)
1321 2976 1563 3032 mihimet
1598 2989 1815 3046 parasse
1852 2976 2119 3031 suﬁ‘ecerit
2150 2995 2163 3031 :

588 3069 730 3141 quod
751 3079 928 3126 tamen
950 3069 1223 3141 paulatim,
1247 3066 1530 3122 recolendo
1549 3081 1669 3136 quae
1684 3065 1865 3133 didici,
1882 3065 2168 3122 emendare

589 3171 643 3218 et
664 3163 884 3234 implere
906 3162 1140 3234 quotidie
1160 3204 1174 3229 ,
1203 3160 1427 3216 Domino
1450 3167 1733 3231 praestante
1750 3201 1765 3227 ,
1788 3158 2041 3214 conabor.
2067 3159 2166 3213 At-

587 3271 691 3327 que
721 3255 825 3312 hoc
847 3256 1019 3327 ipsum
1046 3254 1240 3310 idcirco
1266 3252 1558 3324 praemonui
1576 3294 1592 3320 ,
1619 3260 1679 3306 ut
1704 3252 1749 3306 si
1773 3251 1909 3306 forte
1929 3252 2168 3321 elapsum

588 3349 761 3417 nobis,
786 3349 841 3403 in
863 3363 1050 3404 manus
1084 3354 1389 3403 sanctorum
1411 3347 1715 3413 devenerit,
1748 3345 1879 3399 nihil
1900 3345 1954 3400 in
1992 3361 2057 3401 eo
2084 3354 2165 3401 tc-

590 3452 736 3492 mere
782 3436 1204 3507 reprehendant,
1246 3435 1391 3507 quod
1431 3434 1603 3491 adhuc
1645 3434 1861 3490 videant
1904 3435 2167 3505 promissa

589 3525 956 3583 emendatione
978 3525 1286 3581 limandum.

656 3615 721 3671 ll.
747 3615 900 3687 Saepe
934 3617 1093 3688 igitur
1131 3631 1324 3688 magno
1359 3616 1535 3672 studio
1558 3624 1614 3671 et
1638 3630 1843 3671 summa
1876 3617 2166 3673 attentione

588 3708 899 3780 perquirens
920 3725 951 3763 a
974 3708 1375 3780 quamplurimis
1396 3709 1675 3764 sanctitate
1694 3715 1750 3763 et
1772 3707 2009 3763 doctrina
2031 3723 2166 3777 prae-

588 3797 846 3854 ttantibus
881 3798 1007 3853 viris
1030 3814 1261 3869 quonam
1284 3798 1444 3854 modo
1466 3800 1665 3869 possim
1689 3808 1835 3854 certa
1859 3798 2088 3869 quadam
2111 3806 2167 3853 et

588 3888 736 3960 quasi
757 3889 991 3959 generali
1011 3903 1075 3945 ac
1094 3890 1322 3960 regulari
1342 3890 1426 3945 via
1452 3890 1724 3946 catholicae
1746 3889 1867 3945 ﬁdei
1888 3892 2166 3946 veritatem

587 3979 652 4035 ab
671 3978 934 4035 haeretica;
964 3979 1236 4050 pravitatis
1262 3980 1486 4035 falsitate
1511 3979 1833 4047 discernere,
1863 3978 2165 4049 hujusmodi

587 4084 795 4140 semper
818 4085 1132 4140 responsum
1168 4071 1237 4125 ab
1258 4071 1503 4125 omnibus
1526 4069 1638 4125 fere
1660 4070 1812 4125 retuli
1834 4113 1849 4138 ,
1885 4071 2029 4141 quod
2053 4072 2164 4128 sive

585 4175 701 4231 ego,
736 4161 849 4216 sive
879 4161 997 4231 quis
1029 4162 1163 4216 alius
1184 4161 1342 4217 vellet
1364 4161 1758 4232 exsurgentium
1794 4162 2163 4219 haereticorum

586 4250 796 4307 fraudes
817 4250 1215 4323 deprehendere
1236 4253 1556 4324 laqueosque
1571 4254 1756 4320 vitare,
1775 4262 1829 4307 et
1843 4254 1895 4307 in
1916 4254 2019 4309 ﬁde
2035 4271 2162 4312 sana

585 4354 745 4395 sanus
778 4349 933 4412 atque
959 4342 1162 4413 integer
1183 4358 1515 4412 permanere,
1540 4342 1736 4413 duplici
1773 4344 1933 4399 modo
1954 4361 2162 4403 munire

654 4484 930 4609 glg‘lnsula
969 4486 1515 4577 Lerina‘vel"Liriuus
1539 4529 1553 4552 ,
1601 4502 1720 4568 qua:
1748 4489 1890 4557 jacet
1914 4488 2029 4543 Lat.
2066 4491 2158 4545 45⁸

784 4555 949 4609 Lomr.
976 4556 1046 4609 24
1096 4557 1165 4609 42
1200 4557 1269 4609 55
1306 4597 1318 4609 .
1348 4557 1536 4609 Lerina
1560 4556 1717 4609 hodie
1746 4573 1936 4609 nomen
1960 4558 2020 4609 S.
2050 4559 2158 4609 IIo-

584 4554 665 4609 50'
693 4554 757 4609 δ”
784 4555 949 4625 Long.
976 4556 1068 4611 24°
1096 4556 1177 4611 42‘
1200 4557 1318 4611 55".
1348 4557 1536 4611 Lerina
1560 4554 1717 4611 hodie
1746 4554 1937 4613 nomen
1960 4558 2020 4613 S.
2050 4559 2162 4615 Ilo-

583 4625 747 4679 norati
786 4623 963 4693 habet,
1003 4627 1092 4696 qui
1120 4626 1449 4681 celeberrimi
1487 4627 1749 4696 quondam
1780 4629 1939 4682 totius
1977 4629 2159 4686 Galliae

582 4696 888 4750 monasterii
914 4697 967 4751 in
996 4696 1078 4750 illa
1108 4697 1277 4751 insula
1299 4705 1481 4751 auctor
1506 4696 1603 4750 fuit
1628 4705 1681 4751 et
1704 4697 1960 4752 conditor.

652 4766 728 4836 (2)
775 4766 913 4837 Ergo
940 4766 992 4820 in
1018 4767 1186 4837 insula
1212 4766 1330 4834 illa,
1373 4775 1567 4837 praeter
1591 4769 2007 4835 monasterium,
2044 4779 2159 4827 erat

553 4835 753 4905 aliqua
797 4835 1049 4892 habitatio
1092 4835 1387 4892 hominum
1410 4836 1746 4891 secularium.
1796 4837 2156 4896 Remotiorem

584 4918 739 4975 porro
760 4905 990 4976 villulam
1016 4908 1221 4961 vocavit
1234 4908 1499 4976 Lirinmn:
1523 4909 1644 4976 quia
1671 4923 1790 4961 cum
1819 4909 1988 4964 insula
2014 4918 2159 4966 esset

583 4991 634 5030 tu
660 4976 795 5030 mari
818 4975 1221 5045 Mediterraneo,
1251 4975 1588 5032 manifestum
1616 4986 1729 5032 erat
1753 4994 1870 5033 eam
1893 4989 2155 5036 remotam

580 5060 703 5118 esse
724 5045 1033 5118 abrurbibus
1058 5054 1114 5102 et
1130 5047 1355 5118 oppidis.

651 5116 727 5187 (5)
760 5116 1020 5187 Vincentii
1044 5116 1357 5187 tempestate
1390 5118 1442 5172 in
1482 5132 1578 5172 usu
1605 5125 1720 5173 erat
1754 5118 2154 5178 Commonitorii

582 5199 680 5260 vos
706 5185 861 5260 i_tum
880 5186 947 5260 ad
966 5185 1306 5260 signiﬁcanda,
1323 5188 1567 5260 mandata
1578 5188 1771 5260 legatis
1790 5190 1987 5260 scripto
2006 5190 2149 5260 data,

579 5263 639 5327 ut
662 5255 693 5327 a
716 5255 1507 5327 Theodosio'Commonitorium
1532 5255 1735 5327 Elpidio
1767 5255 1947 5314 comiti
1972 5255 2154 5318 datum

580 5325 848 5399 Ephesum
876 5326 1226 5399 proﬁciscenti
1256 5328 1323 5382 ad
1351 5325 1641 5399 Synodum,
1666 5336 1718 5383 et
1744 5330 1963 5399 alterum
1992 5346 2022 5385 a
2048 5332 2152 5387 Zo-

579 5397 717 5468 simo
740 5395 994 5468 faustino
1018 5395 1405 5468 consignatum,
1434 5414 1594 5468 quum
1623 5400 1674 5453 in
1703 5398 1932 5455 Africam
1958 5403 2153 5458 missus

580 5465 695 5541 fuit.
738 5466 1088 5541 Frequentius
1113 5465 1290 5524 tamen
1317 5465 1756 5541 sumebaturpro
1782 5470 1896 5541 lege
1935 5487 1962 5525 a
2004 5477 2153 5526 ma‘n-

579 5536 738 5612 dante
751 5536 1079 5612 praescripta,
1096 5547 1153 5593 ut
1166 5547 1503 5612 exsequatur,
1517 5536 1882 5608 quodwccnstat
1900 5558 1963 5596 ex
1981 5544 2147 5612 Epist.

579 5605 873 5680 Innocentii
907 5605 1063 5679 Papa:
1090 5624 1186 5680 pro
1218 5605 1419 5665 Joanne
1443 5605 1842 5680 Chrysostomo.
1877 5612 1969 5665 llic
2004 5605 2148 5680 vero,

581 5687 639 5754 ut
664 5686 808 5735 recte
825 5679 1074 5754 observat
1097 5679 1339 5754 Baluzius
1365 5682 1419 5754 in
1442 5679 1601 5750 notis,
1628 5681 1891 5754 signiﬁcat
1910 5679 2152 5754 scriptio-

580 5750 663 5803 nis
685 5762 869 5832 genus.
896 5751 1188 5821 cujusmodi
1215 5760 1337 5808 sunt
1359 5752 1657 5809 adversaria
1678 5750 1750 5810 ad
1778 5750 2154 5810 sublevandam

580 5831 908 5873 memoriam.

1844 398 2185 459 VINCENTII
2233 400 2610 459 LIRINENSIS

605 510 855 572 debemus
874 508 1019 582 quod
1039 508 1093 565 in
1118 507 1280 564 vitam
1300 504 1542 579 proﬁciat
1558 512 1841 572 aeternam;
1878 504 2173 576 praesertim
2218 574 2225 579 D

3398 317 3441 327 ον
3468 318 3473 322 ~

3732 414 3853 473 Suo

2279 503 2441 560 ﬁdem
2461 520 2631 574 suam,
2649 505 2873 561 Domino
2891 504 3190 577 adjuvantc,
3215 506 3431 565 deberet
3453 527 3466 563 :
3497 510 3719 582 primum
3737 513 3805 576 ad

2280 595 2405 652 licet
2423 596 2613 653 divina:
2633 597 2765 669 legis
2783 599 3112 667 auctoritate,
3137 606 3250 654 tum
3270 599 3461 656 deinde
3480 601 3725 661 Ecclesia
3749 621 3805 664 ea

2280 684 2489 743 thon
2512 688 2811 744 traditione.
2838 688 2935 744 llic
2958 687 3176 744 forsitan
3210 691 3444 762 requirat
3463 693 3656 764 aliquis
3677 713 3690 749 :
3712 694 3818 754 Cur

2280 777 2351 832 sit
2369 777 2634 849 perfectus
2667 778 3058 850 Scripturarum
3079 779 3259 836 Canon
3280 823 3296 849 ,
3336 782 3542 853 sibique
3575 783 3646 839 ad
3676 789 3822 844 omit

2279 871 2409 926 satis
2431 886 2695 943 superque
2715 871 2942 927 sufﬁciat
2956 913 2975 941 ,
2999 872 3126 944 quid
3157 888 3291 943 opus
3312 883 3395 930 est
3412 882 3471 930 ut
3488 876 3539 931 ei
3560 876 3810 936 Ecclesiae

2280 959 2400 1015 ticae
2434 961 2792 1033 intelligentiae
2821 961 3071 1033 jungatur
3101 964 3420 1019 auctoritas?
3453 964 3590 1033 Quia
3614 967 3817 1028 videliee

2281 1039 2608 1121 Scripturam
2641 1067 2847 1108 sacram
2879 1067 2977 1124 pro
3012 1053 3126 1124 ipsa
3164 1067 3260 1109 sua
3293 1053 3573 1112 altitudine
3611 1072 3715 1113 non
3742 1075 3827 1119 uno

2279 1140 2572 1213 eodemque
2604 1157 2765 1199 sensu
2789 1143 3023 1200 universi
3060 1144 3342 1215 accipiunt,
3365 1146 3461 1203 sed
3481 1147 3720 1218 ejusdem
3735 1151 3829 1208 elo-

2279 1231 2404 1301 quia
2424 1232 2578 1288 aliter
2596 1240 2754 1303 atque
2773 1233 2927 1289 aliter
2945 1233 3079 1288 alius
3099 1240 3258 1304 atque
3288 1235 3425 1290 alius
3447 1236 3827 1307 interpretatur;

2280 1327 2340 1375 ut
2361 1334 2497 1391 pene
2532 1331 2661 1394 quot
2699 1323 2943 1380 homines
2963 1332 3109 1392 sunt,
3144 1332 3223 1380 tot
3260 1324 3404 1381 illinc
3441 1327 3720 1383 sententiae
3737 1330 3830 1390 cui

2280 1424 2437 1482 posse
2456 1414 2750 1472 videantur.
2775 1415 2945 1472 Aliter
2967 1431 3196 1487 namque
3226 1418 3371 1472 illam
3394 1418 3733 1489 Novatianus,
3754 1422 3829 1478 ali-

2280 1510 2365 1560 ter
2382 1504 2661 1575 Sabellius,
2684 1508 2838 1564 aliter
2857 1509 3091 1585 Donatus
3110 1510 3345 1580 exponit,
3371 1511 3526 1567 aliter
3546 1513 3723 1579 Arius,
3742 1513 3832 1570 Eu-

2280 1596 2517 1663 nomius,
2560 1597 2930 1666 Macedonius;
2972 1599 3127 1655 aliter
3166 1598 3427 1656 Photinus
3447 1643 3463 1668 ,
3513 1601 3831 1673 Apollinaris,

2280 1686 2639 1746 Priscillianus
2654 1733 2669 1758 ,
2708 1692 2862 1747 aliter
2885 1691 3192 1748 Iovinianus
3210 1735 3225 1761 ,
3248 1693 3492 1764 Pelagius
3510 1736 3527 1762 ,
3550 1693 3832 1765 Caelestius;

2279 1778 2435 1836 aliter
2466 1789 2735 1851 postremo
2759 1782 3051 1838 Nestorius.
3078 1782 3250 1854 Atque
3274 1784 3474 1842 idcirco
3504 1787 3726 1841 multum
3755 1804 3833 1845 ne-

2280 1883 2429 1925 cesse
2460 1879 2574 1938 est,
2604 1880 2821 1941 propter
2857 1880 3032 1928 tantos
3064 1882 3172 1927 tam
3195 1874 3326 1929 varii
3349 1876 3549 1931 erroris
3570 1874 3832 1948 anfractus,

2281 1969 2339 2016 ut
2360 1964 2682 2033 prophetica:
2716 1973 2771 2019 et
2794 1966 3096 2036 apostolicis
3129 1966 3580 2036 interpretationis
3605 1968 3739 2023 linea
3768 1984 3834 2026 se-

2281 2054 2512 2109 cundum
2540 2056 2896 2113 Ecclesiaslici
2918 2065 2971 2112 et
2989 2057 3247 2113 Catholici
3269 2072 3458 2115 sensus
3476 2076 3718 2115 normam
3738 2060 3834 2117 diri-

2279 2152 2451 2214 gatur.
2481 2144 2536 2199 ln
2562 2145 2676 2215 ipsa
2696 2147 2821 2202 item
2842 2146 3113 2203 Catholica
3150 2149 3386 2206 Ecclesia
3419 2164 3743 2222 magnopere
3757 2167 3835 2208 cu-

2281 2236 2505 2292 randum
2525 2246 2608 2293 est
2627 2246 2685 2292 ut
2709 2238 2762 2294 id
2781 2247 3054 2296 teneamus
3068 2241 3209 2311 quod
3232 2241 3444 2313 ubique,
3462 2243 3608 2313 quod
3626 2260 3835 2315 semper,

2281 2326 2423 2395 quod
2442 2326 2509 2382 ab
2527 2327 2770 2383 omnibus
2791 2328 3051 2385 creditum
3071 2337 3170 2385 est.
3189 2330 3303 2387 Hoc
3322 2339 3406 2387 est
3424 2333 3624 2387 etenim
3640 2334 3715 2406 (1)
3733 2350 3837 2392 vero

2279 2418 2594 2489 proprieque
2614 2418 2951 2487 catholicum,
2973 2420 3113 2491 quod
3136 2422 3248 2490 ipsa
3264 2422 3343 2477 vis
3364 2422 3599 2477 nominis
3619 2424 3835 2495 ratioque

2279 2506 2531 2577 declarat,
2559 2525 2677 2579 quae
2701 2511 2879 2565 omnia
2906 2510 3017 2567 fere
3041 2512 3413 2568 universaliter
3432 2513 3834 2584 comprehendit.

2279 2597 2386 2655 Sed
2406 2598 2509 2655 hoc
2530 2602 2602 2655 ita
2624 2600 2837 2656 demum
2874 2600 2963 2657 ﬁet
2982 2644 2995 2669 ,
3034 2602 3078 2657 si
3112 2617 3397 2673 sequamur
3420 2604 3838 2675 universitatem,

2277 2691 2663 2762 antiquitatem,
2686 2693 3109 2748 consensionem.
3134 2692 3626 2763 Sequemurautem
3647 2696 3838 2752 univer-

2277 2778 2486 2836 sitatem
2513 2780 2615 2836 hoc
2651 2780 2842 2850 modo,
2886 2783 2932 2837 si
2969 2782 3107 2838 hanc
3140 2799 3300 2839 unam
3337 2784 3497 2841 ﬁdem
3532 2801 3713 2841 veram
3736 2802 3836 2845 esse

2276 2866 2538 2925 fateamur
2570 2886 2729 2941 quam
2773 2880 2880 2927 toti
2923 2887 3021 2942 per
3056 2872 3241 2928 orbem
3279 2882 3542 2929 terrarum
3577 2876 3836 2934 conﬁtetur

2276 2958 2540 3027 Ecclesia;
2583 2962 2946 3032 antiquitatem
2972 2977 3098 3019 vero
3142 2964 3214 3019 ita
3234 3006 3248 3031 ,
3291 2964 3337 3020 sl
3375 2964 3454 3020 ab.
3486 2965 3571 3022 his
3611 2968 3837 3024 sensibus

2275 3051 2573 3107 nullatenus
2598 3052 2907 3108 recedamus
2932 3067 3066 3124 quos
3091 3061 3301 3109 sanctos
3327 3056 3554 3125 majores
3589 3071 3652 3112 ac
3676 3066 3836 3128 patres

2274 3150 2487 3198 nostros
2535 3143 2833 3199 celebrasse
2889 3141 3227 3198 manifestum
3272 3151 3355 3200 est
3390 3163 3403 3199 :
3450 3147 3836 3204 consensionem

2274 3248 2484 3303 quoque
2509 3233 2713 3301 itidem,
2742 3235 2808 3298 si.
2833 3235 2885 3288 in
2907 3234 3020 3304 ipsa
3046 3241 3327 3301 vetustate,
3344 3234 3582 3289 omnium
3600 3236 3684 3291 vel
3707 3245 3837 3294 certe

2273 3337 2411 3393 pene
2435 3325 2672 3379 omnium
2698 3324 3033 3379 sacerdotum
3059 3324 3258 3394 pariter
3281 3332 3336 3379 et
3360 3325 3727 3396 magistrorum
3754 3327 3837 3383 de-

2275 3413 2541 3470 ﬁnitiones
2559 3415 2949 3485 sententiasque
2970 3422 3253 3469 sectemur.

2344 3504 2431 3560 ll].
2461 3505 2599 3574 Quid
2624 3506 2781 3577 igitur
2805 3514 2929 3561 tunc
2966 3504 3121 3560 faciet
3154 3504 3489 3561 Christianus
3526 3505 3833 3576 catholicus,

2273 3595 2320 3651 si
2339 3610 2398 3651 se
2418 3596 2591 3666 aliqua
2608 3596 2858 3651 Ecclesiae
2876 3595 3130 3665 particula
3149 3595 3217 3648 ab
3236 3594 3550 3650 universalis
3570 3594 3689 3651 ﬁdei
3708 3611 3835 3651 com-

2273 3687 2524 3742 munione
2549 3686 2880 3756 praeciderit?
2899 3685 3034 3754 Quid
3056 3686 3236 3755 utique
3262 3685 3363 3740 nisi
3384 3692 3442 3739 ut
3465 3683 3712 3755 pestifero
3728 3701 3834 3741 cor-

2273 3784 2533 3848 ruptaque
2565 3777 2806 3832 membro
2838 3778 3118 3832 sanitatem
3156 3776 3389 3831 universi
3425 3776 3662 3847 corporis
3695 3786 3833 3834 ante-

2273 3868 2467 3937 ponat?
2504 3866 2641 3934 Quid
2674 3868 2721 3923 si
2754 3868 2959 3922 novella
2985 3868 3157 3938 aliqua
3190 3866 3435 3936 contagio
3460 3881 3567 3921 non
3594 3867 3701 3937 jam
3722 3882 3833 3939 por.

2275 3958 2560 4014 tiunculam
2594 3965 2798 4013 tantum
2817 3999 2833 4026 ,
2863 3956 2958 4013 sed
2982 3965 3146 4012 totam
3169 3957 3365 4026 pariter
3389 3955 3679 4012 Ecclesiam
3700 3971 3832 4015 com—

2344 4070 2420 4140 (l)
2448 4070 2774 4140 PrOprietate
2800 4068 3045 4123 catholici
3071 4065 3411 4140 nominis_u_si
3431 4074 3557 4140 sunt
3579 4066 3753 4121 Patres
3770 4065 3833 4121 ad

2272 4135 2585 4195 refellendos
2604 4139 2901 4209 haereticos.
2923 4138 3171 4209 quoniam
3185 4135 3729 4209 juxtal’rophetarum
3747 4149 3831 4190 va.

2271 4210 2449 4265 ticinia
2477 4226 2573 4281 per
2599 4208 2795 4281 Orbem
2827 4205 3164 4281 difhindenda
3188 4205 3315 4281 erat
3341 4205 3613 4281 Ecclesia,
3651 4216 3706 4281 el
3731 4220 3829 4261 non

2270 4275 2584 4336 coarctahda
2611 4280 2664 4334 in
2692 4279 2938 4350 angulum
2966 4294 3140 4349 parva:
3171 4277 3403 4350 regionis
3420 4317 3436 4343 ,
3475 4277 3560 4332 vel
3587 4275 3829 4350 i_n_Terr_2

2270 4352 2613 4475 aniculam;
2640 4345 2873 4432 alioquin
2905 4345 3130 4404 ut'recte
3156 4345 3329 4430 arguit
3345 4345 3569 4429 Optatus
3601 4346 3690 4402 lib.
3712 4345 3744 4401 2
3764 4345 3829 4401 de

2343 4421 2500 4475 lnsm.
2532 4421 2790 4475 Donatist.
2816 4419 3003 4474 numJ
3034 4438 3046 4473 :
3071 4439 3089 4471 ι
3112 4418 3212 4474 Ubi
3232 4426 3639 4475 erituronrletas
3652 4415 3826 4472 Catho-

2343 4421 2500 4476 hism.
2532 4415 2790 4476 Denatist.
2816 4419 3003 4474 numJ
3034 4438 3046 4473 :
3071 4439 3089 4471 ι
3112 4418 3212 4474 Ubi
3223 4415 3639 4487 eritproprietas
3652 4415 3826 4487 Catho-

2276 4509 2295 4543 α
2322 4492 2410 4546 lici
2437 4492 2687 4557 nominis,
2717 4507 2878 4561 quum
2905 4489 3029 4561 inde
3044 4489 3184 4561 dicta
3203 4489 3272 4542 sit
3295 4486 3585 4561 Catholici,
3615 4486 3742 4557 quod
3759 4486 3826 4561 sit

2275 4562 2643 4631 trationabilis
2678 4557 2751 4615 et‘
2773 4561 2969 4631 ubique
3001 4559 3207 4631 diffusa.
3233 4578 3250 4610 ι
3296 4557 3448 4631 Quod
3491 4557 3824 4631 nomenquia

2268 4628 2612 4687 honoriﬁcum
2633 4674 2647 4696 ,
2676 4626 2931 4701 spemque
2957 4630 3139 4685 salutis
3166 4628 3524 4701 complectens
3546 4669 3595 4701 ,_
3602 4626 3825 4701 invident

2267 4702 2512 4757 Hteretici
2533 4695 3082 4770 nobisfcona'nturque
3100 4695 3341 4770 eripere,
3345 4706 3403 4752 ut
3416 4698 3540 4752 olim
3556 4695 3820 4770 Christiani

2265 4787 2459 4827 nomen
2480 4772 2665 4827 invidit
2680 4772 2917 4827 Julianus
2936 4766 3206 4827 Apostata'.
3229 4769 3300 4823 At
3318 4768 3573 4823 Romana:
3591 4766 3821 4823 Ecclesia

2265 4841 2387 4895 filiis
2411 4843 2692 4897 convenire
2717 4851 2869 4897 acute
2894 4857 2957 4896 ex
2985 4836 3107 4911 ipsa
3140 4839 3512 4911 haereticorum
3536 4846 3708 4894 mente
3719 4836 3819 4911 _d_c-

2263 4921 2525 4991 monstrat
2553 4913 2905 4991 Augustinus
2931 4907 3031 4991 lib;
3055 4909 3167 4991 9p.
3212 4908 3510 4991 imperfecti
3534 4923 3689 4991 ,ιιιιειιίζ

2269 5000 2288 5033 ι
2312 4976 2719 5048 Athanasianos,
2744 4982 2930 5052 inquit,
2952 4981 3034 5052 vel
3055 4976 3441 5052 Homousianos
3454 4978 3635 5034 Ariani
3651 4976 3819 5032 Catho-

2269 5071 2287 5103 ι
2311 5052 2440 5125 lices
2459 5060 2796 5125 vocant,‘non
2817 5049 2870 5107 et
2895 5052 2983 5125 alii
2999 5049 3262 5125 _hmretie_i_.
3291 5049 3594 5125 Vosautem
3620 5061 3717 5125 non
3734 5059 3816 5125 sp-

2268 5141 2287 5174 ι
2315 5123 2422 5176 lum
2436 5194 2439 5195 ν
2451 5139 2481 5177 a
2500 5115 2805 5195 Cathoucis,
2829 5122 2923 5195 sed
2942 5120 3192 5195 etiamab
3217 5118 3545 5195 H_aer;cti_cis_a
3563 5116 3705 5173 vobis
3717 5115 3815 5195 glis-

2267 5210 2287 5244 t
2310 5193 2676 5259 sentientibus,
2701 5201 2755 5248 et
2778 5186 2929 5247 vobis
2950 5190 3229 5259 similibus,
3250 5188 3520 5259 Pelagiani
3540 5186 3772 5259 vocamini
3795 5201 3810 5237 :

2267 5281 2286 5314 ι
2308 5256 2751 5331 quemadmodum
2785 5276 2891 5315 non
2918 5269 3122 5315 tantum
3147 5275 3179 5331 a
3202 5256 3477 5331 Catholica
3496 5299 3513 5316 .
3560 5256 3653 5331 sed
3671 5256 3809 5310 etiam

2268 5352 2285 5384 ι
2309 5328 2693 5406 ab__h:eresibus
2711 5340 2967 5406 vocantur
2989 5329 3323 5406 Arianitﬁlos
3343 5343 3471 5384 vero
3481 5328 3594 5406 _soli
3619 5338 3710 5381 nos
3719 5337 3807 5406 ap:

2267 5422 2284 5454 ι
2311 5402 2514 5472 pellatis
2543 5401 2929 5469 Traducianos,
2970 5402 3107 5456 sicut
3141 5400 3213 5472 illi
3242 5398 3655 5472 Homousianos,
3691 5398 3808 5472 sicut

2267 5492 2284 5524 ‹
2303 5468 2588 5527 Donatistae
2612 5468 2956 5539 Macarianos,
2986 5472 3121 5526 sicut
3141 5468 3411 5539 Manichaei
3435 5468 3734 5531 Pharisaeos,
3757 5468 3806 5517 α

2266 5563 2284 5595 ι
2307 5544 2484 5598 caeteri
2512 5542 2745 5597 haeretici
2770 5537 2995 5597 diversis
3018 5539 3336 5596 nominibus.
3364 5537 3475 5594 Nec
3497 5539 3680 5593 mirum
3701 5544 3805 5589 esse

2264 5633 2283 5664 ι
2311 5613 2489 5679 debet,
2505 5612 2648 5683 quod
2667 5613 2789 5686 novi
2811 5612 3065 5686 haeretici,
3085 5609 3357 5686 catholicis
3376 5624 3410 5686 a
3429 5609 3617 5686 quibus
3633 5608 3803 5686 exegit}?

2266 5705 2283 5734 ε
2307 5677 2501 5738 novum
2523 5677 2721 5737 nomen
2742 5683 3015 5753 imponant
3034 5677 3195 5753 (quod
3220 5680 3417 5753 placuit
3433 5677 3598 5753 etiam
3611 5677 3798 5753 vanitati

2265 5773 2283 5806 ‹
2308 5754 2674 5808 ιιτριιθιίοοηιηι
2702 5747 2869 5808 nostri
2896 5747 3050 5821 aevi).'
3068 5747 3179 5808 Hoc
3198 5747 3363 5821 enim,
3386 5756 3441 5807 et
3462 5748 3551 5805 alii
3571 5747 3794 5809 fecerunt:

2267 5846 2283 5873 σ
2308 5824 2517 5885 quando
2537 5823 2778 5879 similiter
2801 5824 3062 5879 exierunt.
3083 5840 3104 5875 ι
