4018 6338
223 438 324 495 1141

210 547 480 604 maculare
505 543 753 599 conetur?
782 540 927 595 Tunc
953 540 1076 593 item
1098 536 1392 607 providebit
1412 544 1469 591 ut
1487 536 1784 605 antiquitati

213 639 469 693 inhaereat
487 679 501 704 ,
542 652 659 706 qua:
680 649 925 704 prorsum
946 633 1054 703 jam
1082 647 1184 685 non
1214 638 1384 701 potest
1408 630 1475 683 ab
1500 628 1603 683 ulla
1632 628 1783 682 novi-

213 730 336 785 tatis
363 727 544 783 fraude
570 725 769 781 seduci.
799 723 936 790 Quid
962 723 1006 777 si
1040 723 1093 776 in
1119 722 1232 791 ipsa
1252 728 1528 786 vetustate,
1559 718 1784 773 duorum

211 830 301 873 aut
327 821 486 873 trium
513 818 804 882 hominum,
824 816 906 870 vel
931 823 1076 870 certe
1100 813 1324 867 civitatis
1343 812 1498 865 unius
1518 818 1607 864 aut
1626 809 1785 863 etiam

212 910 496 980 provinciae
514 907 735 977 alicujus
756 922 905 960 error
923 904 1377 974 deprehendatur?
1405 903 1551 957 Tunc
1569 899 1785 955 omnino

211 998 413 1053 curabit
454 1005 513 1051 ut
550 1011 836 1066 paucorum
879 994 1157 1049 temeritati
1184 994 1265 1047 vel
1301 993 1553 1057 inscitiae,
1602 990 1647 1045 si
1682 1004 1786 1059 qua

208 1098 353 1155 sunt,
379 1088 747 1144 universaliter
767 1087 1052 1156 antiquitus
1088 1086 1397 1140 universalis
1423 1083 1675 1138 Ecclesiae
1708 1080 1785 1152 (1)

208 1178 422 1233 decreta
465 1186 754 1248 praeponat.
802 1176 937 1242 Quid
978 1176 1019 1229 si
1062 1176 1164 1229 tale
1203 1175 1400 1244 aliquid
1436 1181 1673 1242 emergat
1696 1170 1787 1224 ubi

208 1268 338 1323 nihil
358 1267 665 1337 hujusmodi
683 1267 1009 1336 reperiatur?
1035 1265 1179 1319 Tunc
1207 1281 1421 1334 operam
1441 1264 1585 1318 dabit
1605 1270 1661 1316 ut
1679 1261 1788 1316 col-

208 1356 342 1412 latas
369 1358 508 1412 inter
533 1371 591 1412 se
610 1357 871 1426 majorum
897 1357 1136 1411 consulat
1156 1357 1545 1425 interrogetque
1571 1361 1785 1408 senten-

207 1450 329 1515 tias,
360 1464 549 1505 eorum
576 1449 829 1504 duntaxat
866 1448 954 1517 qui
981 1447 1203 1502 diversis
1240 1447 1364 1501 licet
1388 1446 1713 1514 temporibus
1735 1451 1789 1497 et

206 1537 360 1606 locis,
393 1540 445 1593 in
473 1539 627 1594 unius
647 1547 822 1592 tamen
843 1539 1093 1593 Ecclesire
1112 1537 1395 1593 Catholicm
1416 1536 1789 1591 communione

206 1636 260 1683 et
284 1628 395 1683 ﬁde
429 1638 795 1698 permanentes
815 1672 829 1695 ,
858 1630 1094 1699 magistri
1121 1629 1417 1698 probabiles
1443 1629 1784 1694 exstiterunt;

207 1728 260 1772 et
285 1718 540 1788 quicquid
567 1735 672 1774 non
698 1736 833 1774 unus
866 1726 956 1773 aut
983 1720 1087 1774 duo
1110 1728 1333 1787 tantum,
1364 1719 1457 1774 sed
1484 1732 1668 1773 omnes
1696 1733 1788 1786 pa-

207 1808 336 1862 riter
364 1824 473 1863 uno
492 1808 784 1878 eodemque
803 1825 1065 1864 consensu
1090 1817 1289 1878 aperte,
1322 1808 1642 1877 frequenter,
1668 1822 1789 1876 per-

206 1907 519 1953 severanter
544 1900 803 1967 tenuisse,
845 1901 1142 1971 scripsisse,
1172 1900 1414 1954 docuisse
1450 1899 1784 1969 cognoverit,

206 1990 258 2044 id
287 1990 396 2043 sibi
428 2005 636 2060 quoque
670 1991 922 2061 intelligat
960 1991 1159 2060 absque
1185 1990 1290 2044 ulla
1317 1990 1641 2045 dubitatione
1667 2005 1786 2044 cre-

205 2078 466 2133 dendum.

278 2170 371 2222 1V.
418 2170 523 2225 Sed
562 2180 618 2225 ut
660 2172 897 2240 planiora
940 2172 1065 2226 fiant
1101 2188 1218 2243 qua:
1262 2172 1504 2239 d.eimus,
1535 2173 1788 2242 exemplis

206 2258 518 2329 singillatim
562 2261 867 2316 illustranda
904 2270 1024 2316 sunt
1050 2270 1103 2317 et
1128 2262 1283 2332 paulo
1320 2263 1532 2317 uberius
1564 2278 1791 2332 exagge-

206 2350 408 2415 randa;
440 2367 507 2405 ne
528 2351 821 2407 immodicm
840 2353 1109 2408 brevitatis
1128 2353 1302 2407 studio
1322 2354 1590 2422 rapiantur
1608 2370 1789 2408 rerum

207 2438 453 2506 pondera
498 2441 753 2495 orationis
796 2442 1079 2497 celeritate.
1112 2443 1370 2512 Tempore
1407 2444 1593 2497 Donati
1632 2443 1728 2513 (2),
1758 2458 1790 2499 a

204 2542 312 2595 quo
341 2529 650 2596 Donatistre,
680 2546 799 2585 cum
828 2546 944 2585 sese
966 2532 1039 2602 (5)
1068 2532 1229 2585 multa
1265 2547 1385 2600 pars
1408 2531 1601 2587 Africae
1626 2533 1678 2586 in
1705 2549 1790 2587 er-

276 2636 360 2707 (1)
380 2638 628 2693 Vetustus
646 2637 825 2694 Codex
846 2640 1041 2709 Regius
1062 2639 1237 2706 habet,
1258 2639 1560 2694 Universalis
1580 2640 1792 2696 Concilii

203 2706 435 2760 dareta.
468 2710 729 2763 Baluzius.

276 2778 360 2848 (2)
412 2779 959 2849 Donatumrlllagnum
1002 2780 1088 2833 hic
1132 2781 1371 2849 intelligit
1396 2781 1730 2848 Vincentius,
1760 2798 1790 2837 a

204 2862 309 2915 quo
339 2849 638 2917 appellatos
672 2848 834 2903 fuisse
874 2850 1172 2904 Donatistas
1200 2851 1253 2903 in
1280 2848 1393 2903 Divi
1422 2852 1646 2905 Possidii
1674 2854 1791 2907 Vita

203 2916 483 2972 luculento
496 2918 671 2988 Optati
685 2920 984 2974 testimonio
1003 2921 1280 2989 probatum
1301 2928 1407 2985 est;
1432 2937 1589 2989 quem
1616 2923 1792 2977 locum

202 2989 457 3061 consulat
480 2989 672 3061 lector.
702 2990 995 3045 Observare
1020 2998 1195 3045 tamen
1229 2999 1436 3061 oportet
1461 2992 1611 3061 longa
1638 3001 1793 3047 aetate

203 3068 327 3126 post
375 3059 609 3113 schisma
655 3061 919 3114 invectum
960 3061 1248 3129 appellatos
1292 3060 1454 3115 fuisse
1495 3059 1571 3116 ex'
1604 3064 1792 3117 Donati

238 3137 361 3201 arte
383 3129 507 3201 ejus
526 3137 840 3201 sectatores,
858 3146 1018 3199 quum
1047 3131 1215 3199 primo
1240 3131 1538 3185 dicerentur
1558 3148 1621 3186 ex
1644 3141 1793 3201 parte

230 3198 475 3267 lajorini.
520 3200 655 3255 Hinc
699 3201 753 3254 in
795 3198 1061 3255 relatione,
1092 3200 1305 3256 Anulini
1349 3198 1683 3256 Proconsulis
1726 3203 1793 3258 ad

202 3267 618 3324 Constantinum
652 3271 876 3340 legitur:
914 3271 1181 3325 «Libellus
1225 3271 1473 3325 Ecclesia:
1507 3272 1793 3327 Catholica:

208 3357 225 3387 ι
248 3340 543 3411 criminum
583 3340 847 3411 Cmciliani
888 3342 1110 3396 traditus
1146 3357 1177 3395 a
1204 3350 1354 3411 parte
1379 3342 1635 3411 Majorini.
1660 3364 1676 3395 ι
1710 3344 1794 3399 Si—

208 3357 225 3387 ι
248 3357 543 3394 criminum
583 3357 847 3395 Caecumm
888 3357 1110 3396 traditus
1146 3357 1177 3395 a
1241 3357 1354 3395 arte
1379 3357 1635 3411 majorrm.
1660 3364 1676 3395 ι
1710 3357 1794 3399 δι-

203 3409 411 3481 niiliter
430 3411 753 3480 Augustinus
777 3410 902 3465 dum
922 3411 988 3465 de
1012 3412 1189 3466 libello
1204 3357 1443 3481 loquitur
1468 3413 1540 3466 ait
1564 3414 1794 3468 ablatum

204 3478 446 3551 fuisse}:
472 3478 627 3551 parte
664 3481 922 3551 Majorim'.
951 3481 1020 3535 At
1050 3483 1169 3551 quia
1204 3478 1344 3536 circa
1376 3498 1498 3536 ann.
1530 3482 1628 3537 Ch.
1667 3485 1790 3551 570,

203 3550 311 3617 jam
344 3549 626 3623 dicebatur
651 3549 845 3623 Donati
864 3567 1013 3623 pars;
1058 3549 1245 3622 (quasi
1270 3566 1413 3617 vere,
1438 3554 1606 3622 inquit
1630 3549 1793 3623 Opta4

209 3638 226 3669 ι
253 3628 365 3691 tus,
400 3621 655 3689 populum
680 3637 799 3675 cum
828 3622 937 3676 Deo
962 3621 1247 3688 divisisset,
1278 3629 1337 3676 ut
1361 3621 1618 3691 intrepide
1644 3621 1795 3679 suam

208 3690 466 3761 (diceret
510 3700 711 3760 partem
738 3710 751 3745 :
776 3711 793 3742 ›
842 3692 1119 3761 propterea
1160 3693 1259 3748 iste
1301 3692 1357 3747 S.
1389 3693 1480 3746 Vir
1500 3690 1607 3747 ilib.
1651 3695 1684 3747 5
1728 3695 1795 3750 de

203 3760 445 3833 §chism.
478 3762 734 3833 Donatist.
765 3760 993 3833 nuinu3,
1025 3762 1292 3833 disserens
1320 3763 1385 3817 de
1409 3764 1607 3830 libello,
1635 3781 1795 3833 quem

203 3830 565 3903 Constantino
603 3831 861 3903 dederunt
890 3831 1105 3901 Capito,
1146 3832 1433 3903 Nasucius,
1478 3830 1702 3903 Dignus,
1742 3844 1796 3889 et

204 3901 402 3986 egeteri
419 3902 875 3986 Episcopihvocat
899 3917 991 3957 eos
1021 3904 1176 3983 partis
1196 3902 1401 3967 Donati,
1426 3912 1479 3984 et
1506 3901 1609 3958 non
1634 3905 1796 3986 lllajo-

205 3971 306 4023 rini
327 4011 340 4035 ,
374 3969 527 4043 forte,
544 3969 908 4043 substituendo
933 3969 1109 4027 notius
1136 3989 1328 4028 nomen
1356 3975 1588 4043 antiquo.
1618 3976 1687 4029 At
1712 3969 1794 4029 in-

204 4041 745 4114 genueenihilominus
761 4042 935 4114 Optati
956 4043 1160 4111 lapsum
1186 4044 1334 4098 fateri
1360 4041 1614 4098 debemus
1639 4064 1650 4098 :
1675 4046 1796 4114 quia

203 4126 267 4163 ex
300 4112 400 4164 tali
431 4112 612 4166 libello
638 4112 795 4167 infert
820 4113 1001 4166 Roma:
1027 4129 1058 4166 a
1076 4114 1380 4179 Melchiade,
1406 4123 1457 4168 et
1476 4112 1711 4169 Concilio
1729 4116 1797 4170 ab

202 4180 403 4235 eodem
420 4182 689 4255 eelebrato
704 4184 1054 4252 proscriptum
1071 4183 1232 4238 fuisse
1248 4185 1506 4255 Donatum
1524 4186 1761 4255 Magnum
1778 4204 1793 4253 ;

242 4266 373 4304 uum
424 4252 479 4305 in
510 4251 799 4307 Collatione
844 4251 1204 4309 concesserint
1244 4254 1501 4309 Catholici
1538 4251 1797 4311 Praesules

240 4326 529 4395 amnatnm
574 4337 697 4395 esse
736 4324 996 4395 Donatum
1039 4338 1171 4395 esse
1195 4324 1224 4377 ὸ
1260 4324 1411 4378 Casis
1446 4325 1636 4395 Nigris.
1669 4326 1799 4381 Vide

204 4391 574 4465 Augustinum
600 4392 654 4447 in
676 4394 827 4447 Brev.
857 4393 1043 4465 collat.
1073 4393 1177 4447 dici
1206 4394 1374 4448 tertim
1392 4391 1602 4463 capfl?
1626 4403 1679 4450 et
1708 4397 1793 4465 17,

203 4468 258 4514 et
284 4461 348 4532 in
372 4461 472 4532 lib.
506 4462 734 4516 Retraet.
765 4478 880 4532 cap.
902 4464 990 4518 21.

278 4530 361 4601 (5)
418 4531 626 4605 (ξωξηρ
664 4530 870 4599 seculo,
913 4533 1102 4605 Optato
1148 4542 1310 4601 teste,
1348 4535 1517 4605 major
1550 4544 1663 4590 erat
1696 4554 1797 4591 nu-

205 4616 400 4674 merus
424 4601 815 4674 Catholicorum
844 4605 896 4658 in
927 4601 1123 4670 Africa,
1153 4622 1315 4674 quum
1341 4601 1515 4672 libfﬁ,
1544 4622 1598 4660 n.
1629 4607 1683 4673 l,
1704 4608 1801 4662 Do-

204 4671 427 4746 natistis
461 4672 553 4746 vis
594 4674 903 4746 particulam
939 4671 1220 4746 concedat,
1270 4676 1452 4731 dicens
1476 4671 1543 4729 :i
1568 4671 1705 4746 Ergo
1742 4684 1801 4731 ut

210 4760 227 4787 ι
256 4741 510 4817 Ecclesia
539 4741 591 4817 i_n
618 4745 870 4811 particula
893 4744 1103 4817 Africze,
1133 4746 1186 4799 in
1212 4746 1403 4817 angulo
1430 4761 1603 4814 parvae
1623 4741 1797 4817 regio-

209 4828 227 4858 ι
260 4811 383 4885 ni_s_,
428 4812 568 4880 apud
595 4828 689 4867 vos
723 4828 842 4885 esse
879 4816 1076 4885 possit,
1115 4816 1254 4885 apud
1286 4811 1391 4869 nos
1427 4811 1481 4870 in
1524 4817 1622 4870 alia
1652 4811 1800 4885 parte

208 4899 226 4929 ι
248 4880 458 4935 Africa?
488 4897 594 4936 non
621 4884 752 4937 erit?
771 4903 788 4934 ι
833 4880 900 4939 At
934 4884 1119 4940 eodem
1150 4880 1359 4941 labente
1385 4887 1562 4940 seculo
1590 4880 1799 4942 ac'ver-

202 4960 397 5023 gente,
417 4952 571 5022 longe
599 4954 776 5022 plures
802 4962 953 5009 erant
976 4955 1329 5023 Schismatici,
1360 4963 1419 5009 ut
1442 4955 1606 5011 refert
1630 4958 1800 5012 Possi-

203 5020 333 5095 (lius
362 5022 420 5076 in
436 5020 723 5095 Augustini,
738 5024 854 5078 Vita
875 5040 990 5095 cap.
1018 5027 1068 5091 7,
1097 5026 1223 5081 dum
1248 5020 1323 5080 ait
1345 5045 1356 5079 :
1392 5045 1409 5077 ‹
1434 5026 1536 5082 Per
1558 5036 1799 5083 sanctum

208 5110 227 5139 «
256 5092 417 5145 illum
452 5092 625 5147 virum
651 5135 665 5160 ,
714 5094 891 5149 levare
934 5092 987 5149 in
1031 5095 1207 5151 Africa
1250 5096 1484 5151 Ecclesia
1530 5095 1800 5153 Catholica

209 5179 229 5212 ι
259 5177 466 5236 exorsa
496 5170 578 5217 est
602 5172 1033 5236 caput,quze.....
1056 5166 1414 5235 rebaptizante
1439 5168 1625 5221 Donati
1652 5176 1800 5236 parte

211 5249 230 5280 ς
255 5232 530 5312 majorem
551 5232 939 5312 multitudinem
960 5232 1225 5312 Afrorum,
1242 5236 1454 5312 seducta
1477 5245 1529 5292 et
1547 5232 1801 5312 oppressa

212 5321 229 5349 ι
256 5302 501 5376 jacebat.
525 5322 547 5376 ξ
558 5303 826 5376 Suspicor
845 5306 916 5359 ita
936 5307 1164 5360 crevisse
1190 5306 1488 5373 factionem,
1518 5302 1639 5376 quia
1664 5308 1801 5363 intra

206 5373 380 5426 anius
407 5374 572 5446 seculi
598 5376 824 5446 spatium
850 5376 937 5430 vix
963 5392 1128 5443 unus,
1157 5384 1210 5431 et
1235 5378 1386 5443 alter,
1414 5373 1636 5446 Optatus
1660 5394 1802 5432 nem-

205 5456 301 5512 pe,
349 5450 408 5517 et
432 5442 784 5517 Augustinus,
827 5446 1025 5517 inventi
1052 5442 1194 5513 sunt,
1223 5449 1313 5517 qui
1355 5442 1565 5517 Scriptis
1590 5449 1799 5502 illorum

205 5513 498 5587 aperirent
521 5513 729 5587 fraudes
766 5531 827 5569 ac
852 5516 1001 5571 dolos
1017 5559 1031 5582 ,
1060 5513 1533 5587 convin'cerentque
1560 5518 1795 5586 insidias,

205 5598 387 5705 gnum
411 5583 623 5638 interim
652 5585 936 5640 Donatistae
962 5603 1131 5640 omnes
1159 5605 1245 5658 per
1268 5583 1465 5659 δεηθειιὰ
1494 5589 1603 5642 loca
1639 5583 1798 5642 male-1

244 5653 350 5705 ἱεὶς
378 5654 581 5705 vocibus
608 5664 993 5705 nerstrenerent-
1024 5667 1082 5705 ut
1108 5658 1337 5705 lomritnr
1374 5657 1592 5705 Ontatns
1618 5658 1708 5705 lih-
1743 5659 1793 5705 1-

244 5653 350 5706 icis
378 5654 993 5727 vocibusperstreperent,
1024 5667 1082 5711 ut
1107 5653 1592 5727 loquitur'Optatus
1618 5658 1708 5712 lib.
1743 5659 1795 5725 1,

208 5738 382 5799 ﬁlim;
403 5725 459 5790 4,
489 5724 679 5799 quibus
689 5724 1078 5799 ipseabAaliqua
1103 5724 1359 5799 occasione
1378 5724 1578 5799 arrepta
1601 5724 1801 5799 respon-

207 5791 314 5883 ᾷὶι.
340 5790 462 5860 Quo
484 5790 663 5865 modo,
687 5790 854 5868 inquit
871 5790 1110 5869 Optatus,
1146 5819 1163 5847 ε
1188 5798 1425 5866 satisfiet,
1448 5790 1503 5855 et
1522 5790 1799 5854 desideriis

1380 441 1953 500 COMMONITORIUM
2011 440 2293 500 PRIMUM.

3349 440 3457 502 612

1887 538 2023 591 roris
2048 540 2130 591 sui
2150 539 2313 592 furias
2338 540 2708 609 prmcipitaret,
2737 555 2961 611 cumque
2979 539 3259 600 immemor
3282 545 3455 602 nomi-

1887 629 1988 695 nis,
2018 629 2303 699 religionis,
2328 632 2684 699 professionis,
2714 633 2868 687 unius
2897 632 3127 688 hominis
3147 636 3453 705 sacrilegam

1888 719 2237 773 temeritatem
2263 720 2513 776 Ecclesiae
2549 722 2743 777 Christi
2770 732 3130 793 praeponeret,
3175 732 3299 780 tunc
3339 729 3456 795 qni-

1888 825 2112 881 cumque
2133 826 2228 881 per
2250 811 2481 867 Africam
2506 816 2794 882 constituti,
2823 814 3039 885 profano
3065 815 3349 871 schismate
3373 816 3457 870 de

1888 911 2099 972 testato,
2134 905 2393 959 universis
2418 906 2599 959 mundi
2632 907 2881 961 Eeclesiis
2904 907 3156 961 adsociati
3178 914 3330 973 sunt,
3361 906 3458 961 soli

1889 1010 1954 1049 ex
1971 997 2071 1051 illis
2091 996 2333 1050 omnibus
2357 995 2493 1049 intra
2513 996 2739 1050 sacraria
2760 996 3031 1051 catholicae
3046 996 3167 1051 fidei
3189 996 3320 1052 salvi
3340 1011 3459 1051 esse

1888 1094 2200 1156 potuerunt;
2244 1088 2507 1157 egregiam
2548 1085 2782 1155 profecto
2835 1087 3191 1157 relinquentes
3234 1086 3459 1156 posteris

1888 1178 2131 1246 formam,
2153 1178 2595 1248 quemadmodum
2612 1178 2813 1233 scilicet
2836 1177 3106 1247 deinceps,
3125 1179 3266 1232 bono
3286 1192 3455 1244 more,

1889 1269 2044 1323 unius
2077 1277 2167 1322 aut
2191 1278 2332 1323 certe
2358 1283 2642 1337 paucorum
2670 1267 2897 1322 vesaniae
2924 1267 3285 1321 universorum
3314 1266 3458 1321 sani-

1891 1366 1971 1413 tas
2009 1359 2374 1416 anteferretur.
2418 1359 2547 1413 ltem
2590 1359 2800 1428 quando
2838 1358 3154 1412 Arianorum
3200 1373 3461 1413 venenum

1890 1464 1994 1503 non
2017 1450 2124 1519 jam
2152 1451 2532 1523 portiunculam
2576 1448 2877 1519 quamdam,
2901 1448 2995 1503 sed
3016 1464 3150 1518 pene
3174 1448 3355 1503 orbem
3377 1456 3460 1503 ω-

1890 1545 2002 1592 tum
2046 1539 2492 1594 contaminaverat
2515 1582 2528 1606 ,
2576 1538 2709 1594 adeo
2748 1546 2807 1593 ut
2844 1553 3007 1607 prope
3045 1537 3248 1592 cunctis
3291 1538 3461 1593 Latini

1891 1629 2150 1683 sermonis
2177 1630 2448 1699 Episcopis
2474 1630 2663 1699 partim
2682 1630 2754 1696 vi,
2784 1630 2973 1699 partim
2997 1628 3181 1683 fraude
3205 1628 3459 1697 deceptis,

1890 1717 2058 1789 caligo
2076 1718 2317 1788 quaedam
2341 1720 2606 1774 mentibus
2629 1718 3005 1786 effunderetur,
3033 1718 3283 1789 quidnam
3307 1718 3465 1788 potis

1891 1808 2083 1862 simum
2117 1810 2171 1863 in
2197 1816 2339 1863 tanta
2374 1826 2551 1864 rerum
2592 1809 2901 1865 confusione
2939 1810 3264 1879 sequendum
3303 1807 3461 1877 foret,

1890 1904 2016 1953 tunc
2039 1899 2276 1969 quisquis
2309 1914 2466 1954 verus
2492 1899 2685 1955 Christi
2711 1906 2914 1953 amator
2950 1906 3003 1953 et
3027 1898 3196 1953 cultor
3227 1898 3460 1965 exstitit,

1890 1989 2159 2058 antiquam
2193 1989 2352 2045 fidem
2390 1991 2609 2046 novellze
2647 1990 2881 2060 perﬁdiae
2919 1990 3248 2060 praeferendo
3267 2033 3282 2057 ,
3322 1990 3464 2045 nulla

1890 2079 2117 2148 contagii
2137 2079 2302 2149 ipsius
2321 2087 2467 2149 peste
2492 2080 2785 2134 maculatus
2799 2087 2899 2135 est.
2917 2078 3080 2149 Cujus
3099 2080 3310 2150 quidem
3338 2088 3466 2135 tem-

1890 2170 2035 2238 poris
2062 2170 2294 2239 periculo
2314 2171 2442 2225 satis
2468 2185 2731 2240 superque
2748 2176 3096 2224 monstratum
3112 2177 3195 2225 est
3211 2177 3465 2240 quantum

1891 2261 2168 2318 invehatur
2224 2262 2537 2317 calamitatis
2587 2262 2779 2317 novelli
2828 2261 3088 2331 dogmatis
3138 2260 3460 2316 inductione.

1893 2351 2043 2406 Hunc
2068 2352 2327 2422 siquidem
2348 2368 2453 2407 non
2480 2352 2649 2406 solum
2670 2367 2844 2421 parva
2864 2366 2971 2418 res,
3000 2350 3094 2405 sed
3114 2350 3273 2406 etiam
3293 2351 3463 2406 maxi-

1892 2459 1993 2497 mae
2031 2444 2356 2498 labefactata:
2389 2451 2531 2497 sunt.
2576 2443 2686 2498 Nec
2724 2443 2866 2497 enim
2905 2448 3108 2496 tantum
3145 2440 3463 2510 adfinitates,

1893 2535 2230 2604 cognationes
2249 2576 2264 2601 ,
2293 2534 2535 2589 amicitia:
2556 2575 2570 2600 ,
2610 2532 2799 2587 domus
2818 2574 2833 2599 ,
2871 2548 3054 2587 verum
3087 2532 3247 2586 etiam
3282 2531 3464 2599 urbes,

1892 2626 2092 2695 populi,
2121 2625 2425 2695 provinciae,
2454 2626 2716 2691 nationes,
2743 2623 3050 2678 universum
3076 2630 3344 2692 postremo
3367 2621 3468 2675 Ro:

1892 2731 2107 2771 manum
2128 2716 2411 2785 imperium
2437 2714 2669 2769 funditus
2695 2728 3010 2770 concussum
3032 2720 3085 2768 et
3104 2719 3335 2767 emotum
3363 2720 3463 2767 est.

1892 2807 2129 2877 Namque
2154 2823 2275 2862 cum
2301 2806 2572 2877 propbana
2598 2808 2711 2875 ipsa
2732 2805 3048 2860 Arianorum
3075 2805 3301 2870 novitas,
3324 2803 3470 2857 velut

1893 2897 2137 2966 quaedam
2161 2897 2375 2952 Bellona
2394 2904 2486 2951 aut
2504 2896 2662 2961 furia,
2679 2904 2833 2965 capto
2852 2896 3023 2964 primo
3043 2895 3277 2949 omnium
3297 2893 3469 2962 Impe-

1892 2994 2069 3041 ratore
2091 2986 2188 3055 (1),
2208 2994 2395 3041 cuncta
2421 2985 2611 3040 deinde
2637 2985 2815 3054 palatii
2842 2984 3067 3039 culmina
3094 2983 3298 3053 legibus
3317 2983 3469 3036 novis

1894 3077 2260 3147 subjugasset,
2316 3090 2648 3147 nequaquam
2692 3075 2941 3144 deinceps
2987 3074 3187 3129 destitit
3225 3074 3468 3128 universa

1894 3168 2120 3223 miscere
2141 3176 2298 3237 atque
2322 3182 2545 3233 vexare,
2582 3166 2783 3236 privata
2818 3180 2880 3219 ac
2905 3164 3107 3234 publica
3124 3206 3138 3229 ,
3168 3178 3316 3218 sacra
3344 3177 3470 3232 pro-

1895 3257 2171 3327 phanaquc
2191 3257 2389 3323 omnia,
2407 3256 2609 3310 nullum
2621 3255 2741 3309 boni
2761 3262 2812 3309 et
2831 3254 2941 3308 veri
2960 3269 3146 3323 gerere
3162 3253 3468 3321 discrimen,

1896 3348 1989 3402 sed
2009 3362 2368 3418 quoscumque
2394 3346 2762 3411 conlibuisset,
2793 3343 3040 3413 tanquam
3078 3343 3143 3397 de
3169 3343 3285 3396 loco
3312 3358 3471 3412 supe-

1895 3440 2035 3493 riore
2056 3448 2351 3509 percutere.
2372 3438 2519 3491 Tunc
2533 3444 2803 3491 temerata:
2816 3434 3087 3504 eonjuges,
3102 3433 3378 3501 depullatac
3395 3432 3472 3503 (2)

1902 3568 1919 3600 ‹
1944 3550 2257 3619 aliquorum.
2286 3549 2417 3602 Nam
2444 3562 2473 3602 a
2504 3547 2682 3601 multis
2708 3545 3236 3619 szepehdesideratum
3268 3552 3388 3619 est,
3416 3550 3475 3601 ut

1902 3639 1921 3672 ι
1940 3620 2003 3674 ad
2030 3614 2332 3674 eruendam
2357 3620 2633 3672 veritatem
2652 3660 2666 3684 ,
2716 3616 2783 3669 ab
2821 3616 3082 3684 aliquibus
3107 3614 3475 3669 defensoribus

1904 3708 1921 3740 ς
1941 3690 2216 3744 conﬂictus
2242 3690 2470 3758 partium
2498 3687 2808 3758 haberetur;
2841 3694 2893 3739 et
2918 3685 3031 3740 fieri
3062 3685 3249 3758 potuit.
3274 3703 3292 3735 ι

1968 3760 2042 3831 (1)
2066 3754 2710 3831 Οοηδιάηῐίιιηιίίηῳιιίίέίῑ,
2740 3756 2805 3810 de
2826 3771 2931 3831 quo
2959 3754 3472 3831 acerrimequeritur

1897 3824 2126 3884 Hilarius
2152 3830 2476 3884 Pictavensis
2514 3824 2647 3881 libro
2682 3824 2863 3881 contra
2899 3825 3144 3880 eumdem
3170 3824 3310 3879 edito
3335 3839 3474 3879 anno

1896 3900 2023 3955 Chr.
2054 3900 2175 3955 560.
2201 3901 2271 3954 At
2295 3899 2516 3954 candide
2543 3898 2691 3952 fateri
2717 3904 2925 3965 oportet
2938 3896 3075 3965 quod
3098 3895 3472 3965 Imperatorem

1934 3986 2116 4025 rorsus
2157 3979 2375 4025 excusat
2409 3970 2541 4023 alter
2584 3964 2820 4037 ejusdem
2861 3964 3035 4020 meriti
3070 3966 3151 4037 vir
3189 3964 3473 4037 Gregorius

1944 4042 2260 4095 azianzenus
2279 4039 2540 4095 lnvectiva
2570 4034 2625 4103 l,
2660 4038 2712 4091 in
2738 4037 2999 4091 lulianum
3028 4036 3213 4089 eadem
3236 4034 3472 4088 scribens

1898 4119 2245 4180 tempestate;
2276 4110 2423 4180 etde
2449 4108 2883 4180 patratisraeerbe
2911 4107 3115 4160 incusat
3142 4105 3358 4170 aulicos,
3391 4110 3473 4158 to—

1899 4178 2086 4235 tam—in
2115 4182 2245 4236 istos
2270 4179 2555 4235 refundens
2583 4178 2851 4231 invidiam.

1971 4252 2142 4322 (multa
2164 4251 2487 4322 antiquiores
2513 4247 3067 4322 editiones,_D_uacensi
3094 4252 3332 4322 excepta,
3355 4259 3475 4314 qua:

1900 4316 2001 4377 fert
2024 4316 2359 4392 depopulatae.
2389 4321 2581 4392 Notum
2611 4326 2693 4392 est
2715 4317 2904 4392 viduis,
2932 4316 3243 4392 virginibus,
3267 4329 3473 4392 119W:

1900 4340 2001 4377 18η
2024 4340 2085 4375 ae
2123 4340 2359 4392 oputaue.
2390 4340 2581 4374 “Otum
2611 4340 2693 4372 υδι
2716 4340 2904 4384 νιυυιδ,
2935 4340 3243 4386 νιηςιιιιυυθ,
3267 4340 3330 4368 tu;
3358 4340 3473 4383 μω-

1899 4340 2187 4447 ηἱιθηιίΕιιε
2226 4392 2394 4445 nullas
2437 4388 2710 4458 impositas
2740 4387 2920 4458 fuisse
2948 4395 3142 4441 vestes.
3186 4385 3242 4438 ln
3276 4384 3476 4458 Μίδεωιί

1900 4462 2223 4517 Francorum
2246 4462 2338 4516 lib.
2368 4462 2422 4527 ὅ,
2450 4455 2698 4527 Liturgize
2724 4457 3005 4512 Gallicana:
3030 4471 3237 4511 numer.
3266 4455 3353 4519 11,
3378 4470 3475 4510 ex-

1901 4542 2005 4590 stat
2026 4532 2323 4587 benedictio
2348 4531 2781 4586 vestimentorum
2811 4527 2989 4581 Vidua:
3004 4568 3019 4593 ,
3062 4540 3181 4593 quae
3204 4532 3478 4593 comparet

1901 4604 2080 4668 etiam,
2109 4603 2163 4657 in
2183 4602 2368 4657 ordine
2387 4602 2645 4655 Romano.
2670 4598 2804 4652 Hinc
2822 4596 3047 4651 Sanctus
3066 4595 3305 4668 Asterius
3315 4595 3477 4668 Ama-

1901 4688 2005 4728 sea:
2032 4665 2357 4742 Hellesponti
2382 4670 2682 4742 Metropolis
2709 4668 2941 4742 Antistes
2960 4668 3022 4742 in
3061 4665 3310 4742 Oratione
3337 4665 3475 4742 San-

1902 4753 1999 4798 ct:e
2024 4736 2350 4813 Eupheiniaa,
2380 4736 2785 4813 inquit—numer.
2810 4737 2874 4791 ὃς
2902 4756 2919 4787 ‹
2944 4736 3131 4813 Adstat
3150 4736 3310 4813 Virgo
3334 4737 3477 4806 puba

1907 4832 1924 4865 ‹
1946 4806 2123 4893 veste;
2149 4829 2210 4868 ac
2244 4806 2400 4893 pallio
2442 4806 2842 4893 philosophiam
2855 4806 3151 4893 professa.)
3178 4806 3261 4893 ,Εἰ
3278 4807 3477 4893 iterum

1902 4899 2047 4939 num.
2080 4875 2142 4951 1,
2188 4902 2205 4934 ‹
2229 4875 2375 4938 easta
2404 4875 2561 4951 virgo
2580 4880 2634 4951 in
2653 4875 2819 4951 'pullis
2844 4875 3081 4951 vestibus
3107 4875 3299 4951 sedens
3332 4877 3472 4951 sola,

1908 4973 1926 5005 ‹
1950 4945 2139 5008 manus
2163 4954 2346 5008 ambas
2380 4945 2614 5006 extehdit
2636 4945 2687 5002 in
2715 4949 2926 5004 coelum.
2950 4966 2968 4999 ι
3007 4946 3210 5002 Floruit
3235 4945 3477 5002 Asterius

1901 5025 2039 5097 circa
2059 5025 2092 5097 4
2113 5024 2275 5097 seculi
2294 5023 2459 5097 tinem
2481 5018 3074 5097 Arcadio__lmperatore.
3096 5016 3174 5097 _Ut
3190 5023 3375 5097 autem
3392 5018 3475 5097 vi-

1902 5095 2019 5149 duis
2059 5094 2238 5149 Ariani
2278 5092 2618 5147 detraxerunt
2643 5087 2827 5159 pullas
2847 5096 3055 5159 vestes,
3093 5087 3165 5141 ita
3190 5087 3475 5159 Donatista:

1903 5164 2119 5220 sacratis
2149 5165 2259 5219 Deo
2284 5163 2572 5220 virginibus
2596 5156 2822 5215 mitellas
2860 5158 3204 5213 abstulerunt.
3253 5175 3272 5209 ‹
3290 5156 3476 5211 Detra—

1908 5254 1927 5285 ί
1950 5236 2119 5301 xistis,
2160 5234 2329 5303 inquit
2353 5227 2572 5302 Optatus
2592 5231 2684 5285 lib.
2704 5229 2925 5303 _6,_n.__4,
2947 5243 3051 5303 no_n
3089 5227 3275 5297 capitis
3313 5242 3473 5281 oma-

1909 5324 1927 5355 ‹
1950 5299 2149 5370 menta,
2178 5299 2272 5359 sed
2292 5299 2443 5357 honre
2464 5301 2748 5356 voluntatis
2771 5299 2982 5354 indicia.
3004 5299 3119 5370 Jam
3139 5304 3474 5370 consecratos

1909 5393 1927 5425 ι
1951 5376 2061 5429 Deo
2093 5366 2359 5443 sparsistis
2394 5372 2677 5443 immundis
2702 5371 2969 5443 cineribus
2999 5369 3201 5443 crines,
3240 5366 3475 5443 jussistis

1909 5462 1928 5497 ‹
1950 5446 2108 5519 etiam
2122 5435 2257 5519 falsa
2279 5459 2414 5519 aqua
2434 5442 2696 5513 perfundi.
2716 5442 2794 5519 _Et
2817 5440 3017 5519 utinam
3149 5437 3204 5492 id
3224 5435 3366 5507 quod
3384 5443 3474 5519 tu:

1910 5535 1928 5568 ‹
1950 5516 2114 5581 listis,
2156 5509 2409 5589 velociter
2432 5509 2760 5589 reponeretis
2790 5529 2802 5564 :
2832 5509 3164 5589 protrax‘istis
3190 5520 3388 5572 moras,
3416 5512 3476 5561 ut

1909 5605 1928 5637 ‹
1951 5578 2227 5641 retroactae
2253 5585 2305 5638 in
2332 5578 2552 5653 pristino
2578 5582 2778 5653 habitu,
2805 5578 2993 5653 aliquae
3017 5578 3214 5653 diutius
3239 5591 3473 5632 remane-

1910 5676 1928 5708 ‹
1951 5664 2098 5722 rent,
2136 5647 2379 5711 retractis
2411 5655 2603 5724 signis,
2640 5651 2831 5728 quibus
2864 5647 3473 5728 sejamdudum_eonua

1909 5746 1929 5779 ‹
1950 5716 2199 5798 petitores
2220 5732 2275 5798 et
2295 5716 2534 5798 raptores
2552 5716 2901 5798 muniveram.
2923 5716 3020 5784 Qui
3051 5718 3212 5798 quum
3233 5716 3473 5798 viderent

1909 5786 2399 5867 «praescriptionem
2438 5795 2537 5849 sibi
2577 5790 2885 5863 jamdudum
2914 5786 3208 5860 oppositam
3223 5830 3239 5859 ,
3267 5786 3297 5843 ξι
3319 5786 3475 5871 vobis
