4018 6338
600 359 707 424 643

609 475 799 542 viduae,
822 474 1158 548 prophanata:
1181 473 1430 545 virgines,
1454 472 1770 527 monasteria
1797 471 2041 528 deiuotita
2071 473 2169 544 (t),

607 565 881 624 disturbati
916 566 1112 634 clerici,
1140 563 1401 622 verberati
1426 564 1616 630 levitaa,
1647 563 1749 618 acti
1771 563 1821 618 in
1849 563 2061 618 exilium
2082 579 2169 621 sa—

602 660 872 730 cerdotes,
915 661 1124 733 oppleta
1159 659 1353 716 sanctis
1387 658 1645 732 ergastula
1667 700 1684 728 ,
1730 673 1971 716 carceres
1992 699 2009 730 ,
2053 675 2169 716 me-

601 754 721 810 talla
749 754 824 826 (2)
851 772 864 808 :
893 768 1119 825 quorum
1148 768 1272 824 pars
1305 752 1561 821 maxima,
1599 750 1889 810 interdictis
1915 751 2130 808 urbibus
2149 793 2167 820 ,

598 847 827 916 protrusi
844 855 1002 919 atque
1020 855 1277 914 extorres,
1296 847 1432 906 inter
1447 846 1673 912 deserta,
1691 844 1988 916 speluncas,
2006 843 2166 915 feras,

595 955 743 1010 saxa,
773 940 1037 1010 nuditate,
1067 941 1225 1010 fame,
1253 940 1340 996 siti
1376 940 1579 1008 allecti,
1607 940 1814 996 contriti
1843 947 1896 995 et
1920 937 2166 996 tabefacti

595 1042 734 1089 sunt.
763 1036 937 1106 Atque
956 1035 1072 1090 brec
1103 1035 1278 1091 omnia
1307 1033 1558 1104 numquid
1586 1033 1745 1090 ullam
1769 1034 1926 1090 aliam
1945 1029 2014 1090 ab
2037 1047 2164 1088 cau-

594 1143 736 1196 sam,
777 1129 879 1186 nisi
917 1130 1096 1200 utique
1121 1128 1247 1186 dum
1273 1144 1369 1200 pro
1412 1128 1613 1184 caelesti
1652 1125 1896 1199 dogmate
1922 1127 2166 1184 humanas

593 1221 994 1289 superstitiones
1020 1220 1440 1288 introducantur,
1470 1219 1595 1275 dum
1620 1220 1756 1275 bene
1781 1217 1996 1274 fundata
2021 1219 2161 1276 anti-

590 1312 762 1382 quitas
799 1313 1023 1368 scelesta
1061 1312 1292 1368 novitate
1335 1312 1623 1379 subruitur,
1669 1310 1796 1366 dum
1831 1311 2164 1380 superiorum

590 1405 826 1462 instituta
864 1406 1146 1474 violentur,
1187 1406 1313 1462 dum
1350 1404 1720 1460 rescinduntur
1759 1406 1889 1460 scita
1931 1413 2159 1475 patrum,

588 1496 715 1556 dum
752 1499 1117 1556 convellantur
1142 1498 1356 1554 definita
1378 1487 1637 1569 minorum
1657 1540 1672 1566 ,
1707 1498 1832 1554 dum
1869 1515 1988 1558 sese
2025 1500 2164 1556 intra

587 1599 807 1648 sacratae
842 1599 1000 1663 atque
1041 1592 1356 1664 incorruptae
1393 1593 1665 1648 vetustatis
1721 1594 2044 1650 castissimus
2093 1593 2160 1648 li-

586 1685 743 1741 mites
792 1685 1078 1755 prophante
1122 1699 1186 1740 ac
1227 1684 1447 1740 novellae
1489 1685 1806 1741 curiositatis
1850 1685 2011 1742 libido
2052 1700 2159 1740 non

585 1777 852 1836 continet?

655 1889 719 1947 Υ.
759 1890 867 1948 Sed
891 1890 1109 1946 forsitan
1133 1889 1256 1946 odio
1283 1891 1530 1948 novitatis
1572 1899 1625 1948 et
1668 1908 1848 1949 amore
1884 1895 2157 1952 vetustatis

585 1982 698 2038 huic
736 1981 998 2053 ﬁngimus.
1045 1981 1291 2054 Quisquis
1336 1982 1439 2038 hoc
1480 1985 1736 2052 aestimat,
1791 1985 1945 2041 beato
1972 1987 2157 2042 saltem

582 2072 762 2129 credat
799 2069 1109 2139 Ambrosio,
1160 2073 1270 2144 qui,
1295 2074 1348 2128 in
1393 2075 1623 2130 secundo
1671 2074 1737 2130 ad
1783 2075 2155 2147 Imperatorem

582 2163 886 2219 Gratianum
909 2164 1062 2229 libro,
1088 2165 1427 2219 acerbitatem
1451 2167 1702 2238 temporis
1723 2166 1834 2237 ipse
1853 2167 2151 2238 deplorans,

581 2254 688 2309 ait:
720 2273 738 2306 ι
773 2253 877 2310 Sed
893 2254 1003 2324 jam
1029 2255 1176 2321 satis,
1202 2255 1388 2326 inquit,
1415 2257 1748 2326 omnipotens
1767 2257 1904 2313 Deus
1929 2300 1943 2322 ,
1974 2272 2156 2318 nostro

586 2364 604 2396 ι
634 2346 790 2400 exilio
819 2354 1103 2417 nostroque
1123 2348 1376 2417 sanguine
1394 2347 1769 2404 Coufessorum
1792 2366 1947 2409 neces
1963 2394 1976 2420 ,
2000 2353 2155 2408 exilia

587 2455 605 2488 ι
639 2435 1023 2503 Sacerdotum,
1069 2445 1122 2492 et
1166 2437 1311 2492 nefas
1357 2447 1515 2492 tantae
1565 2439 1849 2508 impietatis
1906 2443 2149 2498 eluimus.

585 2546 604 2580 ε
633 2527 773 2584 Satis
793 2529 981 2582 claruit
1005 2544 1095 2583 eos
1115 2530 1204 2600 qui
1226 2529 1536 2584 violaverint
1563 2531 1718 2585 tidem
1744 2538 1884 2588 tutos
1911 2549 2027 2589 esse
2048 2550 2151 2588 non

585 2637 604 2671 c
631 2633 804 2688 posse.
839 2638 857 2671 ι
890 2618 1117 2674 Ambros.
1143 2620 1227 2674 lib.
1252 2621 1287 2674 2
1317 2620 1378 2673 de
1405 2620 1506 2690 ﬁde
1529 2637 1640 2692 cap.
1673 2623 1727 2689 4,
1752 2623 1878 2677 alias
1904 2626 1986 2678 16.
2022 2625 2152 2682 item

579 2712 630 2767 in
653 2713 810 2768 tertio
831 2713 1065 2783 ejusdem
1100 2713 1273 2782 operis
1294 2713 1428 2768 libro
1455 2732 1466 2767 :
1500 2733 1517 2766 ι
1549 2715 1830 2771 Servemus
1855 2719 2037 2788 igitur,
2069 2720 2150 2775 in-

585 2820 603 2854 c
631 2803 763 2874 quit,
787 2812 1047 2874 praecepta
1070 2805 1348 2874 majorum,
1376 2821 1473 2860 nec
1515 2804 1845 2861 harrcditaria
1887 2810 2151 2880 signacula

582 2911 602 2944 ‹
629 2895 742 2948 ausi
763 2894 908 2949 rudis
928 2897 1220 2951 temeritate
1240 2897 1514 2952 violemus.
1545 2897 1760 2952 Librum
1787 2901 2045 2972 signatum
2086 2903 2150 2956 il-

583 3002 600 3034 ‹
629 2985 736 3039 lum
758 2985 1122 3056 propheticum
1142 3003 1247 3042 non
1268 2988 1515 3044 Seniores
1534 3031 1547 3054 ,
1571 3005 1676 3042 non
1693 2988 1987 3047 Potestates
2006 3035 2019 3060 ,
2046 3010 2150 3048 non

582 3093 601 3125 ‹
631 3076 837 3146 Angeli,
862 3093 968 3132 non
986 3079 1299 3150 Archaugeli
1316 3080 1522 3150 aperire
1543 3079 1654 3135 ausi
1670 3091 1792 3136 sunt
1807 3101 1818 3135 :
1834 3081 1929 3137 soli
1943 3083 2151 3140 Christo

582 3188 600 3222 ι
634 3170 946 3242 explanandi
977 3171 1091 3242 ejus
1114 3174 1455 3243 praerogativa
1476 3183 1682 3230 servata
1706 3184 1804 3230 est.
1830 3175 2045 3232 Librum
2063 3195 2148 3234 sa-

582 3279 600 3315 ‹
627 3263 948 3320 cerdotalem
969 3266 1085 3334 quis
1107 3278 1345 3321 nostrum
1365 3269 1634 3340 resignare
1655 3269 1864 3340 audeat,
1890 3271 2151 3345 signatum

581 3372 601 3409 ι
632 3367 662 3409 a
686 3354 1104 3426 Confessoribus,
1131 3367 1183 3412 et
1204 3357 1487 3413 multorum
1526 3359 1632 3432 jam
1679 3363 1934 3435 martyrio
1959 3381 2150 3421 conse-

581 3465 600 3499 σ
627 3455 830 3503 oratum
850 3450 874 3502 ?
897 3449 1064 3516 Quem
1085 3450 1175 3521 qui
1200 3451 1468 3522 resignare
1489 3455 1655 3508 coacti
1701 3464 1824 3510 sunt
1851 3457 1925 3530 (3)
1967 3468 2150 3528 postea

580 3625 600 3660 α
622 3621 742 3690 esse
775 3596 1054 3690 sublatam,
1085 3610 1151 3690 de
1186 3613 1394 3690 sponsis
1417 3621 1656 3684 raptores
1685 3616 1857 3690 effecti
1883 3628 2022 3687 sunt;
2050 3638 2149 3679 nec

579 3697 599 3731 ι
619 3683 764 3754 visus
788 3687 870 3734 est
895 3683 1259 3754 unusquisque
1285 3685 1384 3744 sibi
1415 3683 1691 3754 peccasse,
1725 3688 1851 3744 dum
1873 3683 2028 3746 talem
2059 3709 2148 3747 ra-

580 3767 599 3800 ‹
619 3751 761 3820 puit,
791 3751 1000 3820 qualem
1033 3751 1272 3824 viderat,
1315 3751 1525 3825 quando
1565 3764 1622 3812 ut
1649 3751 1866 3814 uxorem
1887 3762 2150 3833 acciperet

577 3835 596 3871 ς
621 3821 934 3876 postulabat.
960 3842 977 3874 ι

620 3835 934 3890 posmiaoat.

605 3961 617 3973 _
643 3891 717 3962 (1)
757 3891 886 3948 Cod.
930 3893 1060 3966 Reg.
1101 3893 1286 3962 habet,
1327 3895 1601 3953 dilacerata
1635 3903 1956 3958 monasteria.
1991 3904 2149 3962 Baiu-

572 3977 704 4016 ZIUS.

617 4031 716 4114 "(2)
732 4032 947 4114 latrator
969 4033 1313 4114 Galaritanus,
1335 4039 1390 4114 in
1409 4040 1498 4094 lib.
1519 4040 1668 4114 Quod
1690 4042 2023 4100 moriendum
2049 4063 2146 4114 pro

571 4101 610 4156 F
615 4101 852 4184 ilidDei,
867 4105 1228 4184 Constantium
1268 4101 1459 4184 culpat,
1490 4101 1610 4184 quia
1644 4132 1662 4162 ι
1707 4115 1882 4169 omnia
1912 4101 2142 4184 metalla,

575 4191 594 4224 ι
624 4182 685 4258 ut
713 4174 962 4258 loquitur,
992 4179 1276 4258 omniaque
1302 4174 1817 4258 locageiiiiiavocari
1843 4203 1960 4256 quae
1991 4174 2145 4256 puta;

576 4263 590 4291 ι
621 4244 813 4328 bantur
842 4245 1016 4317 digna,
1047 4244 1229 4328 nostro
1251 4257 1352 4328 tua:
1378 4252 1645 4328 calliditati
1688 4244 2043 4328 resistentium
2066 4276 2144 4314 re-

573 4330 596 4368 ι
625 4317 780 4385 plesti
807 4333 1029 4392 numero
1054 4338 1065 4372 :
1089 4320 1373 4392 relegando
1400 4323 1653 4389 insontes,
1679 4325 1836 4392 fame,
1870 4329 1976 4390 siti,
2000 4330 2145 4384 nudi-

575 4401 605 4458 t_
632 4395 738 4441 tate
794 4387 1051 4445 vexando.
1092 4409 1108 4439 ι
1163 4387 1409 4457 Quinimo
1480 4387 1792 4452 restauravit
1826 4387 2053 4454 inor-cm
2113 4401 2145 4458 ii

568 4453 925 4535 constantiuo
946 4453 1252 4535 abrogatum
1286 4462 1386 4535 leg,
1418 4465 1472 4535 2,
1501 4465 1565 4519 dc
1596 4481 1737 4535 paen.
1769 4467 1897 4523 Cod.
1938 4453 2138 4526 Theod:

569 4533 626 4582 ut
659 4545 698 4608 ι.
715 4527 757 4608 si
775 4529 892 4608 quis
913 4529 966 4584 in
991 4527 1472 4608 ludumfucritlvel
1490 4536 1540 4588 in
1560 4527 1825 4592 metallum
1843 4537 2140 4608 damnatus,

575 4615 593 4646 ι
629 4597 1072 4681 ῐηρηξιὴᾷηξηςᾱυε
1098 4599 1230 4681 facie
1256 4603 1643 4681 _scriba_tu_r....._
1667 4608 1780 4681 Quo
1817 4609 1994 4681 facies,
2026 4597 2143 4681 quae

575 4685 593 4718 σ
625 4665 696 4749 ad
718 4665 1110 4751 similitudinem
1133 4671 1531 4751 pulchritudinis
1547 4665 1875 4751 cmleistisest
1902 4665 2139 4751 figurata,

575 4751 592 4788 α
627 4742 843 4808 minime
877 4742 1187 4807 maeulctur,
1224 4761 1242 4794 ι
1281 4743 1407 4798 illud
1450 4754 1673 4802 testante
1714 4748 1908 4804 llilario
1935 4742 2078 4805 num.
2109 4742 2142 4808 3

568 4807 706 4889 etii
737 4807 854 4889 libri
883 4819 1068 4889 contra
1093 4812 1368 4869 eumdem:
1396 4834 1413 4866 ‹
1447 4815 1668 4882 Qucrela
1694 4818 1890 4875 famosa
1919 4829 2017 4886 est,
2045 4823 2138 4889 ait,

574 4897 593 4932 ‹
621 4878 802 4965 jus'sos
827 4881 858 4934 ἐι
882 4889 934 4965 te
962 4883 1251 4965 Episcopos
1295 4902 1399 4940 non
1437 4878 1585 4965 esse,
1617 4905 1749 4965 quos
1788 4878 2141 4965 condemnare

575 4967 594 4999 ‹
627 4949 803 5007 nullus
832 4949 1075 5017 audebat,
1105 4949 1264 5008 etiam
1297 4972 1436 5012 nunc
1469 4957 1521 5012 in
1548 4949 1919 5016 ecclesiasticis
1955 4961 2142 5018 fronti-

573 5039 592 5072 ‹
623 5018 728 5103 bus
772 5022 996 5094 scriptos
1035 5025 1313 5080 metallica:
1361 5025 1711 5085 damnationis
1759 5031 1908 5086 titulo
1955 5049 2140 5088 recen-

575 5110 591 5142 t
624 5107 751 5148 SCI‘I.
787 5112 807 5146 ι

639 5163 714 5232 (5)
727 5161 970 5292 ῐηιρΗΞξὶι
982 5162 1290 5221 Ambrosius
1303 5167 1589 5239 Episcopos
1606 5170 1842 5226 Arimino
1861 5171 2035 5242 lapsos
2047 5189 2141 5228 an-

655 5231 851 5290 Christi
923 5234 990 5290 59
1012 5277 1026 5292 .
1051 5251 1182 5292 auos
1204 5235 1364 5292 ﬁdem
1385 5241 1590 5292 eiurare
1611 5243 1782 5292 coeait
1801 5240 2140 5292 Constantius

568 5247 637 5316 up
888 5231 990 5316 559
1012 5277 1026 5301 ,
1051 5251 1182 5316 quos
1204 5231 1364 5316 fidem
1385 5231 1590 5316 ejurare
1611 5243 1782 5311 coegit
1801 5231 2140 5301 Constantius

567 5302 653 5386 die
678 5303 877 5386 l0_0et.
923 5302 1311 5386 ejusdemtanni
1333 5350 1365 5386 ,_
1390 5302 1514 5364 dum
1539 5302 1864 5386 paupertate,
1891 5321 1945 5368 et
1985 5321 2139 5370 aetate

569 5373 720 5430 lassis
741 5373 1041 5451 Episcopis,
1057 5375 1282 5451 reditum
1302 5373 1366 5433 ad
1392 5373 1601 5451 propria
1623 5373 1794 5451 negat.
1821 5373 1948 5450 Qua:
1973 5392 2139 5438 tanto-

569 5461 686 5525 rum
707 5445 978 5525 palorum
1017 5446 1173 5502 fuerit
1210 5464 1368 5504 causa
1392 5445 1634 5525 :S_ev_crus
1669 5445 1927 5525 Sulpicius
1967 5455 2140 5525 prodit

568 5515 660 5595 lib.
705 5516 739 5570 2
768 5515 1031 5595 Histori:e_
1050 5534 1214 5595 sacra}
1236 5535 1342 5595 ,_c.
1381 5521 1468 5583 41,
1493 5515 1842 5580 disserens-dc
1866 5515 2049 5595 legatis
2071 5523 2137 5581 ad

569 5585 942 5666 imperatorem
962 5589 1139 5666 missis
1163 5609 1174 5644 :
1211 5585 1334 5666 SEX
1375 5600 1522 5660 parte
1559 5602 1859 5666 nostrorum
1883 5638 1897 5661 ,
1917 5585 2134 5666 Vinquit,

577 5679 592 5707 ι
628 5658 1539 5735 legunturhominesadolesceutcs,
1570 5663 1752 5732 parum
1787 5658 1926 5720 docti
1953 5658 2025 5719 ρι’
2047 5658 2137 5735 ικιέ

577 5748 594 5791 ς
629 5746 742 5803 rum
765 5732 900 5803 cauti
927 5750 946 5803 _:
975 5732 1041 5786 ab
1070 5731 1275 5788 Arianis
1300 5738 1474 5788 autem
1504 5731 1646 5803 missi
1668 5751 1841 5802 senes,
1871 5731 2062 5803 callidi,
2086 5745 2137 5803 ct

583 5813 600 5856 δ’
630 5799 837 5870 ingenio
856 5801 1088 5855 valentes
1113 5844 1125 5866 ,
1158 5809 1371 5857 veterno
1397 5801 1628 5872 perfidiae
1656 5799 1860 5871 imbuti,
1884 5806 1973 5874 qui
1999 5799 2135 5872 apud

1842 351 2184 411 VINCENTli
2222 355 2599 416 LlRiNENSlS
3751 377 3834 442 fil

2283 493 2299 524 ι
2332 482 2506 529 tamen
2541 474 2786 530 damnata
2823 475 3006 532 fraude
3040 477 3345 548 signarunt;
3392 481 3480 552 qui
3524 482 3724 541 violare
3747 500 3835 546 non

2283 583 2300 614 ι
2335 567 2447 622 ausi
2467 575 2609 636 sunt,
2636 568 2975 626 Coufessores
2997 579 3050 626 et
3068 579 3326 642 martyres
3351 575 3688 632 exstiterunt.
3713 575 3835 642 Quo-

2282 673 2299 710 i
2326 656 2486 714 modo
2511 656 2666 714 ﬁdem
2693 674 2876 716 eorum
2898 676 3179 731 possumus
3205 666 3464 735 denegare
3488 681 3716 735 quorum
3745 668 3834 724 vic-

2281 767 2299 800 ‹
2332 750 2520 806 teriam
2546 752 2930 822 praedicamus?
2961 773 2978 805 ι
3007 752 3142 810 Ibid.
3167 755 3252 810 lib.
3277 757 3329 816 5.
3353 774 3466 828 cap.
3506 758 3556 820 7,
3590 759 3723 816 alias
3765 760 3833 818 15.

2273 839 2626 900 Prmdicamus
2651 845 2838 914 plane,
2889 845 3129 918 inquam,
3177 848 3210 902 ὀ
3232 848 3530 904 venerande
3574 849 3834 910 Ambrosii

2272 934 2620 1004 praedicamus
2641 935 2814 1007 plane,
2842 936 3219 1008 laudantesque
3242 939 3513 994 miramur.
3563 940 3699 996 Nam
3741 943 3838 1014 quis

2270 1023 2356 1080 ille
2381 1035 2486 1082 tam
2507 1026 2726 1082 demens
2745 1037 2826 1084 est
2849 1029 2939 1099 qui
2962 1043 3074 1094 eos,
3101 1029 3199 1083 etsi
3240 1028 3459 1104 adsequi
3499 1047 3607 1086 non
3629 1032 3834 1100 evaleat,

2267 1133 2372 1172 non
2413 1127 2626 1189 exoptet
2663 1121 2812 1191 sequi
2853 1135 2984 1190 quos
3027 1135 3059 1176 a
3099 1119 3404 1177 defensione
3449 1120 3572 1177 ﬁdei
3594 1121 3836 1192 majorum

2268 1210 2407 1266 nulla
2434 1212 2513 1268 vis
2535 1212 2752 1284 depulit,
2778 1229 2883 1270 non
2909 1214 3086 1280 minae,
3106 1229 3211 1268 non
3233 1214 3616 1282 blandimenta,
3641 1231 3752 1272 non
3771 1218 3836 1274 vi-

2268 1308 2340 1368 ta,
2365 1317 2471 1356 non
2493 1318 2656 1370 mors,
2680 1320 2786 1360 nou
2814 1305 3083 1375 palatium,
3111 1320 3218 1360 non
3239 1306 3522 1376 satellites,
3547 1322 3658 1362 non
3681 1306 3836 1379 impe-

2265 1404 2428 1462 rator,
2454 1414 2559 1452 non
2584 1397 2896 1468 imperium,
2941 1415 3046 1454 non
3091 1397 3368 1466 homines,
3411 1415 3520 1454 non
3539 1399 3836 1457 daemones!

2265 1504 2416 1558 quos,
2444 1491 2676 1561 inquam,
2703 1508 2798 1561 pro
2823 1492 3082 1562 religiosa:
3101 1492 3376 1546 vetustatis
3401 1494 3688 1549 tenacitate
3710 1501 3836 1552 tanto

2264 1596 2483 1637 munere
2507 1584 2756 1640 Dominus
2779 1584 2963 1654 dignos
2997 1584 3250 1654 judicavit
3271 1584 3346 1655 (1)
3372 1591 3430 1639 ut
3466 1599 3566 1654 per
3590 1601 3688 1640 eos
3727 1600 3834 1655 pro-

2263 1680 2454 1728 stratas
2475 1683 2796 1730 restauraret
2819 1675 3100 1741 Ecclesiae,
3126 1675 3415 1730 exstinctos
3444 1675 3717 1746 spiritales
3755 1693 3834 1748 po-

2262 1765 2413 1832 pulos
2438 1766 2725 1822 viviﬁcaret
2741 1809 2756 1833 ,
2799 1766 3031 1836 dejectas
3053 1766 3388 1822 sacerdotum
3409 1781 3669 1834 coronas,
3694 1783 3834 1837 repo-

2262 1867 2439 1922 neret,
2468 1859 2695 1916 nefarias
2732 1860 2846 1914 illas
2879 1859 3099 1916 novellae
3138 1859 3422 1928 impietatis
3459 1875 3567 1916 non
3610 1860 3832 1929 litteras,

2261 1952 2355 2007 sed
2377 1952 2580 2018 lituras,
2607 1951 2779 2008 infuso
2798 1952 3006 2007 caelitus
3031 1952 3305 2022 EpiscOpis
3327 1952 3562 2012 ﬁdelium
3585 1952 3834 2024 lacryma-

2258 2060 2377 2099 rum
2418 2045 2588 2109 fonte,
2634 2045 2862 2112 deleret,
2909 2045 3210 2100 universum
3257 2053 3525 2114 postremo
3559 2045 3675 2115 jam
3717 2059 3835 2116 pene

2258 2135 2516 2192 mundum
2558 2144 2695 2190 saeva
2735 2136 3027 2205 repentinae
3060 2135 3327 2192 haereseos
3365 2143 3685 2205 tempestate
3731 2150 3834 2205 per-

2259 2229 2461 2283 culsum
2483 2229 2550 2284 ad
2574 2229 2840 2298 antiquam
2864 2228 3020 2284 ﬁdem
3045 2243 3076 2283 a
3103 2228 3310 2284 novella
3333 2227 3550 2298 perﬁdia
3567 2269 3582 2294 ,
3621 2228 3692 2283 ad
3715 2230 3835 2284 anti-

2258 2336 2413 2390 quam
2437 2320 2713 2375 sanitatem
2736 2336 2766 2373 a
2791 2320 3036 2375 novitatis
3062 2321 3272 2375 vesania
3293 2361 3308 2385 ,
3357 2318 3424 2374 ad
3463 2319 3744 2389 antiquam
3762 2319 3834 2374 lu-

2257 2425 2372 2465 cem
2397 2426 2427 2464 a
2452 2411 2697 2465 novitatis
2724 2411 2957 2469 caecitate
2981 2416 3272 2465 revocaret.
3318 2408 3424 2464 Sed
3449 2410 3502 2464 in
3527 2409 3630 2464 hac
3670 2409 3831 2465 divine

2257 2502 2481 2572 quadam
2504 2503 2877 2559 Confessorum
2904 2503 2978 2572 (2)
2999 2503 3189 2558 virtute
3215 2502 3340 2558 illud
3369 2513 3452 2560 est
3487 2503 3649 2557 etiam
3695 2503 3833 2560 nobis

2257 2595 2340 2649 vel
2380 2595 2608 2650 maxime
2651 2594 3119 2659 considerandum,
3162 2593 3303 2664 quod
3347 2602 3471 2649 tunc
3491 2593 3631 2663 apud
3673 2594 3830 2662 ipsam

2256 2685 2505 2739 Ecclesiae
2523 2693 2836 2739 vetustatem
2864 2701 2970 2738 non
2998 2685 3161 2756 partis
3180 2683 3424 2753 alicujus,
3447 2683 3540 2738 sed
3581 2683 3833 2738 universi-

2256 2776 2376 2831 tatis
2400 2775 2465 2830 ab
2491 2776 2554 2830 iis
2580 2783 2660 2831 est
2682 2785 2923 2846 suscepta
2945 2775 3198 2831 defensio.
3228 2775 3408 2846 Neque
3430 2776 3570 2831 enim
3593 2775 3674 2830 fas
3698 2785 3828 2848 erat,

2262 2923 2285 2978 i_
2316 2905 2511 2978 Regem
2563 2907 2862 2977 superiores
2903 2907 3052 2962 facile
3087 2907 3420 2978 exstiterunt.
3459 2927 3477 2958 ι
3511 2906 3580 2961 At
3624 2909 3833 2978 cognito

2255 2975 2378 3050 dolo
2397 2975 2756 3050 Ariminenses
2776 2978 3026 3050 Episcopi
3055 2977 3485 3050 contestabantur
3509 2975 3718 3050 corpus
3740 2980 3831 3050 Do:

2253 3047 2421 3118 mini,
2476 3053 2528 3100 et
2573 3048 2820 3118 quidquid
2873 3048 2924 3101 in
2954 3047 3185 3118 Ecclesia
3228 3056 3467 3102 sanctum
3495 3047 3686 3114 est,’se
3713 3049 3831 3103 nihil

2254 3117 2376 3170 mali
2401 3117 2560 3190 fuisse
2587 3117 2899 3186 Suspicatus,
2925 3135 3041 3190 quin
3087 3117 3272 3172 ﬂentes
3300 3119 3607 3173 asserebant
3642 3122 3828 3190 parati,

2255 3197 2306 3240 et
2358 3187 2799 3256 subscriptionem
2853 3187 3145 3257 pristinam,
3189 3195 3242 3244 et
3285 3205 3468 3243 omnes
3520 3187 3831 3246 Arianorum

2254 3257 2616 3332 blasphemiae
2637 3259 3010 3332 condemnare,
3064 3267 3122 3313 ut
3147 3261 3378 3332 loquitur
3403 3260 3759 3330 Hieronymus
3784 3262 3830 3315 in

2253 3329 2469 3399 Dialogo
2495 3337 2636 3383 cont.
2671 3329 3045 3385 Luciferianos.
3217 3329 3233 3332 ’
3298 3357 3303 3362 -

2326 3399 2400 3468 (1)
2430 3399 2492 3472 ili
2521 3399 2699 3472 Sancti
2728 3401 2834 3454 Viri
2863 3416 3113 3472 perquos
3157 3407 3265 3456 tam
3294 3402 3426 3456 mira
3468 3410 3736 3472 operatus
3759 3409 3833 3456 est

2253 3469 2411 3533 Deus,
2442 3470 2586 3525 fuere
2612 3469 3208 3537 Athanasistlilarius,
3240 3469 3586 3526 Euseliius‘ct
3621 3471 3832 3526 Ambro-

2253 3541 2382 3612 sius.
2414 3540 2545 3612 ilinc
2573 3541 2921 3612 Hieronymus
2960 3543 3009 3595 in
3048 3542 3262 3611 Dialogo
3305 3551 3444 3594 cont.
3476 3541 3832 3596 Lucifer-ianos

2254 3611 2328 3664 ait
2356 3629 2367 3664 :
2401 3630 2417 3662 ι
2448 3611 2595 3666 Tunc
2641 3607 3072 3683 triumphatorcni
3101 3607 3254 3683 suum
3296 3612 3641 3683 Athanasium
3673 3612 3829 3683 {Egy-

2260 3697 2276 3730 i
2307 3690 2426 3750 ptus
2452 3683 2687 3750 excepit,
2715 3685 2837 3736 ".unc
2882 3682 3135 3737 Hilarium
3162 3682 3228 3736 de
3256 3682 3436 3752 praelio
3462 3681 3830 3738 hmreticoruin

2259 3770 2276 3801 ε
2313 3760 2687 3817 revertentem,
2713 3753 2994 3808 Galliarum
3019 3753 3250 3807 Ecclesia
3276 3752 3546 3822 complexa
3571 3759 3673 3816 est,
3715 3762 3831 3807 tunc

2259 3840 2276 3871 ι
2313 3823 2379 3876 ad
2407 3823 2632 3877 reditum
2662 3823 2871 3878 Eusebii
2895 3823 3138 3893 lugubres
3164 3830 3337 3877 vestes
3361 3821 3503 3893 italia
3530 3823 3770 3877 mutavit.
3809 3842 3824 3873 ι

2253 3893 2328 3947 De
2354 3893 2633 3964 Ambrosio
2659 3909 2785 3947 vero
2812 3901 2931 3964 post
2956 3891 3345 3964 "Hieronymum
3373 3891 3440 3946 ad
3478 3908 3675 3964 annum
3704 3893 3830 3948 Gra-

2252 3963 2378 4034 tiani
2408 3963 2496 4029 XI,
2523 3964 2753 4034 loquitur
2773 3962 3001 4034 Prosper
3027 3964 3077 4016 in
3115 3962 3378 4018 Chronico
3401 4005 3415 4034 ,
3465 3962 3646 4019 dicens
3674 3983 3685 4016 :
3709 3964 3831 4034 Post

2251 4033 2497 4089 Auxentii
2533 4054 2549 4083 ε
2586 4033 2757 4088 Seram
2786 4033 3008 4089 mortem
3031 4075 3044 4099 ,
3073 4033 3348 4088 Mediolani
3384 4033 3666 4088 Ambrosio
3709 4033 3828 4103 Epi-

2258 4122 2275 4152 ι
2312 4120 2471 4176 scopo
2491 4106 2806 4176 constituto,
2845 4105 3015 4158 OlltlllS
3037 4104 3102 4158 ad
3126 4104 3280 4176 fidem
3310 4111 3506 4176 rectam
3530 4103 3673 4160 italia
3691 4119 3828 4176 dcen-

2258 4195 2274 4225 ι
2309 4174 2548 4245 vertitur,
2579 4196 2594 4225 ι
2623 4175 2673 4229 id
2702 4183 2800 4238 est,
2821 4176 3090 4245 regionum
3107 4174 3312 4228 illarum
3323 4175 3523 4245 portio,
3551 4190 3668 4244 quae
3690 4174 3827 4228 Vica-

2251 4247 2331 4316 rio
2358 4244 2515 4301 italia:
2543 4246 2775 4316 parebat,
2801 4243 2990 4316 nempe
3016 4243 3272 4316 lnsubria,
3300 4243 3506 4316 .Emilia
3524 4243 3584 4298 et
3597 4245 3820 4316 Liguria.

2251 4315 2355 4388 Sua
2388 4314 2612 4388 namque
2652 4314 3022 4388 praedicatione
3055 4314 3683 4388 Ambrosiusdistmctas
3722 4314 3822 4388 Ec-

2249 4387 2438 4441 clesias
2458 4384 2740 4455 juinitfac
2770 4387 2948 4441 nexuit
2971 4403 3089 4440 cum
3118 4385 3236 4439 fidei
3263 4386 3491 4451 vertice,
3523 4401 3584 4447 ac
3611 4384 3824 4439 custode

2251 4457 2488 4512 Romano
2510 4457 2778 4528 Pontificc.
2817 4459 2947 4511 llinc
2984 4458 3034 4510 in
3074 4455 3481 4528 commentariis
3526 4471 3684 4528 super
3721 4455 3822 4508 Lu-

2248 4542 2363 4581 cam
2393 4545 2487 4598 per
2503 4527 2563 4598 id
2589 4529 2840 4597 temporis
2863 4527 3174 4598 conscriptis
3195 4526 3286 4580 lib.
3319 4526 3369 4588 9,
3394 4541 3509 4596 cap.
3532 4525 3621 4590 20,
3648 4533 3823 4598 gratu-

2248 4594 2476 4653 latur—dc
2502 4594 2929 4652 hmrcsi'subacta
2958 4598 3007 4651 in
3036 4594 3114 4668 sui
3142 4594 3476 4668 cpisc0patus
3502 4594 3714 4668 exordio
3745 4594 3822 4668 di-

2247 4682 2415 4722 cens:
2465 4687 2482 4718 ‹
2512 4669 2908 4722 Dissensionum
2959 4664 3194 4722 omnium
3248 4664 3478 4736 procella
3525 4664 3817 4720 deferbuit.

2254 4755 2272 4786 ι
2305 4738 2478 4792 cuncti
2504 4740 2756 4793 secularis
2781 4739 3079 4806 cupiditatis
3104 4737 3338 4802 ardores,
3353 4745 3615 4806 aestusque
3639 4750 3821 4789 omnes

2253 4827 2270 4858 ι
2307 4809 2496 4878 quibus
2524 4809 2680 4862 italia:
2709 4805 2928 4878 populus
2959 4825 3052 4878 per
3075 4806 3307 4878 .iudaicaz
3327 4807 3450 4860 olim
3472 4805 3677 4878 Arianae
3696 4819 3819 4878 pro-

2252 4897 2270 4929 ‹
2301 4876 2455 4933 sima:
2482 4876 2732 4933 suavitatis
2761 4876 3000 4934 incendia
3019 4877 3362 4946 coquebatur,
3387 4891 3575 4930 sereno
3596 4876 3699 4946 jam
3722 4876 3821 4943 δρία

2245 4952 2447 5004 ramine
2495 4959 2835 5019 temperatur.
2877 4969 2896 5019 ξ
2929 4949 3075 5003 Unde
3103 4946 3260 5001 Felix
3301 4947 3572 5019 Eunodius
3609 4947 3659 4999 in
3703 4946 3820 5016 ejus

2244 5019 2452 5074 laudem
2481 5015 2672 5074 cecinit
2695 5019 2785 5073 lib.
2818 5020 2840 5073 1
2871 5018 3049 5073 Carm.
3079 5035 3225 5072 num.
3256 5033 3346 5085 xv,
3372 5015 3569 5087 hymno
3589 5031 3657 5070 vr.

2667 5104 2944 5174 Adjimcms
2968 5103 3081 5174 hinc
3101 5102 3374 5174 Apostolis.

2667 5174 2894 5245 Reduxit
2907 5173 3166 5245 expulsam
3187 5173 3358 5242 ﬁdem,

2667 5243 2809 5313 Dixit
2831 5242 3111 5313 triumphos
3137 5251 3411 5312 martyrum
3432 5285 3446 5309 ,

2667 5311 2875 5382 Lingua:
2893 5311 3093 5368 virentis
3116 5311 3317 5368 laureis.

2245 5384 2313 5439 Et
2337 5384 2449 5440 lucc
2485 5385 2704 5440 sincerae
2732 5384 2851 5440 ﬁdei
2891 5384 3192 5507 praedicatio
3225 5398 3383 5439 causa
3415 5382 3539 5451 fuit,
3584 5383 3816 5439 Romano

2245 5455 2496 5507 Pontiﬁce
2524 5461 2805 5507 annuente.
2823 5462 2880 5507 ut
2894 5475 2908 5507 i
2923 5453 3271 5507 letronolitica
3288 5454 3468 5507 haberi
3490 5455 3696 5507 euenerit
3708 5452 3816 5507 Me-

2245 5455 2496 5510 Pontitice
2524 5461 2805 5519 annuente,
2823 5462 2880 5508 ut
2894 5452 3271 5524 ilictropolitica
3288 5454 3468 5524 haberi
3490 5452 3816 5524 coeperitye-

2243 5526 2565 5580 diolancnsis
2592 5525 2858 5589 Ecclesia;
2887 5525 3028 5594 quod
3055 5521 3207 5581 docte
3233 5539 3294 5580 ac
3321 5523 3542 5580 solerter
3566 5521 3685 5580 vidit

2242 5597 2483 5651 nedictus
2511 5595 2822 5650 Baccliinius
2850 5589 3134 5650 iii—dissert.
3175 5595 3240 5652 dc
3284 5595 3465 5652 Ecclcs
3504 5589 3813 5652 ilicrarchite

2243 5667 2528 5772 originibus
2554 5673 2700 5735 parte
2725 5666 2777 5730 2,
2807 5683 2950 5720 lillitl.
2987 5667 3065 5719 lO.

2314 5739 2331 5772 Ι
2374 5737 2490 5772 Ηίιι
2539 5753 2751 5772 ιιι-ηιςειιε
2779 5735 2922 5772 rmm
2979 5737 3065 5772 itm

2314 5732 2510 5809 (Illita
2539 5732 2752 5809 prorsus
2779 5735 2944 5809 Codd.
2971 5737 3144 5809 Regii.
3173 5753 3332 5807 quum
3361 5736 3614 5794 editiones
3645 5732 3811 5790 liabe-

2243 5817 2360 5863 ront
2383 5807 2780 5871 ()mifessimmm.
2809 5805 3066 5860 Baliizius.
