4018 6338
638 524 962 596 rebaptizare
1001 537 1057 577 se
1091 519 1351 590 jactitant,
1379 518 1435 574 in
1458 518 1838 590 sempiternum
1861 527 2017 591 neget
2048 534 2201 575 arsu-

635 631 726 673 ros
750 631 869 672 esse
888 630 1008 671 cum
1028 612 1275 669 diabolo?

705 705 814 761 VII.
839 704 989 772 Quod
1015 703 1227 775 quidem
1247 702 1377 758 mihi
1400 703 1647 759 divinitus
1666 703 1873 759 videtur
1898 705 2199 776 promulga-

633 804 744 852 tum
765 811 883 852 esse
899 795 1152 866 judicium
1189 802 1407 865 propter
1425 810 1610 850 eorum
1630 795 1858 850 maxime
1895 794 2198 850 fraudulen-

632 887 758 941 tiam
785 885 874 956 qui
902 900 1022 941 cum
1043 884 1143 940 Sub
1160 885 1332 940 alieno
1354 886 1565 940 nomine
1602 884 1845 940 haeresim
1883 887 2198 940 concinnare

628 976 1022 1042 machincntur,
1066 983 1279 1047 captant
1321 976 1631 1045 plerumque
1670 974 1865 1030 veteris
1907 974 2197 1044 cujuspiam

628 1066 723 1120 viri
745 1066 939 1137 scripta
979 1066 1134 1136 paulo
1173 1065 1456 1121 involutius
1496 1065 1655 1130 edita,
1678 1080 1796 1135 quae
1837 1079 1933 1133 pro
1977 1064 2088 1135 ipsa
2115 1067 2197 1120 sui

627 1155 946 1210 obscuritate
968 1154 1199 1226 dogmati
1226 1170 1323 1210 suo
1343 1154 1492 1225 quasi
1514 1162 1834 1225 congruant;
1862 1162 1921 1208 ut
1950 1154 2077 1209 illud
2097 1170 2195 1210 ne-

626 1245 735 1299 scio
756 1245 882 1315 quid
906 1245 1256 1315 quodcunque
1287 1244 1580 1315 proferunt,
1624 1259 1794 1314 neque
1832 1244 1987 1314 primi
2024 1259 2195 1314 neque

625 1335 721 1389 soli
745 1334 941 1390 sentire
962 1335 1257 1390 videantur.
1284 1334 1517 1401 Quorum
1539 1350 1637 1405 ego
1674 1335 1960 1405 nequitiam
2000 1335 2194 1405 duplici

625 1424 745 1480 odio
767 1424 976 1496 dignam
1004 1424 1209 1495 judico,
1233 1425 1316 1480 vel
1357 1441 1423 1481 eo
1465 1425 1604 1496 quod
1628 1424 1893 1480 haereseos
1933 1441 2192 1480 venenum

624 1514 902 1584 propinare
920 1514 1036 1569 aliis
1056 1530 1163 1569 non
1201 1515 1597 1586 pertimescunt,
1624 1516 1707 1569 vel
1744 1530 1809 1570 eo
1849 1515 2008 1570 etiam
2053 1516 2193 1586 quod

622 1604 791 1660 sancti
834 1604 1091 1675 cujusque
1110 1605 1211 1659 viri
1250 1604 1560 1660 memoriam
1591 1612 1838 1675 tanquam
1866 1606 2064 1675 sopitos
2081 1606 2191 1675 jam

620 1694 825 1751 cineres
843 1694 1115 1767 prophana
1137 1710 1298 1749 manu
1337 1694 1608 1760 ventilant,
1633 1702 1687 1749 et
1712 1710 1830 1763 qua:
1854 1695 2062 1749 silentio
2101 1711 2189 1750 se-

622 1785 772 1855 peliri
795 1785 1088 1857 Oportebat,
1113 1784 1344 1840 rediviva
1379 1784 1625 1855 opinione
1646 1783 1934 1850 dill'amant,
1962 1799 2189 1854 sequen-

622 1881 702 1930 tes
739 1876 953 1931 omnino
980 1875 1197 1947 vestigia
1215 1874 1445 1929 auctoris
1469 1874 1549 1928 sui
1572 1873 1757 1938 Cham,
1789 1875 1878 1943 qui
1900 1874 2189 1930 nuditatem

619 1966 903 2023 venerandi
924 1966 1035 2022 Noe
1053 1982 1159 2022 non
1183 1965 1341 2021 modo
1356 1965 1563 2036 Operire
1585 1965 1830 2035 neglexit,
1856 1981 2038 2019 verum
2059 1980 2189 2036 quo—

619 2071 719 2126 que
749 2056 1067 2112 irridendam
1094 2057 1300 2111 caeteris
1321 2053 1630 2109 enuntiavit.
1656 2053 1807 2109 Unde
1829 2061 2025 2108 tantam
2050 2055 2190 2110 laesae

619 2146 826 2216 pietatis
843 2147 1035 2201 meruit
1052 2145 1306 2201 oﬂ‘ensam
1330 2152 1389 2200 ut
1408 2144 1568 2199 etiam
1584 2144 1779 2215 posteri
1803 2144 1968 2214 ipsius
1987 2146 2189 2214 peccati

616 2238 696 2293 sui
730 2237 1020 2294 maledictis
1045 2237 1421 2308 obligarentur,
1446 2236 1615 2291 beatis
1648 2234 1752 2289 illis
1776 2234 2024 2290 fratribus
2048 2236 2186 2291 mul-

617 2337 728 2384 tum
767 2330 1023 2401 longeque
1045 2328 1342 2392 dissimilis,
1368 2328 1459 2397 qui
1494 2325 1783 2381 nuditatem
1824 2326 1991 2394 ipsam
2032 2341 2185 2381 reve-

616 2418 765 2474 rcndi
792 2419 956 2490 patris
978 2433 1150 2487 neque
1170 2418 1280 2472 suis
1301 2425 1561 2471 temerare
1582 2415 1767 2478 oculis,
1792 2429 1964 2483 neque
2001 2414 2187 2470 alienis

616 2516 795 2577 patere
833 2508 1132 2573 voluerunt,
1176 2505 1272 2562 sed
1312 2505 1503 2570 aversi,
1531 2512 1590 2559 ut
1633 2503 1902 2568 scribitur,
1943 2511 2188 2559 texerunt

616 2612 735 2651 eum
760 2615 773 2651 :
795 2597 935 2668 quod
957 2604 1040 2653 est
1061 2603 1291 2653 erratum
1316 2595 1481 2650 sancti
1504 2594 1603 2648 viri
1626 2609 1724 2648 nec
1746 2593 2068 2664 approbasse
2087 2610 2186 2650 nec

616 2686 907 2759 prodidisse
930 2686 1028 2760 (l);
1053 2694 1212 2758 atque
1235 2686 1432 2741 idcirco
1452 2685 1605 2740 beata
1627 2684 1679 2738 in
1703 2691 1944 2754 posteros
1964 2683 2184 2740 benedi-

617 2776 789 2832 ctione
808 2775 988 2833 donati
1008 2784 1150 2832 sunt.
1177 2774 1283 2831 Sed
1302 2774 1369 2829 ad
1396 2774 1721 2845 propositum
1748 2772 2047 2828 redeamus.
2072 2774 2184 2829 Ma-

620 2926 639 2959 σ
673 2924 910 2980 scopum,
933 2923 1092 2980 super
1104 2907 1212 2980 hac
1223 2922 1283 2962 re
1296 2905 1362 2961 ad
1378 2905 1684 2980 Africanam
1694 2902 1953 2980 synodum
1970 2901 2181 2980 direxit,

620 2997 639 3030 ι
675 2972 1014 3035 εθᾶόοηιιῐιιέ
1043 2980 1157 3048 ejus
1189 2977 1383 3048 frustra
1411 2975 1526 3048 fuit.
1557 2972 1791 3048 Denique
1822 2972 1897 3027 illi
1931 2973 2032 3043 ipsi
2060 2975 2185 3044 Epi-

620 3068 639 3101 ι
675 3050 850 3120 scopi,
878 3050 968 3120 qui
992 3046 1393 3119 rebaptizandos
1432 3046 1710 3120 haereticos
1742 3059 1863 3120 cum
1890 3058 1955 3120 eo
1986 3052 2185 3100 statue-

620 3138 639 3171 ‹
673 3114 811 3187 ωηῖ,
838 3114 912 3175 ad
942 3114 1212 3189 antiquam
1236 3116 1668 3189 consuetudinem
1702 3114 1952 3179 revoluti,
1989 3130 2182 3189 novum

620 3209 639 3240 ι
672 3184 897 3245 emisere
917 3184 1206 3245 decretum.
1239 3208 1257 3240 ι
1277 3187 1519 3243 Baluzius
1541 3187 1786 3240 observat
1805 3200 1870 3239 eo
1896 3200 2052 3239 sensu
2072 3184 2185 3240 llic-

615 3276 891 3332 ronymum
915 3259 1112 3332 dixisse
1143 3274 1336 3332 novum
1374 3257 1625 3332 emissum
1652 3270 1768 3332 esse
1796 3255 1863 3332 ab
1892 3253 2055 3332 Afric.
2092 3255 2185 3310 de-

614 3325 838 3396 cretum,
861 3330 981 3401 quia
1001 3329 1252 3401 cernebat
1270 3343 1302 3383 a
1329 3328 1616 3401 melioriac
1636 3325 1828 3401 majori
1843 3334 1991 3401 parte
2011 3326 2184 3401 Dona-

616 3400 854 3455 tistarum
879 3395 1068 3455 'scelus
1106 3398 1343 3453 damnari
1383 3398 1437 3451 in
1472 3395 1860 3466 rebaptizandis
1899 3395 2179 3466 haereticis.

616 3470 903 3540 Utcumque
943 3479 1118 3540 tamen
1142 3485 1200 3524 se
1224 3468 1418 3540 habeat
1443 3465 1966 3540 quodjlieronymus
2000 3465 2179 3540 refert,

615 3534 928 3610 certum-est
953 3548 1073 3610 post
1099 3538 1352 3609 Stephani
1372 3534 1571 3593 obiium
1590 3536 1758 3607 Xysto
1795 3534 2182 3610 s_’cdente,l)io-

614 3610 765 3690 nysio
789 3605 1145 3690 Alexandrino
1170 3605 1450 3690 sequestro
1478 3605 1676 3690 pacem.
1696 3606 1993 3690 restitutam
2022 3605 2183 3690 fuisse

614 3674 903 3735 Romanam
926 3680 1141 3747 inter,et
1157 3674 1457 3733 Africanam
1478 3674 1786 3732 Ecclesiam.
1813 3674 1963 3732 Unde
1983 3689 2012 3729 a
2040 3677 2181 3747 Pon-

615 3749 687 3805 tio
711 3749 763 3804 in
792 3748 906 3805 Vita
931 3750 1178 3820 Cypriani
1199 3764 1342 3820 num.
1375 3748 1461 3820 μ,
1485 3747 1681 3820 Xystus
1689 3747 2002 3820 appellatur
2028 3746 2183 3820 bonus

615 3767 687 3805 IIO
711 3767 763 3804 tn
799 3767 906 3805 ιἰω
931 3767 971 3806 ι..
1009 3767 1178 3820 prtam
1199 3767 1342 3803 num.
1375 3767 1461 3815 ⁸14,
1488 3767 1681 3817 λγδιιις
1710 3767 2002 3817 appellatur
2028 3767 2177 3801 υοηιιε

614 3828 659 3890 et
686 3821 925 3890 paciﬁcus
967 3767 1233 3875 ἔασεν-(108.
1269 3819 1336 3890 Et
1372 3817 1663 3889 Cyprianus
1689 3817 1787 3890 Ep.
1824 3816 1893 3871 80
1929 3816 2058 3871 alias
2090 3817 2177 3890 82.

614 3887 926 3946 Successum
945 3890 1012 3945 de
1030 3889 1181 3961 Xysti
1203 3887 1664 3961 passionemonet,
1683 3887 1859 3961 aitque
1878 3902 1908 3961 a
1929 3906 1947 3938 ι
1983 3887 2181 3961 nuntiis

620 3979 638 4010 ι
673 3976 805 4031 quos
829 3956 1154 4031 Romamfut
1177 3956 1499 4029 exploratam
1520 3956 2054 4031 veritatem_haberet,
2078 3958 2181 4012 mi-

618 4048 636 4083 ι
671 4027 833 4098 serat,
861 4030 929 4086 de
960 4027 1268 4101 gravissima
1308 4029 1673 4101 persecutione
1688 4036 1759 4101 et
1792 4027 1948 4098 Papze
1972 4035 2181 4101 marty-

618 4119 636 4151 ι
671 4102 750 4156 rio
784 4096 842 4157 se
875 4096 1069 4157 facium
1104 4101 1263 4155 fuisse
1296 4096 1595 4154 certiorem.
1634 4117 1653 4150 ι
1688 4097 1812 4152 llaec
1836 4096 1935 4167 pax
1966 4096 2101 4152 forte
2120 4096 2181 4152 in

612 4183 767 4227 causa
801 4171 917 4240 fuit,
947 4180 1006 4226 ut
1027 4171 1180 4226 multi
1212 4186 1279 4226 ex
1316 4168 1458 4224 Afris
1496 4169 1772 4240 veritatem
1808 4168 2177 4240 intelligerent,

613 4237 911 4311 praesertim
923 4258 1084 4314 quum
1102 4241 1364 4314 Cypriano
1386 4247 1519 4314 teste
1537 4238 1749 4310 quidam
1767 4253 1886 4294 cum
1913 4237 2181 4308 Stephano

612 4309 956 4368 communem
971 4309 1227 4367 haberent
1250 4309 1583 4367 sententiam.

682 4381 759 4454 (l)
780 4381 940 4438 Filios
963 4381 1191 4454 verenda
1225 4382 1389 4454 patris
1408 4380 1489 4436 sui
1508 4378 1807 4454 superiecto
1826 4377 1998 4454 dorsis
2021 4378 2181 4454 pallio

611 4449 825 4521 aversos
844 4453 1116 4521 operuisse
1138 4449 1242 4515 est;
1262 4460 1320 4506 ut
1338 4449 1622 4521 Gregorius
1638 4450 1710 4504 25
1729 4449 1934 4515 Moral.,
1952 4463 2068 4518 cap.
2086 4449 2176 4521 22,

612 4520 859 4592 loquitur,
875 4520 1028 4579 bonis
1047 4522 1269 4592 subditis
1294 4520 1371 4576 sic
1390 4520 1793 4592 prapositorum
1812 4534 2026 4592 suorum
2043 4520 2179 4592 mala

612 4586 917 4662 displicere,
945 4599 1005 4647 ut
1026 4600 1203 4647 tamen
1227 4591 1341 4662 haec
1372 4586 1449 4662 ab
1463 4586 1580 4644 aliis
1602 4589 1872 4662 occultent
1881 4606 1900 4662 _:
1936 4606 1954 4638 ‹
1990 4586 2178 4662 Operi-

618 4680 637 4714 ι
670 4657 923 4729 mentum,
947 4662 1133 4733 inquit,
1161 4660 1334 4716 aversi
1358 4659 1619 4733 deferunt,
1646 4659 1767 4733 quia
1782 4657 2084 4733 judieantes
2097 4658 2176 4733 fa-_-

616 4751 635 4784 ι
669 4740 811 4787 ctum
830 4741 884 4789 et
902 4727 1213 4788 venerantes
1236 4729 1599 4801 magisterium
1617 4727 1806 4801 nohmt
1825 4727 2020 4801 videre,
2038 4728 2179 4797 quod

617 4821 637 4854 ι
672 4811 869 4873 tegunt.
899 4823 918 4857 ι
944 4802 1096 4871 Quod
1119 4797 1348 4873 prudens
1367 4799 1551 4870 optimi
1570 4798 1839 4873 Pontiﬁcis
1863 4811 1928 4873 ac
1952 4797 2180 4873 Vincen-

612 4872 666 4927 tii
694 4866 1687 4942 nionitumIsuminoporecommendat
1711 4867 2021 4942 celebrisex
2044 4866 2176 4942 Bro-

614 4943 914 5014 testantium
948 4936 1102 5014 parte
1118 4936 1565 5014 ediior‘Cypriani
1588 4939 1821 5014 ._loannes
1848 4936 2022 5014 Fellus
2050 4938 2176 5007 Epi-

612 5028 803 5084 scopus
825 5009 1137 5084 Oxoniensis
1155 5029 1177 5084 ;
1198 5020 1253 5066 at
1270 5009 1385 5065 aliis
1402 5009 1575 5079 placet
1588 5010 1802 5084 Patrum
1818 5009 2072 5077 castigare
2091 5023 2178 5062 er-

612 5078 745 5154 rata,
785 5084 923 5139 inter
956 5098 1090 5154 quos
1127 5082 1352 5154 libenter
1388 5078 1580 5154 nomen
1614 5078 1879 5154 professus
1916 5087 2010 5154 es_t_
2023 5092 2175 5154 suum

612 5148 877 5225 Clericus;
913 5148 1070 5225 quam
1095 5152 1165 5225 ob
1194 5166 1407 5206 causam
1443 5150 1497 5225 in
1530 5148 1629 5225 Ep;
1662 5149 1695 5225 β
1724 5148 1859 5225 Crit.
1884 5155 1939 5202 et
1958 5148 2172 5225 Eccles.

612 5224 789 5279 culoat
806 5217 1247 5279 dissimulationcs
1272 5236 1456 5276 omnes
1479 5221 1532 5274 in
1560 5217 1924 5274 Ecclesiastica
1958 5217 2175 5272 historia

612 5300 670 5348 ut
687 5288 912 5350 illicitas.
933 5294 1005 5349 At
1026 5293 1212 5349 demus
1231 5305 1535 5361 magnorum
1564 5288 1835 5345 hominum
1862 5302 1979 5343 esse
2018 5288 2177 5343 casti-

609 5363 778 5435 ganda
804 5372 1038 5441 peccata,
1066 5379 1133 5418 ne
1153 5362 1508 5441 forteineauti
1524 5361 1613 5414 illa
1636 5366 1952 5441 sequantur;
1974 5366 2177 5441 quanta-

614 5427 736 5490 inen
761 5427 919 5491 m'odo
951 5427 1059 5489 ida
1084 5431 1395 5503 quibusdam
1432 5439 1515 5485 est
1553 5427 1875 5503 praestitum,
1918 5443 2023 5483 non
2056 5427 2175 5483 dico

615 5503 980 5570 christianum,
1000 5499 1224 5560 sed'nec
1243 5503 1526 5572 ingenuum
1551 5499 1703 5572 decet
1721 5499 2008 5572 hominem,
2026 5512 2176 5572 nern-

612 5588 680 5645 pe
714 5589 836 5631 cum
874 5567 1239 5645 amaritudine,
1274 5567 1447 5637 rabie,
1489 5569 1805 5645 acerbitate;
1835 5569 2015 5645 dolose
2040 5567 2175 5645 levia

611 5636 786 5700 errata
816 5645 1087 5701 invidiosis
1103 5636 1320 5699 vocibus
1345 5639 1724 5711 exaggerando,
1752 5638 2031 5711 praeteritis
2061 5636 2173 5711 dis-

613 5713 974 5786 sirnulatisque
1012 5714 1309 5786 ingentibus
1341 5707 1562 5786 meriiis.
1591 5710 1665 5786 l_)e
1699 5709 1784 5786 tali
1811 5723 1873 5762 ac
1906 5715 2049 5786 tanta
2072 5707 2172 5762 ini-

687 5785 811 5841 itate
833 5777 1060 5856 graviter
1069 5777 1368 5856 postulatus
1379 5789 1469 5856 est
1485 5778 1717 5856 Clericus
1736 5780 1848 5856 ipse
1869 5793 1898 5831 a
1918 5777 2043 5856 viris
2061 5792 2177 5847 pro—

653 5853 778 5911 itate
799 5847 864 5911 et'
871 5847 1108 5912 doctrina
1127 5852 1441 5924 conspicuis,
1463 5849 1604 5922 quod
1618 5847 1865 5920 opus'fuit
1878 5847 2171 5915 advertere,

1834 409 2177 469 VlNCENTlI
2215 408 2588 469 LIRINENSIS
3751 417 3831 476 648

2304 537 2411 592 gno
2430 522 2588 593 igitur
2606 530 2750 578 metu
2771 524 2924 580 nobis
2949 525 3237 581 immutatae
3258 524 3379 581 fidei
3411 540 3475 581 ac
3495 534 3747 585 temeratae
3763 548 3832 590 re.

2305 610 2515 683 ligionis
2533 614 2796 684 piaculum
2831 612 3310 686 pertimescendum
3344 622 3459 680 est;
3486 629 3520 669 a
3546 630 3649 684 quo
3668 633 3752 674 nos
3767 636 3825 678 so

2302 699 2414 756 lum
2439 704 2825 759 constitutionis
2849 704 3231 760 Eeclesiastiese
3261 704 3557 776 disciplina,
3588 705 3677 762 sed
3707 711 3835 769 etiam

2302 807 2525 848 censura
2549 795 2866 866 Apostolicm
2888 795 3120 851 deterret
3138 795 3484 851 auctoritatis.
3511 795 3705 852 Scitum
3724 802 3835 857 enim

2302 885 2504 939 cunctis
2524 893 2607 941 est
2644 901 2802 956 quam
2826 885 3077 955 graviter,
3104 900 3264 955 quam
3303 899 3508 952 severe,
3533 901 3686 956 quam
3705 888 3835 946 vehe-

2299 981 2508 1029 menter
2527 974 2805 1030 invehatur
2843 975 2896 1030 in
2921 974 3180 1045 quosdam
3200 974 3387 1030 beatus
3410 974 3692 1045 Apostolus
3728 978 3836 1034 Pau-

2300 1060 2402 1130 lus,
2426 1064 2515 1134 qui
2538 1065 2672 1119 mira
2692 1065 2902 1119 levitate
2925 1064 3151 1119 nimium
3192 1064 3298 1119 cito
3322 1063 3567 1118 translati
3587 1064 3837 1124 fuerantab

2299 1169 2364 1208 eo
2384 1154 2473 1224 qui
2499 1170 2591 1209 eos
2611 1164 2891 1211 vocaverat
2910 1156 2963 1209 in
2987 1154 3211 1225 gratiam
3235 1153 3452 1218 Christi,
3477 1153 3534 1208 in
3552 1153 3691 1209 aliud
3709 1155 3838 1213 Evan-

2297 1245 2490 1315 gelium
2513 1245 2609 1317 (l),
2632 1246 2773 1316 quod
2793 1262 2899 1301 non
2920 1253 3002 1301 est
3027 1244 3200 1311 aliud;
3230 1244 3266 1299 2
3312 1243 3443 1300 Tim.
3473 1244 3537 1310 4,
3565 1244 3656 1313 qui
3674 1259 3837 1303 coacer~

2296 1348 2482 1393 varant
2507 1338 2607 1393 sibi
2630 1339 2911 1409 magistros
2930 1337 2999 1391 ad
3020 1352 3115 1392 sua
3150 1334 3432 1401 desideria,
3457 1350 3487 1389 a
3510 1335 3729 1390 veritate
3744 1339 3837 1407 qui-

2296 1428 2417 1485 dem
2440 1431 2677 1485 auditum
2709 1437 3034 1493 avertentes,
3061 1426 3304 1483 conversi
3334 1440 3462 1481 vero
3486 1423 3555 1480 ad
3586 1423 3833 1492 fabulas;i

2300 1523 2429 1578 Tim.
2454 1525 2507 1589 5,
2537 1524 2792 1579 habentes
2810 1520 3202 1577 damnationem
3223 1516 3367 1588 quod
3387 1516 3618 1587 primam
3638 1513 3774 1571 ﬁdem
3791 1517 3836 1572 ir-

2294 1614 2451 1669 ritam
2473 1614 2753 1679 fecissent;
2777 1626 2910 1684 quos
2933 1610 3253 1680 deceperant
3275 1607 3312 1661 ii
3334 1606 3403 1662 de
3422 1605 3621 1676 quibus
3659 1604 3719 1660 ad
3753 1605 3836 1661 Ro-

2294 1720 2479 1760 manos
2500 1703 2689 1759 fratres
2704 1702 2887 1758 scribit
2908 1700 3048 1756 idem
3067 1697 3352 1768 Apostolus
3378 1714 3391 1752 :
3419 1697 3566 1767 Rogo
3582 1704 3737 1749 autem
3756 1712 3835 1763 vos,

2294 1795 2493 1864 fratres,
2517 1804 2571 1849 ut
2594 1794 2857 1849 observetis
2879 1808 2961 1846 eos
2984 1791 3071 1861 qui
3094 1788 3425 1843 dissentiones
3460 1796 3507 1841 et
3549 1784 3835 1853 offendicula,

2295 1898 2474 1958 praeter
2492 1887 2770 1940 doctrinam
2800 1899 2950 1955 quam
2982 1881 3081 1952 ipsi
3107 1880 3376 1945 didicistis,
3398 1878 3630 1947 faciunt;
3653 1885 3697 1930 et
3714 1877 3837 1931 dedi-

2293 1990 2408 2034 nate
2456 1982 2517 2034 ab
2567 1979 2687 2033 illis.
2740 1973 3047 2048 Hujusmodi
3087 1973 3220 2027 enim
3260 1970 3461 2025 Christo
3504 1967 3722 2023 Domino
3762 1985 3837 2022 non

2292 2073 2526 2135 serviunt,
2556 2069 2643 2124 sed
2667 2084 2758 2123 suo
2782 2067 2940 2122 ventri
2959 2107 2974 2131 ,
2997 2073 3044 2119 et
3065 2062 3334 2135 perdulces
3356 2077 3610 2115 sermones
3652 2068 3693 2111 et
3722 2060 3836 2112 bene-

2292 2165 2530 2219 dictiones
2561 2161 2803 2217 seducunt
2843 2159 2997 2213 corda
3034 2156 3372 2211 innocentium
3395 2195 3409 2217 ,
3464 2153 3617 2208 Rom.
3655 2151 3731 2205 16.
3763 2149 3839 2214 Qui

2291 2255 2480 2308 intrant
2500 2271 2588 2324 per
2606 2253 2800 2317 domos,
2823 2248 3105 2320 etcaptivas
3129 2247 3319 2300 ducunt
3340 2242 3668 2297 mulierculas
3691 2256 3836 2294 om-

2292 2357 2367 2401 tas
2388 2348 2619 2419 peccatis,
2646 2360 2757 2415 qua:
2781 2344 3031 2397 ducuntur
3060 2339 3213 2395 uariis
3239 2336 3539 2401 desideriis;
3566 2350 3753 2404 semper
3779 2333 3838 2387 di-

2290 2447 2497 2503 scentes,
2526 2447 2573 2490 et
2592 2436 2658 2490 ad
2684 2435 2942 2488 scientiam
2978 2430 3200 2486 veritatis
3232 2442 3489 2497 nunquam
3515 2424 3835 2495 pereamus,

2289 2529 2323 2583 2
2364 2529 2492 2584 Tim.
2534 2530 2586 2583 5.
2623 2525 2891 2596 Vaniloqui
2913 2532 2961 2579 et
2978 2523 3277 2585 seductores,
3306 2520 3391 2590 qui
3417 2518 3678 2572 universas
3700 2515 3838 2570 domos

2290 2622 2593 2681 subvertant,
2617 2618 2844 2672 docentes
2863 2629 2974 2685 quae
2993 2630 3092 2667 non
3110 2618 3325 2682 oportet,
3357 2608 3521 2679 turpis
3547 2605 3679 2660 lucri
3686 2607 3837 2676 gratia,

2292 2710 2392 2766 Tit.
2423 2712 2475 2765 1.
2514 2710 2755 2764 Homines
2781 2706 3002 2777 corrupti
3029 2712 3208 2767 mente,
3231 2701 3433 2773 reprobi
3458 2700 3594 2753 circa
3617 2698 3762 2767 ﬁdem
3778 2739 3792 2764 ,
3812 2697 3839 2751 Ξ

2292 2803 2422 2857 Tim.
2453 2804 2506 2870 5,
2529 2800 2761 2872 superbi,
2783 2807 2838 2854 et
2863 2798 2994 2852 nihil
3018 2796 3269 2860 scientes,
3287 2792 3384 2848 sed
3404 2792 3717 2862 languentes
3727 2789 3838 2843 circa

2288 2893 2608 2964 quaestiones
2633 2899 2687 2946 et
2713 2901 2913 2961 pugnas
2944 2886 3260 2950 verborum;
3295 2882 3386 2955 qui
3426 2881 3652 2937 veritate
3683 2877 3839 2950 privati

2290 2993 2430 3050 sunt,
2455 2985 2818 3040 existimantes
2843 2986 3104 3050 quaastum
3132 2990 3253 3031 esse
3277 2975 3533 3045 pietatem
3555 2990 3569 3025 :
3588 2969 3740 3026 simul
3761 2983 3838 3023 au-

2289 3083 2398 3131 tem
2424 3082 2478 3131 et
2491 3074 2647 3129 otiosi
2662 3071 2871 3127 discunt
2895 3066 3176 3124 circumire
3196 3064 3385 3120 domos
3404 3080 3420 3131 ;
3437 3078 3545 3118 non
3575 3060 3742 3116 solum
3764 3073 3839 3115 au-

2289 3173 2397 3221 tem
2413 3164 2590 3230 otiosi,
2619 3161 2715 3218 sed
2734 3169 2789 3217 et
2806 3158 3037 3225 verbosi,
3055 3164 3111 3212 et
3123 3154 3318 3211 curiosi
3333 3154 3615 3226 loquentes
3628 3164 3742 3221 qua
3754 3163 3840 3205 non

2288 3266 2515 3329 oportet,
2544 3256 2569 3311 1
2608 3254 2738 3310 Tim.
2774 3253 2808 3308 5
2837 3270 2851 3306 :
2879 3251 2971 3322 qui
2988 3249 3183 3305 bonam
3201 3244 3584 3301 conscientiam
3602 3240 3839 3313 repellen-

2288 3358 2389 3416 tes,
2420 3350 2563 3405 circa
2595 3347 2753 3402 ﬁdem
2791 3342 3264 3413 naufragaverunt,
3297 3338 3320 3393 1
3366 3336 3500 3391 Tim.
3544 3336 3614 3416 ipp:
3641 3346 3839 3405 quorum

2287 3414 2560 3512 prophana
2599 3435 2895 3505 vaniloquia
2936 3432 3161 3488 multum
3202 3427 3485 3501 proﬁcitmt
3519 3414 3590 3481 ad
3625 3425 3839 3496 impietas

2287 3540 2415 3597 tem,
2438 3539 2494 3586 et
2511 3543 2688 3586 sermo
2711 3541 2895 3583 eorum
2921 3533 3184 3580 ut'cancer
3211 3519 3398 3590 serpit,
3413 3519 3451 3572 2
3487 3516 3620 3572 Tim.
3641 3517 3694 3571 2.
3721 3515 3840 3571 Bene

2287 3631 2465 3678 autem
2487 3619 2628 3691 quod
2647 3618 2714 3675 de
2732 3617 2797 3674 iis
2812 3617 2938 3671 item
2963 3612 3212 3669 scribitur
3239 3628 3252 3663 :
3282 3608 3388 3666 Sed
3414 3607 3553 3662 ultra
3579 3623 3677 3661 non
3701 3604 3837 3676 proﬁ-

2288 3714 2432 3768 cient.
2456 3712 2483 3766 Ι
2490 3712 2758 3783 nsipientia
2781 3709 2911 3764 enim
2931 3722 3104 3762 eorum
3126 3702 3391 3773 ntanifesta
3409 3701 3505 3755 erit
3528 3699 3765 3765 omnibus,
3779 3697 3839 3750 si-

2287 3816 2369 3860 cut
2395 3815 2440 3860 et
2460 3806 2663 3859 illorum
2689 3803 2803 3873 fuit.
2831 3801 2868 3856 2
2890 3799 3020 3853 Tim.
3044 3798 3096 3852 5.

2359 3895 2491 3949 \‘lll.
2506 3895 2637 3951 Cum
2657 3908 2783 3964 ergo
2798 3892 2930 3946 tales
2938 3888 3151 3960 quidam
3161 3886 3554 3943 circumeuntes
3570 3878 3840 3954 provincias

2287 3995 2342 4043 et
2379 3988 2638 4052 civitates,
2659 3993 2818 4056 atque
2850 3995 3060 4039 errores
3098 3975 3377 4034 venalitios
3404 3970 3835 4037 circumferendo,

2286 4082 2446 4137 etiam
2472 4079 2539 4135 ad
2558 4078 2768 4134 Galatas
2791 4070 2881 4149 (2)
2897 4072 3263 4136 devenissent,
3298 4059 3531 4139 cumque
3554 4067 3639 4122 his
3668 4062 3838 4121 auditis

2286 4172 2485 4229 Galatze
2523 4178 2719 4225 nausea
2745 4165 2974 4237 quadam
3013 4162 3251 4218 veritatis
3290 4158 3500 4225 affecti,
3542 4156 3837 4230 Apostolicaa

2286 4264 2673 4333 Catholiczeque
2704 4258 2959 4316 doctrinae
2989 4268 3184 4310 manna
3211 4258 3571 4316 revomentes,
3600 4248 3836 4304 haeretica:

2286 4355 2534 4411 novitatis
2566 4351 2811 4409 sordibus
2835 4348 3224 4405 oblectarentur
3241 4384 3257 4409 ,
3286 4343 3360 4398 ita
3385 4356 3508 4397 sese
3541 4337 3835 4412 Apostolica:

2284 4446 2560 4519 potestatis
2585 4441 2790 4499 exemit
2802 4437 3105 4501 auctoritas,
3121 4442 3182 4490 ut
3198 4447 3407 4490 summa
3432 4447 3558 4489 cum
3583 4428 3834 4486 severitate

2284 4594 2486 4636 morem
2513 4579 2610 4648 ipsi
2639 4573 2988 4648 gerendo,_ne
3010 4569 3134 4648 quid
3156 4566 3340 4623 notitia
3369 4564 3588 4636 dignum
3610 4561 3833 4619 dissimu-

2284 4651 2421 4707 letur
2441 4651 2492 4705 in
2515 4640 2882 4709 Ecclésiastica
2901 4640 3140 4697 histdria.

2342 4702 2953 4846 Apostolicum
2980 4708 3474 4793 testimoniumnon
3502 4705 3650 4786 aliter
3674 4717 3701 4756 a
3720 4702 3832 4756 Ter-

2383 4806 2502 4846 Iano
2516 4790 2609 4844 lib.
2631 4789 2665 4843 4
2687 4792 2831 4842 cont.
2852 4784 3170 4838 Marcmnem
3189 4818 3204 4843 ,
3222 4786 3274 4833 et
3295 4777 3618 4846 Hieronymo
3632 4789 3680 4829 in
3694 4772 3831 4827 Com-

2283 4772 2502 4847 tullian-o
2516 4772 2609 4844 lib.
2631 4772 2665 4843 ἰ
2687 4792 2831 4842 cont.
2852 4782 3170 4838 Marcionem
3189 4818 3204 4843 ,
3222 4786 3274 4833 et
3295 4776 3618 4847 Hieronymo
3632 4774 3680 4829 in
3694 4772 3831 4827 Com-

2282 4846 2554 4918 mentariis
2567 4872 2728 4928 super
2746 4856 2883 4911 hanc
2901 4852 3177 4923 epistolam
3197 4847 3459 4913 laudatur,
3482 4846 3755 4901 reluctante
3770 4848 3831 4896 ta-

2282 4948 2403 4988 men
2428 4933 2668 4987 Erasmo.

2353 4982 2676 5074 Efliaislihi
2706 4997 2897 5074 fratres
2919 4991 3179 5074 docebant
3209 4987 3483 5074 hominem
3505 5002 3581 5074 ex

2282 5055 2853 5143 legis'justiﬁcandum,_
2866 5066 3290 5143 ἀῳθρετιιηιίιυρ
3309 5056 3544 5143 Galatas:
3562 5064 3619 5143 ui

2280 5122 2970 5207 iacialias'legis
3000 5122 3335 5207 'ceremdnias
3354 5143 3474 5207 .una
3509 5122 3627 5181 cum

2281 5191 2571 5285 iégE'iEiift
2588 5191 2672 5285 ad
2684 5191 2928 5285 salutem
2961 5201 3297 5285 necessarias
3320 5191 3825 5285 observa-renti?

2282 5261 2881 5350 minamminimam
2902 5277 3039 5350 inter
3057 5269 3359 5350 Apostolos,
3386 5282 3511 5350 eum
3542 5261 3823 5350 insimulan-

2280 5360 2389 5417 tes,
2417 5352 2561 5407 velut
2588 5338 2712 5404 aliis
2748 5338 3217 5417 contradicenterr..
3250 5339 3350 5405 Qui
3386 5338 3820 5417 Eunesipuoraqs,

2282 5398 3041 5488 ἱιῖίίιὲὲὸίἶίιζ’ἒῇίείὀίἷεέιᾳετίε
3060 5398 3362 5488 Galatarum
3381 5398 3577 5488 animis
3585 5406 3656 5488 ie

2281 5476 2401 5559 tur;
2428 5476 2479 5547 ili.
2494 5476 2861 5559 improborum
2887 5476 3409 5559 co'crcetaudaciam,
3437 5476 3820 5559 dignitatern.

2280 5540 2627 5632 istisistis?
2644 5540 2958 5632 aestuans,
2982 5554 3039 5632 2.
3051 5623 3062 5632 .
3076 5550 3352 5632 doctrina;
3366 5540 3817 5632 εἰιεεςεφῃαξηῇίιξη

2280 5616 2399 5688 ’ch
2410 5616 2535 5686 aliis
2561 5628 2824 5699 Apostolis
2851 5641 2916 5699 ex
2945 5623 3119 5699 habita
3140 5616 3260 5699 cum
3281 5616 3816 5699 illisncollatione‘pﬁo-

2281 5686 2387 5759 bat.
2412 5704 2464 5757 5.
2491 5686 2759 5756 accersitis
2785 5695 3075 5752 rationibus
3094 5706 3157 5746 ac
3174 5688 3369 5761 veteris
3387 5687 3660 5761 Scriptum
3682 5686 3816 5761 testi:

2280 5752 2471 5829 inaniis
2490 5752 2734 5826 seductos
2752 5767 2820 5822 ab
2845 5779 3023 5820 errore
3055 5767 3287 5816 revocat.
3319 5752 3599 5829 Epistolam
3629 5752 3818 5820 scripsit

2280 5828 2418 5899 circa
2438 5858 2561 5896 ann.
2585 5838 2710 5895 0hr.
2740 5852 2860 5892 aera:
2879 5833 2968 5903 56,
2991 5833 3022 5888 a
3039 5830 3168 5891 Chr.
3194 5837 3369 5887 morte
3386 5828 3476 5893 23.
