4018 6338
288 392 391 452 649

276 522 590 575 decemeret
617 536 631 571 :
663 517 767 574 Sed
800 517 911 572 licet
930 533 1040 582 nos,
1066 518 1267 590 inquit,
1296 529 1384 575 aut
1409 526 1614 593 angelus
1638 527 1700 578 de
1724 527 1844 578 cmlo

274 609 579 679 evangelizet
603 609 739 663 vobis
766 618 1095 679 praterquam
1119 610 1253 680 quod
1276 613 1717 683 evangelizavimus
1756 630 1844 668 vo-

273 699 367 763 bis,
398 700 665 754 anathema
696 701 780 765 sit,
812 699 927 754 Gal.
962 702 1010 755 1.
1041 702 1178 768 Quid
1198 712 1280 758 est
1307 704 1449 774 quod
1473 706 1574 771 ait,
1602 706 1708 763 Sed
1734 707 1845 761 licet

269 792 403 843 nos?
428 790 535 845 Cur
559 806 666 846 non
698 792 892 862 potius,
922 791 1028 847 Sed
1055 793 1167 847 licet
1186 810 1276 864 ego
1291 795 1317 848 7
1342 795 1455 850 Hoc
1478 803 1561 851 est
1589 815 1602 851 :
1625 797 1844 853 Etiamsi

269 880 480 947 Petrus,
501 883 706 937 etiamsi
733 882 991 949 Andreas,
1010 884 1216 939 etiamsi
1236 885 1485 954 Joannes,
1515 888 1721 943 etiamsi
1744 904 1842 959 po-

266 980 471 1028 stremo
510 974 683 1028 omnis
715 974 1088 1044 Apostolorum
1114 977 1308 1032 chorus
1347 979 1670 1049 evangelizet
1692 980 1844 1035 vobis

265 1073 620 1136 prmterquam
640 1066 780 1135 quod
796 1067 1283 1138 evangelizavimus,
1301 1070 1579 1127 anathema
1604 1073 1689 1127 sit.
1710 1073 1840 1128 Tre-

263 1155 462 1211 menda
487 1156 745 1211 districtio
763 1200 777 1223 ,
800 1167 1016 1229 propter
1035 1159 1381 1217 adserendam
1412 1165 1595 1234 primm
1621 1164 1741 1221 ﬁdei
1764 1175 1843 1221 te-

263 1248 570 1308 nacitatem.
590 1265 687 1304 nec
702 1250 822 1315 sibi,
845 1266 945 1306 nec
959 1254 1166 1307 caeteris
1179 1257 1496 1325 coapostolis
1511 1260 1836 1328 pepercisse!

262 1340 460 1397 Parum
488 1349 571 1398 est
599 1360 613 1396 :
644 1342 859 1397 Etiamsi
876 1346 1098 1416 angelus,
1118 1346 1305 1417 inquit,
1325 1350 1385 1403 de
1404 1350 1525 1403 caelo
1545 1352 1842 1421 evangelizet

262 1432 421 1497 vobis,
453 1443 785 1504 praterquam
808 1436 942 1505 quod
964 1437 1405 1507 evangelizavimus
1425 1482 1437 1503 ,
1467 1441 1731 1495 anathema
1754 1442 1835 1497 sit.

261 1523 382 1580 Non
422 1525 702 1582 suﬂ'ecerat
726 1527 792 1582 ad
821 1528 1115 1584 custodiam
1144 1530 1347 1585 traditae
1371 1533 1536 1587 semel
1566 1532 1705 1597 fidei,
1737 1534 1839 1589 hu-

262 1626 435 1671 manm
450 1617 765 1673 conditionis
784 1634 1229 1675 commemorasse
1242 1628 1502 1688 naturam,
1524 1624 1624 1677 nisi
1640 1625 1839 1694 angeli-

260 1722 379 1763 cam
408 1723 619 1779 quoque
638 1709 1003 1763 excellentiam
1029 1712 1534 1781 comprehendisset.
1566 1712 1702 1767 Licct
1726 1732 1835 1779 nos,

260 1800 450 1871 inquit,
481 1811 567 1855 aut
590 1802 794 1872 angelus
822 1803 883 1856 de
907 1803 1047 1857 calo.
1076 1804 1191 1859 Non
1217 1806 1337 1874 quia
1371 1806 1535 1861 sancti
1569 1807 1841 1862 caelestes-

260 1906 365 1961 que
390 1891 564 1962 angeli
588 1906 809 1962 peccare
829 1893 940 1962 jam
960 1894 1189 1963 possint;
1222 1894 1317 1949 sed
1350 1894 1449 1949 hoc
1477 1903 1559 1951 est
1584 1897 1725 1967 quod
1757 1898 1839 1951 di-

258 1984 367 2038 cit:
400 1984 457 2039 Si
484 1985 663 2050 etiam,
694 1985 881 2055 inquit,
909 1985 999 2039 ﬁat
1018 1987 1159 2057 quod
1184 2003 1288 2041 non
1315 1997 1489 2058 potest
1521 1989 1655 2056 ﬁeri,
1692 1991 1839 2061 quis-

257 2075 379 2145 quis
398 2075 489 2130 ille
514 2075 759 2130 traditam
786 2077 951 2131 semel
973 2076 1129 2132 ﬁdem
1160 2087 1363 2133 mutare
1384 2081 1681 2144 tentaverit,
1706 2096 1835 2135 aua-

255 2165 437 2221 thema
472 2166 560 2221 sit.
596 2165 701 2221 Sed
735 2165 850 2221 haec
889 2166 1108 2222 forsitan
1143 2168 1494 2238 perfunctorie
1521 2172 1836 2242 praelocutus

254 2264 359 2321 est,
380 2265 434 2312 et
448 2257 681 2313 humano
694 2259 871 2328 potius
897 2258 1081 2314 effudit
1106 2260 1323 2331 impetu,
1353 2272 1511 2332 quam
1542 2263 1719 2318 divina
1745 2281 1834 2320 ra-

253 2349 402 2405 tione
428 2350 678 2406 decrevit.
706 2351 877 2405 Absit.
902 2351 1152 2421 Sequitur
1166 2354 1327 2419 enim,
1357 2363 1408 2409 et
1435 2355 1537 2410 hoc
1557 2356 1728 2426 ipsum
1751 2358 1834 2412 in-

250 2443 397 2513 genti
410 2444 681 2500 molimine
694 2444 894 2499 iteratae
909 2445 1274 2502 insinuationis
1287 2447 1510 2502 inculcat
1526 2467 1537 2501 :
1556 2448 1698 2502 Sicut
1714 2464 1836 2519 pra:-

251 2532 498 2599 diximus,
515 2544 563 2588 et
576 2552 703 2589 nunc
715 2537 893 2590 iterum
908 2538 1019 2591 dico
1035 2554 1053 2591 :
1066 2538 1127 2593 Si
1135 2539 1245 2607 quis
1260 2538 1395 2591 vobis
1408 2540 1829 2609 evangelizaverit,

253 2633 593 2695 prtvterquam
616 2627 749 2696 quod
768 2628 1053 2698 accepistis,
1082 2628 1347 2682 anathema
1380 2629 1461 2683 sit.
1504 2629 1617 2684 Non
1662 2632 1830 2686 dixit:

248 2716 307 2772 Si
320 2718 446 2788 quis
459 2718 610 2773 vobis
621 2720 1007 2776 annuntiaverit
1018 2730 1369 2791 praeterquam
1382 2722 1521 2792 quod
1534 2725 1831 2794 accepistis,

190 2812 217 2857 ἐ
243 2806 566 2865 benedictus
581 2809 667 2874 sit,
685 2809 945 2875 laudetur,
967 2812 1283 2881 recipiatur;
1314 2812 1429 2878 sed,
1458 2814 1723 2867 anathema
1746 2817 1830 2881 sit,

249 2899 446 2972 inquit,
461 2901 515 2957 id
530 2910 628 2967 est,
645 2912 937 2973 separatus,
957 2912 1281 2975 segregatus,
1300 2906 1546 2961 exclusus
1561 2949 1576 2973 ,
1600 2923 1667 2963 ne
1681 2909 1834 2964 unius

250 2992 372 3046 ovis
391 2992 565 3047 dirum
582 2994 880 3064 contagium
906 2994 1177 3049 innoxium
1210 3011 1422 3068 gregem
1448 2994 1643 3051 Christi
1668 3014 1832 3053 vene-

248 3089 379 3137 nata
394 3082 747 3152 permixtione
771 3084 1112 3139 contaminet.

321 3173 418 3229 IX.
460 3174 563 3230 Sed
590 3174 808 3229 forsitan
833 3174 1031 3230 Galatis
1051 3176 1149 3229 ista
1169 3183 1374 3231 tantum
1399 3185 1662 3247 praecepta
1686 3185 1828 3232 sunt.

248 3264 394 3335 Ergo
419 3273 475 3320 et
492 3265 579 3319 illa
600 3264 725 3319 solis
748 3264 945 3321 Calatis
969 3266 1222 3336 imperata
1243 3275 1367 3322 sunt
1384 3284 1502 3337 qua:
1523 3269 1576 3323 in
1596 3269 1833 3339 ejusdem

249 3354 506 3425 Epistulae
549 3357 890 3425 sequentibus
937 3367 1453 3415 commemorantur:
1492 3361 1665 3430 qualia
1713 3369 1835 3416 sunt

249 3445 406 3500 hmo:
438 3445 499 3501 Si
534 3446 740 3500 vivimus
774 3448 981 3518 spiritu,
1023 3449 1203 3518 spiritu
1246 3458 1293 3502 et
1338 3450 1667 3505 ambulemus.
1710 3451 1835 3506 Non

252 3539 525 3607 efﬁciantur
548 3539 710 3592 inanis
733 3539 908 3611 gloria:
930 3539 1119 3611 cupidi,
1144 3540 1350 3593 invicem
1373 3550 1723 3611 provocantes,
1750 3542 1831 3595 in-

252 3629 497 3693 videntes,
524 3626 639 3683 Gal.
666 3630 719 3697 5,
748 3638 802 3685 et
830 3630 1050 3700 reliqua.
1079 3629 1229 3696 Quod
1262 3630 1307 3684 si
1333 3630 1619 3685 absurdum
1644 3639 1752 3699 est,
1781 3639 1835 3687 et

250 3719 501 3773 omnibus
526 3733 593 3774 ex
626 3735 778 3789 aequo
811 3720 1069 3789 imperata
1104 3727 1253 3785 sunt,
1281 3728 1447 3774 restat
1480 3728 1538 3775 ut
1561 3721 1695 3776 sicut
1719 3721 1835 3775 hzec

250 3825 466 3864 morum
498 3809 764 3877 mandata,
790 3811 862 3865 ita
885 3811 1046 3865 etiam
1070 3811 1157 3864 illa
1182 3827 1300 3880 quae
1320 3810 1387 3866 de
1406 3811 1508 3867 ﬁde
1531 3820 1685 3867 cauta
1712 3820 1835 3868 sunt

250 3914 445 3955 omnes
465 3900 577 3970 pari
597 3900 754 3955 modo
772 3901 1240 3970 comprehendant,
1265 3908 1318 3955 et
1337 3902 1473 3956 sicut
1492 3902 1689 3957 nemini
1709 3903 1835 3958 licet

251 3988 484 4044 invicem
511 4004 799 4060 provocare
826 3999 918 4044 aut
955 3991 1191 4045 invidere
1229 3991 1483 4058 invicem,
1526 3993 1598 4047 ita
1636 3994 1833 4048 nemini

250 4079 430 4146 liceat,
456 4087 646 4149 praeter
671 4080 721 4134 id
746 4080 888 4151 quod
912 4080 1146 4135 Ecclesia
1171 4080 1436 4136 Catholica
1458 4097 1834 4153 usquequaque

252 4171 585 4241 evangelizat
622 4171 880 4240 accipere.
926 4170 1031 4225 Aut
1069 4171 1286 4226 forsitan
1310 4179 1435 4226 tunc
1461 4172 1760 4242 jubebatur,
1787 4176 1833 4229 si

250 4261 377 4331 quis
404 4262 769 4317 annuntiasset
792 4270 1140 4332 praeterquam
1162 4260 1303 4332 quod
1326 4263 1691 4317 annuntiatum
1715 4263 1833 4319 fue-

252 4359 358 4416 rat,
382 4351 814 4406 anathematizari
833 4369 847 4417 ;
868 4366 1009 4406 nunc
1032 4367 1158 4406 vero
1179 4352 1289 4420 jam
1316 4367 1419 4406 non
1439 4351 1673 4421 jubetur.
1695 4354 1834 4423 Ergo

254 4449 308 4494 et
328 4440 457 4495 illud
477 4441 617 4511 quod
639 4442 763 4496 item
784 4442 855 4495 ibi
881 4442 954 4495 ait
977 4459 989 4494 :
1015 4440 1141 4493 Dico
1160 4449 1345 4505 autem,
1365 4441 1547 4511 spiritu
1561 4441 1832 4508 ambulate,

245 4540 298 4584 ἐι
336 4531 641 4585 desiderium
665 4533 829 4586 carnis
851 4549 951 4585 non
978 4532 1259 4601 perﬁcietis,
1292 4536 1423 4586 tunc
1451 4540 1654 4587 tantum
1675 4533 1831 4603 jube-

253 4620 432 4687 batur,
464 4621 623 4677 modo
648 4637 774 4677 vero
803 4622 913 4692 jam
948 4637 1051 4675 non
1081 4621 1312 4691 jubetur.
1349 4622 1502 4688 Quod
1534 4624 1579 4678 si
1613 4624 1833 4693 impium

253 4711 457 4779 pariter
480 4719 535 4766 et
558 4712 909 4780 perniciosum
937 4712 1111 4766 estita
1139 4710 1374 4777 credere,
1404 4714 1705 4767 necessario
1743 4728 1832 4769 se-

254 4801 435 4870 quitur
459 4810 519 4856 ut
542 4803 677 4856 sicut
701 4802 814 4856 haec
844 4802 1048 4857 cunctis
1072 4802 1311 4857 aetatibus
1334 4802 1660 4857 observanda
1686 4812 1830 4872 sunt,

256 4890 327 4944 ita
356 4892 446 4945 illa
470 4908 680 4962 quoque
709 4908 827 4962 quas
854 4892 919 4947 de
943 4908 1049 4947 non
1080 4893 1328 4947 mutanda
1359 4893 1460 4948 ﬁde
1485 4896 1685 4950 sancita
1711 4904 1835 4952 sunt

254 4982 464 5037 umetis
478 4983 722 5037 aetatibus
742 4983 997 5052 imperata
1010 4983 1133 5037 sint.
1152 4982 1479 5037 Annuntiare
1494 4999 1619 5054 ergo
1639 4985 1833 5055 aliquid

256 5069 572 5125 Christianis
594 5070 886 5139 catholicis,
909 5080 1101 5141 prmtcr
1122 5071 1174 5125 id
1199 5071 1339 5141 quod
1363 5081 1680 5141 acceperunt
1700 5090 1835 5128 nun-

256 5175 419 5229 quam
446 5162 613 5230 licuit,
650 5176 910 5233 nusquam
939 5163 1080 5231 lieet,
1107 5178 1373 5233 nunquam
1398 5164 1604 5231 licebit;
1631 5174 1685 5221 et
1706 5182 1834 5221 ana-

257 5252 605 5309 thematizare
641 5271 734 5310 eos
774 5256 864 5325 qui
900 5256 1212 5310 annuntiant
1252 5256 1447 5326 aliquid
1483 5265 1832 5328 praeterquam

260 5342 401 5412 quod
421 5345 583 5399 semel
604 5353 878 5415 acceptum
897 5352 996 5413 est,
1023 5361 1292 5416 nunquam
1315 5361 1421 5401 non
1442 5349 1692 5416 oportuit,
1715 5362 1835 5403 nus-

262 5447 419 5501 quam
439 5448 545 5489 non
570 5443 796 5505 oportet,
823 5435 1092 5506 nunquam
1113 5451 1218 5490 non
1244 5436 1524 5506 oportebit.
1560 5437 1687 5502 Qua:
1710 5438 1831 5492 eum

261 5521 333 5576 ita
355 5524 484 5591 sint,
516 5532 664 5580 estne
687 5526 877 5595 aliquis
903 5526 985 5580 vel
1008 5533 1166 5580 tantm
1187 5525 1418 5580 audacia:
1449 5526 1538 5595 qui
1563 5534 1756 5595 praeter
1778 5528 1832 5581 id

262 5615 403 5685 quod
428 5616 567 5686 apud
590 5617 882 5672 Ecclesiam
915 5618 1279 5671 annuntiatum
1303 5624 1385 5671 est
1418 5617 1710 5683 annuntiet,
1748 5618 1831 5670 vel

262 5710 422 5759 tantm
448 5706 674 5762 levitatis
702 5707 791 5778 qui
816 5715 1009 5777 praeter
1030 5707 1080 5761 id
1106 5707 1247 5777 quod
1269 5707 1337 5761 ab
1365 5706 1601 5761 Ecclesia
1630 5707 1833 5776 accepit

268 5796 521 5860 accipiat?
544 5797 750 5855 Clamat
792 5806 846 5856 et
862 5794 1384 5866 repetendoclamat.
1412 5806 1467 5854 et
1484 5797 1747 5861 omnibus,
1776 5806 1833 5853 et

407 5895 645 5954 PATROL.
672 5896 735 5955 L.

1464 400 2035 465 COMMONITORIUM
2075 410 2358 470 PRIMUM.

3411 419 3515 475 650

1949 543 2177 597 semper,
2206 538 2261 585 et
2284 530 2475 601 ubique
2499 544 2594 601 per
2612 531 2810 589 litteras
2835 546 2956 588 suas
2974 530 3165 591 clamat
3181 534 3291 607 ille,
3313 534 3400 594 ille
3420 555 3516 597 vas

1946 619 2237 689 electionis,
2256 621 2341 677 ille
2356 623 2603 693 magister
2616 625 2845 695 gentium
2854 668 2868 693 ,
2882 626 2969 680 ille
2981 626 3354 696 Apostolorum
3366 632 3489 685 tuba
3498 674 3513 698 ,

1946 708 2034 764 ille
2055 717 2314 767 terrarum
2339 728 2531 783 praeco,
2567 714 2654 770 ille
2677 716 2930 771 caelorum
2956 717 3219 785 conscius,
3249 725 3307 773 ut
3326 720 3372 773 si
3398 721 3516 789 quis

1945 814 2141 856 novum
2161 802 2349 873 dogma
2370 806 2775 872 annuntiaverit,
2797 806 3287 863 anathematizetur.
3309 809 3377 864 Et
3397 823 3517 864 con-

1946 898 2027 946 tra
2045 894 2334 948 reclamant
2353 910 2496 949 rana:
2509 895 2770 963 quaedam,
2793 904 2847 951 et
2859 896 3134 967 cyniphes,
3158 906 3212 953 et
3224 912 3420 953 musca:
3438 898 3516 968 (1)

1943 983 2460 1053 morituram-quales
2491 991 2615 1038 sunt
2636 984 2929 1055 Pelagiani,
2965 992 3019 1039 et
3056 986 3158 1041 hoc
3194 986 3513 1043 Catholicis:

1944 1069 2125 1139 Nobis,
2160 1074 2428 1144 inquiunt,
2452 1073 2773 1141 auctoribus,
2802 1074 2953 1129 nobis
2982 1075 3333 1145 principibus,
3360 1076 3515 1132 nobis

1944 1162 2349 1231 expositoribus,
2393 1163 2639 1218 damnate
2682 1179 2799 1234 quae
2845 1163 3134 1233 tenebatis,
3178 1174 3354 1221 tenete
3396 1182 3514 1237 qua:

1943 1250 2292 1319 damnabatis,
2315 1254 2516 1323 rejicite
2536 1255 2804 1324 antiquam
2820 1254 2998 1319 ﬁdem,
3020 1263 3237 1324 paterna
3254 1258 3510 1325 instituta,

1942 1344 2204 1413 majorum
2226 1344 2494 1413 deposita;
2520 1352 2574 1400 et
2596 1345 2813 1415 recipite
2839 1364 2851 1399 :
2889 1360 3130 1415 quamam
3154 1348 3241 1401 illa
3266 1349 3515 1403 tandem?

1943 1432 2135 1487 horreo
2160 1433 2336 1489 dicere
2360 1452 2373 1487 :
2402 1442 2526 1489 sunt
2552 1435 2693 1490 enim
2719 1444 2827 1490 tam
2861 1436 3115 1505 superba,
3153 1445 3211 1491 ut
3244 1438 3373 1492 mihi
3408 1454 3513 1495 non

1940 1522 2104 1578 modo
2131 1523 2383 1594 aﬁrmari,
2412 1526 2505 1583 sed
2530 1541 2597 1581 ne
2622 1525 2787 1582 refelli
2812 1527 3024 1597 quidem
3053 1527 3168 1582 sine
3198 1528 3373 1598 aliquo
3396 1530 3514 1599 pia-

1940 1612 2061 1667 culo
2084 1627 2239 1682 posse
2263 1615 2556 1671 vidcantur.

2012 1702 2080 1758 X.
2110 1704 2217 1759 Sed
2241 1706 2381 1761 dicet
2401 1708 2589 1779 aliquis
2614 1727 2626 1762 :
2656 1708 2762 1765 Cur
2781 1722 2907 1781 ergo
2923 1725 3161 1781 persaepe
3182 1711 3430 1767 divinitus
3452 1712 3514 1766 si-

1940 1801 2137 1849 nuntur
2155 1797 2473 1854 excellentes
2491 1799 2731 1870 qutedam
2747 1817 2986 1871 personae
3001 1802 3053 1856 in
3074 1803 3309 1857 Ecclesia
3325 1803 3513 1857 consti-

1940 1891 2066 1939 tutce
2102 1901 2188 1941 res
2214 1903 2378 1943 novas
2405 1889 2689 1944 Catholicis
2720 1893 3061 1947 annuntiare?
3096 1893 3259 1948 Recta
3288 1893 3513 1948 interro-

1938 1976 2079 2044 gatio
2098 1985 2152 2031 ct
2171 1975 2326 2048 digna
2348 1995 2465 2049 quae
2492 1981 2791 2051 diligentius
2814 1991 2971 2052 atque
2994 1983 3210 2039 uberius
3227 1992 3512 2053 pertracte-

1938 2072 2057 2119 tur:
2084 2068 2169 2121 cui
2198 2076 2375 2125 tamen
2406 2085 2513 2126 non
2547 2073 2756 2143 ingenio
2781 2075 3014 2143 proprio,
3042 2075 3136 2130 sed
3168 2075 3360 2130 divinae
3384 2075 3513 2146 legis

1938 2158 2268 2227 auctoritate,
2292 2160 2645 2217 Ecclesiastiei
2668 2165 2954 2235 magisterii
2974 2165 3290 2220 documento
3305 2165 3511 2220 satisfa-

1937 2248 2183 2325 ciendum
2203 2259 2303 2307 est.
2334 2252 2625 2309 Audiamus
2647 2271 2773 2325 ergo
2794 2264 3033 2311 sanctum
3052 2255 3293 2327 Moysen;
3320 2265 3374 2312 et
3401 2257 3514 2327 ipse

1936 2356 2035 2395 nos
2061 2342 2248 2397 doceat
2268 2358 2365 2399 cur
2382 2344 2523 2400 docti
2547 2347 2667 2414 viri,
2695 2356 2750 2402 et
2773 2348 2862 2417 qui
2888 2356 3104 2418 propter
3135 2348 3369 2402 scientia:
3389 2362 3511 2418 gra-

1936 2431 2066 2486 tiam
2098 2434 2165 2487 ab
2199 2434 2453 2504 Apostolo
2488 2437 2646 2492 etiam
2674 2438 2945 2507 prophetat
2974 2445 3361 2507 nuneupantur,
3391 2452 3511 2507 pro-

1936 2522 2075 2579 ferre
2099 2524 2362 2581 interdum
2382 2528 2754 2597 permittantur
2774 2544 2909 2583 nova
2932 2527 3195 2599 dogmata,
3222 2543 3341 2598 qua:
3360 2534 3513 2581 vetus

1938 2612 2335 2670 Testamentum
2386 2618 2667 2690 allegorice
2712 2633 2957 2673 sermone
3000 2618 3127 2673 deos
3171 2617 3373 2672 alienos
3416 2631 3512 2686 ap-

1936 2705 2133 2775 pellare
2174 2709 2478 2776 consuevit,
2518 2708 2583 2765 eo
2620 2708 2761 2779 quod
2804 2709 3006 2764 scilicet
3036 2707 3109 2762 ita
3146 2706 3215 2769 ab
3251 2706 3513 2761 hiereticis

1936 2794 2171 2865 ipsorum
2204 2798 2480 2867 opiniones
2523 2798 2658 2855 sicut
2686 2814 2716 2852 a
2739 2799 2983 2869 gentibus
3006 2798 3080 2852 dii
3112 2796 3193 2851 sui
3228 2796 3512 2851 observen-

1937 2893 2040 2938 tur.
2085 2886 2280 2943 Scribit
2315 2904 2443 2960 ergo
2488 2889 2543 2944 in
2587 2888 2995 2945 Deuteronomio
3039 2888 3225 2942 beatus
3263 2885 3509 2956 Moyses:

1938 2973 2001 3029 Si
2037 2980 2335 3043 surrexerit,
2374 2979 2572 3050 inquit,
2620 2980 2674 3034 in
2711 2980 2871 3033 medio
2908 2978 2980 3033 tui
3014 2977 3286 3049 propheta,
3320 2983 3407 3029 aut
3427 2975 3511 3045 qui

1935 3068 2183 3121 somnium
2230 3070 2414 3124 vidisse
2460 3087 2514 3124 se
2563 3070 2716 3135 dicat,
2756 3069 2907 3123 Deut.
2958 3069 3045 3137 15,
3081 3068 3134 3122 id
3172 3075 3283 3134 est,
3317 3066 3512 3136 magis-

1936 3165 2019 3212 ter
2056 3159 2108 3212 in
2155 3160 2390 3215 Ecclesia
2423 3162 2767 3228 constitutus,
2800 3175 2958 3229 quem
2989 3158 3231 3228 discipuli
3262 3157 3346 3212 vel
3364 3156 3511 3211 audi-

1936 3256 2081 3303 tores
2120 3250 2201 3303 sui
2241 3266 2306 3305 ex
2351 3252 2525 3321 aliqua
2570 3251 2891 3307 revelatione
2933 3248 3125 3304 docere
3168 3248 3509 3303 arbitrentur.

1935 3340 2072 3407 Quid
2104 3341 2329 3396 deinde?
2365 3352 2413 3396 et
2447 3342 2753 3413 praedixerit,
2782 3340 2971 3411 inquit,
2998 3340 3196 3410 signum
3219 3348 3365 3409 atque
3390 3352 3512 3408 por-

1935 3440 2151 3497 tentum,
2195 3441 2241 3486 et
2273 3434 2486 3487 evenerit
2517 3433 2651 3503 quod
2684 3433 2877 3486 locutus
2910 3439 3002 3485 est.
3029 3429 3248 3499 Magnus
3281 3426 3512 3497 profecto

1935 3523 2116 3577 nescio
2160 3523 2279 3592 quis
2318 3523 2555 3593 signatur
2591 3523 2842 3593 magister
2876 3529 2929 3577 et
2962 3528 3121 3575 tautae
3157 3518 3389 3574 scientiae
3423 3516 3513 3586 qui

1935 3615 2288 3670 sectatoribus
2332 3616 2558 3687 pr0priis
2600 3630 2707 3670 non
2754 3614 2926 3669 solum
2966 3627 3083 3683 quae
3126 3611 3356 3665 humana
3393 3614 3512 3664 sunt

1934 3716 2116 3773 nosse,
2158 3721 2341 3760 verum
2368 3706 2526 3760 etiam
2565 3720 2682 3775 qua:
2724 3716 2884 3775 supra
2918 3703 3186 3758 hominem
3224 3708 3350 3755 sunt
3378 3712 3513 3769 prta-

1934 3811 2160 3853 noscere
2184 3811 2341 3867 posse
2361 3796 2635 3861 videatur;
2659 3796 2841 3866 quales
2863 3794 2971 3849 fere
2996 3791 3237 3862 discipuli
3259 3789 3340 3845 sui
3357 3788 3512 3859 jacti-

1936 3894 2050 3942 tant
2084 3888 2247 3943 fuisse
2268 3888 2625 3953 Valentiam,
2663 3886 2945 3952 Donatum,
2968 3882 3252 3939 Photinum
3268 3924 3282 3949 ,
3307 3878 3511 3948 Apolli-

1936 3994 2141 4046 narem,
2181 3986 2509 4049 caeterosque
2533 3975 2814 4047 ejusmodi.
2838 3975 2974 4041 Quid
2996 3974 3210 4044 postea?
3233 3982 3279 4026 et
3309 3972 3507 4040 dixerit,

1936 4070 2125 4141 inquit,
2150 4071 2238 4123 tibi
2262 4086 2279 4123 :
2307 4070 2514 4133 Eamus,
2537 4078 2583 4123 et
2600 4084 2865 4137 sequamur
2885 4067 3003 4121 deos
3023 4067 3209 4119 alienos
3228 4082 3351 4135 quos
3370 4066 3507 4137 igno-

1936 4178 2041 4227 ras,
2065 4170 2113 4215 et
2147 4162 2417 4215 serviamus
2454 4160 2544 4215 eis.
2584 4158 2685 4226 Qui
2710 4165 2834 4213 sunt
2853 4156 2926 4211 dii
2963 4156 3140 4223 alieni,
3167 4154 3269 4209 nisi
3304 4170 3512 4211 errores

1935 4255 2173 4310 extranei
2206 4270 2338 4325 quos
2374 4254 2682 4325 ignorabas,
2720 4252 2773 4306 id
2807 4258 2915 4317 cst,
2952 4249 3072 4305 novi
3099 4256 3151 4303 et
3173 4248 3423 4303 inauditi?
3448 4249 3512 4304 Et

2009 4466 2086 4541 (l)
2124 4465 2515 4541 Suspicatur__P.
2538 4462 2751 4541 Macedo
2770 4462 3066 4541 respexisse
3090 4458 3511 4541 Gelasiumﬁon-

1936 4528 2133 4592 tiﬁcém
2152 4536 2219 4591 ad
2232 4528 2380 4613 hunc
2401 4534 2662 4589 V'inecntii
2682 4528 2876 4613 locum,
2899 4532 3024 4586 dum
3120 4530 3288 4613 Epist.
3310 4529 3376 4583 ad
3396 4528 3511 4599 Epi.

1936 4623 2127 4678 scopos
2153 4622 2247 4677 per
2272 4607 2520 4678 Picenum
2546 4604 2877 4666 constitutos,
2905 4610 3057 4656 vocat
3076 4601 3296 4678 delirum
3322 4614 3510 4670 quem-

1938 4672 2059 4731 dam
2108 4672 2288 4731 senem
2333 4676 2669 4742 Pelagianam
2712 4689 2932 4726 muscam
2970 4672 3293 4735 morituram,
3334 4685 3509 4742 quum

1936 4748 2145 4816 vulgata
2165 4747 2338 4811 lectio,
2358 4754 2414 4799 ut
2432 4742 2519 4799 ille
2533 4744 2788 4816 loquitur,
2805 4743 2997 4797 habeat
3014 4757 3204 4816 muscw_
3215 4741 3477 4816 morientes
3492 4758 3508 4804 ,-

1936 4809 2077 4871 unde
2116 4817 2167 4870 in
2193 4809 2486 4871 Comment.
2524 4809 2668 4868 Eccl.
2696 4814 2897 4867 Polem.
2926 4827 3042 4880 cap.
3078 4826 3152 4875 x1,
3192 4809 3348 4864 infert
3372 4810 3510 4864 Liri-

1938 4902 2157 4942 nensem
2182 4901 2287 4940 non
2314 4886 2472 4939 fuisse
2498 4884 2775 4953 Pelagiana
2796 4882 3167 4953 lueinfcctum.
3186 4880 3406 4953 Poterat
3426 4880 3508 4935 ad-

1937 4957 2106 5037 dere,
2119 4956 2369 5037 appellari
2398 4955 2555 5036 etiam
2598 4950 2775 5037 ranam
2802 4966 2833 5006 a
2865 4951 3094 5037 Gelasio.
3129 4970 3147 5001 ‹
3175 4950 3393 5037 Oblatas
3428 4960 3508 5033 est

1945 5046 1963 5078 ε
1988 5021 2171 5101 nobis,"
2191 5021 2383 5095 inquit,
2420 5024 2736 5101 miserabilis
2767 5037 2927 5101 senex
2950 5021 3154 5101 Seneca
3172 5021 3419 5101 .nomine,
3453 5021 3507 5101 in

1945 5117 1963 5148 ι
1985 5089 2285 5166 Ρειίιεὶδηίέ
2311 5095 2576 5166 voraginis
2609 5108 2790 5166 egeno,
2827 5091 2963 5146 sicut
2995 5092 3060 5145 de
3097 5089 3408 5166 quibusdam
3453 5090 3507 5144 in

1944 5186 1963 5218 «
1987 5158 2301 5239 Apocalypsi
2321 5158 2732 5239 legimus,_velut
2756 5177 2858 5215 una
2872 5158 3128 5239 ranarum
3150 5158 3506 5239 imprudenter

1945 5256 1963 5288 ι
1988 5231 2285 5290 immersus.
2313 5231 2394 5287 Α(
2417 5233 2625 5289 Gelasio
2650 5242 2832 5286 notum
2867 5231 3027 5285 fuisse
3055 5231 3314 5283 Vincentii
3348 5244 3501 5297 opus,

1936 5322 2043 5362 non
2070 5305 2227 5383 credo
2251 5322 2263 5355 :
2293 5304 2521 5383 alioquin
2544 5303 2616 5356 illi
2635 5303 2877 5382 meritum
2905 5299 3229 5383 rependisset
3248 5299 3504 5383 honorem

1937 5377 1990 5431 in
2012 5375 2318 5449 recensione
2340 5367 2632 5449 librorum,
2646 5382 2705 5449 et_
2724 5367 3076 5449 testimonium
3079 5368 3229 5449 Aillud
3246 5367 3387 5449 Eccl.
3413 5367 3501 5449 it),

1936 5462 1989 5500 v.
2020 5448 2071 5510 1,
2107 5446 2169 5499 de
2193 5445 2375 5497 muscis
2403 5437 2656 5497 morituris
2682 5442 2814 5496 forte
2840 5439 3048 5510 lcgitin
3074 5438 3264 5510 Optato
3291 5437 3502 5510 Milevi—

1936 5506 2068 5570 tano'
2082 5515 2171 5570 lib.
2205 5515 2255 5579 7,
2286 5530 2430 5567 num.
2452 5514 2505 5577 4,
2528 5514 2610 5566 vel
2637 5506 2927 5581 Augustino
2953 5509 3042 5563 lib.
3065 5508 3098 5561 2
3113 5506 3260 5581 cont.
3290 5507 3385 5576 Ep.
3409 5506 3502 5580 Pe-

1937 5586 2101 5657 tiliaui
2121 5578 2315 5654 cap.x,
2338 5584 2425 5637 ubi
2443 5583 2551 5637 ait:
2586 5602 2602 5633 ι
2626 5578 3502 5657 Propteruumerositatemmuscis

1944 5675 1962 5707 ι
1984 5644 2224 5727 arbitror
2237 5644 2354 5708 esse
2378 5660 2709 5727 comparatos
2723 5644 2857 5727 ;'_sed
2879 5650 2930 5702 hi
2953 5647 3304 5727 exterminant
3325 5644 3499 5727 oleum

1943 5745 1962 5777 ι
1986 5724 2276 5790 suavitatis,
2303 5723 2394 5793 qui
2414 5714 2519 5777 non
2539 5722 2708 5793 ipsam
2734 5718 2825 5773 Dei
2851 5718 3089 5789 gratiam.
3111 5715 3205 5771 sed
3223 5714 3500 5779 hominum

1943 5815 1962 5849 ‹
1984 5810 2159 5852 mores
2184 5795 2470 5849 intuentur.
2501 5811 2520 5843 ι
