4018 6338
265 493 365 554 685

231 601 572 686 praepotens;
615 615 805 684 quippe
837 614 928 684 qui
965 622 1186 683 utroque
1225 626 1468 667 sermone
1505 611 1718 680 copiose
1755 619 1810 666 et

250 707 474 778 graviter
495 705 786 776 disputaret
809 713 862 760 et
893 705 1178 760 scriberet:
1202 704 1339 774 quod
1365 704 1719 758 monumentis
1743 703 1809 756 li-

249 799 459 854 brorum
479 813 693 854 suorum
708 796 1088 864 manifestatur,
1105 811 1237 867 quos
1252 795 1391 851 idem
1411 795 1598 866 partim
1613 809 1806 865 grmco,

250 888 435 956 partim
479 889 642 943 latino
684 904 930 944 sermone
976 888 1290 958 composuit.
1341 887 1446 942 Sed
1488 888 1622 942 bene
1669 885 1810 956 quod

249 993 542 1036 commeate
568 980 668 1049 ipsi
691 995 818 1035 oves
841 979 1034 1035 Christi
1062 979 1283 1034 multtun
1308 994 1404 1049 pro
1428 978 1684 1032 catholica
1707 977 1812 1032 ﬁde

249 1068 520 1135 vigilantes
537 1077 592 1128 et
605 1078 791 1136 cautae,
811 1070 916 1125 cito
935 1069 1002 1124 ad
1027 1071 1400 1140 praemonentis
1419 1069 1581 1140 Moysi
1605 1068 1811 1137 eloquia

248 1169 617 1227 respexerunt,
647 1168 701 1218 et
729 1162 1000 1232 prophetae
1023 1171 1181 1232 atque
1212 1165 1438 1232 pastoris
1464 1162 1544 1216 sui
1569 1160 1690 1214 licet
1713 1160 1808 1214 ad-

249 1249 563 1308 mirarentur
581 1252 954 1323 eloquentiam,
977 1254 1319 1308 tentationem
1345 1263 1521 1308 tamen
1546 1268 1651 1306 non
1672 1252 1812 1321 igno-

248 1347 446 1394 rarunt.
475 1340 607 1398 Nam
633 1357 792 1411 quem
816 1351 969 1398 antea
993 1343 1143 1412 quasi
1175 1343 1395 1398 arietem
1422 1343 1596 1414 gregis
1620 1356 1809 1411 seque—

247 1427 455 1495 bantur,
489 1430 734 1490 eumdem
767 1433 1016 1501 deinceps
1048 1434 1207 1489 veluti
1232 1434 1410 1502 lupum
1432 1434 1611 1502 fugere
1635 1447 1814 1501 cmpe-

247 1524 382 1574 runt.
422 1519 605 1589 Neque
642 1522 811 1580 solum
847 1523 1058 1580 Photini
1083 1526 1177 1581 sed
1203 1527 1361 1582 etiam
1394 1524 1710 1594 Apollinaris
1735 1523 1810 1593 (ί)

247 1609 488 1678 exemplo
514 1611 665 1668 istius
685 1613 1066 1671 Ecelesiasticae
1087 1616 1387 1674 munitionis
1401 1615 1688 1684 periculum
1713 1613 1814 1668 dis-

249 1703 434 1772 cimus,
465 1714 521 1762 et
539 1705 693 1762 simul
721 1705 788 1763 ad
811 1707 1148 1764 observandae
1170 1708 1469 1778 diligentius
1491 1706 1612 1761 fidei
1632 1713 1810 1759 custo-

247 1793 382 1852 diam
409 1811 825 1856 commaculet.
857 1800 1060 1854 Etenim
1090 1801 1204 1870 ipse
1226 1801 1550 1854 auditoribus
1577 1799 1687 1853 suis
1702 1813 1813 1853 ma-

247 1899 374 1954 gnos
393 1896 558 1946 reatus
585 1889 661 1958 (2)
689 1898 741 1943 et
766 1905 982 1959 magnas
1008 1891 1275 1960 generavit
1299 1890 1593 1960 angustias;
1621 1889 1814 1958 quippe

248 1988 362 2028 cum
379 1990 476 2032 eos
501 1976 603 2032 huc
624 1978 872 2036 Ecclesiae
890 1981 1118 2036 traheret
1136 1980 1438 2045 auctoritas,
1459 1982 1563 2036 huc
1580 1978 1813 2048 magistri

250 2067 543 2125 retraheret
579 2071 923 2136 consuetudo;
965 2086 1189 2141 cumque
1227 2073 1363 2130 inter
1400 2080 1620 2140 utraque
1657 2078 1812 2125 nuta-

249 2153 405 2212 bundi
424 2168 479 2216 et
503 2158 836 2228 ﬂuctuantes,
857 2163 980 2232 quid
1009 2163 1181 2232 potius
1205 2163 1303 2217 sibi
1333 2161 1656 2231 seligendum
1682 2161 1816 2216 foret

249 2264 350 2304 non
374 2252 706 2321 expedirent.
739 2253 843 2311 Sed
871 2254 1084 2310 forsitan
1111 2253 1368 2324 ejusmodi
1395 2254 1480 2309 ille
1496 2253 1575 2307 vir
1600 2261 1712 2307 erat
1725 2253 1814 2321 qui

248 2339 437 2414 dignus
470 2353 611 2401 esset
649 2344 799 2404 facile
825 2346 1108 2402 contemni.
1143 2345 1253 2401 imo
1272 2361 1397 2400 vero
1418 2353 1592 2398 mnum
1617 2359 1678 2397 ac
1696 2343 1816 2397 talis

247 2433 324 2488 cui
355 2435 583 2490 nimium
611 2437 714 2492 cito
737 2437 787 2490 in
809 2436 1046 2505 plurimis
1069 2435 1390 2491 crederetur.
1422 2435 1552 2489 Nam
1575 2433 1699 2503 quid
1728 2433 1818 2487 illo

249 2527 607 2594 praestantius,
633 2528 895 2595 acumine,
926 2528 1318 2592 exercitatione,
1347 2526 1616 2582 doctrina?
1648 2524 1816 2590 Quam

248 2615 439 2672 mtdtas
477 2617 566 2672 ille
601 2618 829 2676 hmreses
867 2619 1044 2678 multis
1077 2619 1428 2674 voluminibus
1465 2617 1813 2687 oppresserit,

248 2714 370 2776 quot
407 2708 654 2766 inimicos
690 2709 811 2766 ﬁdei
850 2710 1196 2766 confutaverit
1234 2725 1460 2774 errores,
1504 2708 1697 2764 indicio
1738 2716 1820 2762 est

247 2811 378 2869 opus
404 2799 537 2857 illud
567 2801 775 2872 triginta
805 2817 909 2858 non
937 2802 1111 2858 nlinus
1141 2801 1411 2866 librorum,
1436 2799 1818 2856 nobilissimum

247 2901 305 2943 ac
325 2891 641 2959 maximum,
669 2906 775 2961 quo
795 2892 1006 2948 insanas
1024 2892 1298 2962 Porphyrii
1319 2891 1606 2945 calumnias
1631 2904 1818 2959 magna

250 2981 618 3048 probationum
635 2983 772 3040 mole
789 2983 1035 3040 confudit.
1058 2983 1291 3053 Longum
1305 2990 1385 3038 est
1400 2983 1640 3038 universa
1657 2981 1820 3050 ipsius

249 3085 406 3142 opera
443 3089 889 3141 commemorare;
923 3077 1114 3146 quibus
1142 3076 1374 3146 profecto
1399 3076 1618 3132 summis
1652 3076 1818 3130 aedili-

248 3165 518 3222 caloribus
547 3166 797 3222 Ecclesia)
833 3183 927 3237 par
957 3182 1075 3224 esse
1108 3167 1383 3236 potuisset,
1418 3167 1518 3221 nisi
1552 3167 1820 3237 prophaua

250 3252 331 3308 illa
367 3255 638 3312 haereticos
660 3256 978 3312 curiositatis
1010 3257 1223 3313 libidine
1263 3274 1458 3312 novum
1485 3259 1664 3313 nescio
1696 3259 1821 3328 quid

249 3343 610 3404 adinvonisset
624 3361 727 3416 quo
738 3355 793 3402 et
806 3355 1022 3403 cunctos
1036 3348 1242 3404 labores
1257 3363 1381 3404 suos
1396 3349 1538 3404 velut
1550 3350 1834 3419 cujusdam‘

251 3431 409 3506 lepra:
440 3435 761 3493 admixtione
795 3437 1015 3494 foedaret
1039 3448 1092 3494 et
1114 3441 1463 3495 committeret
1503 3450 1559 3495 ut
1585 3442 1822 3497 doctrina

248 3541 368 3598 ειυς
391 3542 506 3583 non
542 3536 650 3582 tam
675 3529 971 3599 aediﬁcatio,
1001 3546 1157 3602 quam
1191 3533 1411 3590 tcntatio
1438 3533 1611 3604 potius
1638 3534 1822 3589 Eccle-

249 3615 467 3676 siastica
488 3619 769 3678 diceretur.

316 3751 396 3822 (l)
439 3751 643 3824 Praeter
683 3753 1062 3824 Apollinarium
1110 3754 1554 3824 Hierapolitanum
1607 3757 1827 3813 Antisti-

249 3830 353 3894 tem
383 3823 565 3892 magni
585 3823 818 3894 nominis
842 3826 1033 3890 virum,
1063 3825 1149 3894 qui
1177 3823 1356 3880 subii.
1387 3827 1614 3882 Antonio
1631 3828 1824 3891 floruit,

247 3892 390 3944 circa
417 3893 596 3962 quarti
623 3895 1037 3967 seculi__mcdium
1057 3892 1160 3967 duo
1183 3897 1497 3967 exstiterunt
1521 3897 1827 3967 Apollinarii

247 3972 404 4030 pater
447 3973 733 4035 nempeuet
769 3963 904 4019 filius
938 3965 1093 4018 ambo
1133 3966 1470 4022 Alexandrini
1512 3963 1722 4035 genere,
1768 3985 1829 4024 ac

248 4040 482 4102 uterque
519 4033 830 4089 Laodiceam
869 4051 925 4088 se
965 4036 1185 4089 contulit
1232 4037 1330 4091 sub
1370 4033 1640 4091 Theodoto
1686 4039 1830 4094 urbis

247 4101 541 4172 EpisCopo,
583 4105 995 4175 commoratiquc
1034 4106 1105 4159 ibi
1145 4114 1267 4160 sunt
1304 4107 1400 4160 sub
1439 4107 1663 4175 Georgio
1693 4109 1831 4162 illius

247 4185 587 4227 successore.
615 4173 684 4226 At
708 4175 775 4228 ab
800 4175 900 4228 isto
913 4173 1071 4230 fuere
1096 4188 1126 4228 a
1149 4177 1516 4231 conmmnioue
1542 4173 1747 4242 seruoli,
1777 4180 1832 4233 li-

247 4249 333 4314 cet
359 4251 521 4312 pater
544 4243 596 4296 in
622 4244 1049 4314 presbyterorum
1067 4287 1080 4306 ,
1108 4261 1168 4300 ac
1194 4245 1328 4299 filius
1354 4246 1405 4300 in
1434 4247 1712 4302 Lectorum
1745 4264 1832 4303 or—

245 4311 436 4384 dinern
467 4322 607 4384 esset
623 4311 921 4384 cooptatus.
954 4315 1068 4381 Qua
1104 4324 1277 4369 autem
1303 4316 1367 4369 dc
1390 4326 1546 4370 causa
1573 4318 1829 4373 incertum

246 4391 330 4436 est
369 4383 811 4438 dissentientibus
847 4385 1130 4440 veteribus.
1168 4386 1408 4439 Nonnulli
1440 4386 1619 4440 dicunt
1650 4388 1718 4442 ob
1743 4404 1829 4443 ar-

244 4453 557 4528 ctissirnum
579 4454 820 4528 amicitia:
837 4454 1120 4528 vinculum,
1144 4471 1246 4525 quo
1266 4456 1555 4528 Epiphanio
1571 4458 1832 4528 Sophiste

245 4520 473 4596 homini
491 4524 669 4596 gentili
695 4533 912 4596 uterque
939 4520 1327 4594 cratjun'ctusf
1351 4520 1457 4589 alii,
1495 4536 1551 4581 ut
1585 4520 1832 4586 So'zomev

245 4593 508 4664 nus.quia
521 4593 807 4664 Athanasio
821 4593 1334 4650 communicaverant
1347 4596 1657 4652 Laodiceam
1673 4608 1834 4654 trans-

243 4662 415 4716 eunte
439 4703 454 4728 ,
491 4671 560 4736 ut
593 4662 966 4736 Alexandriam
991 4666 1073 4736 fab
1114 4666 1270 4721 exilio
1316 4666 1540 4732 rediret;
1585 4670 1832 4736 quoniam

243 4741 446 4824 noti'ln
475 4732 811 4824 Aponium-iis
836 4745 948 4824 erat
973 4735 1255 4824 Georgium
1281 4752 1464 4805 parum
1492 4738 1544 4790 in
1566 4732 1836 4824 Trinitatis

244 4801 594 4874 professione
635 4804 736 4874 sibi
785 4813 1044 4859 constare.
1091 4801 1382 4874 Utcumque
1425 4823 1510 4860 res
1553 4809 1831 4873 acciderit,

242 4870 585 4945 Apollinaris
609 4872 756 4945 filius
781 4874 989 4945 illatam
1022 4875 1264 4941 iniuriam
1291 4870 1604 4945 impotenter
1637 4870 1832 4943 ferens,

242 4943 385 4995 artis
413 4942 743 5016 su:e_fid_ucia
771 4944 954 5016 fretus,
981 4957 1034 5000 et
1050 4946 1332 5000 ulciscendi
1348 4942 1628 5016 cupiditate
1646 4942 1833 5003 novam

244 5012 586 5086 excogitavit
611 5013 896 5086 intereisim;
940 5031 1096 5086 quam
1135 5030 1232 5069 nec
1265 5012 1607 5072 dissci'ninare
1641 5020 1836 5086 quievit

244 5082 418 5150 paulo
453 5090 575 5158 post
597 5082 1208 5158 _Laotl_iceno_Episcopo
1249 5087 1562 5141 renuntiato.
1608 5082 1673 5140 Et
1714 5091 1834 5158 quia

244 5151 553 5213 antequam
595 5153 648 5206 in
688 5151 1027 5207 infortunium
1069 5151 1416 5209 delaberetur.
1466 5158 1669 5212 Sanctis
1711 5151 1836 5213 viris

246 5220 586 5296 Epiphanio,
606 5223 913 5286 Athanasio,
931 5224 1139 5296 Basilio,
1169 5224 1461 5294 Serapioni,
1481 5228 1696 5296 aliisque
1719 5228 1836 5282 fidei

247 5291 636 5363 defensoribus
656 5302 769 5347 erat
787 5296 1021 5363 apprime
1040 5294 1228 5349 chorus
1254 5314 1264 5348 :
1291 5291 1565 5363 propterea
1585 5291 1838 5353 funestior

248 5362 374 5447 eius
403 5362 603 5447 ‘lapsus
628 5362 874 5447 Ecclesiae
914 5364 1134 5447 accidit,
1170 5362 1542 5447 uberioresque
1577 5366 1837 5447 lacrymas

246 5378 374 5484 Eius
419 5378 603 5441 lapsus
628 5378 874 5418 ωιοειω
914 5378 1129 5444 aecum,
1170 5378 1542 5444 uberioresque
1581 5378 1837 5447 lacrymas

297 5431 572 5504 piplramo
595 5440 648 5486 et
666 5433 859 5504 Basilio
883 5441 1160 5504 expressa,
1183 5433 1441 5488 infelicem
1464 5437 1588 5489 tanti
1616 5437 1713 5490 viri
1729 5437 1839 5491 exi-

248 5500 378 5554 tuni
415 5500 835 5575 deplorantibus.
873 5500 1124 5575 Consulat
1155 5504 1361 5575 Lector.
1399 5505 1612 5575 Dionys.
1655 5505 1836 5562 Petav.

251 5579 414 5654 torri;
434 5570 861 5654 5:;Theol_._Dog.
1014 5573 1455 5654 thcapoShnum.
1478 5575 1518 5654 :2
1535 5570 1598 5630 'ct
1622 5576 1674 5629 5.

328 5641 420 5711 (‘2)
469 5639 592 5715 Hice
616 5639 870 5715 e_st_let_:tio
887 5642 1019 5715 Cod.
1047 5639 1174 5715 Reg:
1191 5642 1351 5715 ‘Unde
1370 5645 1708 5700 confirmatur
1723 5661 1841 5701 ωηο

252 5710 484 5785 iactura
510 5710 742 5785 Barthol.
766 5713 907 5785 Petri
933 5710 1231 5783 Duac.,'qui
1258 5713 1308 5769 in
1330 5715 1564 5785 margine.
1585 5715 1708 5770 edit.
1731 5733 1842 5770 sine

253 5781 556 5854 adnotavit
592 5781 675 5836 hic
707 5783 981 5854 legendum
1018 5781 1175 5838 cestus
1193 5801 1285 5840 υιό
1320 5800 1383 5839 co
1421 5781 1560 5854 quod
1586 5786 1840 5841 editiones

252 5851 552 5907 habebant
575 5860 728 5906 acuis.
753 5851 1008 5910 Baluzius.

1419 489 1984 546 (‘0‘!‘i0VlTORlUM
2023 489 2309 545 PRWU“.

3383 498 3489 558 σδι

1985 610 2096 666 Xll.
2140 611 2235 666 llic
2269 628 2298 666 a
2334 627 2420 668 me
2452 613 2670 671 forsitan
2696 613 3012 686 deposcatur
3040 623 3100 672 ut
3131 616 3316 673 horum
3350 633 3485 690 quos

1911 715 2071 771 supra
2105 707 2511 761 commemoravi
2545 707 2773 763 haereses
2798 723 3083 780 exponam,
3117 709 3343 765 Nestorii
3382 710 3485 764 sci-

1912 790 2054 859 licet,
2091 792 2433 861 Apollinaris,
2471 805 2525 850 et
2547 797 2775 854 Photini.
2815 801 2926 855 Hoc
2945 799 3158 872 quidem
3177 799 3243 854 ad
3280 815 3392 854 rem
3417 799 3484 855 de

1913 896 2015 951 qua
2031 898 2171 938 nunc
2186 885 2388 956 agimus
2408 901 2512 941 non
2533 889 2736 944 attinet.
2761 891 3091 962 Propositum
3118 892 3313 946 etenim
3332 891 3486 946 nobis

1914 978 2022 1038 est,
2065 989 2168 1028 non
2199 975 2522 1045 singulon
2547 993 2755 1036 errores
2780 982 3045 1052 persequi,
3074 981 3167 1037 sed
3197 994 3485 1052 paucorum

1913 1063 2150 1132 exempla
2177 1065 2440 1134 proferre,
2467 1069 2657 1137 quibus
2689 1070 2960 1126 evidenter
2989 1086 3052 1126 ac
3075 1071 3352 1142 perspicue
3391 1069 3487 1125 de-

1914 1164 2239 1214 monstretur
2281 1158 2409 1213 illud
2448 1161 2588 1229 quod
2633 1161 2840 1232 Moyses
2883 1163 2984 1228 ait,
3034 1163 3156 1234 quis
3201 1162 3402 1217 scilicet
3444 1161 3489 1217 si

1913 1244 2124 1312 quando
2156 1247 2556 1304 Eccicsiasticus
2591 1252 2779 1322 aliquis
2808 1253 3080 1322 magister,
3115 1262 3168 1308 ct
3196 1254 3306 1322 ipse
3331 1253 3492 1306 inter-

1914 1337 2183 1403 pretandis
2201 1341 2574 1410 prophetarum
2602 1343 2867 1415 mysteriis
2894 1344 3170 1413 propheta,
3200 1344 3320 1397 novi
3337 1341 3491 1412 quid—

1914 1425 2034 1482 dam
2057 1428 2109 1482 in
2136 1430 2426 1486 Ecclesium
2452 1433 2545 1487 Dei
2573 1442 2739 1488 tentet
2759 1433 3027 1498 inducere,
3059 1433 3124 1486 ad
3145 1432 3490 1486 tentationem

1916 1518 1967 1572 id
1988 1527 2222 1574 nostram
2245 1523 2354 1577 fieri
2371 1523 2703 1578 Providentia
2720 1525 2890 1578 divina
2908 1525 3153 1594 patiatur.
3176 1523 3314 1578 Utile
3334 1522 3490 1591 igitur

1915 1607 2090 1678 fuerit,
2123 1613 2174 1665 in
2203 1628 2447 1680 excursu,
2477 1615 2602 1684 quid
2625 1629 2782 1684 supra
2808 1615 3084 1669 memorati
3110 1613 3342 1668 bmrctici
3371 1627 3496 1666 sen-

1915 1701 2050 1755 tiant
2073 1702 2304 1758 breviter
2327 1720 2610 1773 exponere,
2636 1705 2688 1759 id
2717 1713 2817 1771 est,
2848 1706 3124 1770 Photinus,
3153 1702 3490 1773 Apollinaris,

1917 1789 2205 1846 Nestorius.
2237 1794 2444 1848 Photini
2475 1811 2600 1864 ergo
2615 1805 2757 1850 secta
2778 1796 2892 1849 btec
2918 1805 3018 1850 est.
3046 1796 3183 1849 Dicit
3206 1795 3370 1849 Deum
3395 1792 3498 1847 sin-

1917 1883 2094 1952 gulum
2115 1899 2234 1939 esse
2252 1893 2305 1939 ct
2319 1886 2628 1953 solitarium,
2648 1893 2702 1941 et
2720 1901 2867 1941 more
2883 1886 3100 1940 Judaico
3115 1883 3489 1939 confitendum.
3568 1891 3588 1902 "

1919 1969 2188 2028 Trinitatis
2222 1975 2598 2044 plenitudinem
2624 1984 2798 2046 negat,
2830 1991 2999 2045 neque
3025 1975 3186 2029 ullam
3210 1974 3305 2028 Dei
3336 1971 3498 2028 Verbi

1918 2070 2009 2116 aut
2027 2063 2185 2122 ullam
2223 2064 2450 2133 Spiritus
2479 2068 2646 2121 sancti
2678 2074 2826 2136 putat
2857 2081 3301 2136 esse-personam.
3340 2063 3496 2120 Chri-

1919 2160 2058 2208 stum
2092 2171 2218 2210 vero
2251 2156 2515 2212 hominem
2552 2157 2914 2213 tantummodo
2947 2158 3236 2212 solitarium
3263 2155 3495 2222 adserit,

1921 2243 2005 2296 cui
2030 2244 2341 2315 principium
2367 2247 2616 2302 adscribit
2649 2263 2712 2302 ex
2746 2248 2903 2302 Maria
2930 2267 2942 2301 :
2972 2257 3026 2303 et
3049 2247 3150 2303 hoc
3176 2244 3494 2302 omnimodis

1921 2333 2261 2406 dogmatizat,
2290 2339 2455 2392 solam
2487 2355 2582 2394 nos
2617 2354 2893 2408 personam
2919 2339 3014 2394 Dei
3041 2339 3214 2394 Patris
3246 2346 3300 2393 et
3327 2337 3498 2392 solum

1923 2423 2189 2482 Christum
2215 2428 2482 2485 hominem
2503 2432 2677 2486 colere
2693 2430 2904 2486 debere.
2931 2431 3054 2486 litec
3073 2444 3197 2500 ergo
3217 2429 3494 2484 Photinus.

1922 2513 2242 2584 Apollinaris
2282 2535 2409 2575 vero
2448 2520 2500 2574 in
2541 2521 2743 2574 unitate
2781 2520 2993 2590 quidem
3038 2520 3307 2574 Trinitatis
3352 2518 3501 2590 quasi

1923 2609 2225 2664 consentire
2251 2625 2311 2665 se
2331 2611 2558 2680 iactitat,
2588 2618 2641 2664 et
2666 2610 2767 2664 hoc
2784 2611 2954 2679 ipsum
2982 2625 3085 2663 non
3108 2611 3258 2678 plena
3282 2607 3401 2661 fidei
3425 2605 3500 2676 (l)

1925 2698 2176 2763 sanitate;
2201 2699 2294 2753 sed
2315 2700 2366 2754 in
2383 2700 2589 2755 Domini
2608 2701 2964 2755 incarnatione
2981 2707 3159 2768 aperta
3178 2697 3502 2768 professione

1924 2784 2272 2858 blasphemat.
2305 2791 2438 2845 Dicit
2463 2792 2604 2846 enim
2626 2793 2677 2845 in
2700 2792 2812 2862 ipsa
2840 2789 3129 2846 Salvatoris
3154 2789 3320 2843 nostri
3335 2802 3495 2842 carne

1923 2885 2016 2931 aut
2047 2880 2275 2934 animam
2304 2879 2588 2935 humanam
2621 2882 2830 2951 penitus
2870 2897 2974 2936 non
3001 2881 3193 2946 fuisse,
3231 2886 3321 2933 aut
3353 2877 3497 2934 certe

1925 2968 2082 3022 talem
2111 2970 2272 3026 fuisse
2291 2972 2375 3026 cui
2396 2988 2545 3027 mens
2570 2981 2624 3028 et
2642 2974 2778 3026 ratio
2805 2987 2909 3027 non
2931 2979 3090 3026 esset.
3121 2969 3228 3025 Sed
3255 2978 3307 3024 et
3333 2970 3500 3039 ipsam

1925 3058 2133 3116 Domini
2171 3077 2384 3117 comem
2418 3078 2523 3120 non
2549 3063 2618 3118 de
2649 3070 2843 3117 sanctae
2871 3063 3099 3132 Virginis
3130 3061 3306 3115 Marite
3341 3074 3500 3114 carne

1927 3160 2244 3221 susceptam,
2269 3153 2359 3208 sed
2381 3153 2448 3209 de
2472 3154 2608 3209 coelo
2628 3155 2680 3209 in
2708 3154 2976 3225 Virginem
2997 3151 3334 3206 descendisse
3353 3149 3499 3204 dice-

1924 3239 2042 3307 bat;
2071 3258 2295 3313 eamque
2309 3244 2640 3300 nutabundus
2666 3260 2876 3314 semper
2889 3251 2942 3298 et
2968 3242 3156 3297 dubius
3184 3241 3340 3296 modo
3361 3254 3501 3295 eoa:-

1930 3340 2130 3388 ternam
2158 3335 2268 3389 Deo
2295 3336 2486 3402 Verbo,
2522 3335 2682 3390 modo
2707 3335 2773 3390 de
2807 3334 2963 3390 Verbi
3004 3332 3276 3388 divinitate
3309 3331 3499 3385 factam

1929 3423 2262 3493 praedicabat.
2299 3426 2520 3480 Nolebat
2555 3427 2696 3481 enim
2723 3426 2774 3480 in
2809 3425 3018 3481 Christo
3050 3439 3168 3480 esse
3205 3423 3336 3478 duas
3369 3421 3497 3477 sub-

1930 3515 2168 3582 stantias,
2199 3531 2355 3570 unam
2391 3517 2639 3583 divinam,
2670 3517 2887 3571 alteram
2918 3516 3220 3581 humanam,
3251 3528 3407 3567 unam
3434 3527 3499 3567 ex

1929 3602 2113 3670 Patre,
2151 3607 2368 3661 alteram
2396 3623 2460 3661 ex
2500 3616 2694 3672 matre;
2731 3607 2826 3661 sed
2859 3608 3026 3677 ipsam
3055 3604 3214 3661 Verbi
3258 3611 3501 3658 naturam

1929 3697 2145 3766 putabat
2163 3712 2283 3752 esse
2315 3698 2610 3764 discissam,
2638 3699 2786 3768 quasi
2806 3697 2946 3752 aliud
2967 3697 3081 3766 ejus
3101 3705 3432 3766 permaneret
3449 3694 3503 3748 in

1930 3786 2060 3852 Deo,
2084 3787 2224 3840 aliud
2249 3802 2374 3842 vero
2400 3803 2611 3841 versum
2640 3787 2821 3843 fuisset
2850 3789 2900 3842 in
2922 3802 3162 3851 carnem;
3192 3793 3249 3838 ut
3274 3799 3394 3838 cum
3422 3800 3504 3838 ve-

1931 3876 2061 3929 ritas
2081 3875 2220 3930 dicat
2244 3892 2309 3930 ex
2324 3877 2527 3931 duabus
2553 3877 2858 3931 substantiis
2883 3892 3048 3930 unum
3062 3890 3182 3931 esse
3205 3873 3472 3929 Christum
3486 3914 3502 3941 ,

1932 3962 2020 4019 ille
2054 3967 2348 4021 contrarius
2380 3968 2587 4020 veritati
2622 3983 2687 4020 ex
2712 3981 2814 4023 una
2841 3967 3035 4021 Christi
3063 3965 3342 4020 divinitate
3374 3963 3505 4018 duas

1963 4055 2138 4109 dserat
2153 4055 2315 4110 tactas
2329 4071 2446 4112 esse
2463 4057 2797 4111 substantias.
2809 4057 2942 4110 'llaec
2962 4057 3138 4126 itaque
3155 4053 3499 4124 Apollinaris.

1933 4141 2202 4199 Nestorius
2227 4153 2400 4200 autem
2416 4146 2681 4200 contrario
2706 4145 2991 4216 Apollinari
3007 4144 3212 4210 morbo,
3241 4143 3367 4197 dum
3384 4157 3505 4197 sese

1933 4232 2064 4287 duas
2088 4235 2141 4288 in
2170 4234 2380 4291 Christo
2404 4235 2722 4290 substantias
2748 4234 3071 4303 distinguere
3104 4233 3345 4299 simulat,
3375 4232 3506 4287 duas

1933 4321 2216 4378 introducit
2245 4333 2464 4394 repente
2487 4338 2761 4394 personas,
2797 4331 2851 4378 et
2879 4322 3115 4378 inaudito
3139 4323 3341 4377 scelere
3373 4320 3506 4376 thros

2004 4457 2078 4527 (l)
2103 4457 2276 4527 Miror
2302 4455 2670 4527 doctissimum,
2691 4455 2860 4527 virum
2895 4451 3510 4527 Dionysiumfetaviutn

1935 4523 2146 4604 tom.’_5.
2177 4526 2633 4604 Theologzdogm.
2662 4526 2757 4604 lib.
2786 4526 2836 4587 1,
2865 4539 2980 4604 cap.
3011 4523 3145 4604 6,_n.
3177 4523 3262 4604 l5,
3291 4523 3504 4604 opposi-

1935 4606 2046 4665 tum
2071 4598 2265 4666 legere,
2291 4593 2444 4666 quasi
2481 4593 2674 4666 nempe
2697 4593 3008 4666 Vincentius
3019 4593 3236 4666 dixerit,
3272 4601 3321 4645 et
3343 4594 3507 4660 ipsum

1937 4663 2085 4738 plena
2110 4663 2229 4743 ﬁdei
2257 4663 2488 4729 sanitate,
2515 4663 2922 4743 reclamantibus
2947 4663 3282 4743 editionibus,
3304 4676 3370 4743 ac
3390 4677 3509 4718 con-

1936 4734 2080 4811 textu
2108 4734 2220 4811 ipso
2247 4755 2258 4789 :
2293 4734 3202 4811 praisertimguia‘nonlatuitlh'um
3230 4734 3508 4811 omnigeni:

1938 4801 2230 4861 eruditione
2257 4801 2510 4860 refertum
2536 4818 2565 4858 a
2590 4801 2780 4859 Basilio
2805 4806 2858 4858 in
2883 4805 2980 4873 Ep.
2999 4801 3122 4867 293,
3143 4809 3196 4862 et
3211 4815 3239 4855 a
3255 4801 3508 4873 Gregorio

1938 4878 2343 4954 lfazianz‘eno.
2371 4877 2467 4946 Ep.
2498 4876 2549 4940 1,
2577 4870 2954 4954 θάιϐιςάζ
2987 4873 3106 4936 7M,
3129 4870 3510 4954 reprehensum

1939 4947 2104 5002 fuisse
2143 4941 2521 5021 Apollinarem,
2562 4955 2620 5021 ut
2656 4945 2710 4999 in
2738 4941 2951 5021 Sabellii
2987 4941 3222 5021 errorem
3250 4941 3509 5021 inclinan—

1939 5025 2068 5092 tem,
2103 5011 2254 5092 cujus
2278 5017 2356 5070 rei
2381 5015 2666 5092 te__stes_l1ie_
2686 5015 2946 5092 posterior
2969 5013 3118 5092 all'ert
3135 5011 3330 5092 ‘libros.
3350 5011 3505 5092 illius.

1941 5079 2074 5140 llinc
2100 5079 2314 5140 minime
2334 5086 2622 5139 audiendus
2647 5079 2895 5138 Leontius
2921 5083 2974 5136 in
3000 5083 3091 5136 lib.
3119 5081 3184 5136 de
3203 5081 3361 5134 sectis
3387 5079 3505 5132 Act.

1940 5158 1993 5220 4,
2027 5165 2154 5210 tom.
2186 5157 2270 5219 Μ,
2305 5156 2435 5208 Bibl.
2467 5156 2566 5208 PP.
2597 5154 2721 5208 dum
2747 5153 2973 5208 affirmat
2998 5151 3260 5205 hominem
3284 5165 3391 5220 non
3419 5164 3506 5220 er;

1940 5218 2609 5303 rare_cirearTrinitatem.
2659 5243 2678 5275 ε
2706 5223 2968 5303 Ττιξηιειςξζ
3016 5221 3212 5290 inquit,
3267 5218 3508 5303 Cregorii

1949 5316 1966 5347 ι
1992 5296 2146 5349 ambo
2165 5296 2322 5370 etiam
2343 5295 2440 5370 hac
2461 5295 2511 5348 in
2531 5303 2682 5363 parte
2697 5294 2890 5370 erroris
2919 5293 3062 5370 illum
3353 5307 3371 5340 ι
3403 5287 3510 5369 Sed

1941 5375 2134 5440 praeter
2159 5365 2436 5440 Grcgorios
2461 5359 2631 5440 exstat
2662 5365 2818 5440 etiam
2845 5363 3070 5418 Basilius
3103 5368 3156 5414 et
3188 5359 3474 5440 Lirinensis

1941 5433 2001 5488 ut
2039 5436 2169 5487 alios
2195 5433 2460 5498 omittam;
2502 5434 2639 5487 unde
2671 5433 3054 5503 suSpicorqnon
3100 5433 3401 5503 pervenisse
3441 5442 3469 5480 a

1942 5505 2220 5582 Leontium
2242 5505 2556 5582 Apollinaris
2573 5498 2835 5582 libros,'in
3061 5506 3298 5582 erratum
3317 5498 3512 5582 depre-

1945 5574 2126 5629 hendit
2138 5567 2494 5648 Nazianzenus
2517 5592 2530 5627 :
2557 5574 2658 5629 nisi
2679 5567 2811 5648 forte
2829 5567 2947 5640 quis
2964 5569 3142 5648 dicere

1943 5645 2365 5718 nenrcontraria
2402 5637 3121 5718 dogmata_vul_gasse,_quod
3156 5637 3398 5718 accidere
3433 5637 3508 5718 illi

1945 5715 2131 5786 potuit,
2154 5715 2276 5786 dum
2311 5735 2327 5764 ‹
2353 5715 2404 5768 in
2434 5707 2701 5786 tractanda
2721 5707 3013 5782 Theologla
3023 5725 3128 5765 non
3143 5725 3178 5786 _c
3198 5707 3502 5778 Seripturis,

1951 5779 1970 5836 ἱ
1993 5785 2086 5839 sed
2103 5801 2166 5838 ex
2184 5785 2424 5838 humanis
2450 5783 2672 5839 inventis
2699 5779 3002 5853 argumenta
3023 5779 3251 5853 petebat,
3281 5797 3300 5832 ι
3325 5793 3506 5849 quem-

1945 5855 2225 5908 admodum
2247 5857 2318 5908 ait
2339 5855 2576 5908 Basilius.
