4018 6338
466 480 576 540 655

464 623 585 667 esse
602 609 716 665 vult
737 607 868 663 ﬁlios
885 605 1010 672 Dei,
1038 604 1171 660 duos
1193 603 1452 670 Christos,
1479 615 1645 657 unum
1670 600 1837 656 Deum
1851 642 1866 668 ,
1902 600 2033 654 alte-

463 717 582 756 rum
603 701 890 765 hominem,
918 712 1081 753 unum
1101 695 1192 766 qui
1212 711 1278 752 ex
1302 695 1480 761 Patre,
1508 693 1730 748 alterum
1749 691 1840 762 qui
1855 691 1924 746 sit
1940 705 2035 760 ge-

461 799 677 845 neratus
702 805 767 844 ex
793 796 980 842 matre.
1008 787 1180 856 Atque
1204 784 1322 840 ideo
1346 783 1537 838 asserit
1553 789 1790 837 sanctam
1814 779 2032 834 Mariam

460 895 566 935 non
596 880 894 944 Theotocon,
925 877 1020 933 sed
1057 877 1400 931 Chrislotocon
1425 889 1542 928 esse
1565 871 1841 927 dicendam
1865 889 1879 923 :
1907 870 2032 940 quia

458 970 661 1025 scilicet
682 985 748 1025 ex
770 983 834 1025 ea
867 984 973 1024 non
1008 967 1096 1022 ille
1119 966 1362 1022 Christus
1384 964 1476 1034 qui
1507 964 1668 1028 Deus,
1705 960 1799 1016 sed
1819 961 1906 1028 ille
1939 959 2031 1028 qui

458 1069 573 1118 emt
594 1061 773 1126 homo,
795 1067 951 1114 natus
970 1058 1056 1112 sit.
1085 1057 1235 1123 Quod
1261 1057 1306 1111 si
1324 1055 1443 1125 quis
1458 1069 1581 1109 eum
1605 1051 1820 1122 putatin
1839 1049 2030 1104 litteris

456 1151 567 1207 suis
592 1163 754 1205 unum
780 1149 1047 1204 Christum
1074 1147 1250 1202 dicere
1269 1155 1323 1202 ct
1341 1161 1502 1202 unam
1527 1143 1720 1200 Christi
1742 1140 2031 1212 praedicare

457 1255 758 1310 personam,
787 1254 892 1294 non
921 1246 1120 1292 temere
1138 1236 1335 1291 credat.
1359 1235 1465 1290 Aut
1489 1235 1631 1289 enim
1656 1229 1797 1287 istud
1815 1227 2029 1284 fallendi

453 1341 569 1388 arte
589 1331 916 1386 machinatus
941 1337 1052 1396 est,
1083 1335 1141 1383 ut
1165 1343 1259 1398 per
1290 1327 1427 1382 bona
1467 1325 1670 1380 facilius
1704 1321 1952 1378 suaderet
1975 1328 2031 1374 et

453 1425 612 1490 mala,
643 1423 779 1476 sicut
798 1422 872 1476 ait
890 1419 1204 1490 Apostolus:
1232 1418 1332 1472 Per
1349 1419 1531 1472 bonum
1556 1415 1680 1468 mihi
1705 1420 1937 1484 operatus
1957 1418 2029 1464 est

453 1523 678 1577 mortem,
711 1514 866 1568 Rom.
897 1513 948 1565 7.
982 1511 1088 1566 Aut
1115 1526 1261 1581 ergo,
1296 1518 1356 1564 ut
1384 1509 1633 1573 diximus,
1664 1503 2028 1560 fraudulentia:

451 1617 608 1658 causa
647 1602 961 1673 quibusdam
1001 1602 1054 1655 in
1089 1601 1219 1655 locis
1253 1601 1567 1669 scriptorum
1611 1611 1827 1652 suorum
1861 1609 2026 1648 unum

450 1691 717 1748 Christum
738 1701 793 1748 et
809 1708 968 1748 unam
983 1691 1178 1747 Christi
1197 1705 1476 1760 personam
1492 1689 1709 1744 credere
1729 1685 2023 1756 sejactitat,

450 1789 540 1836 aut
568 1791 711 1837 certe
737 1789 857 1852 post
879 1789 1086 1852 partum
1110 1780 1220 1850 jam
1248 1780 1476 1850 Virginis
1504 1779 1575 1832 ita
1607 1777 1662 1832 in
1684 1792 1848 1831 unum
1873 1774 2028 1830 Chri-

450 1879 588 1926 stum
609 1872 740 1927 duas
751 1872 992 1942 perhibet
1011 1871 1321 1926 convenisse
1341 1883 1614 1939 personas,
1633 1875 1692 1921 ut
1711 1875 1888 1920 tamen
1907 1879 2028 1918 con-

450 1970 632 2033 ceptus
651 1978 745 2018 seu
764 1971 945 2032 partus
961 1963 1191 2033 Virginei
1212 1970 1470 2030 tempore,
1494 1967 1548 2014 et
1561 1956 1826 2027 aliquanto
1841 1954 2026 2025 postea

448 2051 582 2108 duos
595 2053 832 2109 Christos
845 2054 1009 2108 fuisse
1023 2051 1334 2116 contendat;
1358 2057 1416 2105 ut
1435 2064 1555 2104 cum
1569 2048 1770 2103 scilicet
1784 2045 2025 2102 Christus

448 2140 609 2198 homo
627 2144 922 2200 communis
944 2145 1172 2213 primum
1191 2149 1245 2198 et
1263 2141 1530 2196 solitarius
1551 2148 1705 2194 natus
1725 2138 1812 2205 sit,
1836 2143 1890 2192 et
1907 2151 2026 2191 nec.

448 2231 571 2287 dum
588 2234 681 2290 Dei
699 2234 871 2290 Verbo
890 2250 1130 2304 persona
1150 2234 1351 2288 unitate
1366 2233 1615 2298 sociatus,
1638 2238 1822 2301 postea
1833 2230 1886 2284 in
1902 2245 2024 2284 eum

446 2323 772 2379 adsumentis
798 2325 958 2380 Verbi
981 2339 1207 2394 persona
1239 2323 1600 2387 descenderit;
1640 2331 1695 2377 et
1725 2322 1849 2375 licet
1882 2335 2025 2375 nunc

447 2412 498 2466 in
519 2413 614 2468 Dei
628 2413 792 2484 gloria
808 2423 1019 2470 maneat
1033 2415 1363 2482 adsumptus,
1382 2413 1684 2482 aliquandiu
1700 2420 1877 2466 tamen
1893 2410 2023 2465 nihil

446 2500 583 2557 inter
605 2503 753 2558 illum
779 2514 834 2559 et
851 2512 1072 2560 exteros
1097 2504 1341 2560 homines
1366 2504 1665 2560 interfuisse
1688 2503 1947 2559 videatur.

515 2585 650 2646 Xill.
693 2593 817 2648 Haec
834 2609 960 2665 ergo
979 2594 1274 2661 Nestorius,
1293 2594 1631 2663 Apollinaris,
1653 2593 1909 2649 Photinus
1929 2593 2023 2648 ad-

447 2696 630 2740 versus
653 2683 977 2741 Catholicam
1008 2685 1164 2740 ﬁdem
1189 2685 1359 2740 rabidi
1387 2699 1547 2740 canes
1574 2685 1796 2738 latrant:
1835 2683 2019 2738 Photi-

445 2789 564 2842 nus,
588 2775 898 2830 Trinitatem
917 2791 1024 2830 non
1045 2775 1372 2840 conﬁtendo;
1397 2774 1734 2843 Apollinaris,
1758 2773 2023 2828 converti-

445 2864 600 2921 bilem
629 2866 786 2921 Verbi
809 2866 1032 2922 dicendo
1053 2875 1314 2932 naturam,
1343 2873 1397 2921 et
1417 2864 1549 2920 duas
1579 2865 1632 2919 in
1653 2863 1864 2920 Christo
1889 2864 2018 2918 sub-

445 2957 662 3012 stantias
682 2972 787 3012 non
813 2957 1142 3024 conﬁtendo,
1177 2965 1230 3012 et
1257 2964 1346 3010 aut
1368 2964 1532 3011 totam
1556 2955 1752 3011 Christi
1788 2955 2020 3010 animam

444 3058 531 3106 aut
547 3058 691 3106 certe
711 3058 941 3106 mentem
961 3059 1119 3120 atque
1141 3049 1400 3104 rationem
1421 3048 1474 3102 in
1495 3048 1669 3102 anima
1685 3045 2014 3118 denegando,

443 3147 496 3194 et
520 3139 814 3195 adserendo
851 3156 947 3209 pro
990 3154 1150 3194 sensu
1188 3138 1383 3193 mentis
1421 3137 1584 3192 fuisse
1622 3136 1716 3192 Dei
1753 3136 2014 3201 Verbum;

443 3227 732 3297 Nestorius,
760 3229 892 3284 duos
911 3229 1148 3285 Christus
1167 3236 1258 3282 aut
1283 3243 1494 3297 semper
1517 3243 1658 3292 esse,
1681 3234 1771 3280 aut
1789 3227 2044 3296 aliquan-o

442 3317 529 3373 diu
557 3319 720 3375 fuisse
743 3319 1122 3374 adseverando.
1159 3318 1395 3372 Ecclesia
1416 3332 1544 3371 vero
1569 3315 1838 3370 Catholica
1871 3323 1925 3370 et
1949 3316 2018 3372 de

442 3405 550 3463 Deo
578 3416 632 3464 et
663 3409 730 3464 de
755 3409 1027 3464 Salvatore
1053 3416 1236 3463 nostro
1255 3415 1399 3462 recta
1422 3407 1676 3472 sentiens,
1706 3421 1804 3460 nec
1823 3406 1878 3460 in
1900 3405 2017 3461 Tri-

442 3499 618 3553 nitatis
650 3501 906 3570 mysterio
931 3514 1032 3554 nec
1069 3500 1121 3553 in
1149 3497 1344 3553 Christi
1376 3497 1734 3551 incarnatione
1770 3496 2017 3566 blasphe-

441 3598 566 3644 mat.
589 3590 720 3645 Nam
737 3600 790 3646 et
805 3607 963 3646 uuam
979 3589 1309 3645 divinitatem
1331 3589 1384 3642 in
1405 3587 1676 3642 Trinitatis
1693 3586 2017 3656 plenitudine

441 3686 495 3733 et
514 3679 783 3735 Trinitatis
797 3681 1151 3751 aequalitatem
1172 3679 1224 3732 in
1241 3693 1342 3733 una
1363 3685 1521 3748 atque
1541 3677 1726 3732 eadem
1739 3676 2017 3746 majestate

441 3779 737 3838 veneratur,
767 3777 822 3826 et
844 3786 1007 3826 unum
1028 3769 1296 3825 Christum
1317 3768 1520 3835 Jesum,
1550 3783 1656 3823 non
1681 3767 1843 3835 duos,
1866 3783 2017 3823 eum-

441 3858 665 3932 demque
680 3861 846 3916 Deum
863 3863 1059 3931 pariter
1073 3869 1230 3930 atque
1247 3859 1517 3914 hominem
1531 3858 1827 3914 conﬁtetur.
1843 3858 2015 3916 Unam

440 3948 650 4018 quidem
675 3951 729 4005 in
753 3965 1149 4020 eopersonam,
1193 3949 1288 4004 sed
1323 3949 1456 4004 duas
1495 3949 1845 4016 substantias;
1882 3949 2014 4006 duas

439 4039 787 4110 substantias,
830 4041 925 4098 sed
969 4057 1127 4095 unam
1170 4039 1340 4095 credit
1381 4055 1500 4096 esse
1537 4056 1818 4110 personam
1844 4060 1856 4092 :
1882 4043 2014 4098 duas

438 4129 777 4200 substantias,
823 4133 946 4204 quia
977 4133 1228 4186 mutabile
1265 4147 1371 4187 non
1398 4140 1481 4187 est
1519 4133 1750 4189 Verbum
1787 4135 1910 4203 Dei,
1957 4143 2016 4192 ut

437 4233 608 4290 ipsum
627 4230 920 4278 verteretur
940 4223 992 4277 in
1012 4238 1258 4288 carnem;
1287 4238 1445 4277 unam
1464 4238 1766 4292 personam,
1793 4242 1860 4282 ne
1879 4227 2013 4283 duos

437 4312 730 4381 proﬁtendo
763 4312 927 4379 ﬁlios,
959 4313 1367 4383 quaternitatem
1393 4313 1634 4369 videatur
1664 4316 1869 4383 colere,
1906 4333 2013 4372 non

436 4400 766 4458 Trinitatem.
797 4401 903 4457 Sed
926 4418 1102 4472 opera:
1129 4404 1354 4472 pretium
1382 4411 1466 4458 est
1491 4411 1549 4458 ut
1570 4404 1623 4458 id
1653 4405 1827 4474 ipsum
1853 4407 2012 4461 etiam

435 4499 593 4562 atque
619 4492 778 4546 etiam
813 4492 1110 4547 distinctius
1135 4501 1190 4548 et
1214 4495 1516 4562 expressius
1555 4496 1911 4552 cnucleemus.
1954 4496 2014 4552 In

437 4582 548 4638 Deo
574 4599 679 4638 una
704 4585 1018 4651 substantia,
1042 4584 1136 4640 sed
1159 4593 1268 4640 tres
1289 4601 1556 4654 personae;
1585 4588 1638 4642 in
1659 4588 1870 4644 Christo
1894 4588 2014 4645 dum

437 4673 764 4742 substantiae,
804 4675 898 4729 sed
924 4690 1028 4729 una
1053 4689 1299 4744 persona.
1328 4675 1385 4730 In
1418 4676 1673 4733 Trinitate
1697 4680 1830 4734 alius
1853 4687 2014 4749 atque

436 4763 598 4829 alius,
626 4779 731 4819 non
763 4764 904 4819 aliud
923 4773 1081 4834 atque
1107 4765 1277 4831 aliud;
1303 4766 1355 4820 in
1388 4767 1662 4823 Salvatore
1686 4769 1826 4824 aliud
1853 4778 2012 4840 atque

436 4853 598 4921 aliud,
615 4869 722 4909 non
741 4855 875 4910 alius
894 4864 1050 4925 atque
1066 4856 1219 4911 alius.
1247 4857 1523 4924 Quomodo
1538 4859 1591 4912 in
1609 4859 1863 4914 Trinitate
1877 4860 2014 4914 alius

435 4951 596 5012 atque
613 4944 767 5012 alius,
791 4960 896 5000 non
924 4945 1064 5000 aliud
1086 4955 1245 5017 atque
1267 4948 1440 5002 aliud?
1465 4948 1599 5014 Quia
1615 4949 1816 5004 scilicet
1838 4950 1938 5004 alia
1958 4958 2014 5004 et

435 5049 662 5105 persona
685 5036 874 5104 Patris,
910 5038 1010 5091 alia
1039 5037 1176 5104 Filii,
1205 5039 1306 5093 alia
1326 5040 1554 5108 Spiritus
1575 5042 1772 5106 sancti;
1808 5041 1903 5096 sed
1926 5049 2010 5096 ta-

434 5141 560 5181 men
584 5127 756 5183 Patris
779 5136 834 5184 et
858 5129 976 5183 Filii
1004 5138 1058 5185 et
1083 5129 1309 5200 Spiritus
1331 5133 1500 5186 sancti
1533 5147 1638 5187 non
1665 5133 1766 5186 alia
1799 5141 1854 5187 et
1885 5134 2008 5201 alia,

434 5215 529 5271 sed
549 5232 653 5270 una
673 5218 964 5290 eademque
986 5230 1190 5275 natura.
1209 5221 1485 5286 Quomodo
1507 5222 1558 5276 in
1579 5222 1851 5278 Salvatore
1871 5223 2012 5278 aliud

434 5315 594 5377 atque
617 5309 787 5376 aliud,
816 5326 921 5365 non
956 5312 1090 5366 alius
1115 5322 1272 5382 atque
1297 5314 1464 5368 alius?
1494 5314 1626 5381 Quia
1659 5316 1904 5370 videlicet
1935 5315 2013 5369 al-

434 5405 550 5454 tera
572 5402 863 5456 substantia
889 5403 1196 5472 divinitatis,
1225 5406 1389 5460 altera
1418 5407 1786 5475 humanitatis;
1813 5407 1908 5464 sed
1932 5416 2014 5462 ta-

435 5506 560 5547 men
585 5492 756 5548 deitas
775 5502 830 5549 et
852 5495 1152 5551 humanitas
1177 5513 1281 5552 non
1321 5498 1456 5552 alter
1478 5508 1532 5554 et
1556 5501 1708 5567 alter,
1747 5501 1842 5556 sed
1875 5516 2013 5556 unus

437 5581 685 5652 idemque
707 5581 967 5651 Christus,
996 5601 1132 5641 unus
1170 5587 1414 5657 idemque
1449 5588 1584 5644 ﬁlius
1618 5591 1741 5658 Dei,
1771 5600 1826 5646 et
1857 5592 2012 5646 unius

439 5672 784 5744 ejusdemque
803 5675 996 5731 Christi
1018 5686 1073 5732 et
1096 5677 1186 5731 ﬁlii
1207 5679 1422 5746 Deiuna
1449 5679 1738 5750 eademque
1763 5697 2006 5750 persona;

441 5764 579 5819 sicut
601 5765 654 5820 in
681 5767 895 5822 homine
931 5769 1072 5823 aliud
1095 5786 1247 5835 caro,
1277 5779 1331 5826 et
1358 5771 1497 5827 aliud
1526 5773 1728 5841 anima,
1757 5773 1851 5828 sed
1878 5789 2012 5828 unus

445 5849 690 5922 idemque
726 5860 887 5913 homo
910 5861 1082 5914 anima
1104 5869 1157 5914 et
1181 5876 1322 5916 caro.
1353 5861 1408 5916 In
1435 5863 1592 5918 Petro
1617 5873 1667 5918 et
1690 5864 1851 5920 Paulo
1872 5865 2011 5919 aliud

1707 463 2051 525 VINCENTII
2077 461 2461 522 LIRINENSIS

3599 461 3716 522 656

2137 597 2335 665 anima,
2361 593 2504 650 aliud
2525 605 2684 659 caro;
2710 604 2811 648 nec
2827 599 3003 648 tamen
3029 588 3135 648 duo
3157 589 3322 658 Petri,
3348 604 3475 647 caro
3504 597 3560 647 et
3586 571 3738 647 ani-i

2136 704 2253 754 ma;
2284 694 2376 742 aut
2397 687 2532 742 alter
2555 685 2749 740 Paulus
2787 684 2984 751 anima,
3019 690 3075 738 et
3100 683 3236 738 alter
3257 696 3414 748 caro;
3447 681 3544 738 sed
3567 699 3713 739 unus

2137 781 2383 850 idemque
2407 779 2615 845 Petrus,
2645 793 2782 832 unus
2805 776 3052 847 idemque
3075 775 3288 843 Paulus,
3316 791 3384 830 ex
3407 773 3603 844 duplici
3627 775 3716 831 di-

2135 889 2394 943 versaque
2410 873 2702 928 subsistens
2716 870 2876 925 animi
2890 869 3230 939 corporisque
3243 875 3450 923 natura.
3466 866 3545 922 ita
3557 867 3718 938 igitur

2136 965 2190 1020 in
2205 980 2311 1021 uno
2326 965 2620 1035 eodemque
2633 963 2843 1019 Christo
2860 962 2978 1017 duas
2993 962 3298 1016 substantiae
3318 968 3469 1026 sunt;
3491 959 3587 1016 sed
3605 974 3717 1015 una

2135 1056 2332 1123 divina,
2375 1055 2540 1110 altera
2576 1054 2834 1119 humana;
2873 1068 2979 1108 una
3003 1067 3070 1108 ex
3093 1053 3250 1107 Patre
3275 1052 3406 1116 Deo,
3440 1051 3608 1106 altera
3639 1065 3720 1106 ex

2135 1157 2305 1204 matre
2329 1148 2572 1218 Virgine;
2599 1163 2705 1202 una
2728 1153 2994 1202 coaeterna
3018 1155 3072 1199 et
3101 1144 3320 1215 aequalis
3349 1144 3515 1210 Patri,
3550 1144 3722 1200 altera

2135 1255 2200 1294 ex
2221 1247 2459 1309 tempore
2478 1246 2532 1293 et
2546 1237 2720 1292 minor
2737 1237 2922 1302 Patre;
2945 1251 3048 1290 una
3068 1233 3534 1290 consubstantialis
3549 1232 3718 1296 Patri,

2134 1333 2298 1388 altera
2341 1330 2804 1386 consubstantialis
2842 1329 3028 1394 matri;
3069 1343 3206 1382 unus
3242 1335 3419 1382 tamen
3467 1325 3724 1395 idemque

2133 1419 2374 1476 Christus
2395 1422 2448 1476 in
2469 1429 2689 1491 utraque
2703 1420 3016 1475 substantia.
3037 1418 3151 1474 Non
3172 1433 3299 1489 ergo
3315 1419 3450 1473 alter
3468 1415 3722 1472 Christus

2133 1511 2293 1578 Deus,
2321 1512 2455 1567 alter
2484 1512 2670 1576 homo;
2700 1526 2809 1566 non
2831 1511 2967 1566 alter
2991 1510 3275 1576 increatus,
3313 1509 3448 1563 alter
3469 1514 3719 1574 creatus;

2132 1617 2237 1658 non
2259 1603 2394 1658 alter
2414 1603 2770 1674 impassibilis,
2793 1604 2928 1658 alter
2944 1601 3235 1673 passibilis;
3258 1617 3364 1657 non
3383 1602 3520 1656 alter
3530 1616 3722 1671 aqua-

2131 1693 2196 1747 lis
2216 1693 2357 1748 Patri
2372 1736 2387 1761 ,
2424 1695 2560 1750 alter
2576 1694 2751 1748 minor
2773 1693 2958 1759 Patre;
2985 1709 3089 1748 non
3115 1693 3250 1748 alter
3268 1708 3334 1748 ex
3354 1692 3539 1759 Patre,
3575 1690 3722 1746 alter

2132 1800 2198 1839 ex
2216 1772 2535 1852 matre;'sed
2560 1801 2697 1841 unus
2731 1785 2976 1855 idemque
3004 1783 3244 1840 Christus
3276 1785 3418 1840 Deus
3445 1792 3501 1838 et
3523 1783 3718 1849 homo,

2131 1877 2268 1932 idem
2293 1893 2399 1932 non
2424 1886 2635 1933 creatus
2661 1885 2715 1932 et
2738 1886 2976 1944 creatus,
3012 1877 3152 1932 idem
3178 1875 3622 1932 incommutabilis
3658 1881 3720 1931 el

2130 1966 2499 2036 impassibilis,
2532 1967 2674 2022 idem
2707 1974 3060 2022 commutatus
3084 1975 3138 2022 et
3161 1981 3370 2036 passus,
3399 1966 3539 2022 idem
3565 1966 3721 2024 Patri

2129 2067 2184 2114 et
2201 2060 2417 2130 aequalis
2435 2067 2491 2115 et
2507 2060 2700 2127 minor,
2725 2059 2866 2116 idem
2887 2075 2952 2116 ex
2974 2060 3128 2115 Patre
3143 2067 3264 2115 ante
3279 2059 3456 2115 secula
3476 2058 3719 2130 genitus,

2129 2149 2270 2205 idem
2303 2151 2356 2204 in
2383 2150 2564 2206 seculo
2600 2165 2666 2206 ex
2699 2158 2872 2206 matre
2905 2157 3203 2221 generatus,
3232 2149 3496 2219 perfectus
3533 2149 3716 2211 Deus,

2129 2241 2390 2310 perfectus
2417 2243 2597 2298 homo.
2629 2242 2688 2297 In
2722 2243 2832 2299 Deo
2859 2257 3066 2298 summa
3089 2242 3356 2310 divinitas,
3394 2243 3446 2297 in
3488 2241 3721 2298 homine

2127 2332 2279 2401 plena
2301 2333 2618 2387 humanitas.
2651 2333 2842 2400 Plena,
2871 2334 3115 2404 inquam,
3143 2332 3480 2388 humanitas:
3506 2332 3718 2402 quippe

2126 2440 2244 2494 qua:
2269 2426 2499 2480 animam
2521 2426 2678 2480 simul
2698 2425 2891 2481 habeat
2912 2435 2966 2481 et
2991 2441 3224 2492 carnem,
3254 2425 3349 2481 sed
3372 2439 3585 2480 carnem
3609 2439 3724 2478 τες.

2125 2533 2260 2586 ram,
2283 2526 2540 2586 nostram,
2562 2526 2876 2586 maternam,
2895 2520 3124 2574 animam
3138 2533 3266 2575 vero
3281 2517 3544 2574 intellectu
3563 2531 3719 2588 prae-

2125 2610 2310 2678 ditam,
2333 2621 2510 2668 mente
2531 2627 2594 2668 ac
2611 2612 2817 2668 ratione
2834 2613 3138 2682 pollentem.
3164 2613 3258 2668 Est
3279 2625 3404 2683 ergo
3418 2612 3471 2666 in
3490 2610 3717 2667 Christo

2124 2703 2366 2771 verbum,
2381 2704 2580 2772 anima,
2602 2719 2745 2770 caro;
2769 2704 2864 2760 sed
2883 2705 2986 2760 hoc
3006 2713 3173 2760 totum
3192 2719 3330 2760 unus
3343 2711 3425 2759 est
3437 2702 3711 2770 Christus,

2125 2811 2262 2851 unus
2287 2796 2424 2851 ﬁlius
2444 2797 2558 2863 Dei,
2582 2804 2637 2852 et
2654 2813 2791 2852 unus
2815 2797 3055 2852 Salvator
3075 2812 3138 2852 ac
3156 2797 3478 2865 Redemptor
3495 2803 3714 2850 noster.

2126 2885 2272 2940 Unus
2296 2893 2494 2954 autem,
2523 2903 2627 2941 non
2651 2887 2979 2956 corruptibili
3003 2887 3182 2942 nescio
3206 2901 3311 2958 qua
3334 2884 3616 2940 divinitatis
3640 2891 3714 2940 et

2123 2974 2463 3032 humanitatis
2488 2977 2816 3042 confusione,
2845 2976 2940 3032 sed
2966 2976 3167 3047 integra
3199 2983 3254 3032 et
3276 2975 3525 3046 singulari
3558 2987 3711 3045 qua-

2122 3063 2243 3118 dam
2267 3065 2469 3120 unitate
2492 3080 2753 3135 personae.
2778 3065 2958 3136 Neque
2978 3066 3119 3120 enim
3145 3065 3232 3120 illa
3253 3063 3552 3135 conjunctio
3571 3064 3711 3119 alte-

2120 3170 2240 3210 rum
2262 3157 2314 3210 in
2335 3156 2557 3211 alterum
2583 3156 2846 3212 convertit
2867 3164 3026 3226 atque
3050 3157 3271 3212 mutavit
3298 3155 3409 3228 (qui
3439 3163 3520 3212 est
3542 3169 3711 3210 error

2121 3248 2365 3317 proprius
2384 3247 2721 3319 Arianorum)
2740 3247 2837 3319 (i),
2860 3247 2954 3303 sed
2975 3248 3046 3302 ita
3061 3248 3114 3302 in
3136 3263 3298 3303 unum
3315 3247 3488 3316 potius
3508 3253 3702 3300 utrum

2121 3352 2224 3407 que
2247 3338 2531 3408 compegit,
2563 3346 2622 3392 ut
2642 3345 2888 3393 manente
2920 3353 3131 3407 semper
3156 3338 3211 3392 in
3233 3337 3444 3393 Christo
3465 3335 3716 3406 singula-

2191 3497 2267 3567 (1)
2307 3495 2374 3552 Ut
2401 3495 2581 3550 Ariani
2609 3495 2812 3552 facilius
2835 3497 3142 3567 improvidis
3165 3496 3448 3552 suaderent
3463 3494 3713 3567 Verbum

2121 3564 2336 3620 alterius
2361 3581 2479 3621 esse
2503 3580 2534 3620 a
2561 3567 2716 3622 Patre
2743 3564 3069 3631 substantizc,
3103 3582 3316 3637 passum
3343 3579 3615 3637 asseruere
3640 3564 3713 3619 in

2121 3649 2308 3707 carne;
2338 3651 2400 3707 ac
2418 3637 2607 3691 anima:
2624 3639 2789 3691 instar
2803 3637 2965 3692 fuisse
2980 3635 3190 3707 corpori
3209 3636 3530 3707 divinitatem
3553 3635 3712 3689 illam

2122 3704 2281 3758 Verbi
2323 3706 2483 3760 veluti
2523 3707 2888 3761 secundariam
2931 3704 3167 3771 aiebant;
3215 3706 3354 3762 unde
3395 3721 3461 3759 ex
3504 3719 3709 3759 eorum

2120 3782 2297 3846 mente
2323 3775 2374 3846 in
2403 3775 2782 3830 humanitatem
2808 3777 2957 3846 quasi
2991 3791 3247 3846 conversa
3274 3785 3388 3832 erat
3422 3774 3710 3838 divinitas,

2120 3843 2246 3898 dum
2272 3845 2612 3900 substantiva:
2637 3843 2864 3901 [nominis
2893 3847 3076 3900 forma:
3101 3847 3154 3900 in
3182 3845 3393 3902 Christo
3418 3846 3591 3899 locum
3612 3851 3712 3898 te-

2121 3915 2445 3986 nuit._liunc
2469 3930 2705 3970 errorem
2731 3924 3014 3986 assumptaa
3040 3915 3379 3971 humanitatis
3416 3915 3712 3986 destruen-

2120 3991 2227 4057 t_em
2253 3984 2412 4057 ﬁdem
2448 3994 2640 4057 praeter
2664 3984 2993 4042 Lirinensem
3024 3986 3281 4057 exprobat
3312 3986 3413 4057 illis
3439 3984 3712 4057 Leontius

2119 4053 2186 4108 de
2211 4063 2342 4108 sect.
2365 4053 2465 4108 Act
2488 4054 2542 4118 2,
2566 4056 2885 4110 Athanasius
2913 4057 2965 4110 in
2988 4057 3078 4110 lib.
3094 4053 3167 4110 de
3188 4055 3401 4111 salutari
3420 4054 3707 4117 Adventu,

2120 4131 2174 4194 et
2208 4123 2261 4177 in
2299 4125 2466 4178 altero
2501 4123 2566 4179 de
2607 4125 2967 4180 incarnatione
3003 4125 3236 4181 Christi:
3267 4140 3329 4180 ac
3361 4124 3710 4194 potissimum

2121 4193 2352 4248 Hilarius
2367 4194 2419 4247 in
2437 4201 2550 4248 toto
2573 4195 2665 4250 lib.
2686 4211 2718 4248 x
2739 4195 2805 4249 dc
2825 4196 3100 4261 Trinitate,
3127 4195 3267 4250 unde
3282 4193 3486 4250 numer.
3511 4193 3566 4258 9,
3584 4193 3663 4249 ait
3687 4212 3705 4248 ε

2127 4281 2144 4312 ι
2171 4263 2365 4334 volunt
2405 4263 2642 4334 plerique
2682 4280 2865 4320 eorum
2890 4281 2957 4320 ex
2982 4266 3243 4334 passionis
3266 4273 3431 4330 metu,
3471 4271 3524 4319 et
3547 4264 3710 4318 inﬁr-

2126 4352 2144 4382 ι
2169 4333 2352 4405 mitate
2376 4333 2629 4405 patiendi,
2658 4350 2762 4405 non
2790 4335 2841 4389 in
2869 4333 3055 4390 natura
3079 4351 3200 4389 eum
3236 4334 3573 4405 impassibilis
3596 4333 3707 4405 Dei

2127 4422 2144 4452 ‹
2170 4401 2444 4458 fuisse...”
2478 4402 2582 4458 Sed
2610 4403 2872 4458 inferioris
2899 4417 2928 4458 a
2953 4406 3062 4459 Deo
3088 4405 3243 4460 Patre
3269 4401 3486 4468 naturae,
3514 4411 3569 4458 et
3596 4402 3709 4457 hu-

2126 4492 2144 4524 ι
2169 4488 2338 4527 manat
2363 4473 2623 4542 passionis
2656 4475 2996 4542 trepidaverit
3030 4482 3203 4538 metu,
3231 4482 3286 4530 et
3316 4473 3382 4528 ad
3407 4473 3709 4542 corporalis

2126 4561 2144 4614 ᾳ
2169 4559 2338 4614 postue
2353 4544 3074 4614 congemueritatrocitatem.
3102 4564 3121 4595 ›
3146 4544 3274 4610 Quae
3291 4557 3452 4614 quum
3469 4544 3540 4596 ita
3564 4543 3701 4605 sint,

2113 4611 2224 4682 jam
2251 4613 2365 4667 sine
2389 4611 2729 4683 ambiguitate
2752 4614 2858 4667 ulla
2885 4613 3037 4668 facile
3063 4611 3325 4668 dirimitur
3347 4621 3458 4668 tota
3482 4619 3707 4667 contro—

2119 4680 2320 4752 versia,
2360 4697 2517 4752 quam
2538 4680 2872 4752 Claudianus
2897 4683 3208 4750 Mamertus,
3249 4683 3596 4752 Bcrengarius
3627 4695 3707 4736 ac

2117 4751 2347 4806 Joannes
2373 4751 2587 4820 quidam
2613 4751 2751 4822 apud
2780 4752 3075 4822 Philippum
3110 4753 3263 4808 bonae
3288 4753 3399 4822 spei
3429 4751 3704 4806 Abbatem

2119 4822 2414 4876 excitarunt
2434 4821 2657 4887 Hilario,
2672 4823 2821 4891 quasi
2847 4821 3105 4878 humanas
3121 4823 3174 4878 iu
3188 4821 3401 4878 Christo
3415 4821 3707 4876 Passiones

2117 4892 2328 4961 neganti
2366 4907 2512 4946 num.
2540 4891 2610 4946 25
2636 4891 2872 4960 ejusdem
2897 4893 3015 4947 libri
3043 4892 3168 4947 dum
3207 4893 3410 4961 inquit:
3447 4909 3464 4940 ι
3492 4891 3702 4961 Passus

2125 4979 2143 5010 ‹
2167 4959 2378 5027 quidem
2407 4969 2489 5016 est
2521 4961 2772 5015 Dominus
2805 4962 2958 5016 Jesus
2992 4961 3253 5027 Christus,
3281 4959 3420 5015 ‘dum
3453 4959 3700 5025 ceditur,

2125 4979 2143 5010 ‹
2205 4977 2378 5014 niuem
2407 4977 2489 5016 esr
2521 4977 2772 5015 uommus
2805 4977 2958 5016 Jesus
2992 4977 3253 5027 uurlsms,
3295 4977 3420 5015 eum
3453 4977 3698 5025 emtum,

2124 5048 2144 5081 ι
2166 4977 2290 5101 dum
2333 5030 2688 5098 suspenditur,
2732 5031 2855 5085 dum
2894 5031 3230 5101 cruciﬁgitur,
3267 5031 3391 5086 dum
3428 5030 3698 5101 moritur:

2125 5118 2144 5150 ι
2167 5099 2260 5153 sed
2300 5100 2350 5154 in
2391 5115 2584 5169 corpus
2617 5101 2820 5154 Domini
2863 5101 3068 5154 irruens
3083 5099 3299 5164 Passio,
3329 5115 3426 5155 nec
3461 5115 3563 5153 non
3594 5099 3703 5155 fuit

2125 5188 2144 5219 ο
2167 5169 2370 5235 Passio,
2400 5185 2495 5224 nec
2519 5179 2694 5223 tamen
2720 5180 2960 5224 naturam
2988 5170 3257 5226 Passionis
3283 5171 3542 5234 exseruit,
3563 5169 3704 5224 dum

2126 5257 2144 5289 ι
2168 5246 2220 5292 et
2249 5239 2440 5307 poenali
2469 5241 2760 5293 ministerio
2785 5241 3020 5304 desmvit,
3045 5249 3100 5309 et
3123 5241 3289 5294 virtus
3314 5239 3549 5309 corporis
3574 5239 3703 5309 sine

2125 5327 2144 5378 ς
2168 5322 2327 5362 sensu
2356 5325 2527 5378 paena:
2552 5310 2657 5362 vim
2682 5325 2852 5378 poena:
2888 5311 2938 5363 in
2965 5325 3022 5364 se
3047 5308 3381 5364 desarvientis
3407 5308 3629 5378 excepit.
3670 5328 3693 5359 ι

2119 5377 2319 5433 Sensus
2354 5393 2480 5448 ergo
2505 5386 2620 5433 est:
2644 5377 2831 5433 Passio
2858 5394 2962 5448 qua
2995 5394 3165 5434 caesus
3189 5387 3271 5434 est
3293 5379 3563 5436 Christus.
3595 5377 3701 5433 fuit

2119 5462 2183 5502 ex
2212 5457 2357 5516 parte
2382 5449 2637 5516 corporis,
2667 5464 2762 5503 seu
2783 5449 3121 5502 humanitatis
3142 5463 3172 5502 a
3189 5448 3362 5504 Verbo
3383 5455 3695 5515 assumpta,

2119 5531 2238 5586 qua:
2261 5533 2440 5581 sensu,
2469 5517 2670 5580 dolore,
2701 5519 2978 5573 tolerantia
3001 5519 3267 5572 demutata
3293 5527 3403 5582 est;
3441 5517 3532 5571 sed
3565 5533 3697 5572 vera

2119 5585 2224 5640 non
2252 5585 2347 5641 fuit
2370 5603 2435 5641 ex
2463 5597 2608 5657 parte
2637 5588 2812 5651 Verbi,
2840 5588 2979 5657 quod
3005 5586 3698 5657 demutationisiell‘ectibus

2119 5657 2383 5738 caruerit:
2413 5656 2472 5738 et
2494 5658 2591 5712 hoc
2607 5666 2698 5738 ‘cst
2735 5656 2874 5738 quod
2911 5658 3134 5738 Hilarius
3168 5659 3334 5726 inquit
3365 5656 3552 5711 Filium
3576 5657 3694 5738 .Dei

2119 5726 2218 5797 uim
2246 5743 2405 5795 pcente
2427 5728 2479 5779 in
2513 5743 2565 5780 se
2585 5726 2893 5780 deswvientis
2917 5728 3022 5780 sine
3047 5743 3191 5780 sensu
3225 5742 3384 5797 ρωηιε
3417 5727 3691 5797 egcep'sse.

2117 5793 2372 5850 ConSulat
2389 5797 2530 5852 Lect.
2551 5799 2846 5867 generalem
2863 5797 3064 5867 praefat.
3075 5793 3410 5920 Frwrhissam
3427 5793 3694 5867 Operm

2120 5865 2182 5919 D.
2214 5865 2392 5920 liilaril
2420 5867 2556 5920 Edit.
2587 5869 2644 5920 Ρ.
2672 5865 2944 5920 Constant.
2975 5868 3002 5920 ξ
3028 5865 3070 5920 Π
3101 5907 3112 5918 .

2120 5865 2182 5919 D.
2214 5865 2392 5920 Hilarii
2420 5865 2644 5923 EditfP.
2672 5865 2944 5924 Constant.
2973 5868 3003 5934 §
