4018 6338
328 420 433 480 657

322 561 482 617 ritate
502 555 662 611 unius
685 551 1029 625 ejusdemque
1046 559 1308 619 persona,
1334 542 1391 597 in
1408 548 1665 596 aternum
1686 549 1898 607 quoque

320 654 633 721 permaneat
648 642 944 716 proprietas
972 636 1382 706 uniuscujusque
1406 637 1635 695 natura;
1663 642 1768 697 quo
1792 626 1898 681 sci-

319 717 446 795 licet
469 751 570 793 nec
593 733 826 806 unquam
847 732 991 787 Deus
1012 741 1205 797 corpus
1242 739 1363 781 esse
1395 722 1636 791 incipiat,
1666 732 1765 773 nec
1800 717 1898 770 ali-

320 828 534 900 quando
556 840 770 896 corpus,
810 835 1002 892 corpus
1026 834 1147 875 esse
1174 816 1413 872 desistat.
1440 811 1593 879 Quod
1616 810 1775 866 etiam
1799 806 1899 862 hu-

316 934 493 975 mana
513 914 829 973 conditionis
853 912 1247 968 demonstratur
1270 905 1533 974 exemplo.
1558 902 1738 971 Neque
1756 901 1899 954 enim

318 1014 376 1066 in
396 1008 646 1081 prasenti
663 1013 891 1071 tantum,
913 1000 1009 1059 sed
1028 1000 1081 1055 in
1096 998 1273 1054 futuro
1288 1010 1517 1067 quoque,
1539 990 1901 1062 unusquisque

318 1100 599 1155 hominum
635 1113 703 1154 ex
735 1095 910 1150 anima
934 1090 1198 1148 constabit
1220 1094 1276 1143 et
1307 1100 1558 1156 corpore,
1590 1096 1689 1137 nec
1719 1088 1901 1135 tamen

320 1207 559 1263 unquam
581 1197 673 1245 aut
691 1202 883 1257 corpus
903 1186 959 1241 in
993 1183 1225 1237 animam
1253 1186 1345 1233 aut
1376 1176 1551 1232 anima
1582 1179 1818 1228 vertetur
1845 1171 1901 1227 in

319 1260 545 1354 corpus;
568 1279 662 1337 sed
682 1290 999 1347 unoquoque
1021 1272 1296 1328 hominum
1322 1268 1437 1322 sine
1465 1265 1569 1320 ﬁne
1593 1264 1817 1326 victuro,
1846 1260 1901 1316 in

321 1353 643 1444 unoquoque
680 1369 954 1424 hominum
992 1365 1109 1419 sine
1142 1360 1248 1416 ﬁne
1286 1356 1589 1413 necessario
1628 1353 1902 1421 utriusque

319 1462 639 1519 substantia
663 1458 959 1515 differentia
982 1450 1332 1525 permanebit.
1354 1447 1431 1501 Ita
1452 1447 1506 1500 in
1530 1444 1742 1499 Christo
1764 1456 1901 1511 quo-

321 1569 428 1624 que
450 1552 728 1621 utriusque
751 1545 1059 1604 substantia
1086 1557 1183 1597 sua
1208 1540 1400 1609 cuique
1419 1539 1473 1592 in
1493 1544 1749 1592 aternum
1774 1548 1901 1624 pro-

322 1622 525 1713 prietas
541 1684 558 1711 ,
615 1640 760 1696 salva
812 1647 992 1694 tamen
1039 1647 1281 1706 persona
1321 1630 1522 1686 unitate
1548 1670 1565 1695 ,
1627 1622 1901 1681 retinenda

322 1746 425 1792 est.

393 1825 535 1881 XIV.
558 1824 667 1881 Sed
688 1834 809 1878 cum
833 1836 1117 1893 personam
1136 1818 1331 1888 sapius
1362 1815 1719 1879 nominamus,
1742 1822 1795 1868 et
1816 1812 1902 1867 di-

323 1918 499 1972 cimus
520 1914 663 1986 quod
680 1914 821 1969 Deus
840 1927 936 1982 per
956 1924 1239 1982 personam
1259 1907 1418 1961 homo
1441 1904 1609 1959 factus
1634 1904 1722 1970 sit,
1740 1903 1904 1958 vehe-

323 2015 537 2062 menter
559 2003 850 2060 verendum
891 2009 975 2057 est
1010 2016 1080 2055 ne
1103 2000 1205 2054 hoc
1246 1998 1423 2052 dicere
1457 1994 1732 2050 videamur
1760 1993 1902 2064 quod

324 2096 471 2151 Deus
491 2095 712 2150 verbum
738 2092 849 2148 sola
872 2086 1165 2145 imitatione
1190 2086 1411 2142 actionis
1434 2100 1553 2155 qua
1575 2092 1699 2140 sunt
1722 2092 1902 2139 nostra

321 2187 643 2259 susceperit,
676 2193 730 2241 et
766 2182 1019 2256 quidquid
1057 2181 1183 2237 illud
1220 2188 1302 2236 est
1342 2178 1762 2234 conversationis
1798 2176 1902 2230 hu-

321 2295 519 2345 mana,
543 2276 695 2348 quasi
716 2274 1078 2340 adumbratus,
1105 2287 1210 2326 non
1232 2270 1383 2340 quasi
1397 2284 1555 2323 verus
1580 2268 1740 2322 homo
1761 2266 1904 2321 fece—

322 2372 428 2436 rit;
456 2370 595 2425 sicut
613 2369 668 2422 in
688 2366 908 2421 theatris
931 2363 1044 2418 ﬁeri
1061 2362 1215 2428 solet,
1232 2360 1323 2415 ubi
1344 2374 1481 2414 unus
1502 2359 1681 2428 plures
1703 2356 1905 2426 efﬁngit

318 2470 547 2533 repente
568 2473 843 2531 personas,
868 2470 1091 2527 quarum
1116 2455 1231 2524 ipse
1251 2453 1395 2507 nulla
1420 2460 1519 2506 est.
1545 2450 1906 2517 Quotiescum-

323 2572 436 2627 que
459 2554 655 2611 etenim
682 2552 856 2621 aliqua
882 2548 1167 2618 suscipitur
1190 2545 1414 2600 imitatio
1439 2544 1663 2598 actionis
1692 2544 1901 2609 aliena,

321 2645 405 2700 ita
424 2645 649 2700 aliorum
663 2641 838 2697 ofﬁcia
859 2647 950 2694 aut
969 2652 1129 2707 Opera
1146 2642 1439 2706 patrantur,
1463 2641 1521 2689 ut
1539 2641 1715 2688 tamen
1735 2632 1789 2686 hi
1814 2632 1904 2702 qui

318 2743 513 2807 agunt,
536 2749 643 2789 non
659 2733 765 2787 sint
786 2731 886 2801 ipsi
907 2744 1041 2800 quos
1061 2734 1241 2797 agunt.
1269 2726 1451 2795 Neque
1471 2724 1613 2779 enim
1638 2724 1735 2793 (ut,
1758 2721 1904 2777 verbi

319 2828 517 2898 gratia,
545 2824 861 2880 secularium
882 2828 937 2876 et
955 2817 1360 2874 Manichaeorum
1386 2815 1462 2887 (ί)
1486 2824 1695 2869 utamur
1720 2828 1905 2868 exem-

319 2920 475 2991 plis),
498 2932 620 2971 cum
651 2923 798 2969 actor
834 2912 1063 2981 tragicus
1096 2909 1436 2965 Sacerdotem
1472 2906 1673 2975 effingit
1703 2912 1793 2957 aut
1820 2918 1909 2957 re-

320 3026 473 3083 gem,
497 3006 747 3064 sacerdos
768 3014 859 3060 aut
882 3019 976 3059 rex
1011 3010 1109 3058 est.
1132 3001 1264 3056 Nam
1289 2999 1563 3054 desinente
1595 3004 1713 3049 actu
1749 2995 1907 3049 simul

321 3111 392 3157 et
413 3118 473 3157 ca
503 3114 663 3171 quam
692 3101 1002 3166 susceperat
1035 3106 1260 3163 persona
1299 3089 1525 3144 desistit.
1561 3087 1714 3140 Absit
1753 3084 1856 3139 hoc
1878 3099 1909 3139 a

321 3194 488 3249 nobis
500 3192 758 3248 nefarium
774 3188 1163 3256 scelestumque
1176 3183 1482 3238 ludibrium.
1502 3178 1910 3234 Manichaorum

322 3288 409 3342 sit
437 3286 536 3342 ista
565 3283 861 3347 dementia;
888 3280 979 3352 qui
1015 3276 1306 3349 phantasia
1337 3273 1728 3344 praedicatores,
1765 3271 1913 3325 aiunt

323 3378 529 3433 Filium
552 3376 649 3431 Dei
675 3375 860 3438 Deum,
896 3385 1179 3442 personam
1212 3366 1443 3421 hominis
1479 3380 1584 3419 non
1620 3362 1912 3417 substantia

322 3470 595 3535 extitisse,
626 3466 723 3522 sed
755 3474 876 3520 actu
908 3464 1145 3533 putativo
1172 3460 1405 3532 quodam
1430 3466 1485 3514 et
1511 3457 1913 3513 conversatione

322 3559 635 3615 simulasse.
659 3556 926 3611 Catholica
955 3569 1082 3608 vero
1106 3552 1238 3607 fides
1265 3552 1337 3605 ita
1363 3549 1597 3604 Verbum
1622 3548 1715 3603 Dei
1738 3547 1911 3601 homi-

325 3665 463 3705 nem
484 3648 679 3703 factum
701 3661 821 3701 esse
841 3645 989 3711 dicit,
1017 3652 1076 3698 ut
1096 3658 1213 3714 qua
1234 3649 1416 3697 nostra
1440 3648 1581 3704 sunt,
1602 3654 1705 3693 non
1727 3638 1917 3691 fallaci-

325 3749 424 3796 ter
443 3747 497 3795 et
522 3737 850 3803 adumbrate,
869 3735 965 3790 sed
986 3750 1112 3789 vere
1144 3747 1500 3803 expresseque
1522 3730 1832 3798 susciperet,
1863 3737 1917 3783 et

324 3848 461 3904 qua
480 3837 631 3886 erant
667 3828 916 3893 humana,
942 3841 1049 3881 non
1080 3825 1230 3896 quasi
1272 3824 1443 3879 aliena
1478 3823 1793 3887 imitaretur,
1822 3820 1917 3875 sed

326 3922 518 3993 potius
550 3928 607 3974 ut
639 3934 734 3973 sua
777 3925 1016 3988 gereret;
1046 3924 1101 3971 et
1135 3928 1353 3984 prorsus
1393 3911 1535 3982 quod
1576 3910 1781 3981 agebat,
1818 3910 1919 3964 hoc

330 4013 504 4068 etiam
523 4018 681 4065 esset.
706 4008 854 4063 Sicut
872 4007 973 4077 ipsi
987 4021 1085 4061 nos
1098 4020 1306 4075 quoque
1326 4004 1379 4057 in
1395 4018 1460 4058 eo
1473 4001 1611 4073 quod
1633 4001 1916 4070 loquimur,

328 4103 599 4172 sapimus,
612 4099 858 4167 vivimus,
872 4098 1141 4153 subsistim
1149 4112 1229 4163 us,
1248 4110 1353 4150 non
1372 4095 1639 4149 imitamur
1653 4092 1916 4159 homines,

332 4192 443 4248 sed
463 4206 665 4246 sumus.
689 4189 870 4260 Neque
895 4189 1037 4243 enim
1062 4188 1251 4242 Petrus
1273 4195 1326 4240 ct
1350 4185 1601 4252 Joannes,
1625 4194 1685 4239 ut
1709 4200 1800 4239 eos
1822 4198 1920 4253 po-

334 4283 609 4338 tissimum
632 4281 918 4344 nominem,
942 4278 1198 4333 imitando
1220 4287 1371 4333 erant
1392 4278 1653 4342 homines,
1680 4276 1773 4331 sed
1796 4276 1923 4330 sub-

335 4372 608 4430 sistendo.
633 4371 813 4441 Neque
849 4370 991 4425 enim
1035 4370 1230 4424 Paulus
1262 4368 1543 4423 simulabat
1588 4368 1917 4436 Apostolum,

336 4471 442 4518 aut
468 4462 693 4533 ﬁngebat
711 4460 966 4525 Paulum;
991 4460 1084 4515 sed
1108 4468 1221 4513 erat
1250 4460 1557 4528 Apostolus,
1588 4467 1641 4513 et
1662 4459 1921 4513 subsiste-

339 4557 441 4611 bat
478 4555 688 4610 Paulus.
722 4552 797 4607 Ita
838 4553 999 4608 etiam
1040 4552 1182 4606 Deus
1221 4551 1455 4605 Verbum
1500 4551 1828 4605 adsumendo
1870 4561 1925 4607 et

341 4644 594 4701 habendo
637 4659 885 4709 carnem,
910 4642 1195 4713 loquendo,
1242 4642 1501 4707 faciendo,
1540 4642 1786 4711 patiendo
1830 4658 1926 4711 per

340 4754 589 4803 carnem,
615 4738 729 4792 sine
756 4736 859 4790 ulla
882 4746 1058 4790 tamen
1080 4751 1189 4789 suae
1221 4736 1557 4804 corruptione
1580 4744 1799 4799 natura,
1824 4734 1927 4791 hoc

345 4829 571 4883 omnino
602 4836 852 4897 prastare
886 4826 1129 4897 dignatus
1150 4835 1233 4880 est
1254 4834 1311 4880 ut
1332 4826 1599 4879 hominem
1635 4826 1927 4895 perfectum

344 4938 461 4977 non
499 4922 790 4976 imitaretur
826 4928 917 4974 aut
946 4919 1185 4990 ﬁngeret,
1220 4920 1314 4974 sed
1353 4920 1646 4984 exhiberet,
1681 4928 1739 4974 ut
1768 4919 1927 4975 homo

345 5026 514 5067 verus
532 5026 637 5066 nou
654 5010 922 5065 videretur
940 5018 1031 5064 aut
1051 5019 1340 5080 putaretur,
1363 5011 1457 5065 sed
1477 5018 1619 5064 esset
1641 5018 1797 5081 atque
1813 5013 1932 5067 sub-

347 5103 583 5157 sisteret.
610 5101 771 5173 Igitur
794 5102 930 5155 sicut
950 5101 1125 5155 anima
1157 5116 1394 5155 connexa
1416 5102 1580 5167 carni,
1612 5116 1711 5157 nee
1732 5102 1785 5156 in
1810 5118 1929 5159 car-

349 5208 483 5249 nem
520 5201 694 5248 tamen
730 5207 913 5259 versa,
956 5207 1063 5247 non
1104 5192 1340 5247 imitatur
1380 5192 1669 5259 hominem,
1714 5195 1807 5249 sed
1850 5204 1934 5250 est

347 5284 538 5351 homo,
564 5294 619 5340 et
638 5285 799 5341 homo
833 5301 938 5340 non
972 5301 1069 5355 per
1100 5285 1512 5350 simulationem,
1541 5287 1633 5342 sed
1675 5304 1769 5357 per
1808 5288 1934 5343 sub-

350 5379 627 5446 stantiam,
652 5380 723 5433 ita
744 5382 905 5436 etiam
926 5379 1159 5434 Verbum
1180 5380 1340 5444 Deus,
1366 5380 1565 5449 absque
1590 5380 1692 5433 ulla
1714 5382 1794 5436 sui
1816 5396 1936 5436 con-

430 5488 509 5557 (1)
550 5490 846 5545 Arbitratur
884 5490 1127 5546 Baluzius
1152 5506 1182 5544 a
1208 5491 1373 5545 sciolo
1409 5491 1636 5561 quodam
1674 5492 1934 5559 adjectam

557 5562 861 5641 parenthesi
902 5561 1297 5641 Manichaornm
1329 5560 1513 5641 vocem
1544 5580 1554 5615 :
1588 5562 1675 5631 qui
1706 5564 1935 5618 Vincen-

360 5632 495 5702 tium
516 5645 619 5702 non
641 5632 954 5701 intelligens,
978 5633 1179 5702 putavit
1197 5633 1642 5701 comparationem
1664 5648 1779 5687 eam
1801 5635 1937 5688 sumi

360 5716 395 5785 ξι
418 5699 739 5785 Μαηίρὶιωίες.
763 5699 964 5785 Deinde
979 5699 1049 5756 ad
1067 5719 1239 5785 .vo‘ces
1267 5699 1591 5785 sacerdotem
1609 5703 1822 5785 efﬁngit,
1843 5705 1933 5771 ait,

362 5770 633 5839 tragoedos
674 5780 728 5825 et
760 5773 1300 5851 comwdos_indttisse
1331 5779 1503 5851 palam
1541 5770 1787 5848 Episcopi
1812 5770 1935 5851 peré

363 5854 555 5900 sonam
566 5881 583 5912 ,
602 5854 712 5898 non
734 5856 890 5901 secus
909 5858 971 5900 ac
990 5844 1210 5903 aliorum
1232 5844 1524 5901 hominum.

1479 401 2054 463 COMMONITOBIUM
2094 402 2377 459 PRIMUM.

3461 407 3566 462 658

2000 530 2267 597 versione,
2301 528 2532 584 uniendo
2568 541 2628 582 se
2666 527 2886 594 homini,
2913 540 3020 582 non
3052 524 3441 593 Confundendo,
3464 539 3571 583 non

2004 619 2260 677 imitando
2280 619 2449 674 factus
2474 628 2557 673 est
2574 618 2755 685 homo,
2782 617 2877 674 sed
2902 616 3260 673 subsistendo.
3282 616 3574 687 Abjiciatur

2005 730 2132 786 ergo
2167 722 2278 769 tota
2306 713 2519 783 penitus
2544 727 2786 783 persona
2806 712 2943 767 illius
2964 710 3308 781 intelligentia
3329 726 3447 780 qua
3472 708 3575 764 ﬁn-

2006 807 2181 878 gendo
2216 806 2508 861 imitatione
2550 806 2852 875 suscipitur,
2888 805 2977 859 ubi
3003 820 3215 875 semper
3247 803 3382 858 alius
3417 812 3500 859 est
3522 810 3577 858 et

2005 898 2147 955 aliud
2167 898 2464 964 simulatur,
2484 896 2573 951 ubi
2596 898 2684 951 ille
2702 898 2791 966 qui
2814 898 2937 967 agit,
2960 911 3229 967 nunquam
3252 895 3297 949 is
3319 902 3401 949 est
3420 909 3577 964 quem

2006 992 2133 1062 agit.
2157 990 2313 1045 Absit
2336 988 2535 1045 etenim
2570 995 2628 1042 ut
2653 986 2755 1041 hoc
2792 987 2964 1041 fallaci
2984 987 3143 1041 modo
3183 987 3322 1041 Deus
3346 984 3578 1040 Verbum

2006 1097 2288 1155 personam
2314 1081 2544 1136 hominis
2568 1080 2866 1149 suscepisse
2890 1080 3166 1146 credatur;
3195 1079 3290 1134 sed
3311 1079 3382 1132 ita
3406 1078 3580 1149 potius

2007 1185 2066 1232 ut
2084 1174 2498 1232 incommutabili
2516 1188 2610 1229 sua
2631 1178 2877 1227 manente
2899 1172 3209 1237 substantia,
3236 1178 3289 1225 et
3312 1170 3365 1225 in
3388 1184 3445 1225 se
3470 1186 3581 1240 per-

2008 1269 2133 1325 fecti
2173 1268 2404 1325 hominis
2446 1265 2781 1336 suscipiendo
2822 1273 3097 1329 naturam,
3136 1265 3251 1333 ipse
3292 1277 3435 1329 caro,
3469 1262 3582 1333 ipse

2007 1361 2189 1427 homo,
2212 1362 2327 1431 ipse
2348 1376 2575 1431 persona
2604 1358 2834 1414 hominis
2874 1358 3150 1422 existeret,
3171 1370 3278 1410 non
3304 1356 3583 1410 simulato-

2008 1455 2106 1521 ria,
2135 1453 2230 1510 sed
2253 1469 2398 1521 vera,
2423 1468 2528 1507 non
2552 1452 2826 1517 imitativa,
2856 1449 2950 1505 sed
2980 1449 3327 1513 substantiva,
3358 1463 3465 1502 non
3483 1448 3582 1503 de-

2008 1548 2169 1617 nique
2189 1562 2308 1617 qua
2328 1556 2451 1601 eum
2474 1546 2681 1600 actione
2700 1543 2999 1610 desisteret,
3023 1541 3117 1597 sed
3147 1555 3265 1611 qua
3290 1554 3508 1611 prorsus
3528 1540 3584 1595 in

2008 1639 2301 1694 substantia
2321 1645 2674 1707 permaneret.

2080 1730 2195 1786 XV.
2222 1730 2347 1785 Hac
2368 1731 2526 1801 igitur
2565 1730 2619 1784 in
2645 1728 2855 1785 Christo
2895 1742 3135 1798 persona
3177 1727 3351 1781 unitas
3390 1741 3588 1795 nequa-

2009 1838 2171 1893 quam
2196 1829 2318 1892 post
2337 1821 2569 1891 Virginis
2593 1829 2823 1890 partum,
2845 1819 2939 1875 sed
2963 1820 3017 1873 in
3042 1820 3159 1887 ipso
3183 1817 3415 1887 Virginis
3438 1822 3588 1871 utero

2010 1922 2282 1983 compacta
2323 1920 2481 1983 atque
2520 1911 2753 1981 perfecta
2776 1919 2874 1965 est.
2904 1909 3260 1964 Vehementer
3281 1908 3423 1963 enim
3449 1922 3587 1975 pra-

2010 2019 2200 2059 cavere
2242 2003 2515 2069 debemus,
2539 2010 2598 2057 ut
2628 2001 2900 2057 Christum
2922 2016 3029 2055 non
3065 1999 3225 2054 modo
3262 2012 3458 2063 unum,
3494 1997 3589 2055 sed

2011 2094 2173 2148 etiam
2215 2109 2429 2163 semper
2470 2108 2632 2147 unum
2676 2090 3061 2147 conﬁteamur:
3093 2089 3215 2160 quia
3259 2085 3587 2142 intoleranda

2011 2182 2339 2252 blasphemia
2362 2190 2444 2237 cst
2469 2189 2525 2235 ut
2545 2181 2752 2235 etiamsi
2775 2195 2915 2235 nunc
2936 2194 3056 2234 eum
3079 2193 3245 2233 unum
3267 2190 3385 2231 esse
3406 2189 3590 2231 conce-

2011 2271 2127 2339 das,
2158 2271 2437 2341 aliquando
2464 2279 2640 2325 tamen
2667 2286 2773 2325 non
2800 2285 2984 2336 unum,
3016 2268 3111 2324 sed
3131 2268 3264 2321 duos
3279 2264 3443 2319 fuisse
3455 2279 3557 2319 con
3576 2293 3593 2305 »ο

2012 2363 2220 2429 tendas,
2251 2380 2413 2417 unum
2438 2363 2640 2417 scilicet
2665 2370 2786 2431 post
2804 2370 3014 2431 tempus
3037 2358 3369 2428 baptismatis
3394 2399 3409 2424 ,
3458 2355 3594 2411 duos

2012 2468 2141 2509 vero
2167 2454 2265 2507 sub
2293 2463 2532 2523 tempore
2559 2452 2869 2507 nativitatis.
2900 2450 3050 2518 Quod
3078 2450 3395 2503 immensum
3424 2447 3594 2500 sacri-

2013 2544 2209 2616 legium
2243 2561 2348 2600 non
2383 2546 2537 2600 aliter
2560 2544 2796 2615 profecto
2822 2545 2989 2599 vitare
3016 2543 3309 2612 poterimus
3344 2540 3447 2595 nisi
3473 2538 3595 2593 uni-

2014 2645 2125 2691 tum
2177 2636 2445 2692 hominem
2489 2637 2598 2691 Deo
2621 2679 2636 2703 ,
2690 2636 2785 2691 sed
2821 2636 3021 2690 unitate
3056 2648 3297 2703 persona
3326 2674 3342 2699 ,
3394 2645 3500 2685 non
3529 2629 3598 2685 ab

2014 2744 2238 2783 ascensu
2258 2770 2273 2796 ,
2302 2729 2385 2783 vel
2411 2728 2827 2793 resurrectione,
2856 2727 2940 2780 vel
2966 2725 3229 2795 baptismo
3249 2766 3262 2789 ,
3292 2722 3385 2777 sed
3411 2722 3514 2776 iam
3544 2722 3596 2776 in

2016 2829 2184 2875 matre
2207 2864 2221 2887 ,
2266 2820 2375 2889 jam
2402 2821 2453 2874 in
2482 2828 2664 2886 utero,
2708 2820 2818 2888 jam
2862 2817 3090 2886 denique
3125 2817 3178 2869 in
3216 2815 3327 2884 ipsa
3354 2811 3597 2883 virginali

2015 2912 2360 2980 conceptione
2387 2910 2645 2965 fateamur
2674 2928 2686 2963 :
2733 2916 2948 2979 propter
2970 2922 3128 2977 quam
3154 2920 3395 2976 persona
3422 2904 3596 2957 unita-

2016 3010 2124 3056 tem
2170 3002 2529 3056 inditlerenter
2572 3008 2728 3071 atque
2773 3001 3073 3070 promiscue
3110 3006 3163 3053 et
3197 3013 3315 3067 quae
3350 2996 3444 3051 Dei
3472 3002 3599 3050 sunt

2018 3093 2231 3163 propria
2259 3093 2561 3147 tribuuntur
2587 3092 2817 3158 homini,
2849 3099 2902 3145 et
2926 3106 3043 3161 qua
3068 3089 3243 3144 carnis
3269 3088 3479 3158 propria
3506 3085 3599 3140 ad~

1963 3250 1973 3259 .
2019 3185 2320 3239 scribuntur
2345 3185 2474 3238 Deo.
2505 3183 2631 3237 Inde
2651 3192 2733 3238 est
2758 3183 2899 3236 enim
2913 3181 3054 3251 quod
3077 3180 3325 3235 divinitus
3345 3178 3601 3246 scriptum

2021 3286 2104 3331 est
2127 3284 2181 3332 et
2202 3276 2366 3330 ﬁlium
2394 3276 2623 3329 hominis
2650 3274 2992 3329 descendisse
3017 3273 3081 3327 de
3108 3273 3243 3327 calo
3267 3314 3282 3339 ,
3332 3280 3385 3325 et
3418 3271 3601 3325 Domi-

2021 3384 2148 3423 num
2175 3368 2466 3437 majestatis
2492 3365 2798 3420 cruciﬁxum
2827 3365 2879 3419 in
2908 3373 3047 3418 terra
3073 3406 3087 3430 ,
3136 3363 3287 3417 Joan.
3316 3362 3369 3416 5.
3411 3362 3436 3415 1
3474 3359 3599 3415 Cor.

2022 3460 2076 3514 2.
2106 3459 2232 3514 Inde
2259 3460 2415 3514 etiam
2451 3466 2533 3513 est
2567 3466 2625 3511 ut
2650 3472 2809 3511 carne
2835 3457 3044 3511 Domini
3071 3454 3207 3509 facta
3234 3498 3249 3521 ,
3297 3469 3455 3508 carne
3494 3454 3602 3507 Do-

2020 3552 2153 3606 mini
2179 3560 2375 3617 creata,
2400 3552 2573 3620 ipsum
2600 3549 2831 3604 Verbum
2853 3550 2949 3604 Dei
2976 3548 3191 3616 factum,
3220 3540 3332 3617 ipsa
3350 3547 3605 3617 sapientia

2024 3645 2119 3699 Dei
2146 3643 2359 3712 impleta
2388 3685 2403 3710 ,
2458 3642 2678 3697 scientia
2705 3650 2881 3695 creata
2906 3641 3139 3706 dicatur;
3188 3642 3324 3696 sicut
3366 3639 3416 3693 in
3468 3654 3607 3709 pra-

2026 3734 2243 3789 scientia
2269 3748 2457 3787 manus
2484 3732 2652 3803 ipsius
2676 3739 2729 3787 ct
2758 3731 2923 3801 pedes
2969 3732 3084 3800 ejus
3122 3728 3251 3785 fossi
3299 3744 3419 3784 esse
3462 3728 3607 3784 refc-

2026 3834 2230 3880 runtur.
2262 3811 2365 3879 Per
2393 3823 2528 3879 hanc
2550 3867 2565 3891 ,
2614 3825 2827 3893 inquam
2853 3865 2867 3889 ,
2924 3837 3165 3891 persona
3200 3822 3451 3875 unitatem
3481 3820 3608 3875 illud

2027 3932 2235 3985 quoque
2279 3916 2466 3969 similis
2511 3915 2749 3986 mysterii
2791 3914 2996 3968 ratione
3040 3911 3331 3983 perfectum
3371 3919 3497 3977 est,
3550 3918 3610 3965 ut

2028 4023 2186 4062 carne
2214 4007 2372 4062 Verbi
2400 4024 2465 4063 ex
2492 4008 2698 4078 integra
2743 4015 2912 4061 matre
2955 4014 3206 4061 nascente
3236 4048 3251 4074 ,
3306 4006 3419 4074 ipse
3468 4004 3611 4058 Deus

2029 4099 2261 4153 Verbum
2287 4108 2441 4153 natus
2457 4114 2521 4153 ex
2544 4100 2760 4169 Virgine
2786 4098 3193 4153 catholicissime
3215 4096 3481 4163 credatur,
3511 4096 3611 4152 im-

2029 4191 2265 4261 piissime
2289 4191 2597 4261 denegetur.
2645 4191 2773 4256 Qua
2800 4205 2920 4244 cum
2947 4190 3018 4244 ita
3047 4191 3179 4256 sint,
3216 4190 3353 4245 absit
3381 4199 3437 4244 ut
3461 4189 3611 4259 quis-

2030 4298 2187 4352 quam
2229 4291 2465 4336 sanctam
2510 4282 2723 4335 Mariam
2771 4281 2962 4334 divina
3005 4282 3185 4351 gratia
3225 4280 3509 4351 privilegiis
3560 4288 3615 4335 et

2032 4376 2244 4446 speciali
2270 4376 2435 4445 gloria
2470 4375 2715 4429 fraudare
2743 4384 2981 4429 conetur.
3034 4375 3129 4429 Est
3176 4375 3316 4429 enim
3362 4375 3615 4446 singulari

2032 4467 2258 4538 quodam
2286 4466 2492 4521 Domini
2520 4481 2581 4520 ac
2606 4466 2699 4520 Dei
2727 4466 2913 4530 nostri,
2933 4465 3050 4519 Filii
3070 4474 3246 4520 autem
3264 4468 3365 4531 sui,
3393 4482 3616 4523 munere

2033 4561 2307 4615 verissime
2328 4574 2391 4613 ac
2414 4559 2719 4614 beatissime
2746 4558 2995 4611 theotocos
3022 4556 3348 4623 conﬁtenda;
3388 4559 3482 4613 sed
3510 4575 3618 4614 non

2034 4669 2099 4709 eo
2124 4653 2282 4708 modo
2309 4653 2557 4705 theotocos
2583 4666 2689 4721 quo
2718 4649 2875 4719 impia
2902 4647 3145 4718 quaedam
3192 4648 3411 4703 lneresis
3440 4650 3619 4719 suspi-

2034 4754 2213 4811 catur,
2242 4758 2359 4813 qua
2385 4741 2583 4795 adserit
2608 4756 2725 4795 eam
2750 4741 2842 4794 Dei
2869 4749 3091 4793 matrem
3132 4739 3240 4794 sola
3268 4740 3619 4808 appellatione

2036 4836 2344 4903 dicendam,
2392 4833 2534 4904 quod
2564 4849 2687 4887 eum
2713 4832 2915 4887 scilicet
2940 4832 3207 4900 pepererit
3233 4830 3501 4886 hominem
3528 4831 3620 4900 qui

2038 4937 2222 4998 postea
2269 4926 2439 4980 factus
2491 4933 2574 4979 est
2621 4925 2801 4988 Deus;
2855 4923 2993 4977 sicut
3040 4922 3268 4977 dicimus
3318 4923 3620 4991 Presbyteri

2038 5028 2280 5086 matrem,
2309 5027 2401 5072 aut
2424 5018 2670 5087 Episcopi
2692 5024 2943 5083 matrem,
2974 5030 3081 5070 non
3104 5015 3216 5084 jam
3243 5015 3620 5085 Presbyterum

2040 5122 2130 5169 aut
2154 5114 2470 5182 Episcopum
2499 5110 2752 5181 pariendo
2777 5152 2793 5177 ,
2844 5109 2938 5164 sed
2974 5125 3094 5164 eum
3120 5105 3420 5178 generando
3445 5106 3621 5161 homi-

2040 5221 2165 5261 nem
2191 5204 2281 5274 qui
2310 5212 2491 5272 postea
2525 5202 2810 5273 Presbyter
2845 5201 2929 5256 vel
2964 5201 3257 5270 Episcopus
3302 5196 3472 5252 factus
3516 5206 3618 5255 est.

2040 5297 2155 5352 Non
2182 5297 2255 5351 ita
2273 5339 2288 5363 ,
2341 5296 2553 5365 inquam
2578 5338 2592 5361 ,
2644 5302 2823 5349 sancta
2851 5293 3011 5346 Maria
3036 5292 3290 5344 theotocos
3316 5332 3331 5357 ,
3380 5288 3472 5344 sed
3502 5290 3623 5346 ideo

2045 5389 2219 5461 potius
2244 5388 2491 5457 quoniam
2509 5430 2523 5455 ,
2552 5394 2611 5441 ut
2636 5400 2795 5456 supra
2819 5384 3017 5439 dictum
3042 5389 3151 5447 est,
3177 5381 3288 5450 jam
3312 5381 3366 5434 in
3392 5382 3507 5450 ejus
3533 5396 3623 5437 sa-

2043 5490 2190 5537 crato
2216 5490 2368 5535 utero
2393 5488 2785 5535 sacrosanctum
2831 5476 2957 5531 illud
3002 5474 3312 5545 mysterium
3346 5482 3622 5542 perpetra-

2044 5584 2156 5629 tum
2169 5581 2268 5637 est,
2298 5572 2437 5643 quod
2454 5580 2666 5641 propter
2684 5570 3001 5640 singularem
3021 5564 3302 5636 quamdam
3324 5573 3481 5635 atque
3508 5566 3621 5620 uni-

2045 5680 2161 5721 cam
2188 5679 2430 5735 persona
2457 5663 2742 5728 unitatem,
2780 5660 2916 5714 sicut
2942 5656 3175 5714 Verbum
3201 5656 3255 5711 in
3280 5670 3439 5710 carne
3465 5670 3621 5725 caro,

2046 5757 2120 5813 ita
2142 5756 2303 5811 homo
2330 5755 2383 5809 in
2410 5756 2547 5820 Deo,
2577 5752 2717 5806 Deus
2742 5757 2841 5805 est.

2120 5845 2255 5902 XVl.
2298 5844 2402 5902 Sed
2429 5845 2545 5910 jam
2572 5857 2636 5898 ea
2661 5857 2780 5913 qua
2805 5854 2965 5913 supra
2984 5841 3051 5901 de
3074 5839 3380 5899 memoratis
3402 5837 3621 5899 ἣξει-θεία
