4018 6338
535 364 646 425 665

533 504 636 561 nus
656 487 786 557 fult,
813 485 1099 545 Christiani
1121 482 1407 556 magisterii
1431 482 1744 539 auctoritate
1767 481 2090 551 conscripSi.

531 581 607 637 De
630 581 781 652 cujus
802 579 1095 637 incredibili
1135 576 1364 649 quadam
1387 576 1605 632 scientia
1631 576 1679 631 si
1702 575 1822 646 quis
1858 574 2096 630 referen-

526 674 668 731 tibus
709 673 863 730 nobis
902 672 1254 728 Christianum
1300 684 1409 725 non
1452 669 1656 740 accepit
1696 669 2057 725 testimonium
2076 709 2093 735 ,

524 764 714 821 saltem
764 762 1167 819 testiﬁcantibus
1208 760 1535 832 philosophis
1581 760 1830 831 gentilem
1878 758 2100 829 recipiat

522 852 929 909 confessionem.
970 853 1062 908 Ait
1096 867 1323 923 namque
1344 851 1536 923 irrpius
1560 850 1647 905 ille
1669 849 1993 921 Porphyrius
2018 848 2097 921 (1)

520 944 752 999 excitum
798 958 858 999 se
898 942 1039 998 fama
1090 942 1255 1014 ipsius
1301 940 1673 997 Alexandriam
1713 955 1939 1022 puerum
1986 940 2096 994 fere

520 1036 839 1107 perrexisse,
869 1036 1046 1107 ibique
1069 1050 1193 1091 eum
1214 1034 1410 1115 vidisse
1430 1034 1541 1104 jam
1566 1048 1748 1089 senem
1766 1074 1781 1100 ,
1822 1031 1916 1087 scd
1940 1033 2095 1102 plane

519 1129 680 1185 talem
724 1137 1033 1200 tantumque
1075 1128 1166 1198 qui
1210 1142 1388 1182 arcem
1428 1126 1591 1181 totius
1626 1126 1861 1181 scientiae
1907 1123 2094 1180 condi-

515 1219 701 1276 disset.
742 1220 865 1275 Dies
903 1233 990 1273 me
1024 1218 1181 1273 citius
1206 1217 1456 1272 defecerit
1493 1231 1653 1287 quam
1676 1230 1738 1271 ea
1763 1230 1881 1286 quae
1909 1215 1962 1269 in
2002 1215 2093 1269 illo

517 1310 633 1366 viro
654 1309 904 1380 praeclara
927 1309 1240 1364 exstiterunt
1271 1307 1354 1362 vel
1387 1322 1453 1361 ex
1490 1306 1707 1361 minima
1732 1306 1919 1360 saltem
1944 1314 2094 1375 parte

518 1402 869 1473 perstringam
897 1419 912 1456 :
953 1416 1071 1470 quae
1097 1408 1276 1456 tamen
1299 1400 1475 1453 omnia
1500 1414 1607 1453 non
1645 1398 1817 1454 solum
1852 1398 1920 1453 ad
1946 1400 2092 1454 Reli-

515 1494 692 1564 gionis
706 1492 949 1560 gloriam,
967 1490 1061 1546 sed
1073 1490 1233 1546 etiam
1258 1489 1325 1545 ad
1350 1489 1656 1545 tentationis
1679 1489 2091 1560 magnitudinem

514 1588 868 1649 pertinebant.
896 1581 1100 1648 Quotus
1123 1581 1266 1635 enim
1292 1581 1512 1651 quisque
1537 1580 1668 1634 tanti
1694 1580 1906 1650 ingenii,
1932 1588 2091 1635 tantae

515 1676 789 1741 doctrinae,
817 1682 977 1730 tanta:
1000 1674 1181 1745 gratia:
1198 1674 1370 1728 virum
1394 1681 1486 1727 aut
1509 1671 1662 1728 facile
1685 1672 2000 1743 deponeret,
2027 1688 2092 1729 ac

515 1783 623 1825 non
664 1768 754 1823 illa
796 1768 971 1838 potius
1012 1774 1248 1821 uteretur
1290 1766 1550 1821 sententia
1574 1807 1589 1833 ,
1636 1780 1695 1820 se
1719 1781 1840 1820 cum
1865 1765 2090 1836 Origene

513 1876 695 1917 errare
728 1860 886 1920 malle
908 1902 923 1927 ,
968 1874 1127 1930 quam
1159 1874 1280 1914 cum
1304 1859 1421 1913 aliis
1448 1873 1573 1913 vera
1609 1859 1844 1913 sentire?
1887 1866 1942 1912 et
1964 1858 2091 1928 quid

514 1954 705 2024 plura?
730 1954 808 2009 Eo
822 1968 910 2009 res
922 1951 1117 2008 decidit
1135 1960 1193 2006 ut
1212 1960 1370 2006 tanta:
1394 1966 1654 2021 personze,
1676 1950 1809 2005 tanti
1833 1950 2087 2018 doctoris,

512 2045 646 2099 tanti
669 2043 939 2114 prophetae
962 2084 976 2110 ,
1022 2056 1129 2096 non
1153 2041 1382 2095 humana
1415 2041 1620 2110 aliqua,
1667 2039 1794 2107 sed,
1834 2049 1894 2095 ut
1916 2041 2090 2096 exitus

511 2135 727 2202 docuit,
775 2135 995 2189 nimium
1030 2134 1323 2204 periculosa
1348 2133 1569 2188 tentatio
1595 2133 1848 2202 plurimos
1891 2146 1923 2187 a
1967 2133 2090 2191 ﬁdei

510 2227 811 2298 integritate
829 2226 1131 2282 deduceret.
1165 2223 1518 2292 Quamobrem
1539 2225 1627 2280 hic
1641 2224 1893 2296 Origenes
1914 2234 2089 2283 tantus

510 2333 575 2375 ac
602 2320 741 2386 talis,
768 2319 894 2373 dum
918 2319 1086 2390 gratia
1110 2318 1204 2373 Dei
1229 2318 1538 2373 insolentius
1561 2319 1820 2384 abutitur,
1850 2319 1975 2372 dum
2004 2320 2087 2373 iii-

510 2410 668 2481 genio
691 2424 788 2465 suo
812 2409 1034 2463 nimium
1059 2408 1309 2473 indulget,
1339 2409 1543 2479 sibique
1583 2409 1711 2464 satis
1734 2408 1926 2474 credit,
1966 2424 2089 2465 cum

512 2500 664 2571 parvi
687 2499 870 2571 pendit
886 2500 1154 2569 antiquam
1180 2497 1492 2554 Christianae
1520 2498 1808 2569 Religionis
1833 2499 2087 2570 simplici-

511 2597 676 2645 tatem
700 2630 715 2657 ,
766 2588 892 2644 dum
929 2603 988 2644 se
1025 2589 1142 2659 plus
1167 2591 1371 2645 cunctis
1395 2604 1582 2659 sapere
1607 2589 1879 2659 praesumit
1898 2630 1914 2656 ,
1961 2588 2089 2645 dum

512 2681 898 2737 ecclesiasticas
918 2681 1223 2736 traditiones
1241 2689 1296 2737 et
1309 2688 1545 2735 veterum
1572 2682 1874 2753 magisteria
1901 2690 2085 2736 conte-

511 2785 724 2837 mnens,
752 2770 992 2841 quzedam
1019 2770 1407 2841 Scripturarum
1430 2770 1657 2841 capitula
1684 2770 1760 2842 (2)
1787 2785 1925 2826 novo
1939 2787 2087 2829 more

509 2863 905 2934 interpretatur,
944 2861 1138 2917 meruit
1175 2869 1232 2916 ut
1272 2861 1338 2917 de
1380 2876 1439 2916 se
1482 2875 1691 2932 quoque
1715 2860 1967 2918 Ecclesiae
1991 2862 2087 2919 Dei

512 3073 630 3129 quae
671 3058 914 3130 Philippo
951 3057 1162 3130 Aﬁgypti
1200 3057 1480 3130 Augustali
1522 3057 1879 3130 conveniunt;
1944 3061 2088 3129 quod

511 3126 701 3200 asserit
715 3126 1008 3200 priesertim
1026 3126 1364 3200 de'Epistolis
1383 3126 1642 3200 Origenis.
1654 3129 1908 3200 _H_uetius
1934 3126 2026 3200 lib.
2054 3132 2081 3184 1

511 3196 734 3280 ριςιεθιιῖ
753 3214 869 3280 cap.
892 3200 947 3280 ᾖε
976 3214 1121 3253 ιιιιιιι.
1154 3196 1568 3280 l2,_.ait_occu'lte
1596 3213 1639 3280 ii
1654 3197 1883 3280 Fabiano
1912 3198 2086 3280 fuisse

510 3267 773 3339 initiatum
812 3267 1110 3339 Philippum
1148 3268 1441 3339 Antiochiae
1475 3268 1574 3322 sub
1600 3267 1826 3339 Babyla;
1873 3278 1928 3323 et
1966 3270 2085 3324 ideo

512 3338 833 3393 celebratum
859 3355 889 3392 a
912 3338 1198 3393 Catholicis
1239 3338 1293 3392 id
1337 3338 1470 3402 fuit,
1504 3353 1608 3393 non
1637 3338 2015 3407 reprehensum
2055 3356 2086 3394 a

546 3408 792 3462 entilibus
813 3449 828 3473 ,
869 3409 989 3477 quia
1010 3423 1103 3463 eos
1130 3408 1298 3463 latuit.
1328 3408 1579 3476 Suspicor
1596 3408 1895 3477 amplexum
1921 3408 2086 3465 fuisse

558 3477 810 3548 hilippum
828 3476 1183 3533 Christianam
1203 3477 1547 3548 Religionem,
1575 3476 1714 3547 quod
1731 3478 1779 3532 ei
1794 3480 2087 3547 exprobant

510 3544 769 3610 nonnulli,
798 3548 946 3616 quasi
973 3547 1050 3602 sic
1081 3556 1256 3618 tegere
1280 3544 1461 3617 posset
1485 3544 1727 3618 crimina.
1758 3544 2087 3603 Hoc—testan-

510 3624 600 3687 tur
643 3614 835 3686 praeter
878 3631 1038 3687 supra
1086 3614 1324 3687 laiidatos
1378 3618 1627 3671 Leontius
1678 3614 2039 3674 Antiochenus
2064 3662 2080 3687 ,

510 3685 961 3757 Chrysostomus,
1004 3695 1058 3741 et
1079 3695 1263 3742 auctor
1289 3685 1539 3742 Chronici
1563 3687 1941 3753 Alexandrini;
1989 3685 2085 3744 sed

510 3756 811 3827 nonplene,
839 3757 963 3812 hinc
985 3757 1170 3823 multa,
1192 3771 1309 3827 quae
1323 3758 1627 3827 gentilitatis
1648 3765 1816 3827 erant,
1844 3759 2081 3826 retinuit,

511 3841 615 3881 nec
640 3826 798 3881 ﬁdem
842 3827 897 3880 in
943 3835 1184 3896 posteros
1210 3826 1578 3895 imperatores
1615 3826 1917 3882 traiisfudit.
1954 3829 2083 3896 Quae

510 3896 744 3952 susnicio
768 3897 948 3951 multis
973 3896 1172 3950 ﬁrmari
1199 3904 1377 3952 posset
1403 3897 1776 3952 monumentis.

582 3964 659 4038 (l)
698 3964 954 4038 valesius,
973 3974 1165 4038 etpost
1190 3964 1334 4020 illum
1356 3966 1574 4038 Huetius
1593 3967 1779 4038 exhoc
1804 3967 2082 4038 Porphyrii

511 4036 813 4091 testimonio
834 4036 1063 4091 inferunt
1107 4037 1241 4091 duos
1283 4037 1548 4091 exstitisse
1585 4036 1859 4106 Origenes,
1897 4036 2082 4094 ambos

510 4106 776 4176 Ammonii
802 4106 1088 4176 discipulos
1112 4125 1124 4160 :
1154 4115 1391 4161 nostrum
1410 4148 1424 4171 ,
1453 4108 1541 4176 qui
1568 4107 1721 4176 vulgo
1740 4107 2082 4164 Adamantius

510 4123 776 4160 nmmonu
802 4123 1088 4176 discipulos
1112 4125 1124 4160 :
1154 4123 1391 4161 nosrrum
1410 4148 1424 4171 ,
1490 4124 1541 4161 ιιι
1568 4123 1721 4176 vuigo
1740 4123 2082 4164 Adamantius

508 4183 593 4230 est
610 4174 800 4247 dictus,
825 4175 893 4230 de
906 4192 1011 4247 quo
1031 4176 1350 4247 Porphyrius
1371 4123 1530 4231 tradit
1544 4177 1760 4230 multam
1787 4192 1851 4247 ex
1873 4178 2084 4247 scriptis

509 4246 648 4316 apud
672 4253 912 4315 posteros
933 4246 1150 4315 gloriam
1170 4246 1333 4302 fuisse
1355 4255 1717 4311 consecutum,
1741 4246 1944 4316 sibique
1963 4246 2084 4302 ado-

508 4315 736 4387 lescenti
756 4316 907 4387 valde
926 4324 1109 4387 notum
1128 4332 1155 4387 ;7
1172 4317 1395 4387 alterum
1420 4332 1546 4371 vero
1571 4316 1658 4387 qui
1684 4316 1779 4371 fuit
1808 4315 2078 4384 Herennii,

508 4393 564 4456 et
606 4385 795 4456 Plotini
832 4385 1259 4456 condiscipulus,
1312 4386 1381 4456 de
1405 4401 1509 4455 quo
1536 4385 1782 4456 frequens
1802 4388 2000 4440 mentio
2026 4388 2080 4441 in

509 4454 617 4507 vita
653 4452 843 4508 Plotini
888 4455 955 4509 ab
998 4452 1186 4527 eodem
1230 4452 1525 4527 Porphyrio
1561 4452 1797 4527 scripta;
1826 4456 2081 4527 nihilque

609 4531 841 4594 terarum
900 4525 1171 4578 memoriae
1225 4525 1434 4594 reliquit
1484 4535 1675 4594 prieter
1721 4525 1953 4579 libellum
1994 4525 2082 4582 _de

556 4593 847 4664 semeiiibus
869 4634 883 4657 ,
925 4602 985 4648 ut
1014 4602 1222 4648 constat
1257 4610 1323 4648 ex
1346 4593 1617 4664 Longino.
1649 4595 1766 4649 Fuit
1790 4604 1965 4650 autem
1992 4596 2079 4652 hic

508 4662 919 4735 condiscipulus,
942 4670 997 4718 et
1015 4664 1228 4732 mqualis
1256 4662 1532 4735 Porphyrii
1554 4665 1822 4735 Roinai,,si
1844 4666 2077 4735 Eunapio

510 4730 666 4804 fides.
702 4730 899 4786 verum
920 4774 936 4797 ,
984 4740 1043 4787 ut
1078 4730 1609 4804 'utriusqueiorigenis
1642 4734 1802 4787 latum
1830 4730 2079 4804 appareat

510 4800 793 4871 discrimen
817 4843 832 4868 ,
860 4809 1070 4871 oportet
1102 4800 1377 4857 advertere
1401 4800 1771 4857 Adamantium
1809 4800 2075 4871 imperan-

510 4870 655 4925 tibus
679 4869 828 4926 Gallo
846 4869 1201 4926 et‘Volusiaiio
1228 4887 1294 4927 ex
1322 4873 1549 4927 Eusebio
1569 4874 1763 4928 obiisse
1794 4891 1805 4925 :
1853 4869 2074 4928 alterum

512 4953 642 5012 vero
667 4955 735 4996 ex
759 4941 1053 5012 Porphyrio
1074 4942 1125 4995 in
1152 4943 1257 4996 vita
1278 4942 1467 4997 Plotini
1489 4943 1587 4997 sub
1611 4942 1848 4998 Gallieno
1874 4944 1924 4996 in
1945 4944 2076 4999 vivis

508 5009 692 5081 fuisse,
714 5025 786 5081 Aac
804 5009 993 5081 librum
1021 5012 1299 5081 quemdam
1329 5012 1644 5067 elaborasse.

584 5079 663 5163 (εὶ
699 5078 828 5162 Qua:
847 5078 1184 5163 fuerint
1206 5081 1835 5163 Scripturarumeapitnunla
1861 5083 2077 5163 exponit

508 5147 836 5232 Epiphanius
876 5150 941 5232 in.
968 5150 1273 5232 Anchoratu
1314 5147 1519 5232 numer.
1641 5147 1696 5207 ei.
1727 5153 1821 5232 g2,
1860 5147 2076 5232 erordia

508 5220 974 5292 scilicethGenesis
1003 5238 1017 5274 :
1065 5240 1084 5272 ι
1116 5220 1357 5291 Plerique
1381 5262 1396 5287 ,
1444 5221 1649 5290 inquit,
1695 5221 1972 5292 allegorice
2008 5223 2075 5277 de

514 5307 536 5340 ι
562 5289 812 5361 Paradiso
855 5289 1124 5361 disputant
1145 5333 1161 5358 ,
1210 5289 1366 5361 amne
1405 5289 1542 5344 inter
1583 5289 1819 5346 caeteros
1846 5290 2075 5346 furiosus

514 5375 535 5411 ι
562 5357 824 5441 Origenes.
856 5357 1219 5441 adumbratam
1266 5357 1446 5441 nescio

517 5445 538 5479 ι
563 5430 786 5484 veritate
810 5430 864 5482 in
885 5430 1139 5485 mundum
1172 5430 1387 5484 invexit.
1416 5449 1435 5481 ι

517 5516 539 5549 ι
565 5497 757 5581 iterum
787 5516 857 5581 τ’(
886 5497 1069 5581 Redeo
1087 5501 1156 5553 ad
1173 5499 1444 5581 Origineni
1462 5497 1631 5581 (φιοά
1654 5499 1752 5581 ipsi
1772 5499 1911 5581 Deus
1934 5500 2077 5581 igno-

516 5585 538 5618 ι
564 5569 714 5636 seat)
743 5585 757 5621 :
785 5568 1215 5624 absurdissimam
1240 5566 1394 5622 aliain
1418 5566 1747 5634 fabulam,’et
1772 5566 2074 5636 allegoriam

517 5655 537 5707 ξ
564 5634 805 5707 fallendis
828 5636 1130 5707 hominibus
1156 5638 1446 5707 proposuit,
1470 5643 1570 5691 etc.
1595 5655 1613 5688 ι
1645 5636 1776 5691 Vide
1799 5637 1856 5707 S.
1878 5634 2073 5691 Virum

517 5655 537 5677 ο
564 5653 805 5692 rauenuis
831 5653 1130 5693 nominibus
1156 5653 1446 5762 proﬁpcsuii,
1470 5653 1570 5691 etc.
1595 5655 1613 5688 ι
1654 5653 1776 5691 Viue
1799 5653 1856 5693 δ.
1880 5653 2073 5719 .Virum

509 5704 617 5776 loc.
643 5706 784 5761 laud.
812 5705 1031 5776 Oportet
1054 5716 1231 5762 tamen
1292 5709 1303 5776 δ
1364 5706 1638 5761 advertere
1651 5747 1666 5770 ,
1694 5706 1836 5775 quod
1858 5707 1982 5761 licet
2006 5707 2076 5763 ab

512 5770 738 5838 Origene
759 5770 1034 5840 peccatum
1069 5777 1140 5834 sit
1179 5776 1251 5833 ob
1276 5775 1580 5846 frequentes
1603 5770 1895 5848 allegorias,
1938 5779 2078 5838 inter

1560 5375 1645 5413 am
1697 5361 1927 5428 speciem
1978 5375 2074 5430 pro

1531 5438 1552 5483 t
1586 5430 1864 5498 posteriori
1885 5445 2029 5485 num.
2056 5472 2071 5496 ,

1781 366 2125 426 VINCENTII
2162 368 2539 430 LlRlNENSIS

2204 479 2514 535 diceretur:
2554 479 2617 537 Si
2642 480 2912 537 surrexerit
2933 482 2988 539 in
3023 484 3188 540 medio
3212 484 3285 539 tui
3307 484 3585 557 propheta,
3625 484 3749 543 Deut

2203 571 2290 626 1'5.
2317 572 2386 627 Et
2404 572 2559 642 paulo
2583 581 2734 643 post:
2764 573 2888 629 Non
2911 578 3107 643 audies,
3135 577 3323 644 inquit,
3348 578 3496 633 verba
3520 579 3770 650 propin“

2201 660 2357 715 illius.
2385 661 2453 716 Et
2475 663 2641 718 item:
2689 663 2823 730 Quia
2846 674 3002 720 tentet
3023 683 3128 733 vos,
3156 667 3344 739 inquit,
3370 666 3623 723 Donum
3639 667 3770 728 Deus

2200 761 2359 806 vester
2405 754 2574 807 uti-itm
2611 754 2833 826 diligatis
2866 772 2982 811 eum
3013 773 3080 812 an
3118 774 3238 812 non.
3282 760 3415 813 Vere
3456 773 3565 814 non
3604 759 3771 819 solum

2201 844 2442 912 tentatio,
2470 845 2566 902 sed
2599 846 2761 902 etiam
2787 864 2976 920 magna
2994 850 3217 906 tentatio
3233 850 3466 907 deditam
3491 851 3594 907 sibi
3618 861 3770 923 atque

2200 933 2256 989 in
2270 950 2328 991 se
2340 936 2658 1006 pendentem
2682 939 2974 995 Ecclesiam
2997 940 3343 998 admiratione
3360 942 3579 1013 Ingenii,
3600 942 3770 999 scien-

2201 1025 2306 1093 tiae,
2328 1027 2660 1098 eloquentia),
2686 1030 3121 1097 conversationis,
3150 1040 3204 1087 et
3236 1032 3438 1102 gratiae,
3466 1031 3600 1088 nihil
3622 1032 3692 1088 de
3715 1047 3771 1089 se

2199 1115 2573 1186 suspicantem,
2600 1118 2731 1174 nihil
2749 1129 3040 1187 verentem,
3061 1121 3236 1177 subito
3259 1137 3293 1176 a
3308 1122 3478 1178 veteri
3502 1122 3770 1194 Religione

2198 1207 2254 1261 in
2264 1224 2452 1265 novam
2464 1211 2888 1281 prophanitatem
2898 1214 3095 1268 sensim
3108 1215 3462 1285 paulatimque
3476 1215 3767 1272 traducere.

2197 1298 2305 1355 Sed
2330 1301 2472 1357 dicet
2508 1303 2695 1373 aliquis
2736 1314 3011 1375 corruptos
3035 1321 3155 1362 esse
3177 1304 3418 1377 Origenis
3444 1307 3633 1362 libros.
3658 1307 3770 1364 Non

2195 1390 2422 1459 resisto;
2450 1394 2577 1463 quin
2596 1395 2770 1464 potius
2794 1404 2850 1451 et
2872 1396 3033 1452 malo.
3073 1396 3206 1451 Nam
3242 1397 3297 1452 id
3319 1411 3352 1453 a
3377 1397 3699 1469 quibusdam
3720 1408 3770 1456 et

2196 1483 2445 1538 traditum
2460 1493 2515 1540 et
2529 1486 2632 1540 seri
2638 1495 2782 1556 ptum
2798 1496 2898 1555 est,
2920 1504 3028 1544 non
3040 1487 3324 1546 Catholicis
3344 1498 3570 1559 tantum,
3588 1507 3769 1549 verum

2195 1575 2353 1631 etiam
2374 1576 2664 1633 llaereticis.
2694 1579 2799 1635 Sed
2821 1580 2951 1636 illud
2970 1590 3054 1637 est
3070 1582 3211 1653 quod
3234 1598 3375 1638 nunc
3391 1582 3653 1639 debemus
3673 1583 3762 1640 ad.

2192 1673 2401 1722 vertere
2425 1668 2523 1723 etsi
2549 1684 2653 1723 non
2682 1669 2854 1740 ipsum
2873 1712 2888 1737 ,
2922 1671 3085 1727 libros
3109 1680 3285 1728 tamen
3309 1673 3410 1728 sub
3433 1673 3653 1730 nomine
3673 1690 3768 1731 suo

2194 1757 2384 1825 editos,
2406 1776 2609 1831 magna:
2634 1778 2752 1818 esse
2773 1764 3047 1820 tentationi
3071 1783 3084 1820 :
3107 1766 3199 1837 qui
3222 1767 3401 1822 multis
3418 1766 3770 1840 blasphemia-

2193 1865 2311 1904 rum
2326 1852 2628 1909 vulneribus
2653 1863 2934 1921 scatentes,
2962 1872 3070 1912 non
3094 1866 3154 1913 ut
3169 1858 3359 1925 alieni,
3392 1860 3490 1915 sed
3511 1861 3667 1931 quasi
3688 1862 3769 1918 sui

2193 1948 2249 1995 et
2267 1941 2510 2012 leguntur
2533 1952 2588 1999 et
2616 1953 2891 2012 amantur;
2937 1956 2996 2002 ut
3017 1948 3118 2003 etsi
3136 1949 3191 2002 in
3215 1963 3398 2007 errore
3420 1951 3768 2022 concipienda

2193 2033 2433 2105 Origenis
2458 2051 2565 2091 non
2604 2036 2703 2092 fuit
2726 2053 2940 2106 sensus,
2981 2039 3049 2095 ad
3081 2055 3317 2096 errorem
3339 2049 3519 2098 tamen
3543 2058 3765 2115 persua-

2193 2126 2422 2182 dendum
2446 2128 2686 2200 Origenis
2713 2132 2999 2187 auctoritas
3023 2133 3199 2188 valere
3224 2133 3482 2190 videatur.

2262 2218 2446 2274 XVIII.
2484 2220 2592 2276 Sed
2622 2230 2678 2277 et
2713 2214 3019 2280 Tertulliani
3042 2241 3254 2296 quoque
3280 2227 3465 2283 eadem
3500 2229 3642 2285 ratio
3665 2239 3747 2285 est

2191 2310 2323 2364 Nam
2348 2322 2485 2367 Sicut
2512 2312 2600 2367 ille
2618 2316 2755 2384 apud
2775 2313 2989 2370 Griecos
3004 2357 3019 2383 ,
3048 2316 3121 2370 ita
3140 2316 3229 2372 hic
3251 2318 3392 2387 apud
3414 2317 3637 2375 Latinos
3654 2335 3767 2375 nos-

2192 2408 2395 2454 trorum
2429 2402 2665 2457 omnium
2705 2402 2860 2460 facile
2895 2406 3142 2477 princeps
3158 2406 3472 2475 iudicandus
3490 2418 3595 2465 est.
3632 2410 3766 2477 Quid

2192 2492 2334 2547 enim
2359 2492 2462 2549 hoc
2481 2494 2597 2549 viro
2619 2494 2825 2551 doctius
2843 2538 2859 2563 ,
2893 2497 3020 2568 quid
3044 2498 3097 2552 in
3115 2498 3309 2554 divinis
3325 2509 3484 2572 atque
3522 2502 3765 2557 humans

2191 2584 2351 2640 rebus
2397 2587 2768 2643 exercitatius?
2800 2588 3000 2660 Nempe
3035 2605 3248 2647 omnem
3290 2592 3683 2665 philosophiam
3715 2603 3767 2650 et

2192 2685 2407 2733 cunctas
2433 2679 2866 2751 philosophorum
2894 2691 3068 2738 sectas
3085 2725 3100 2750 ,
3127 2692 3370 2740 auctores
3391 2727 3407 2752 ,
3436 2684 3769 2743 athertores-

2191 2786 2295 2841 que
2315 2780 2611 2839 sectarum,
2651 2788 2941 2845 omnesque
2977 2790 3160 2831 eorum
3180 2776 3505 2848 disciplinas,
3553 2793 3764 2834 omnem

2191 2860 2529 2916 historiarum
2573 2879 2636 2917 ac
2673 2864 2967 2920 studiorum
3009 2866 3315 2922 varietatem
3360 2869 3495 2923 mira
3539 2870 3763 2941 quadam

2190 2952 2384 3007 mentis
2409 2954 2697 3023 capacitate
2736 2948 3041 3026 complexus
3066 2966 3166 3012 est.
3192 2957 3406 3029 Ingenio
3436 2974 3568 3014 vero
3592 2975 3765 3017 nonne

2191 3048 2300 3096 tam
2327 3042 2472 3113 gravi
2492 3058 2553 3098 ac
2580 3044 2878 3100 vehementi
2900 3047 3144 3102 excelluit
3167 3056 3223 3103 ut
3246 3049 3346 3104 sibi
3384 3049 3518 3103 nihil
3545 3066 3681 3122 pene
3698 3052 3764 3108 ad

2192 3135 2599 3204 expugnandum
2631 3138 2963 3207 proposuerit
2988 3138 3129 3209 quod
3159 3154 3263 3195 non
3285 3150 3377 3195 aut
3405 3143 3656 3199 acumine
3686 3143 3763 3198 in-

2190 3227 2411 3296 ruperit,
2434 3238 2525 3282 aut
2538 3228 2771 3298 pondere
2790 3229 3030 3286 eliserit?
3050 3232 3165 3287 Jam
3190 3246 3349 3303 porro
3369 3234 3628 3289 orationis
3652 3251 3762 3292 suae

2191 3317 2371 3373 laudes
2398 3320 2515 3390 quis
2537 3323 2751 3392 exsequi
2772 3323 2979 3390 valeat,
3007 3339 3144 3395 quae,
3169 3333 3314 3381 tanta
3351 3328 3537 3382 nescio
3556 3343 3660 3400 qua
3689 3344 3762 3384 ra—

2191 3410 2395 3466 tionum
2419 3415 2735 3469 necessitate
2771 3426 3018 3471 concerta
3051 3426 3133 3472 est
3159 3427 3215 3473 ut
3234 3419 3301 3474 ad
3325 3420 3645 3476 consensum
3682 3425 3761 3477 sul

2191 3516 2324 3571 quos
2344 3503 2566 3558 suadere
2604 3520 2710 3559 non
2744 3507 2975 3574 potuerit
2997 3507 3263 3577 impellat;
3302 3511 3454 3579 cujus
3475 3521 3608 3582 quot
3631 3527 3759 3582 pene

2190 3591 2371 3659 verba,
2399 3601 2478 3648 tot
2498 3595 2772 3651 sententia:
2793 3605 2951 3663 sunt;
2995 3605 3125 3667 quot
3159 3614 3364 3666 sensus,
3401 3610 3481 3655 tot
3506 3602 3755 3657 victorire.

2192 3680 2377 3737 Sciunt
2411 3684 2513 3739 hoc
2531 3685 2822 3741 Marciones
2845 3726 2859 3751 ,
2917 3688 3130 3756 Apelles
3148 3731 3162 3755 ,
3204 3688 3440 3756 Praxeze,
3470 3690 3756 3762 Hermoge-

2190 3785 2305 3837 nes,
2322 3772 2508 3840 Judaai,
2534 3774 2788 3841 Gentiles,
2811 3775 3070 3845 Gnostici,
3092 3779 3406 3849 exterique;
3431 3796 3656 3851 quorum
3676 3784 3757 3839 ille

2189 3862 2543 3934 blasphemias
2568 3867 2747 3923 multis
2761 3883 2827 3927 ac
2848 3870 3052 3939 magnis
3062 3870 3386 3925 voluminum
3408 3888 3627 3928 suorum
3648 3891 3755 3930 mo-

2189 3954 2347 4022 libus,
2374 3956 2518 4011 velut
2540 3957 2855 4026 quibusdam
2893 3958 3226 4028 fulminibus,
3249 3962 3456 4015 evertit.
3487 3962 3555 4017 Et
3586 3972 3753 4020 tamen

2189 4046 2276 4102 hic
2301 4063 2508 4118 quoque
2536 4058 2656 4119 post
2680 4049 2794 4105 haec
2827 4052 3005 4105 omnia
3021 4095 3035 4119 ,
3060 4052 3166 4118 hic,
3197 4053 3410 4123 inquam
3433 4097 3449 4122 ,
3479 4056 3751 4112 Tertullia-

2188 4152 2308 4203 iius,
2331 4139 2574 4193 catholici
2595 4139 2872 4210 dogmatis,
2910 4142 2962 4197 id
2987 4151 3087 4210 est,
3114 4143 3425 4199 universalis
3450 4161 3513 4201 ac
3538 4155 3753 4202 vetuste

2187 4224 2309 4280 ﬁdei
2329 4242 2514 4297 parum
2534 4237 2710 4295 tenax,
2738 4244 2801 4283 ac
2838 4230 3084 4286 disertior
3125 4232 3292 4287 multo
3334 4250 3495 4304 quam
3527 4235 3749 4303 felicior,

2187 4325 2385 4371 mutata
2405 4317 2659 4387 deinceps
2675 4321 2956 4387 sententia,
2985 4320 3109 4376 fecit
3126 4322 3192 4377 ad
3212 4332 3506 4379 extremum
3525 4325 3668 4395 quod
3689 4328 3751 4381 de
3824 4342 3833 4353 ’

2188 4421 2254 4461 eo
2275 4406 2462 4463 beatus
2480 4407 2759 4464 confessor
2777 4410 3005 4465 Hilarius
3028 4411 3256 4481 quodam
3285 4413 3404 4467 loco
3421 4414 3603 4470 scribit
3626 4435 3639 4469 :
3670 4414 3741 4470 Se

2186 4498 2373 4565 quenti,
2396 4498 2583 4568 inquit,
2605 4516 2771 4554 errore
2788 4501 3003 4556 detraxit
3023 4504 3220 4573 scriptis
3240 4504 3575 4572 probabilibus
3593 4518 3749 4559 auda-

2184 4587 2401 4654 ritatem,
2429 4587 2658 4644 Hilarius
2683 4589 2736 4644 in
2760 4590 2942 4646 Matth.
2972 4606 3020 4645 c.
3044 4591 3097 4645 5.
3121 4592 3187 4645 Et
3211 4590 3309 4646 fuit
3327 4592 3442 4661 ipse
3465 4609 3677 4663 quoque
3700 4595 3747 4649 iii

2187 4676 2424 4733 Ecclesia
2444 4694 2632 4749 magna
2653 4681 2891 4736 tentatio.
2915 4680 3021 4736 Sed
3035 4680 3103 4736 de
3122 4681 3224 4737 hoc
3242 4683 3367 4736 nolo
3386 4682 3537 4753 plura
3554 4682 3745 4739 dicere.

2185 4767 2297 4822 Hoc
2330 4777 2537 4823 tantum
2566 4771 3024 4839 commemorabo,
3054 4771 3195 4841 quod
3220 4781 3403 4826 contra
3421 4770 3587 4843 Moysi
3617 4789 3747 4843 prac-

2184 4866 2395 4928 ceptum
2415 4866 2756 4928 exsurgentes
2771 4859 2822 4913 in
2839 4859 3070 4915 Ecclesia
3098 4860 3329 4915 novellas
3343 4859 3573 4915 Montani
3591 4860 3749 4917 furias

2184 4955 2238 5000 et
2247 4947 2429 5001 insana
2442 4946 2533 5001 illa
2544 4948 2844 5003 insanarum
2857 4949 3135 5004 mulierum
3147 4950 3329 5004 novitii
3340 4949 3602 5020 dogmatis
3622 4965 3749 5005 soni-

2182 5037 2269 5091 nia
2297 5036 2372 5108 (l)
2396 5026 2547 5091 veras
2566 5038 2869 5107 prophetias
2892 5037 3273 5105 adseverando,
3311 5038 3506 5092 meruit
3529 5038 3668 5093 utde
3694 5053 3749 5094 se

2181 5157 2390 5204 veteres
2427 5157 2600 5203 tamen
2629 5164 2786 5205 nemo
2827 5148 3120 5203 accuratius
3156 5149 3246 5203 illo
3285 5148 3445 5203 etiam
3470 5136 3743 5204 litteralem

2182 5218 2466 5287 Scripturae
2492 5233 2702 5273 sensum
2732 5219 2990 5288 exposuit,
3014 5227 3072 5273 ut
3090 5218 3253 5288 probe
3280 5227 3464 5273 notum
3502 5228 3585 5275 est
3619 5219 3745 5280 illis,

2181 5289 2270 5357 qui
2314 5288 2428 5357 ejus
2471 5288 2860 5343 lucubrationes
2906 5288 3231 5358 evolvet-unt.
3280 5288 3415 5358 Hinc
3465 5288 3745 5358 optandum

2180 5356 2310 5413 sane
2330 5356 2430 5420 est,
2461 5358 2693 5427 utpaqu
2718 5358 2976 5481 stituiores
3001 5358 3054 5413 in
3074 5356 3354 5428 Origenem
3376 5356 3602 5414 fuissent
3620 5375 3745 5413 non-

2181 5428 2309 5481 nulli
2334 5428 2491 5481 etiam
2521 5444 2587 5481 ex
2611 5428 2775 5481 veteri
2816 5443 2874 5481 iis
2898 5444 2912 5481 :
2940 5429 3028 5481 cui
3049 5436 3264 5481 strenue
3281 5444 3442 5481 auum
3464 5429 3549 5481 usi
3574 5435 3741 5481 essent

2181 5428 2309 5498 nulli
2334 5428 2491 5498 etiam
2521 5428 2874 5498 exuveteribns
2898 5444 2912 5492 ;
2940 5429 3028 5497 qui
3049 5436 3264 5483 strenue
3281 5444 3442 5498 quum
3464 5429 3549 5483 usi
3574 5435 3741 5484 essent

2180 5495 2409 5552 hominis
2429 5497 2712 5559 laboribus,
2742 5512 2926 5565 graves
2954 5495 3137 5566 postea
3160 5498 3210 5552 ei
3229 5495 3349 5552 lites
3373 5498 3685 5553 excitarunt.

2250 5567 2326 5639 (ι)
2353 5566 2597 5639 intelligit
2633 5565 2919 5639 Priscillam
2956 5565 3025 5639 et
3059 5566 3421 5639 Maximillam,
3458 5567 3660 5622 nobiles
3683 5580 3739 5620 ac

2180 5635 2454 5705 opulentas
2474 5635 2713 5703 feminas,
2736 5650 2855 5705 qua:
2873 5635 3135 5691 Ecclesias
3154 5637 3330 5759 plures
3348 5652 3479 5692 auro
3498 5639 3734 5707 primum,

2180 5706 2371 5759 deinde
2388 5704 2604 5759 nefariis
2622 5716 2907 5759 corrupere
2930 5704 3162 5759 dogmati
3202 5722 3280 5759 iis.
3303 5706 3381 5759 De
3406 5706 3491 5759 his
3510 5722 3572 5759 ac
3592 5706 3732 5759 Mou-

2180 5704 2371 5762 deinde
2388 5704 2604 5777 nefariis
2622 5704 2907 5777 corrupere
2930 5704 3280 5777 dogmatibus.
3298 5704 3572 5777 Debis'ac
3592 5706 3732 5777 lion-

2179 5787 2305 5841 tano
2322 5780 2551 5851 Prosper
2562 5776 2614 5833 in
2631 5773 2893 5835 Chronico
2906 5774 2972 5831 ad
2995 5773 3265 5834 consulat.
3285 5774 3505 5850 Cethegi
3516 5783 3571 5833 et
3582 5773 3725 5843 Clari.
