4018 6338
224 416 337 474 665

217 546 432 606 quoque
455 538 512 589 et
552 529 827 603 scripturis
864 526 978 584 suis
1000 526 1295 582 diceretur:
1320 522 1382 579 Si
1428 524 1696 577 surrexerit
1735 539 1791 577 ut

218 623 384 677 medio
410 622 487 677 tui
511 621 773 693 propheta.
796 619 865 675 Et
880 630 1004 673 mox
1023 634 1036 670 :
1052 614 1174 670 Non
1186 613 1359 668 audies
1379 614 1526 668 verba
1536 612 1792 685 propheta

218 716 376 769 illius.
398 713 612 781 Quare?
639 708 791 777 Quid,
838 709 1029 780 inquit,
1054 715 1208 761 tentat
1244 721 1331 760 vos
1363 703 1611 759 Dominus
1634 712 1793 759 vester

218 815 385 859 utrum
400 805 623 875 diligatis
641 819 755 857 eum
772 818 839 855 an
861 817 981 855 non.

284 894 430 950 XIX.
474 894 566 949 His
594 894 753 964 igitur
787 898 866 947 tot
885 906 948 945 ac
984 889 1146 944 tantis
1179 888 1490 958 caeterisque
1532 888 1793 957 ejusmodi

215 985 708 1057 Ecclesiasticorum
732 981 1095 1051 exemplorum
1130 978 1356 1034 molibus
1393 976 1665 1033 evidenter
1696 977 1793 1032 ad-

215 1087 444 1143 vertere,
473 1084 529 1130 et
554 1073 845 1130 secundum
871 1070 1268 1127 Deuteronomii
1288 1070 1434 1139 leges
1458 1069 1577 1124 luce
1602 1069 1794 1125 clarius

214 1167 512 1238 intelligere
536 1164 812 1230 debemus,
834 1162 977 1233 quod
997 1162 1042 1216 si
1067 1160 1278 1231 quando
1298 1161 1487 1230 aliquis
1513 1160 1797 1216 Ecclesias-

212 1260 350 1314 ticus
386 1258 639 1328 magister
658 1272 688 1311 a
713 1255 816 1310 ﬁde
853 1252 1197 1319 aberraverit,
1240 1251 1307 1306 ad
1352 1252 1697 1306 tentationem
1742 1252 1795 1307 id

213 1360 454 1407 nostram
480 1347 595 1403 ﬁeri
620 1345 955 1402 Providentia
985 1344 1162 1398 divina
1196 1344 1444 1413 patiatur,
1480 1352 1658 1397 utrum
1678 1342 1797 1397 dili-

212 1455 404 1512 gamus
426 1440 596 1495 Deum
632 1452 699 1493 an
720 1450 826 1491 non
864 1436 919 1491 in
945 1442 1065 1507 toto
1098 1418 1259 1489 corde
1296 1440 1351 1488 et
1384 1433 1439 1487 in
1475 1440 1584 1487 tota
1621 1432 1796 1487 anima

216 1539 422 1586 nostra.

285 1620 409 1676 XX.
438 1620 568 1687 Quin
600 1632 723 1679 cum
746 1620 819 1673 ita
848 1617 972 1683 sint,
1015 1615 1101 1670 ille
1127 1623 1210 1670 est
1238 1629 1397 1669 verus
1424 1621 1478 1668 et
1514 1628 1797 1683 germanus

213 1712 523 1768 Catholicus
540 1710 631 1781 qui
645 1710 922 1764 veritatem
946 1706 1061 1773 Dei,
1083 1706 1173 1775 qui
1190 1706 1500 1771 Ecclesiam,
1529 1706 1619 1774 qui
1639 1703 1797 1759 Chri-

214 1805 284 1859 sti
308 1817 506 1872 corpus
534 1800 720 1871 diligit,
750 1800 841 1869 qui
871 1798 1063 1853 divinae
1098 1796 1379 1866 Religioni,
1409 1796 1497 1865 qui
1524 1795 1798 1850 catholicae

214 1892 342 1949 ﬁdei
368 1892 501 1947 nihil
532 1890 809 1961 praeponit,
850 1904 956 1943 non
988 1887 1217 1942 hominis
1249 1887 1542 1955 cujuspiam
1571 1886 1799 1940 auctori-

215 1991 405 2051 tatem,
433 1997 540 2037 non
567 1996 824 2048 amorem,
846 1996 953 2034 non
974 1979 1263 2049 ingenium,
1287 1992 1396 2032 non
1421 1978 1795 2048 eloquentiam,

216 2092 328 2131 non
346 2074 768 2145 philosophiam;
806 2072 899 2127 sed
949 2071 1063 2126 haec
1092 2080 1280 2125 cuncta
1315 2070 1633 2140 despiciens,
1664 2077 1719 2124 et
1745 2070 1799 2124 in

214 2165 325 2223 ﬁde
352 2166 508 2234 ﬁxus,
537 2166 759 2233 stabilis,
783 2178 1118 2233 permanens,
1148 2163 1396 2233 quicquid
1433 2162 1803 2219 universaliter

216 2259 513 2329 antiquitus
537 2256 829 2313 Ecclesiam
865 2254 1191 2310 Catholicam
1221 2254 1453 2309 tenuisse
1473 2254 1799 2324 cognoverit,

216 2348 276 2403 id
300 2348 478 2403 solum
497 2347 597 2403 sibi
619 2346 904 2401 tenendum
928 2345 1358 2415 credendumque
1376 2345 1640 2410 decernit;
1664 2345 1805 2415 quie-

217 2437 353 2509 quid
376 2452 503 2492 vero
531 2437 598 2491 ab
634 2437 808 2506 aliquo
856 2434 1108 2504 deinceps
1145 2450 1252 2488 uno
1281 2442 1474 2503 prater
1504 2450 1688 2488 omnes
1719 2435 1804 2489 vel

216 2536 417 2584 contra
460 2541 647 2582 omnes
673 2534 883 2581 sanctos
913 2539 1109 2578 novum
1146 2531 1201 2578 et
1226 2523 1519 2577 inauditum
1544 2522 1806 2579 subindici

217 2621 475 2687 Senserit,
504 2620 557 2675 id
593 2635 701 2675 non
746 2619 812 2674 ad
852 2618 1179 2688 Religionem
1225 2615 1319 2671 sed
1347 2616 1415 2670 ad
1452 2615 1804 2671 tentationem

220 2714 404 2785 potius
418 2712 661 2782 intelligit
684 2711 972 2781 pertinere,
990 2716 1102 2764 tum
1124 2708 1387 2778 prtecipue
1407 2707 1547 2761 beati
1567 2705 1806 2776 Apostoli

221 2805 377 2861 Pauli
394 2804 631 2861 eruditus
661 2802 912 2873 eloquiis:
931 2801 1033 2855 hoc
1052 2808 1134 2855 est
1155 2800 1296 2854 enim
1313 2798 1455 2868 quod
1477 2799 1530 2852 in
1562 2798 1726 2866 prima
1738 2796 1805 2852 ad

223 2894 530 2951 Corinthios
550 2892 784 2962 Epistula
799 2891 982 2946 scribit
1008 2908 1019 2944 :
1056 2888 1284 2959 Oportet,
1314 2888 1502 2958 inquit,
1531 2897 1579 2941 et
1594 2887 1806 2941 hwreses

218 3003 351 3051 esse,
376 2996 431 3039 ut
468 2984 662 3055 probati
686 2982 937 3053 manifesti
958 2983 1081 3051 ﬁant
1108 2982 1161 3034 in
1185 2980 1342 3043 vobis,
1359 2981 1385 3033 1
1415 2978 1529 3033 Cor.
1561 2980 1621 3032 11
1642 2996 1654 3045 ;
1674 2993 1735 3033 ac
1760 2978 1807 3033 si

218 3076 466 3132 diceret:
493 3074 574 3130 Ob
607 3074 710 3129 hoc
730 3074 1005 3128 haereseon
1032 3087 1138 3127 non
1164 3071 1344 3126 statim
1371 3070 1622 3125 divinitus
1642 3070 1808 3126 eradi-

219 3177 422 3225 cantur
472 3178 716 3223 auctores
740 3209 754 3233 ,
776 3174 836 3220 ut
860 3165 1067 3236 probati
1091 3162 1355 3218 manifesti
1381 3161 1527 3230 ﬁant,
1552 3163 1603 3216 id
1624 3170 1723 3227 est,
1753 3172 1810 3217 ut

218 3261 591 3330 unusqu'mque
602 3274 759 3330 quam
773 3266 931 3313 tenax
951 3264 1003 3312 et
1014 3256 1182 3311 ﬁdelis
1198 3263 1249 3310 et
1264 3254 1397 3313 ﬁxus
1407 3254 1675 3308 catholicre
1686 3254 1809 3309 ﬁdei

220 3354 299 3407 sit
315 3362 526 3408 amator
548 3359 816 3422 appareat.
855 3351 923 3404 Et
959 3361 1164 3415 revera,
1202 3348 1321 3402 cum
1348 3363 1571 3417 quaeque
1604 3348 1809 3402 novitas

219 3444 433 3512 ebullit,
458 3443 637 3499 statim
656 3442 890 3498 cernitur
909 3442 1291 3495 frumentorum
1314 3438 1542 3507 gravitas
1557 3445 1611 3491 et
1624 3437 1810 3493 levitas

220 3537 532 3605 palearum;
573 3544 699 3589 tunc
741 3533 856 3589 sine
900 3547 1091 3602 magno
1132 3529 1404 3584 molimine
1443 3529 1705 3582 excutitur
1742 3529 1811 3584 ab

221 3640 353 3681 area
373 3625 517 3697 quod
542 3625 687 3680 nullo
706 3623 940 3693 pondere
963 3623 1100 3676 intra
1133 3635 1311 3674 aream
1333 3617 1627 3673 tenebatur.
1651 3617 1809 3672 Nam—

221 3734 329 3789 que
358 3718 449 3772 alii
481 3718 621 3772 illico
656 3731 871 3785 prorsus
903 3714 1146 3777 avolant;
1176 3712 1265 3765 alii
1292 3724 1419 3765 vero
1447 3708 1809 3763 tantummodo

221 3809 475 3876 excussi,
504 3816 559 3863 et
582 3807 757 3877 perire
780 3812 1042 3870 metuunt,
1067 3811 1121 3858 et
1145 3801 1321 3856 redire
1350 3800 1670 3855 erubescunt
1689 3814 1810 3854 sau—

221 3947 315 4016 qui
332 3943 521 4016 incidit
537 3944 589 3997 in
603 3939 937 4016 ann.§hris_ti
951 3938 1053 3991 170
1073 3954 1083 3989 :
1109 3955 1125 3985 ι
1138 3935 1247 4016 liae
1263 3940 1576 4016 tempestate
1592 3930 1811 4016 pseudo-

228 4002 257 4068 ι’
280 4014 581 4086 prophetia,
595 4027 712 4081 qua:
725 4010 1081 4086 Cataphrygas
1102 4002 1809 4086 noniitiatur.,“accepitexor-

227 4105 247 4139 ι
280 4070 457 4151 dium,
479 4070 726 4138 Montano
737 4070 973 4151 auctore;
991 4070 1589 4151 Priscaiilaximillaque
1609 4070 1809 4151 insanis

227 4176 247 4209 ι
280 4140 518 4210 vatibus.
565 4154 765 4207 Nomen
812 4140 979 4205 errori
1040 4146 1316 4201 Provincia
1356 4140 1580 4213 Phrygia
1631 4140 1806 4213 dedit,

227 4247 247 4279 α
283 4227 412 4297 quia
436 4226 737 4279 inventores
754 4216 1241 4297 ejusillicprirnitus
1272 4211 1606 4297 exstiterunt,
1630 4211 1810 4297 ibique

226 4316 246 4348 ‹
282 4284 555 4360 vixerunt,
580 4302 633 4348 et
660 4284 801 4347 nunc
825 4291 983 4345 etiam
996 4284 1062 4341 'in
1090 4284 1551 4360 eisdenrpartib‘us
1587 4284 1809 4360 populos

230 4388 250 4420 ο
278 4368 500 4421 habent.
526 4352 821 4419 Adventum
845 4361 1070 4429 Spiritus
1092 4357 1273 4429 Sancti
1293 4352 1331 4408 Ξῖ
1348 4355 1571 4429 Domino
1592 4352 1810 4421 promis-

231 4457 251 4489 ι
282 4452 430 4503 sum,
450 4438 503 4489 in
524 4452 581 4490 se
600 4434 796 4503 potius,
814 4424 970 4503 quam
985 4430 1042 4503 in
1060 4427 1340 4503 Apostolus
1360 4424 1521 4503 fuisse
1534 4430 1805 4503 asserunt:

231 4528 250 4559 ι
286 4492 553 4563 secundas
575 4492 894 4574 n'uptias'pi'o
914 4492 1345 4574 foriiicationibtrs
1372 4494 1592 4574 habent;
1617 4501 1675 4574 et.
1690 4492 1809 4546 ideo

229 4598 248 4629 ι
282 4578 472 4632 dicunt
503 4591 593 4630 eas
618 4563 920 4644 permisisse
954 4565 1552 4644 Aposto_lum_Panlum2
1589 4563 1710 4632 quia
1737 4578 1808 4643 ex

230 4669 248 4700 ι
280 4657 439 4718 parte
460 4632 678 4718 scielnit,
702 4651 755 4698 et
775 4658 838 4718 CX
858 4632 1394 4718 parte-proplietabat;
1413 4635 1645 4718 nonduin
1666 4632 1808 4687 enim

230 4737 247 4770 ι
277 4703 503 4772 venerat
542 4703 683 4786 quod
709 4703 1001 4786 perfectum
1020 4703 1139 4786 "est.
1164 4708 1274 4786 lioc
1301 4714 1478 4786 autem
1518 4703 1809 4786 perfectum

228 4808 249 4840 ι
274 4789 331 4843 in
346 4775 669 4852 Montanum,
685 4775 739 4838 et
750 4784 802 4837 in
814 4782 927 4850 ejus
940 4780 1294 4852 prephetissas
1307 4777 1515 4831 venisse
1526 4775 1769 4852 delirant.
1784 4792 1802 4823 ›

229 4858 377 4913 Vixit
408 4843 761 4911 Tertullianus
788 4843 956 4921 usque
984 4843 1053 4904 ad
1078 4849 1306 4921 mediam
1329 4856 1536 4900 aetatem
1560 4843 1810 4921 Ecclesiae

224 4928 532 4999 presbyter;
554 4946 570 4977 ‹
589 4913 983 4999 invidiapostea
999 4963 1012 4987 ,
1032 4919 1566 4999 inquit-iheronymus
1579 4915 1632 4966 in
1628 4913 1805 4999 nCatal.

232 4983 251 5049 ἱ
279 4983 456 5068 Scrip.
478 4983 617 5068 Eccl.
639 4983 857 5068 cap._5_3,
872 5000 926 5046 et
937 4983 1611 5068 contumeliis‘Clericorum
1627 4983 1810 5068 Roma-

233 5088 252 5119 ι
281 5084 369 5123 nae
382 5053 653 5132 Ecclesia,
673 5053 740 5119 ad
758 5053 987 5118 Montani
1000 5062 1187 5130 dogma
1208 5058 1473 5132 delapsus,
1490 5056 1542 5108 in
1558 5053 1809 5132 multisli—

235 5158 253 5189 ι
288 5139 403 5193 bris
423 5123 663 5191 meminit
678 5150 827 5189 novae
854 5123 1140 5201 preplictirc
1160 5148 1170 5182 :
1191 5123 1490 5201 specialiter
1509 5134 1684 5201 autem
1716 5123 1810 5201 ad-

234 5227 254 5260 (
289 5223 507 5263 versum
536 5206 824 5260 Ecclesiam
850 5193 1017 5256 texuit
1040 5193 1303 5254 volumina
1321 5216 1332 5249 :
1350 5198 1417 5251 de
1444 5195 1711 5265 pudicitia,
1730 5193 1811 5265 de

236 5296 257 5330 ι
280 5278 672 5348 persecutione,
695 5273 1005 5348 dejejuniis,
1030 5272 1095 5326 de
1124 5264 1469 5348 Monogamia,
1491 5266 1559 5348 de
1576 5264 1741 5348 estasi
1758 5264 1813 5316 li-

238 5367 258 5399 (
283 5334 416 5402 bros
444 5363 537 5402 sex
557 5388 571 5411 ,
601 5334 670 5400 et.
690 5334 971 5412 septimum
993 5334 1163 5412 quem
1194 5334 1445 5412 adversus
1477 5334 1811 5412 Apollonium

240 5436 259 5470 ι
289 5404 607 5487 composuit.
636 5435 655 5468 ι
671 5404 946 5487 Dolendus
955 5404 1082 5487 sane
1098 5409 1325 5487 hominis
1342 5408 1538 5487 lapsus,
1555 5405 1675 5487 quia
1698 5404 1813 5485 Rie—

233 5473 465 5559 ronytn'o
481 5487 666 5559 eodem
690 5494 823 5540 teste
838 5484 890 5559 in
909 5483 1075 5559 Epist.
1092 5480 1158 5559 ad
1170 5473 1431 5559 Magnum,
1450 5478 1586 5559 inter
1599 5473 1811 5559 Latinos

235 5543 371 5613 nihil
396 5557 718 5612 Tertulliano
745 5543 1021 5618 eruditius,
1042 5551 1125 5605 vel
1140 5543 1370 5610 acutius;
1390 5544 1600 5616 quando
1620 5543 1815 5618 Apolo-

236 5612 612 5699 geticusiejus,
625 5636 681 5699 et
699 5634 884 5699 contra
897 5612 1251 5699 Genteslibri,
1273 5612 1523 5699 cunctam
1537 5612 1817 5699 seculi‘ob-

239 5684 418 5755 ﬂuent
434 5684 780 5770 disciplinam.
799 5694 988 5752 Fertur
1007 5691 1200 5749 vixisse
1216 5704 1383 5763 usque
1407 5686 1474 5745 ad
1492 5684 1816 5758 decrepitam

241 5777 477 5829 aetatem.

1384 404 1947 464 COMMONITORIUM
1992 402 2275 461 PRIMUM.

3352 408 3460 466 666

1894 522 1982 587 cii,
2006 524 2299 579 semineces
2318 539 2380 580 ac
2404 526 2677 593 semivivi;
2698 525 2892 596 quippe
2926 521 3017 597 qui
3032 531 3236 581 tantam
3265 525 3458 583 venetﬁ

1893 612 2165 671 hauserint
2182 618 2527 687 quantitatem
2547 633 2666 689 quae
2690 632 2791 675 nec
2816 616 3022 673 occidat
3044 631 3145 674 nec
3168 613 3452 689 digeratur,

1894 723 1996 764 nec
2019 710 2155 765 mori
2178 719 2331 781 cogat
2354 726 2453 766 nec
2487 711 2665 767 vivere
2689 711 2848 778 sinat,
2876 710 2983 766 heu
3007 708 3309 765 miseranda
3329 721 3459 764 eon-

1894 798 2025 855 ditio
2048 801 2061 854 !
2091 802 2298 871 quantis
2323 802 2397 855 illi
2415 816 2661 857 curarum
2680 802 2915 870 aestibus,
2936 800 3147 871 quantis
3164 798 3461 855 turbinibus

1896 893 2259 963 exagitantur?
2280 892 2431 948 Nunc
2450 893 2667 960 etenim,
2690 909 2793 963 qua
2811 902 3000 949 ventus
3018 891 3304 962 impulerit,
3326 890 3463 946 inci-

1896 991 2007 1039 tato
2033 1000 2213 1040 errore
2248 984 2556 1055 rapiuntur;
2596 998 2736 1039 nunc
2779 985 2832 1038 in
2868 983 3182 1053 semetipsos
3219 982 3460 1051 reversi,

1898 1083 2146 1147 tanquam
2171 1076 2417 1130 contrarii
2444 1074 2651 1142 ﬂuctus,
2679 1074 2972 1129 reliduntur
2986 1116 3002 1141 ,
3024 1088 3165 1129 nunc
3183 1072 3464 1128 temeraria

1897 1166 2306 1237 praesumptione
2348 1174 2401 1221 et
2432 1180 2495 1220 ea
2520 1180 2636 1236 quae
2658 1165 2856 1219 incerta
2874 1164 3119 1219 videntur
3135 1162 3461 1233 adprobant;

1898 1272 2039 1312 nunc
2058 1257 2342 1311 irrationali
2368 1264 2531 1323 metu,
2559 1255 2719 1311 etiam
2748 1269 2865 1325 quae
2890 1262 3035 1309 certa
3058 1262 3184 1309 sunt
3208 1267 3465 1323 expaves-

1899 1357 2053 1414 cunt;
2082 1348 2269 1402 incerti
2294 1363 2397 1417 qua
2427 1355 2569 1413 eant,
2611 1361 2714 1417 qua
2746 1345 2984 1411 redeant,
3018 1343 3145 1414 quid
3180 1343 3463 1413 adpetant,

1900 1439 2023 1509 quid
2049 1438 2264 1509 fugiant,
2277 1439 2402 1507 quid
2423 1446 2651 1503 teneant,
2665 1436 2789 1507 quid
2808 1434 3090 1490 dimittant.
3108 1432 3236 1499 Quae
3254 1433 3468 1504 quidem

1900 1530 2042 1585 dubii
2057 1539 2112 1585 et
2135 1530 2273 1583 male
2287 1528 2497 1599 penduli
2517 1529 2692 1584 cordis
2710 1528 2922 1583 afﬂictio
2937 1526 3127 1582 divina:
3142 1538 3265 1597 erga
3292 1540 3349 1580 se
3370 1526 3469 1580 mi-

1902 1622 2181 1677 serationis
2201 1631 2281 1675 est
2304 1622 2587 1687 medicina,
2615 1622 2659 1677 si
2682 1622 2905 1691 sapiant.
2937 1619 3136 1675 Idcirco
3154 1618 3352 1673 etenim
3371 1632 3469 1673 ex-

1901 1720 1983 1766 tra
2004 1712 2321 1768 tutissimum
2347 1712 2618 1767 catholicae
2638 1711 2758 1767 ﬁdei
2778 1721 2989 1782 portum
3016 1710 3238 1766 diversis
3266 1712 3468 1779 cogita-

1903 1805 2103 1858 tionum
2143 1804 2466 1875 quatiuntur,
2495 1804 2871 1869 verberantur,
2908 1818 2971 1858 ac
3008 1817 3145 1874 pene
3184 1809 3471 1857 caecantur

1903 1899 2167 1968 procellis,
2189 1907 2247 1953 ut
2265 1913 2482 1954 excussa
2504 1898 2557 1951 in
2577 1897 2742 1952 altum
2773 1897 2924 1952 elatae
2944 1896 3139 1951 mentis
3167 1895 3282 1950 vela
3308 1893 3473 1964 depo-

1904 1998 2050 2056 nant,
2079 2006 2195 2061 quae
2227 1991 2363 2044 male
2402 1989 2691 2043 novitatum
2741 1987 2910 2043 ventis
2947 1986 3334 2058 expanderant,
3382 1999 3472 2040 se-

1904 2097 2066 2152 seque
2093 2083 2229 2135 intra
2245 2080 2548 2135 iidissimam
2575 2078 2855 2134 stationem
2872 2077 3088 2147 placidae
3103 2091 3165 2131 ac
3180 2076 3334 2131 bona:
3358 2089 3474 2132 ma-

1906 2177 2001 2230 tris
2027 2176 2281 2230 reducant
2299 2182 2352 2227 et
2372 2178 2603 2237 teneant,
2632 2179 2788 2241 atque
2814 2185 3023 2224 amaros
3059 2169 3175 2223 illos
3202 2166 3475 2222 turbulen-

1908 2277 2093 2337 tosque
2112 2279 2355 2321 errorum
2381 2263 2569 2316 ﬂuctus
2590 2261 2832 2332 primitus
2864 2267 3158 2324 revomant,
3187 2264 3245 2312 ut
3269 2256 3476 2327 possint

1906 2357 2153 2427 deinceps
2178 2355 2312 2410 vivae
2332 2362 2385 2408 et
2410 2351 2643 2407 salientis
2671 2366 2820 2420 aquae
2845 2349 3038 2404 fluenta
3064 2358 3266 2419 potare.
3289 2345 3462 2402 Dedisv

1908 2458 2031 2504 cant
2047 2450 2182 2503 bene
2201 2446 2342 2517 quod
2371 2444 2661 2499 didicerant
2678 2457 2784 2496 non
2804 2441 2970 2508 bene;
3000 2448 3053 2495 et
3071 2455 3136 2495 ex
3156 2447 3266 2494 toto
3286 2438 3444 2493 Eccle

1907 2542 2000 2596 site
2019 2540 2263 2609 dogmate
2287 2535 2427 2607 quod
2452 2533 2717 2589 intellectu
2743 2532 2858 2603 capi
2884 2538 3057 2602 potest
3073 2529 3301 2601 capiant,
3333 2527 3477 2598 quod

1909 2646 2015 2685 non
2041 2636 2216 2699 potest
2240 2626 2477 2682 credant.

1980 2718 2120 2774 XXI.
2151 2717 2279 2785 Quae
2306 2732 2428 2771 eum
2448 2716 2520 2769 ita
2545 2715 2669 2778 sint,
2688 2714 2879 2767 iterum
2898 2721 3056 2782 atque
3075 2711 3265 2766 iterum
3293 2710 3479 2766 eadem

1908 2825 2118 2865 mecum
2162 2807 2438 2862 revolvens
2476 2813 2531 2858 et
2553 2812 2827 2873 reputans,
2873 2801 3055 2855 mirari
3108 2801 3236 2856 satis
3274 2815 3479 2870 nequeo

1911 2909 2107 2956 tantam
2124 2896 2470 2968 quorumdam
2489 2893 2760 2948 hominum
2780 2892 3067 2957 vesaniam,
3090 2899 3287 2945 tantam
3309 2905 3480 2945 exom—

1910 2998 2042 3045 catze
2061 2988 2253 3043 mentis
2274 2985 2618 3056 impietatem,
2643 2990 2841 3037 tantam
2880 2988 3147 3051 postremo
3174 2980 3386 3035 errandi
3411 2980 3481 3035 li-

1910 3081 2143 3136 bidinem
2171 3086 2229 3133 ut
2253 3075 2487 3132 contenti
2508 3089 2615 3128 non
2643 3073 2750 3127 sint
2774 3070 2965 3125 tradita
3000 3070 3162 3125 semel
3194 3078 3247 3124 et
3264 3078 3481 3139 accepta

1911 3171 2199 3241 antiquitus
2225 3165 2474 3223 credendi
2500 3163 2699 3233 regula,
2729 3161 2823 3217 sed
2848 3175 2982 3215 nova
3006 3175 3069 3214 ac
3101 3174 3235 3215 nova
3257 3160 3311 3213 in
3338 3159 3480 3214 diem

1912 3270 2170 3334 quaerant,
2193 3270 2505 3329 semperque
2526 3253 2721 3324 aliquid
2741 3252 2965 3323 gestiant
2983 3250 3239 3321 Religioni
3264 3249 3478 3315 addere,

1912 3364 2137 3419 mutare,
2167 3350 2444 3407 detrahere
2466 3365 2479 3413 ;
2500 3346 2651 3417 quasi
2677 3361 2783 3400 non
2804 3343 3019 3399 caeleste
3049 3342 3237 3413 dogma
3257 3342 3325 3397 sit
3342 3342 3483 3413 quod

1912 3446 2077 3501 semel
2116 3443 2406 3499 revelatum
2424 3453 2541 3493 esse
2570 3436 2812 3502 sufﬁciat,
2841 3434 2935 3489 sed
2960 3443 3169 3489 terrena
3196 3433 3481 3498 institutio,

1913 3552 2031 3609 quae
2056 3536 2206 3589 aliter
2229 3530 2407 3603 perﬁci
2424 3530 2523 3584 nisi
2544 3527 2754 3583 assidua
2773 3524 3160 3590 emendatione,
3190 3524 3295 3576 imo
3311 3522 3485 3592 potius

1914 3626 2325 3698 reprehensione
2341 3638 2444 3676 non
2462 3619 2646 3691 possit,
2665 3631 2786 3672 cum
2802 3615 2976 3670 divina
2995 3614 3223 3669 clament
3240 3612 3482 3668 oracula:

1917 3720 2001 3775 Ne
2020 3720 2292 3789 transferas
2313 3714 2547 3770 terminos
2566 3728 2687 3782 quos
2726 3717 2997 3780 posuerunt
3010 3716 3175 3778 patres
3202 3706 3293 3771 tui,
3327 3704 3481 3761 Prov.

1913 3814 2013 3876 22;
2035 3820 2115 3866 et:
2137 3808 2303 3878 Super
2312 3806 2625 3877 jndicantem
2645 3818 2705 3855 ne
2716 3800 2932 3871 judices,
2962 3796 3120 3855 Eccli.
3150 3796 3211 3861 8;
3240 3794 3489 3850 et:Scir--

1915 3906 2111 3957 dentem
2140 3914 2307 3969 sepem
2338 3895 2579 3949 mordebit
2600 3909 2711 3945 eum
2736 3906 2958 3960 serpens,
2981 3887 3175 3941 Eccles.
3197 3883 3488 3953 i0,etillutl

1915 3993 2280 4065 apostolicum,
2304 4005 2408 4059 quo
2434 4001 2617 4041 omnes
2638 3984 2873 4040 omnium
2906 3981 3180 4035 litereseon
3218 3977 3487 4033 scelerata

1915 4087 2176 4142 novitates
2196 4083 2338 4138 velut
2356 4080 2584 4151 quodam
2611 4076 2834 4146 spiritali
2859 4074 3034 4145 gladio
3066 4088 3206 4144 saepe
3231 4079 3487 4126 truncatae

1915 4192 2228 4249 semperque
2273 4173 2577 4230 truncandae
2615 4178 2738 4226 sunt
2767 4168 2849 4222 :0
2899 4166 2940 4219 Τ
2940 4166 3170 4229 intothee,
3208 4164 3488 4235 depositum

1916 4271 2132 4336 custodi,
2156 4270 2378 4323 devitans
2400 4266 2687 4337 prophanas
2706 4277 2879 4316 vocum
2894 4259 3132 4314 novitates
3159 4267 3204 4310 et
3219 4257 3486 4327 oppositio-

1916 4382 2002 4420 nes
2028 4365 2149 4435 falsi
2189 4362 2403 4416 nominis
2441 4358 2678 4421 scientiw,
2707 4371 2855 4425 quam
2880 4353 3082 4423 quidam
3122 4351 3480 4421 promittentes,

1914 4461 2049 4513 circa
2068 4457 2219 4526 ﬁdem
2258 4453 2563 4516 exciderunt,
2594 4451 2645 4513 1,
2672 4448 2801 4501 Tim.
2842 4446 2893 4501 6.
2924 4445 2991 4499 Et
3032 4452 3151 4514 post
3187 4444 3300 4498 hzcc
3338 4443 3487 4496 inve-

1915 4551 2130 4604 niuntur
2154 4546 2311 4615 aliqui
2339 4552 2483 4598 tanta
2522 4542 2826 4596 inveteratm
2878 4534 3063 4589 frontis
3100 4533 3311 4598 duritia,
3344 4540 3485 4586 tanta

1916 4639 2253 4712 impudentiae
2298 4635 2508 4700 incude,
2550 4641 2696 4688 tanto
2720 4630 2999 4685 adamante
3029 4626 3352 4697 pertinaciae,
3398 4624 3487 4694 qui

1915 4734 2074 4788 tantis
2093 4730 2419 4799 eloquiorum
2436 4724 2730 4781 caelestium
2749 4721 2972 4775 molibus
2990 4732 3097 4772 non
3112 4714 3453 4770 succumbant
3470 4756 3485 4779 ,

1916 4825 2076 4878 tantis
2097 4819 2419 4892 ponderibus
2438 4832 2543 4871 non
2565 4814 2828 4878 fatiscant,
2852 4810 3011 4864 tantis
3026 4806 3229 4863 malleis
3248 4820 3355 4860 non
3370 4819 3490 4859 con-

1916 4924 2230 4987 quassentur
2252 4956 2266 4980 ,
2296 4911 2455 4966 tantis
2474 4917 2748 4980 postremo
2768 4901 3073 4958 fulminibus
3092 4914 3199 4955 non
3218 4906 3489 4952 conterano

1916 5010 2044 5063 tur?
2069 5007 2265 5071 Devita,
2304 5004 2491 5073 inquit,
2531 4999 2821 5071 prophanas
2858 5010 3031 5049 vocum
3063 4992 3301 5047 novitates
3331 5006 3349 5043 :
3372 4989 3485 5043 Non

1915 5101 2048 5155 dixit
2067 5100 2403 5169 antiquitates,
2434 5110 2538 5149 non
2566 5092 2697 5147 dixit
2719 5096 3018 5150 vetustates;
3044 5085 3151 5140 imo
3176 5084 3330 5152 plane
3363 5080 3486 5150 quid

1918 5214 1949 5252 e
1966 5194 2232 5251 contrario
2251 5197 2561 5261 sequeretur
2578 5182 2824 5240 ostendit.
2846 5181 2978 5235 Nam
2997 5178 3043 5233 si
3060 5175 3270 5231 vitanda
3290 5181 3373 5228 est
3390 5186 3487 5226 no-

1916 5290 2072 5354 vitas,
2104 5282 2331 5340 tenenda
2351 5288 2431 5335 est
2451 5276 2764 5346 antiquitas;
2795 5280 2849 5327 et
2874 5271 2917 5325 si
2943 5267 3212 5339 prophana
3230 5270 3312 5318 est
3336 5262 3487 5317 novi-

1919 5388 2019 5443 tas,
2050 5352 2253 5433 sacrata
2281 5380 2363 5427 est
2387 5378 2641 5425 vetustas.
2666 5365 2731 5418 Et
2758 5361 3112 5433 oppositiones,
3151 5353 3338 5423 inquit,
3368 5352 3486 5423 falsi

1918 5468 2134 5523 nominis
2168 5464 2405 5519 scientias.
2434 5460 2572 5515 Vere
2604 5456 2791 5510 falsum
2828 5464 3022 5505 nomen
3058 5443 3195 5515 apud
3219 5440 3488 5498 doctrinas

1922 5561 2331 5622 Hmreticorum;
2361 5562 2420 5609 ut
2444 5549 2737 5623 ignorantia
2747 5543 3000 5607 scientiae,
3019 5546 3073 5593 et
3096 5536 3263 5606 caligo
3282 5534 3486 5590 sereni-

1921 5654 2066 5720 tatis,
2089 5659 2145 5706 et
2163 5649 2394 5704 tenebrae
2418 5641 2631 5699 luminis
2655 5634 3003 5709 appellatione
3028 5629 3284 5684 fucentur.
3323 5624 3488 5692 Quam

1922 5718 2150 5819 quidam,
2196 5742 2387 5815 inquit,
2416 5736 2774 5811 promittentes,
2819 5728 2952 5786 circa
2999 5722 3148 5799 fidem
3180 5718 3487 5781 exciderunt.
