4018 6338
217 431 319 490 (69

219 545 368 599 lestis
413 544 756 615 philosophia:
795 545 1040 614 dogmata
1066 553 1317 613 processu
1357 542 1610 609 temporis
1644 555 1792 593 excu-

215 643 432 699 reutur,
479 635 745 703 limentur,
777 635 1073 706 poliantur;
1113 633 1208 688 sed
1250 631 1400 687 nefas
1437 641 1519 686 est
1558 639 1614 684 ut
1642 647 1789 684 com-

215 733 516 792 mutantur,
567 725 715 780 nefas
781 733 840 779 ut
889 725 1294 791 detruncentur,
1346 730 1404 777 ut
1464 721 1787 777 mutilentur.

213 818 521 888 Accipiunt,
563 819 715 887 licet,
742 819 1080 884 evidentiam,
1128 818 1331 881 lucem,
1367 815 1785 881 distinctionem;

207 909 307 964 sed
337 912 603 966 retineant
627 927 846 966 necesse
871 919 951 966 est
974 909 1372 981 plenitudinem,
1402 909 1783 979 integritatem,

210 1001 611 1071 preprietatcm.
658 1003 791 1058 Nam
815 1003 860 1057 si
902 1002 1065 1056 semel
1099 1001 1327 1056 admissa
1355 1000 1512 1056 fuerit
1547 999 1660 1054 haec
1683 1000 1786 1054 im-

208 1094 310 1163 pia
327 1095 529 1151 fraudis
547 1097 776 1164 licentia,
795 1096 988 1151 horreo
1003 1095 1180 1150 dicere
1199 1103 1452 1165 quantum
1471 1093 1786 1149 exscindem

208 1185 290 1240 dte
315 1196 475 1258 atque
500 1187 769 1242 abolenda:
794 1187 1079 1257 Religionis
1097 1186 1388 1256 periculum
1413 1193 1780 1254 consequatur.

205 1279 468 1335 Abdicata
501 1281 697 1336 etenim
739 1280 973 1351 qualibet
1012 1288 1160 1349 parte
1200 1278 1446 1333 catholici
1493 1277 1780 1348 dogmatis,

204 1371 306 1426 alia
329 1387 544 1442 quoque
567 1379 726 1442 atque
757 1372 882 1426 item
911 1371 1030 1437 alia,
1074 1386 1138 1425 ac
1161 1369 1411 1439 deinceps
1434 1369 1535 1423 alia
1569 1376 1622 1422 et
1647 1368 1746 1422 alia
1764 1410 1778 1435 ,

201 1465 312 1536 jam
338 1465 494 1535 quasi
513 1481 580 1520 ex
613 1479 763 1520 more
791 1472 845 1520 et
866 1463 1030 1530 licito,
1059 1462 1457 1517 abdicabuntur.
1485 1461 1651 1515 Porro
1684 1476 1780 1514 au-

204 1565 312 1613 tem
343 1558 614 1628 sigillatim
638 1557 875 1628 partibus
889 1555 1196 1626 repudiatis,
1220 1555 1345 1626 quid
1367 1554 1508 1609 aliud
1532 1554 1598 1608 ad
1615 1562 1782 1608 extre-

201 1663 350 1704 mum
391 1656 673 1720 sequetur,
700 1648 802 1704 nisi
827 1656 886 1702 ut
907 1655 1076 1702 totum
1100 1647 1298 1717 pariter
1320 1646 1655 1716 repudietur?
1685 1645 1778 1700 sed

204 1757 233 1797 e
257 1750 468 1810 contra,
494 1741 540 1796 si
564 1741 761 1796 novitia
782 1740 1066 1807 veteribus,
1098 1747 1349 1794 extranea
1373 1739 1699 1805 domesticis,
1725 1746 1780 1793 et

201 1832 425 1904 profana
463 1832 684 1887 sacratis
709 1830 990 1887 admisceri
1022 1831 1318 1900 coeperint,
1367 1837 1645 1900 proserpat
1691 1829 1776 1882 hic

199 1935 318 1978 mos
360 1924 415 1978 in
455 1922 758 1978 universum
790 1935 1008 1976 necesse
1030 1929 1113 1976 est
1143 1931 1201 1975 ut
1223 1921 1352 1976 nihil
1393 1919 1609 1990 posthac
1638 1920 1776 1990 apud

199 2013 494 2069 Ecclesium
520 2013 844 2083 relinquatur
877 2013 1151 2078 intactum,
1179 2011 1310 2066 nihil
1342 2011 1616 2077 illibatum,
1645 2011 1772 2066 nihil

197 2105 484 2174 mearum,
511 2103 641 2158 nihil
660 2103 1072 2170 immaculatum,
1100 2102 1193 2158 sed
1210 2102 1279 2156 sit
1302 2102 1497 2156 ibidem
1525 2102 1773 2171 deinceps

195 2197 484 2267 impiorum
509 2211 570 2252 ac
598 2197 826 2267 turpium
851 2210 1090 2252 errorum
1115 2197 1334 2265 lupanar
1362 2194 1450 2249 ubi
1476 2204 1589 2249 erat
1620 2202 1773 2249 antea

195 2297 359 2343 casta:
389 2297 444 2342 et
471 2289 790 2357 incorrupta:
823 2289 1115 2342 sacrarium
1142 2287 1397 2341 veritatis.
1429 2285 1533 2341 Sed
1571 2295 1770 2341 avertat

196 2379 298 2434 hoc
328 2394 360 2432 a
387 2393 602 2433 suorum
627 2379 892 2433 mentibus
915 2377 1062 2432 nefas
1080 2377 1255 2432 divina
1282 2378 1468 2446 pietas,
1491 2377 1662 2445 sitque
1687 2375 1770 2431 hic

194 2471 376 2541 potius
401 2471 680 2541 impiorum
719 2472 881 2526 furor.
914 2471 1108 2526 Christi
1135 2485 1260 2525 vero
1300 2471 1556 2537 Ecclesia,
1589 2470 1769 2524 sedula

192 2570 249 2617 et
273 2571 433 2618 cauta
455 2562 814 2633 depositorum
838 2562 976 2633 apud
1002 2578 1060 2618 se
1088 2562 1390 2632 dogmatum
1415 2569 1612 2627 custos,
1641 2560 1769 2615 nihil

192 2654 248 2709 in
276 2655 360 2709 his
386 2673 616 2725 unquam
638 2664 919 2727 permutat,
938 2655 1068 2710 nihil
1087 2656 1293 2722 minuit,
1323 2655 1451 2709 nihil
1472 2654 1635 2721 addit,
1663 2670 1769 2711 non

189 2755 433 2817 amputat
450 2748 765 2813 necessaria,
786 2763 890 2802 non
917 2747 1132 2816 apponit
1147 2746 1428 2816 superﬂua,
1457 2761 1562 2800 non
1578 2746 1769 2801 amittit

189 2850 311 2904 sua,
331 2852 438 2892 non
465 2848 682 2908 usurpat
695 2839 893 2903 aliena;
915 2837 1009 2893 sed
1032 2838 1176 2892 omni
1204 2837 1460 2891 industria
1485 2836 1586 2892 hoc
1607 2854 1769 2893 unum

188 2929 372 2985 studet
413 2940 474 2985 ut
499 2939 677 2986 vetera
716 2930 940 2986 fideliter
992 2931 1362 3000 sapienterque
1389 2931 1661 2986 tractando
1681 2971 1695 2998 ,
1722 2933 1767 2988 si

188 3035 295 3088 qua
325 3029 452 3074 sunt
477 3021 563 3075 illa
615 3022 902 3091 antiquitus
927 3021 1206 3076 informata
1235 3030 1288 3076 et
1313 3021 1586 3087 inchoata,
1613 3037 1768 3077 accu-

188 3119 274 3165 ret
310 3120 366 3166 et
405 3112 591 3182 poliat;
629 3114 675 3167 si
701 3129 803 3182 qua
824 3113 933 3182 jam
967 3128 1216 3182 expressa
1257 3121 1310 3167 et
1334 3114 1603 3166 enucleata
1641 3127 1767 3168 con-

187 3202 402 3267 solidct,
458 3203 667 3273 ﬁrmet;
715 3207 759 3260 si
784 3219 885 3275 qua
926 3206 1037 3275 jam
1090 3206 1397 3260 conﬁrmata
1447 3216 1499 3261 et
1532 3207 1763 3274 definita,

185 3294 482 3360 custodiat;
533 3296 757 3366 denique
795 3297 920 3367 quid
955 3312 1182 3367 unquam
1224 3296 1365 3350 aliud
1412 3297 1766 3356 Coneiliorum

184 3383 420 3442 decretis
437 3386 585 3441 enisa
609 3396 692 3443 est
716 3387 818 3442 nisi
843 3395 900 3441 ut
923 3387 1063 3457 quod
1087 3395 1238 3442 antea
1270 3387 1576 3456 simpliciter
1591 3391 1767 3450 crede

187 3476 344 3532 batur
363 3519 380 3544 ,
410 3478 513 3533 hoc
544 3479 685 3536 idem
719 3489 899 3550 postea
927 3481 1227 3551 diligentius
1259 3481 1591 3548 crederetur,
1625 3484 1765 3553 quod

185 3575 346 3624 antea
380 3569 577 3626 lentius
615 3571 1013 3641 praedicabatur,
1050 3570 1150 3625 hoc
1175 3571 1315 3626 idem
1348 3580 1530 3642 postea
1565 3573 1765 3628 instan-

185 3663 290 3716 tius
309 3663 712 3732 praedicaretur,
744 3664 882 3735 quod
911 3674 1069 3719 antea
1093 3665 1330 3720 securius
1348 3664 1636 3731 colebatur,
1664 3665 1765 3722 hoc

185 3754 323 3809 idem
352 3765 543 3826 postea
560 3758 832 3812 sollicitius
851 3758 1209 3812 excoleretur?
1236 3759 1367 3824 Hoc,
1396 3759 1609 3828 inquam
1633 3775 1765 3814 sem-

184 3863 293 3918 per,
316 3863 499 3920 ncque
522 3851 800 3921 quicquam
833 3859 1109 3921 praeterea,
1145 3851 1522 3906 Htereticorum
1555 3853 1762 3906 novita-

185 3942 327 3997 tibus
358 3944 608 4011 excitata,
643 3944 984 3998 conciliorum
1010 3959 1226 3998 suorum
1254 3944 1482 3999 decretis
1506 3945 1763 4002 catholica

185 4032 410 4100 perfecit
442 4034 695 4102 Ecclesia,
725 4035 827 4089 nisi
862 4043 919 4089 ut
950 4035 1090 4104 quod
1119 4035 1266 4104 prius
1291 4035 1320 4089 ὲ
1344 4035 1626 4104 Majoribus
1651 4039 1763 4092 sola

184 4125 476 4180 traditione
514 4136 854 4198 susceperat,
883 4129 986 4182 hoc
1018 4128 1209 4183 deinde
1234 4129 1462 4198 posteris
1487 4131 1645 4184 etiam
1670 4147 1763 4200 per

182 4218 480 4288 Scriptores
502 4219 909 4290 chirographum
937 4222 1292 4292 consignaret,
1323 4236 1567 4292 magnam
1584 4238 1762 4278 rerum

182 4325 455 4366 summam
484 4313 662 4381 paucis
689 4314 876 4368 litteris
905 4314 1416 4383 comprehendendo,
1446 4323 1498 4370 et
1543 4316 1764 4384 plerum-

182 4415 324 4472 Q‘le,
354 4411 576 4473 propter
616 4404 973 4475 intelligentiae
1016 4406 1216 4472 lucem,
1259 4422 1364 4460 non
1405 4419 1601 4460 novum
1641 4407 1761 4462 ﬁdei

181 4510 410 4550 sensum
437 4495 514 4566 (l)
544 4511 692 4550 nova:
717 4496 1078 4567 appellationis
1103 4499 1421 4568 proprietate
1450 4495 1722 4569 signando.

241 4629 338 4752 (il)
379 4627 584 4682 Placuit
614 4628 882 4696 Ecclesite,
918 4645 980 4684 ae
1018 4630 1172 4685 bonis
1213 4629 1476 4697 omnibus,
1515 4647 1581 4686 ne
1614 4632 1762 4690 fucus

279 4697 550 4752 esncratis
590 4695 886 4752 hominibus
923 4700 1130 4752 veritati
1166 4700 1340 4752 ﬁeret:
1387 4709 1443 4752 ut
1482 4701 1762 4752 aliquando

181 4713 210 4751 a
241 4695 550 4772 deSpcratis
572 4695 886 4772 hominibus
923 4700 1130 4755 veritati
1166 4700 1340 4766 ﬁeret;
1387 4709 1443 4754 ut
1466 4695 1762 4772 aliquando

180 4765 437 4842 antiquus
467 4765 586 4822 fidei
621 4783 825 4842 sensus,
858 4784 1011 4842 nova!
1044 4765 1408 4842 appellationis
1442 4765 1762 4842 proprietate

181 4840 521 4912 signaretur;
544 4845 597 4892 at
620 4839 869 4912 indignati
882 4848 1003 4894 sunt
1027 4839 1283 4912 nonnulli,
1307 4839 1592 4912 inter—quos
1603 4843 1762 4898 Joan-

182 4925 277 4963 nes
295 4909 564 4983 Cletjeus.
588 4911 732 4983 tomo
758 4909 928 4979 primo
943 4911 1084 4964 Artis
1107 4911 1334 4983 Criticae,
1365 4913 1450 4966 ubi
1477 4909 1652 4983 culpat
1679 4929 1764 4969 vo-

181 4994 274 5052 ces
299 4979 638 5052 ab_Eecle_sia
661 4988 909 5052 sacratas,
926 4997 1120 5052 nempe
1142 4979 1728 5039 Transubstautia'tionis
1743 5027 1756 5052 ,

181 5048 692 5114 Consulistantialis,
719 5058 774 5104 et
800 5048 1226 5120 similium—quasi
1255 5068 1412 5107 voces
1446 5053 1594 5109 nihili
1625 5075 1636 5108 ς
1666 5048 1761 5111 νεὶ

183 5119 644 5194 rum‘injustaest
671 5121 1030 5194 reprehensio,
1065 5119 1474 5194 taliterqueAqiste
1504 5140 1561 5194 se
1585 5126 1719 5194 gerit
1742 5167 1756 5190 ,

182 5203 243 5278 ac
275 5189 467 5278 siquis
492 5187 811 5278 ,ὤθει-θεῖαι
832 5188 1060 5245 Hilarius
1085 5187 1459 5278 lpquitur‘lihr.
1481 5187 1613 5278 adv.‘
1632 5187 1763 5249 Con-

181 5259 448 5312 stantium
492 5257 866 5327 Imperatorem
912 5277 1058 5314 num.
1097 5257 1170 5316 lii
1192 5282 1203 5315 :
1248 5282 1265 5313 ι
1306 5261 1438 5317 ΝοΙο
1482 5263 1759 5319 adversum

186 5347 203 5379 ι
240 5343 389 5402 nova
406 5343 609 5402 venena
624 5344 787 5382 novas
803 5327 1756 5402 medicamentorumcomparationes,

185 5417 204 5450 ι
238 5398 375 5451 nolo
415 5397 694 5461 adversum
728 5415 894 5454 novos
929 5399 1104 5455 hostes
1138 5418 1272 5456 nova
1304 5397 1473 5467 bella,
1503 5404 1624 5457 nolo
1669 5397 1760 5458 ad?

187 5486 205 5518 ι
239 5483 464 5521 versum
494 5483 654 5522 novas
681 5467 894 5522 insidias
912 5471 1128 5524 concilia
1144 5474 1462 5526 recentia....
1494 5467 1760 5530 Novitates

187 5551 208 5589 ι
243 5549 468 5611 vocum,
491 5536 586 5592 sed
609 5539 908 5611 proptranas
933 5541 1166 5596 devitarc
1184 5543 1333 5610 jubet
1351 5543 1632 5611 Apostolus
1663 5562 1675 5596 :
1705 5553 1760 5599 tu

188 5621 207 5658 ο
238 5621 348 5661 cur
381 5607 497 5678 pias
528 5609 800 5662 excludis?
834 5625 994 5678 quum
1028 5607 1318 5678 praesertim
1350 5607 1418 5666 ab
1462 5628 1527 5668 eo
1561 5609 1759 5668 dictum

187 5695 207 5728 ι
241 5679 323 5751 ξπ
351 5692 363 5729 :
407 5677 590 5751 Omnis
623 5677 880 5747 scriptura
915 5677 1162 5738 divinitus
1194 5683 1444 5751 inspirata
1473 5684 1616 5738 utilis
1657 5694 1755 5740 est.

187 5767 206 5799 ε
230 5747 648 5824 ,μωωίιήιεῳο
665 5750 917 5824 scriptum
938 5763 1202 5824 nunquam
1227 5747 1389 5823 legis:
1422 5755 1674 5824 numquid
1693 5771 1760 5810 ex

190 5835 210 5868 ι
246 5818 363 5872 hoc
403 5809 702 5886 negandum
723 5809 846 5888 iit,
874 5823 997 5890 quia
1032 5809 1226 5878 novum
1255 5809 1376 5880 «Et?
1415 5809 1665 5881 Decernis
1689 5809 1759 5882 si;

1379 409 1946 480 CUMMONI'I‘ORIUM
1980 423 2261 482 PRIuUM.

3348 422 3448 479 670

1971 538 2154 592 XXIV.
2185 541 2289 592 Sed
2331 540 2396 594 ad
2435 541 2742 612 Apostolum
2778 544 3071 603 redeamus.
3107 547 3150 603 0
3180 546 3453 619 Timotheo,

1894 623 2090 699 inquit,
2128 631 2407 702 depositum
2434 636 2652 703 custodi,
2691 638 2912 694 devitem
2954 639 3240 712 prophanas
3283 659 3458 702 vocum

1894 721 2153 775 novitates.
2172 722 2373 790 Devita,
2399 724 2584 795 inquit,
2602 728 2750 796 quasi
2774 728 3027 799 viperam,
3057 732 3205 804 quasi
3231 736 3457 806 scorpio-

1894 827 2045 879 nem,
2087 814 2236 884 quasi
2281 815 2614 882 basiliscum,
2641 834 2708 873 ne
2736 828 2788 875 te
2813 836 2918 876 non
2960 823 3130 878 solum
3174 831 3334 894 tactu,
3361 827 3454 884 sed

1892 903 2051 958 etiam
2082 903 2199 958 visu
2237 904 2518 976 afflatuque
2543 910 2854 977 percutiant.
2897 911 3033 979 Quid
3064 922 3148 970 est
3183 913 3454 974 devitarc?

1891 1010 2003 1048 cum
2041 994 2328 1065 Imjusmodi
2354 1013 2441 1050 nec
2466 998 2628 1052 cibum
2665 1015 2874 1066 sumere,
2905 1001 2937 1057 ,1
2966 1000 3090 1059 Cor.
3106 1003 3160 1061 5.
3188 1004 3325 1074 Quid
3350 1017 3452 1075 est,

1889 1084 2102 1140 devita?
2123 1085 2183 1140 Si
2202 1087 2330 1157 quis,
2356 1087 2550 1158 inquit,
2577 1090 2708 1144 venit
2731 1090 2798 1144 ad
2821 1107 2926 1157 vos,
2957 1103 3004 1148 ct
3030 1093 3158 1150 hanc
3177 1096 3453 1154 doctrinm:

1890 1193 1989 1230 non
2013 1176 2187 1245 affert,
2210 1179 2244 1233 2
2268 1179 2455 1234 Joann.
2479 1180 2647 1246 Quam
2667 1180 2988 1250 doctrinam,
3015 1185 3117 1242 nisi
3141 1187 3452 1247 catholicam

1889 1275 1942 1320 et
1961 1267 2326 1334 universalem,
2353 1278 2405 1325 et
2428 1287 2585 1325 unam
2611 1273 2956 1346 eamdemque
2970 1292 3067 1348 per
3087 1279 3316 1350 singulas
3335 1290 3452 1338 teta-

1888 1367 1997 1412 tum
2025 1362 2387 1418 successiones
2427 1364 2728 1436 incorrupta
2760 1367 2994 1423 veritatis
3033 1370 3309 1428 traditione
3335 1390 3450 1430 ma-

1885 1457 2119 1519 nentem,
2150 1460 2202 1506 et
2227 1469 2393 1524 usque
2412 1454 2465 1508 in
2491 1456 2668 1511 secula
2693 1456 2809 1512 sine
2828 1457 2933 1513 fine
2958 1463 3292 1516 mansuram?
3316 1465 3448 1529 Quid

1885 1543 2032 1596 tum?
2060 1541 2250 1609 Nolite,
2275 1545 2460 1616 inquit,
2490 1548 2706 1618 recipere
2725 1565 2836 1604 eum
2861 1549 2914 1604 in
2937 1550 3158 1617 domum,
3187 1569 3274 1607 nec
3299 1569 3387 1608 ave
3406 1557 3451 1609 ei

1883 1635 2125 1690 dixeritis.
2156 1635 2257 1701 Qui
2281 1639 2410 1691 enim
2435 1640 2554 1694 dicit
2588 1640 2665 1695 illi
2700 1658 2816 1708 ave,
2854 1646 3183 1700 conmunicat
3220 1647 3450 1718 operibus

1881 1728 1988 1796 ejus
2013 1729 2263 1799 malignis.
2288 1730 2608 1802 Prophanas,
2638 1733 2822 1804 inquit,
2844 1752 3016 1790 vocum
3031 1739 3289 1794 novitates.
3312 1740 3446 1807 Quid

1880 1826 1962 1871 est
1988 1819 2312 1888 prop/ranas?
2337 1820 2464 1888 Quae
2491 1822 2621 1878 nihil
2642 1823 2836 1880 habent
2855 1827 3012 1893 sacri,
3039 1823 3170 1882 nihil
3192 1823 3444 1900 religiosi,

1877 1908 1945 1964 ab
1971 1910 2221 1966 Ecclesiae
2257 1915 2630 1983 penetralibus,
2660 1932 2776 1988 quae
2803 1926 2886 1973 est
2922 1920 3176 1990 templum
3202 1921 3325 1988 Dei,
3353 1939 3447 1993 pe-

1878 2002 2020 2057 nitus
2047 2011 2343 2060 extraneas.
2373 2005 2702 2078 Prophtmas,
2738 2009 2934 2079 inquit,
2969 2027 3141 2066 vocum
3185 2015 3441 2072 novitates.

1879 2093 2102 2162 Vocum,
2131 2097 2183 2151 id
2215 2105 2316 2165 est,
2345 2098 2680 2169 dogmatum,
2709 2117 2909 2170 rerum,
2938 2106 3317 2162 sententiarum
3343 2124 3440 2164 no-

1876 2188 2083 2254 vitates,
2107 2206 2225 2260 quae
2244 2199 2368 2246 sunt
2385 2193 2631 2248 vetustati
2646 2202 2800 2264 atque
2823 2197 3116 2267 antiquitati
3131 2201 3405 2255 contrariae
3427 2221 3438 2257 :

1875 2294 1992 2348 quae
2019 2280 2065 2334 si
2083 2282 2419 2351 recipiantur,
2453 2298 2672 2340 necesse
2699 2293 2782 2341 est
2805 2293 2863 2342 ut
2887 2286 3018 2343 fides
3045 2289 3318 2345 beatorum
3347 2307 3441 2361 pa-

1875 2378 2034 2437 trum,
2075 2379 2166 2427 aut
2205 2382 2333 2442 tota,
2372 2381 2465 2432 aut
2500 2384 2643 2432 certe
2678 2379 2867 2449 magna
2901 2396 2965 2434 ex
3003 2391 3152 2452 parte
3185 2383 3437 2451 violetur;

1873 2479 2092 2519 necesse
2119 2474 2200 2520 est
2224 2475 2282 2520 ut
2307 2483 2492 2522 omnes
2517 2470 2750 2524 omnium
2785 2479 2997 2526 tetatum
3025 2473 3224 2539 fideles,
3255 2490 3442 2532 omnes

1874 2551 2038 2608 sancti
2067 2567 2251 2611 omnes
2277 2556 2436 2625 casti,
2466 2559 2813 2628 continentes,
2842 2559 3098 2634 virgines,
3131 2573 3316 2621 omnes
3342 2565 3442 2622 ele-

1871 2647 1987 2714 rici,
2018 2647 2189 2703 levita:
2225 2658 2279 2704 et
2317 2646 2637 2718 sacerdotes,
2667 2659 2812 2710 tanta
2851 2654 3213 2712 confessorum
3253 2653 3436 2724 millia,

1871 2739 2001 2792 tanti
2039 2747 2329 2810 martyrum
2356 2743 2636 2807 exercitus,
2675 2751 2818 2800 tanta
2843 2745 3070 2811 urbium,
3100 2753 3242 2804 tanta
3269 2765 3438 2820 popu-

1871 2823 2040 2882 lorum
2066 2826 2342 2886 celebritas
2381 2839 2435 2886 et
2466 2833 2762 2901 multitudo,
2791 2841 2868 2890 tot
2898 2835 3102 2904 insulte,
3132 2841 3434 2908 provincias,

1869 2937 2053 2992 rcges,
2095 2929 2296 2993 gentes,
2327 2940 2514 2995 regna,
2543 2928 2810 2996 nationes,
2849 2931 2989 2985 totus
3027 2939 3294 3002 p03tremo
3328 2933 3434 3003 jam

1871 3029 2005 3083 pene
2020 3021 2280 3068 terrarum
2304 3016 2466 3081 orbis,
2487 3029 2582 3086 per
2600 3018 2911 3074 catholicam
2937 3013 3092 3076 fidem
3114 3022 3324 3079 Christo
3343 3040 3434 3080 ca-

1869 3103 1964 3172 pili
1991 3103 2381 3172 tneorporatus,
2418 3113 2562 3162 tanto
2601 3109 2900 3163 seculorum
2938 3117 3106 3165 tractu
3143 3113 3431 3182 ignorasse,

1870 3208 2095 3263 errasse,
2124 3194 2538 3266 blasphemasse,
2574 3197 2828 3256 nescilsse
2862 3199 2986 3272 quid
3015 3201 3272 3271 crederet,
3310 3217 3428 3278 pro-

1868 3285 2153 3340 nuntietur.
2185 3285 2514 3358 Propltanas,
2544 3287 2739 3359 inquit,
2766 3308 2938 3345 vocum
2958 3291 3200 3350 novitates
3226 3297 3388 3353 devita
3417 3318 3435 3355 :

1867 3387 1998 3443 quas
2024 3377 2260 3444 recipere
2285 3386 2443 3448 atque
2483 3381 2674 3433 sectari
2706 3396 2973 3451 nunquam
3014 3383 3430 3455 Catholicorum,

1867 3477 2078 3534 semper
2115 3479 2242 3521 vero
2276 3467 2649 3523 litereticorum
2679 3469 2791 3525 fult.
2833 3472 2899 3526 Et
2930 3481 3133 3541 revera,
3176 3485 3294 3548 quae
3332 3491 3434 3536 un-

1866 3569 2023 3624 quam
2045 3553 2261 3612 hteresis
2283 3557 2382 3612 nisi
2409 3558 2508 3613 sub
2529 3566 2674 3614 certo
2699 3553 2930 3627 nomine,
2961 3571 3105 3617 certo
3125 3563 3261 3634 loco,
3289 3575 3436 3625 certo

1866 3653 2105 3716 tempore
2152 3647 2418 3703 ebullivit?
2469 3649 2598 3716 Quis
2645 3666 2876 3720 unquam
2923 3645 3154 3710 haereses
3211 3655 3436 3715 instituit

1866 3739 1964 3793 nisi
1991 3740 2081 3810 qui
2115 3755 2175 3796 se
2207 3742 2354 3810 prius
2391 3741 2460 3796 ab
2487 3742 2736 3797 Ecclesiae
2769 3743 3041 3798 catholica
3079 3745 3434 3818 universitatis

1867 3840 1918 3887 et
1941 3831 2265 3903 antiquitatis
2290 3834 2636 3889 consensione
2673 3831 3014 3888 discreverit?
3039 3833 3189 3903 Quod
3217 3838 3286 3892 ita
3314 3855 3433 3897 esse

1866 3923 1980 3978 lucc
2028 3923 2220 3978 clarius
2263 3919 2500 3992 exempla
2554 3922 2935 3977 demonstrant.
2977 3921 3104 3990 Quis
3143 3925 3283 3981 enim
3335 3945 3433 3984 un-

1865 4029 2021 4086 quam
2057 4023 2178 4069 nnte
2216 4015 2488 4083 profanum
2529 4015 2673 4074 illum
2715 4015 2982 4082 Pelagium
3027 4024 3222 4072 tantum
3269 4021 3432 4074 virtu-

1866 4118 1970 4164 tem
1988 4105 2135 4163 liberi
2157 4106 2490 4178 pnesumpsit
2507 4105 2707 4160 arbitrii
2729 4109 2785 4160 ut
2809 4106 2874 4160 ad
2902 4103 3002 4161 hoc
3025 4107 3077 4160 in
3100 4107 3252 4162 bonis
3272 4111 3430 4166 rebus

1866 4217 1959 4270 per
1991 4209 2139 4255 actus
2165 4195 2396 4269 singulos
2423 4193 2771 4267 adjuvandum
2808 4199 3160 4252 necessariam
3189 4195 3280 4254 Dei
3306 4216 3427 4271 gra-

1865 4293 1992 4344 tiam
2018 4306 2124 4344 non
2162 4290 2400 4358 putaret?
2424 4289 2553 4354 Quis
2589 4293 2710 4341 ante
2734 4287 3090 4358 prodigiosum
3115 4289 3428 4360 discipulum

1865 4381 1980 4451 ejus
2004 4379 2306 4436 Cie-testium
2336 4379 2410 4449 (-1)
2436 4385 2586 4433 reatu
2623 4378 3071 4448 praevaricationis
3104 4379 3234 4435 Adae
3271 4395 3429 4440 omne

1871 4511 1888 4543 ‹
1901 4493 2076 4564 milem
2089 4492 2230 4546 Patri
2245 4491 2450 4564 Filium.
2465 4487 2860 4564 Evangelia‘n‘on
2873 4483 3176 4564 praedicant:
3191 4492 3313 4564 quid
3324 4503 3425 4561 est,

1871 4583 1888 4614 ι
1915 4563 2055 4634 quod
2072 4576 2176 4616 non
2195 4562 2387 4634 refugis
2400 4555 2726 4634 hanevoeem
2737 4555 2834 4634 ?‘ln
2861 4555 2966 4634 uno
2977 4559 3181 4634 novitas
3193 4555 3420 4634 eligitur,

1870 4653 1887 4684 ε
1925 4625 1977 4686 in
2004 4633 2108 4687 alio
2133 4625 2487 4686 submovetur.
2524 4627 2633 4698 Ubi
2654 4625 2934 4698 impietatis
2960 4633 3196 4698 occasio,
3223 4625 3426 4692 n5vitas

1870 4675 1888 4754 ξ
1922 4675 2229 4770 tetrica;
2226 4675 2342 4755 {2313i
2355 4675 3424 4770 ἔιῖιᾏιη”ἶςξιίξίἷιὶίῖῇὶιὶἱξῑὶῑιί’ἔῑέὄίῗί

1871 4793 1888 4824 ι
1925 4767 2240 4828 CAUTELA
2258 4772 2404 4838 EST,
2425 4765 2732 4826 excluditur.
2762 4790 2780 4822 ι
2797 4771 2968 4836 Quare
2991 4777 3166 4826 autem
3197 4771 3426 4830 Clericus

1864 4839 2126 4914 disserens
2143 4843 2208 4897 de
2237 4839 2602 4914 vocibusnihil
2618 4839 3032 4914 significantibus
3049 4843 3101 4896 in
3127 4845 3426 4914 exemplum

1863 4913 2088 4968 adducat
2111 4928 2266 4968 voces
2283 4911 2398 4966 illas
2419 4909 2487 4964 ah
2511 4905 2744 4982 Ecclesia
2771 4915 3022 4976 sacratas,
3051 4909 3168 4981 quis
3197 4905 3426 4982 pru'dens

1865 4984 2155 5052 intelligere
2186 4991 2376 5051 potest,
2411 4977 2619 5052 quando
2652 4985 3008 5052 exsensuet
3031 4977 3296 5040 voluntate
3336 4981 3415 5038 Ecl

1863 5047 2158 5121 elesiae'jam
2187 5047 2458 5122 legitimus
2485 5049 2583 5122 illis
2611 5049 2827 5122 vocibus
2858 5047 3046 5122 affixus
3085 5057 3171 5122 est
3209 5055 3426 5122 sensus?

1863 5123 2002 5192 quod
2020 5113 2097 5176 fas
2127 5113 2336 5192 semper
2362 5121 2477 5188 fuit,
2506 5121 2730 5192 eritque,
2757 5121 2882 5192 licet
2896 5113 3258 5192 frendentibus
3281 5119 3414 5178 fero.

1863 5183 2112 5260 cioribus,
2130 5203 2183 5248 et
2200 5183 2332 5246 forte
2351 5257 2358 5260 _
2380 5183 2578 5260 insanis
2604 5183 2832 5256 Criticis,
2857 5183 3019 5247 Poeta
3061 5183 3300 5247 dicente:
3331 5192 3415 5248 Li-

1863 5265 1964 5317 cuit
2005 5257 2291 5334 semperque
2323 5257 2483 5316 licebit
2523 5257 2789 5332 Signatum
2817 5265 3060 5333 prasente
3097 5268 3216 5318 nota
3239 5279 3415 5332 procu-

1863 5334 1979 5386 dere
2007 5351 2202 5388 nomen.

1934 5404 2009 5472 (l)
2040 5404 2170 5457 Natu
2190 5397 2526 5485 nobilisiuit,
2537 5399 2628 5485 sed
2655 5407 2854 5456 natura:
2868 5395 2999 5485 vitio
3022 5391 3303 5485 Eunuchus
3319 5397 3424 5458 ma.

1866 5467 1960 5545 tris
1977 5467 2125 5528 utero
2154 5473 2341 5545 editus.
2371 5469 2452 5527 An
2478 5467 2553 5545 ob
2585 5471 2719 5526 hanc
2744 5487 2954 5526 causam
2985 5467 3294 5545 ἱερὴ-ἰηεωί
3332 5489 3424 5545 ap-

1933 5544 2110 5626 lletur.
2135 5543 2510 5626 prodigiosum.
2540 5539 2797 5624 incertum
2849 5550 2956 5626 est;
3012 5539 3424 5626 Petrei-tanien

1934 5560 2085 5598 uetur
2135 5560 2284 5614 pl‘OGl
2339 5560 2492 5605 OSUS,
2540 5560 2797 5597 incertum
2849 5560 2956 5608 ρεις
3012 5560 3194 5618 l’IlU'eS
3249 5560 3424 5626 ωωεξῐι

1864 5560 1929 5696 ξ
1952 5615 2258 5696 Mauricos}
2287 5560 2605 5696 gerusiam
2643 5612 3332 5696 ῖθτξείηῑίῑυρυέδμξξ-,ςέτες
3364 5631 3424 5694 ,m

1863 5671 2274 5750 Commeniiorio
2300 5681 2464 5750 Marii,
2483 5677 2782 5750 Mercatoris
2807 5671 2981 5736 oblato
3011 5672 3256 5737 Ecclesiae
3281 5671 3421 5740 Coit-

1863 5747 2338 5825 stantinpolitana:
2352 5769 2413 5810 ac
2430 5743 2743 5825 Theodosio,
2892 5750 2943 5805 in
2959 5749 3096 5825 illius
3111 5752 3327 5825 exordio
3348 5751 3422 5810 le.

1862 5835 2078 5894 guntur:
2096 5821 2351 5880 Caelestius
2375 5825 2572 5893 quidem
2596 5821 2867 5902 Eunuchus
2892 5823 3065 5878 ntath
3083 5829 3222 5880 utero
3240 5821 3402 5884 editus
