4018 6338
1163 325 1210 340 τοι
1223 327 1266 341 .1-

684 421 786 480 671

679 542 973 604 humanum
1007 561 1175 620 genus
1197 544 1475 617 denegavit
1491 543 1842 600 adstrictum?
1876 543 2007 612 Quis
2032 553 2155 599 ante
2181 557 2260 598 sa-

677 637 936 710 crilegum
977 637 1163 693 Arium
1196 636 1446 692 trinitatis
1482 636 1739 690 unitatem
1770 635 2096 702 discindere,
2136 633 2257 705 quis

677 737 803 785 ante
844 729 1160 785 swleratum
1199 728 1485 784 Sabellium
1520 727 1736 783 unitatis
1774 726 2085 781 Trinitatem
2123 739 2256 780 con-

675 816 902 876 fundere
934 834 1096 874 ausus
1136 819 1249 874 est?
1291 817 1420 886 Quis
1458 825 1580 874 ante
1616 817 2040 873 crudelissimum
2078 815 2254 871 Nova-

676 916 880 965 ttanum
901 909 978 982 (1)
1004 909 1275 966 crudelem
1294 909 1464 964 Deum
1488 908 1638 975 dixit,
1665 923 1730 965 eo
1750 907 1889 978 quod
1916 906 2097 962 mallet
2120 921 2256 960 mor-

676 1008 787 1056 tem
810 1002 1084 1058 morientis
1111 1017 1270 1072 quam
1295 1008 1355 1056 ut
1377 1007 1672 1056 revertatur
1695 1008 1750 1054 et
1768 999 1943 1054 vivat?
1977 998 2106 1066 Quis
2132 1006 2256 1053 ante

672 1107 888 1165 magum
921 1092 1220 1159 Simonem,
1268 1093 1555 1164 apostolica
1581 1091 1906 1148 districtione
1943 1105 2255 1161 percussum

674 1188 729 1254 (a
757 1199 864 1256 quo
887 1192 1041 1240 vetus
1064 1185 1152 1240 ille
1176 1183 1560 1254 turpitudinum
1585 1197 1776 1253 gurges
1801 1197 1970 1252 usque
1993 1181 2048 1235 in
2071 1180 2253 1236 novis-

673 1275 868 1331 simum
904 1275 1290 1330 Priscillianum
1316 1274 1392 1346 (2)
1426 1273 1673 1330 continua
1706 1282 1760 1329 et
1791 1272 2000 1328 occulta
2035 1286 2252 1327 succes-

672 1367 824 1423 sione
859 1367 1112 1440 manavit)
1139 1375 1409 1422 auctorem
1445 1365 1707 1420 malorum
1742 1365 1838 1436 (3),
1867 1363 1919 1419 id
1944 1371 2046 1432 est,
2080 1363 2251 1418 scele-

672 1474 813 1525 rum,
835 1460 1185 1530 impietatum,
1203 1459 1625 1531 ﬂagitiorumque
1650 1467 1952 1513 nostrorum
1977 1472 2137 1512 ausus
2170 1465 2254 1512 est

671 1547 850 1604 dicere
882 1558 1179 1605 creatorem
1207 1549 1413 1604 Deum?
1439 1548 1643 1618 Quippe
1669 1563 1828 1618 quem
1867 1547 2066 1602 adserit
2090 1547 2249 1601 talem

668 1637 945 1697 hominum
971 1641 1215 1696 manibus
1241 1643 1412 1712 ipsam
1455 1640 1566 1695 suis
1609 1653 1793 1694 creare
1832 1646 2092 1707 naturam,
2131 1653 2250 1707 quae

668 1731 884 1802 proprio
912 1731 1138 1803 quodam
1170 1741 1319 1788 motu
1345 1739 1398 1786 et
1423 1730 1741 1786 necessaria:
1767 1729 2046 1799 cujusdam
2071 1729 2251 1783 volun-

667 1822 796 1876 tatis
820 1822 1051 1892 impulsu
1080 1822 1210 1878 nihil
1245 1823 1386 1879 aliud
1421 1823 1614 1893 possit,
1649 1821 1779 1875 nihil
1814 1821 1956 1875 aliud
1994 1821 2119 1875 velit
2147 1820 2249 1876 nisi

666 1927 912 1985 peccare,
942 1914 1008 1971 eo
1033 1914 1173 1986 quod
1199 1915 1349 1969 furiis
1375 1915 1624 1970 vitiorum
1647 1911 1883 1966 omnium
1911 1913 2170 1983 exagitata
2197 1921 2253 1968 et

665 2001 992 2060 inflammata
1011 2005 1066 2060 in
1085 2006 1259 2060 omnia
1281 2003 1662 2075 turpitudinum
1676 2002 1922 2058 barathra
1937 2004 2249 2058 inexhausta

663 2093 952 2164 cupiditate
983 2095 1245 2165 rapiatur.
1275 2094 1555 2150 lnnumera
1579 2102 1703 2148 sunt
1737 2093 1888 2158 talia,
1927 2110 2045 2164 quae
2070 2094 2247 2150 brevi-

663 2183 790 2241 tatis
837 2184 1016 2240 studio
1060 2185 1552 2256 praetermittimus:
1583 2184 1773 2254 quibus
1816 2192 1995 2239 tamen
2042 2185 2248 2242 cunctis

661 2275 795 2331 satis
841 2275 1116 2332 evidenter
1158 2278 1539 2348 perspicueque
1591 2284 1917 2331 monstratur
1958 2276 2061 2332 hoc
2109 2277 2250 2348 apud

665 2380 855 2423 omnes
879 2365 990 2424 fere
1010 2365 1244 2424 hzereses
1263 2368 1416 2438 quasi
1439 2366 1678 2422 solemne
1695 2379 1816 2421 esse
1840 2381 1904 2421 ac
1929 2366 2243 2437 legitimum,

734 2511 813 2584 (1)
837 2511 1005 2568 Nemo
1045 2527 1110 2568 ex
1157 2511 1241 2584 his
1282 2511 1542 2584 Vineentii
1569 2510 1744 2584 verbis
1786 2510 2004 2584 inferat,
2046 2512 2246 2567 nullam

666 2581 908 2653 osse'pro
935 2583 1272 2654 peccantibus
1316 2582 1719 2654 indulgentiam,
1772 2581 2247 2654 remissionemque

667 2652 1154 2722 servatam’dixisse
1180 2652 1546 2722 Novatianum.
1577 2653 1741 2706 Error
1765 2667 1991 2722 namque
2020 2653 2135 2722 ejus
2155 2652 2243 2708 se-

767 2739 830 2794 ns
857 2721 981 2788 fuit,
1024 2738 1182 2794 quem
1204 2731 1376 2794 antea
1416 2721 1724 2778 defenderat
1751 2721 2133 2788 Tertullianus;
2163 2725 2246 2778 in-

699 2793 937 2849 ciabatur
967 2793 1130 2849 fuisse
1169 2793 1422 2850 Ecclesia:
1459 2807 1768 2849 concessam
1807 2802 2157 2863 potestatem,
2186 2805 2245 2851 ut

651 2863 920 2934 atrociora
949 2864 1037 2918 illa
1063 2873 1299 2934 peccata,
1329 2863 1609 2934 apostasiae
1636 2878 1829 2934 nempe
1857 2878 1888 2917 a
1917 2863 2038 2930 fide,
2069 2865 2244 2920 homi-

659 2933 803 3006 cidii,
835 2949 898 2989 ac
922 2933 1302 3006 fornicationis,
1325 2933 1834 3006 perselremitteret,
1867 2950 2032 3006 quum
2057 2936 2240 3006 talium

657 3003 972 3059 delictorum
998 3005 1152 3060 venia
1181 3003 1344 3061 esset'
1362 3005 1460 3060 soli
1498 3004 1608 3059 Deo
1633 3003 1917 3059 reservata.
1952 3005 2101 3060 Unde
2134 3016 2242 3061 sta-

657 3074 850 3148 luebat
861 3074 928 3130 de
955 3075 1057 3148 illis
1093 3085 1349 3148 perpetuo
1393 3074 1672 3148 agendam
1689 3090 1831 3148 esse;
1850 3076 2235 3148 paenitentiam.

655 3142 1074 3217 Prominoribus
1092 3142 1218 3217 vero
1238 3142 1468 3217 peccatis
1487 3146 1702 3217 agnovit
1720 3145 1772 3199 in
1792 3142 2029 3200 Ecclesia
2055 3147 2237 3203 dimit-

657 3215 805 3288 tendi
818 3215 1137 3288 facultatem.
1155 3215 1287 3272 Vide
1301 3215 1594 3288 Petaviuin,
1613 3224 1744 3288 tom.
1762 3232 1833 3270 1v.
1853 3217 2038 3271 Theo].
2057 3217 2234 3288 dogm.

655 3281 1006 3358 lib.l‘5._Eccl.
1038 3287 1242 3342 Hierar.
1266 3302 1383 3358 cap.
1417 3287 1485 3342 12
1509 3302 1655 3358 num.
1689 3287 1741 3358 6.

728 3356 1068 3429 (2)“Simonis
1094 3356 1409 3429 impura,'et
1446 3357 1681 3429 nefanda;
1694 3357 1958 3429 dogmata,
1985 3374 2104 3428 qua:
2133 3359 2238 3416 late

655 3424 1041 3498 describuntur,
1059 3427 1129 3484 ab
1167 3424 1369 3484 Irenaeo
1381 3470 1397 3495 ,
1426 3427 1722 3498 Epiphanio
1740 3470 1755 3494 ,
1768 3424 1845 3483 'et
1870 3424 2203 3486 Theodoreto
2217 3471 2232 3496 ,

655 3493 939 3569 discipulos
954 3497 1363 3569 defensoresque
1384 3493 1584 3569 multos
1609 3507 1760 3553 nacta
1790 3508 1931 3565 sunt,
1964 3508 2022 3554 ut
2047 3493 2233 3556 Satur;

656 3567 859 3641 uinum,
887 3567 1189 3641 Basilidem,
1227 3567 1488 3641 hujusque
1515 3567 1648 3641 ﬁlios
1681 3569 2029 3640 Epiphanem,
2059 3581 2113 3625 et
2141 3571 2234 3627 lsi-

653 3635 1126 3711 dorum._Quorum
1163 3635 1419 3695 infelices'
1437 3639 1674 3695 hmredes
1717 3635 1966 3695 exstitere
1994 3641 2198 3697 Cerdon
2215 3686 2230 3711 ,

652 3714 710 3762 et
731 3707 992 3775 Marcion,
1035 3724 1098 3765 ac
1126 3711 1282 3766 tertio
1310 3711 1561 3766 Ecclesia:
1603 3711 1781 3766 seculo
1819 3711 2120 3778 Manicheei;
2151 3707 2233 3770 his

650 3792 956 3854 successere
970 3780 1400 3854 lfriscillianistre,
1413 3796 1547 3854 ques
1560 3780 1966 3854 Manichaeorum
1981 3792 2233 3854 cognatos

650 3848 880 3924 appellat
903 3850 963 3924 S.
985 3850 1094 3924 lleo
1122 3851 1175 3924 in
1195 3867 1280 3923 ep.
1300 3848 1544 3924 olim—95,
1575 3866 1714 3924 nunc
1740 3852 1828 3921 15,
1855 3867 1972 3924 cap.
2004 3848 2073 3908 4.‘
2083 3854 2232 3911 Unde

650 3917 882 3994 Erosper
901 3920 954 3976 in
975 3917 1321 3994 Chronicoad
1339 3917 1823 3994 Coss_._Ausonium,
1849 3932 1903 3994 el
1920 3917 2192 3994 Olybrium
2213 3946 2228 3981 :

650 3987 734 4063 l_'3_a
760 3987 1051 4063 tempestate
1077 3991 1432 4063 Priscillianus
1457 3992 1742 4063 Episcopus
1771 3993 1834 4046 de
1860 3987 2128 4060 Callaecia,
2168 4013 2231 4052 ea:

650 4057 1051 4134 Manichleorum
1070 4073 1116 4117 et
1133 4062 1483 4118 Gnosticorum
1499 4057 1748 4134 dogmate,
1767 4063 1995 4118 hwresim
2015 4057 2230 4122 nominis

647 4131 729 4185 sui
755 4130 998 4188 condidit.
1027 4134 1306 4190 Gnosticos
1331 4142 1508 4189 autem
1536 4130 1808 4189 a'Simone
1849 4150 1944 4189 sua
1982 4134 2230 4194 habuisse

647 4202 865 4258 exordia
895 4204 1045 4260 testis
1070 4213 1152 4260 est
1176 4203 1425 4260 lrenaeus.

718 4273 796 4344 (ὅ)
833 4273 1058 4344 Optasse
1096 4275 1368 4331 Simonem
1405 4284 1654 4344 tanquam
1683 4275 1849 4330 Deum
1887 4277 1955 4331 ab
1981 4278 2228 4336 omnibus

645 4343 948 4416 glorificari,
977 4358 1009 4400 a
1033 4346 1316 4416 multisque
1341 4361 1437 4415 pro
1456 4343 1546 4400 tali
1566 4346 1822 4413 habitum,
1845 4348 1995 4403 testis
2013 4359 2096 4404 est
2113 4349 2225 4407 Ire-

645 4427 793 4469 naeus
822 4415 914 4487 lib.
946 4417 996 4487 1.
1025 4415 1146 4471 adv.
1175 4415 1306 4470 hair.
1335 4431 1452 4487 cap.
1480 4415 1549 4470 20
1574 4432 1640 4472 ex
1669 4416 1806 4471 Edit.
1839 4417 2072 4485 Erasmi;
2102 4420 2226 4477 hinc

645 4498 752 4538 non
781 4485 912 4558 adeo
933 4485 1090 4558 facile
1118 4487 1309 4558 exponi
1352 4485 1558 4558 potest,
1591 4487 1855 4558 quomodo
1883 4487 2093 4556 dixerit,
2129 4493 2223 4547 Dei

643 4556 900 4630 creatoris
926 4557 1159 4630 lmpulsu
1186 4556 1248 4612 et
1272 4556 1595 4630 necessitate,
1610 4556 1736 4630 ferri
1763 4557 2004 4614 homines
2024 4561 2091 4614 ad
2109 4578 2223 4617 ma-

613 4621 778 4702 ,ιιιειξἶ
807 4626 888 4702 Ex
918 4621 1127 4702 irehzeo
1165 4637 1343 4702 autem
1371 4628 1486 4683 haec
1513 4621 1786 4702 habemus.
1829 4629 2012 4702 Quum
2031 4631 2223 4702 impius

645 4695 1075 4770 sublimissimam
1103 4715 1161 4754 se
1188 4698 1523 4770 profiteretur
1560 4700 1806 4770 virtutem
1825 4742 1839 4766 ,
1860 4695 1942 4754 ac
1969 4695 2221 4760 Helenam

644 4766 959 4843 quamdam,
1005 4766 1228 4843 primam
1269 4785 1378 4824 suae.
1417 4769 1620 4843 mentis_
1646 4772 2078 4843 conceptionem,
2126 4789 2223 4843 per

643 4832 784 4910 hanc
821 4832 1028 4910 dicebai
1067 4840 1279 4910 angelos
1321 4848 1477 4909 atque
1515 4832 1857 4910 archangelos
1885 4832 2157 4910 conditos‘;
2189 4861 2220 4898 a

649 4905 836 4980 quibus
869 4905 1162 4980 fabricatus
1188 4908 1341 4965 Orbis
1366 4905 1429 4965 ac
1454 4905 1774 4980 praepostere
1801 4911 2122 4978 moderatus,
2146 4905 2219 4970 ad

647 4977 1069 5052 emendationem
1107 4995 1314 5052 rerum,
1349 4989 1408 5034 ut
1433 4977 1545 5052 ipse
1566 4977 1801 5045 veniret,
1830 4977 2213 5052 compulerunt.

649 5043 796 5134 Unde
826 5047 1089 5134 .addebet,
1117 5058 1177 5134 ut
1209 5043 1579 5134 [relucens-ait,
1619 5069 1637 5101 ‹
1671 5043 2218 5134 prophetas'amundi

651 5135 672 5170 ι
708 5116 1108 5175 fabricatoribus
1134 5121 1347 5194 Angelis
1366 5120 1648 5194 inspiratus
1671 5116 1870 5177 dixisse
1889 5123 2213 5194 prophetias;

652 5203 673 5239 ι
708 5199 1028 5272 quapropter
1069 5191 1341 5272 monebat,
1367 5206 1435 5246 ne
1475 5191 1699 5272 ulterius
1735 5191 2130 5272 cura_re_nt:eos,
2161 5196 2217 5251 hi

651 5273 673 5309 ι
707 5259 802 5334 qui
811 5259 880 5334 in
907 5259 1048 5327 eum,
1089 5269 1143 5316 et
1167 5261 1220 5316 in
1248 5261 1500 5317 Helenam
1525 5262 1641 5334 ejus
1665 5279 1815 5334 spem
1852 5259 2133 5330 habebant,
2161 5276 2218 5324 et

651 5279 673 5309 ι
707 5279 799 5327 qm
825 5279 880 5314 ιιι
907 5279 1048 5327 eum,
1089 5279 1143 5316 et
1167 5279 1220 5316 in
1248 5279 1500 5317 nelenam
1525 5279 1556 5318 e
1579 5279 1641 5318 us
1665 5279 1815 5334 spem
1852 5279 2133 5330 nabenant,
2161 5279 2215 5324 et

651 5345 674 5382 ι
706 5337 764 5384 ut
789 5329 984 5407 liberos
1009 5347 1308 5407 ager-eqan
1334 5333 1514 5389 velint.
1538 5279 1848 5407 Secundum
1874 5336 2016 5407 enim
2045 5337 2215 5407 ipsius

651 5419 671 5452 ι
706 5401 1144 5482 gratiam'salvari
1169 5401 1430 5470 homines,
1461 5404 1569 5482 sed
1582 5420 1689 5460 non
1708 5406 1997 5482 secundum
2026 5401 2214 5482 operas

649 5488 667 5520 r
699 5471 890 5539 justas.
910 5471 1019 5528 Nec
1043 5474 1184 5528 enim
1203 5490 1321 5530 esse
1348 5477 1656 5531 naturaliter
1673 5478 2006 5546 operationes
2021 5471 2210 5547 justas,

648 5555 670 5590 ί
704 5541 798 5596 sed
842 5556 911 5597 ex
950 5543 1239 5600 accidentia
1257 5587 1272 5602 .
1312 5546 1754 5602 quemadmodum
1799 5557 2089 5602 posuerunt
2123 5551 2211 5602 aui

877 5559 911 5597 x
950 5557 1239 5600 accidentia
1257 5587 1272 5612 ,
1312 5557 1754 5612 quemadmoaum
1799 5557 2089 5612 posuerunt
2123 5557 2214 5612 qui

649 5561 672 5663 ε
704 5561 798 5665 :0
842 5561 911 5597 ex
950 5561 1239 5600 accidentia
1257 5587 1272 5612 ,
1312 5561 1754 5630 quemadmouum
1799 5561 2089 5630 posuerunt
2123 5561 2212 5620 qui

709 5681 721 5690 _
763 5611 958 5690 uadum
984 5612 1228 5690 fecerunt
1255 5617 1460 5686 Angeh,
1492 5633 1591 5690 per
1614 5616 1913 5690 hlijusmodl
1949 5629 2212 5690 praecepta

651 5697 672 5759 ρ
707 5681 762 5737 in
787 5684 1096 5759 servitutem
1131 5681 1453 5759 deducentes
1492 5681 1754 5743 homines.
1793 5705 1812 5739 ι
1842 5681 2067 5759 Propter
2099 5681 2213 5748 hinc

641 5753 800 5830 torte
815 5751 1114 5830 Lirinensis
1149 5757 1280 5830 dixit
1303 5773 1371 5813 ex
1397 5758 1513 5830 ejus
1553 5767 1734 5818 mente
1771 5751 2085 5821 necessitate
2113 5762 2214 5819 im-

643 5821 767 5893 pelli
784 5822 1026 5886 homines
1050 5825 1117 5885 ad
1144 5828 1360 5885 malum.

1929 426 2269 488 VINCENTII
2307 425 2688 488 LIRINENSIS
3826 423 3888 481 6Ἱὶ

2361 550 2423 597 ut
2448 557 2662 612 semper
2701 541 2940 613 profanis
2977 545 3301 602 novitatibus
3323 545 3613 618 gaudeant,
3657 552 3886 625 antiqua.

2363 635 2432 690 tis
2466 635 2598 689 scita
2624 633 2920 702 fastidiant,
2952 645 3007 693 et
3030 654 3128 709 per
3167 641 3526 710 oppositiones
3561 643 3682 699 falsi
3715 651 3886 710 nominis

2361 727 2598 783 scientia:
2624 740 2656 781 a
2681 726 2784 782 ﬁde
2811 727 3144 801 naufragent.
3173 729 3367 786 Contra
3398 749 3525 790 vero
3551 735 3887 802 Catholicam

2361 816 2464 874 hoc
2506 834 2633 875 vere
2674 821 2974 891 proprium,
3016 821 3256 893 deposita
3294 835 3598 884 sanctorum
3639 840 3832 900 patrum
3857 850 3888 897 et

2360 911 2645 967 commissa
2681 927 2923 979 servare,
2966 913 3220 973 damnare
3253 918 3500 988 profanas
3553 924 3836 996 novitates,
3857 945 3888 990 αι

2360 1005 2498 1059 sicut
2537 1005 2669 1060 dixit
2703 1013 2862 1077 atque
2902 1006 3096 1062 iterum
3139 1009 3384 1079 praedixit
3418 1013 3737 1084 Apostolus,
3762 1019 3804 1072 si
3823 1025 3887 1090 qui

2358 1097 2731 1151 annuntiaverit
2755 1106 3088 1170 praeterquam
3113 1099 3249 1171 quod
3272 1113 3531 1174 acceptum
3555 1115 3650 1174 est,
3678 1110 3887 1169 anethum

2358 1185 2442 1252 sit,
2467 1185 2582 1242 Gal.
2609 1188 2659 1242 1.

2429 1290 2594 1347 XXV.
2622 1293 2724 1349 Hic
2749 1294 2973 1353 fortasse
2991 1298 3182 1369 aliquis
3206 1299 3497 1373 interroget
3525 1320 3592 1359 an
3619 1313 3674 1360 et
3701 1305 3888 1367 Barcini

2357 1379 2549 1437 divina:
2572 1383 2858 1455 Scriptura:
2894 1389 3214 1444 testimoniis
3245 1399 3478 1448 utantur.
3505 1394 3742 1452 Utuntur
3757 1398 3880 1467 plane.

2358 1480 2413 1526 et
2434 1473 2779 1532 vehementer
2819 1479 3054 1549 quidem.
3097 1480 3231 1536 Nam
3274 1483 3458 1539 videas
3495 1501 3589 1541 eos
3632 1488 3804 1545 volare
3835 1506 3886 1560 per

2357 1563 2563 1634 singula
2588 1583 2810 1638 quaeque
2830 1578 3025 1625 sanctae
3049 1571 3182 1642 legis
3204 1572 3492 1643 volumina,
3521 1590 3621 1645 per
3637 1577 3814 1650 Moysi,
3834 1597 3888 1651 per
3970 1645 3971 1648 η

2357 1653 2563 1726 Regum
2581 1657 2771 1725 libros;
2803 1676 2898 1730 per
2916 1661 3176 1729 Psalmos,
3205 1679 3301 1734 per
3319 1667 3626 1735 Apostolos,
3657 1685 3753 1739 per
3769 1671 3888 1730 Evan-
3970 1663 3971 1672 “

2355 1745 2513 1815 gelia,
2541 1763 2638 1818 per
2667 1749 2978 1821 Pmphetas.
3011 1752 3134 1809 Sive
3160 1755 3304 1809 enim
3330 1756 3472 1825 apud
3495 1773 3646 1823 suos,
3676 1761 3783 1815 sive
3804 1763 3888 1819 alie-

2356 1853 2475 1904 nos,
2506 1839 2619 1894 sive
2638 1841 2910 1910 privatim,
2940 1843 3052 1899 sive
3078 1844 3314 1915 publice,
3351 1847 3463 1902 sive
3487 1848 3544 1902 in
3581 1853 3888 1915 sermonibus,
3970 1875 3971 1882 η

2356 1930 2469 1986 sive
2497 1932 2550 1986 in
2579 1931 2757 2000 libris,
2795 1935 2909 1990 sive
2938 1935 2993 1990 in
3025 1937 3311 2003 conviviis,
3339 1939 3452 1994 sive
3483 1939 3538 1994 in
3570 1941 3778 2011 plateis,
3803 1946 3889 2002 nihil
3970 2013 3971 2016 η

2355 2036 2590 2092 unquam
2618 2039 2755 2094 pene
2781 2025 2849 2081 de
2882 2041 2980 2081 suo
3005 2026 3280 2097 proferunt
3298 2029 3441 2100 quod
3471 2045 3580 2085 non
3605 2033 3766 2088 etiam
3789 2033 3890 2090 Seri-
3970 2047 3971 2120 ξ

2353 2121 2524 2183 pturae
2543 2116 2719 2171 verbis
2749 2116 2825 2188 (1)
2853 2117 3171 2174 adumbrare
3200 2129 3476 2176 conentur.
3505 2122 3652 2194 Lege
3677 2124 3817 2180 Pauli
3833 2127 3891 2182 Sa-
3970 2116 3971 2162 ἒ

2353 2208 2616 2262 mosateni
2639 2211 2913 2278 opuscula,
2949 2211 3292 2279 Priscilliani,
3327 2215 3604 2283 Eunomii,
3647 2215 3889 2284 Joviniani,

2353 2299 2780 2372 reliquarumque
2800 2303 3059 2372 pestium;
3088 2319 3276 2360 cernas
3297 2306 3552 2362 infinitam
3573 2310 3891 2380 exemplorum

2353 2392 2685 2462 congeriem,
2729 2409 2894 2465 prope
2930 2396 3130 2450 nullam
3172 2397 3342 2451 omitti
3380 2399 3629 2469 paginam
3677 2416 3791 2470 qua:
3821 2419 3892 2459 non

2351 2484 2474 2538 novi
2516 2492 2607 2538 aut
2633 2487 2829 2541 veteris
2862 2487 3186 2544 Testamenti
3229 2491 3509 2545 sententiis
3544 2489 3720 2546 fucata
3754 2501 3804 2548 et
3827 2509 3891 2549 eo-

2351 2576 2520 2631 lorata
2551 2577 2637 2631 sit.
2678 2577 2786 2633 Sed
2820 2587 2968 2634 tanto
2999 2581 3168 2650 magis
3193 2582 3413 2637 cavendi
3448 2589 3502 2637 et
3525 2584 3891 2653 pertimeseendi

2350 2675 2492 2735 sunt,
2519 2677 2717 2738 quanto
2744 2671 3002 2725 occultius
3021 2671 3120 2726 sub
3138 2671 3330 2726 divina:
3355 2671 3485 2742 legis
3515 2672 3825 2729 umbraculis
3841 2676 3891 2730 la

2349 2760 2524 2814 titant.
2567 2759 2754 2816 Sciunt
2787 2761 3173 2831 enimfaetores
3207 2778 3333 2818 suos
3370 2764 3500 2818 nulli
3539 2764 3654 2820 fere
3683 2767 3781 2822 cito
3803 2783 3891 2824 esse

2348 2851 2662 2920 placituros,
2692 2853 2738 2907 si
2763 2853 2891 2908 nudi
2910 2861 2964 2910 et
2994 2853 3260 2924 simplices
3295 2854 3635 2921 exhalentur;
3673 2867 3818 2928 atque
3836 2859 3892 2913 id-

2346 2941 2492 2997 circo
2512 2957 2606 2998 eos
2625 2943 2857 2999 orelestis
2875 2945 3071 3015 eloquii
3089 2945 3234 3000 velut
3252 2946 3484 3018 quodam
3501 2956 3739 3003 aromate
3756 2964 3892 3018 asper
3970 2941 3971 3018 ἒ

2344 3038 2494 3100 gunt,
2524 3041 2583 3086 ut
2605 3030 2693 3088 ille
2719 3033 2810 3104 qui
2836 3034 3126 3089 humanum
3151 3035 3306 3091 facile
3340 3036 3641 3106 despiceret
3663 3053 3891 3104 errorem,
3970 3030 3971 3106 Ε

2344 3122 2520 3178 divina
2557 3141 2664 3179 non
2703 3125 2857 3181 facile
2891 3134 3196 3182 contemnat
3231 3128 3464 3182 oracula.
3513 3127 3695 3199 Itaque
3728 3128 3892 3185 faciunt
3970 3122 3971 3150 ‘

2343 3216 2483 3286 quod
2510 3216 2565 3271 hi
2591 3217 2763 3273 solent
2790 3218 2888 3289 (2),
2917 3220 3008 3290 qui
3035 3219 3264 3289 parvulis
3283 3228 3492 3275 austera
3520 3220 3760 3291 quaedam
3782 3231 3891 3278 tem-

2341 3309 2576 3376 peraturi
2602 3309 2809 3378 poeula,
2834 3311 2982 3380 prius
3013 3326 3135 3366 oras
3161 3311 3319 3366 melle
3347 3311 3737 3378 circumlinunt,
3762 3323 3812 3369 ut
3831 3315 3893 3369 in-
3970 3309 3971 3380 1

2341 3407 2494 3453 cauta
2521 3407 2650 3454 aetas
2688 3413 2811 3455 cum
2847 3400 3181 3456 dulcedinem
3217 3402 3583 3471 praesenserit,
3623 3405 3892 3458 amaritudi-

2341 3506 2467 3545 nem
2494 3508 2599 3546 non
2619 3492 2945 3548 reformidet.
2963 3492 3117 3560 Quod
3140 3493 3300 3548 etiam
3321 3493 3384 3548 iis
3404 3507 3548 3548 curae
3569 3503 3652 3549 est
3675 3497 3760 3566 qui
3780 3497 3890 3550 mala
3970 3491 3971 3528 ἲ

2339 3584 2577 3652 gramina
2619 3593 2674 3639 et
2714 3584 2902 3640 noxios
2952 3599 3140 3639 succos
3191 3583 3605 3639 medicaminum
3656 3586 3890 3642 vocabulis

2340 3675 2717 3746 prtecolorant,
2755 3685 2815 3731 ut
2836 3691 2994 3732 nemo
3019 3675 3130 3731 fere
3168 3676 3259 3730 ubi
3291 3677 3706 3746 suprascriptum
3736 3677 3890 3747 legerit

2337 3767 2654 3834 remedium,
2690 3767 2988 3837 suspicetur
3011 3782 3295 3822 venenum.
3324 3765 3451 3820 Inde
3474 3765 3701 3836 denique
3725 3776 3774 3821 et
3792 3767 3887 3822 Sal-
3970 3765 3971 3837 ᾗ

2337 3868 2490 3913 vator
2508 3858 2770 3914 clamabat
2800 3877 2813 3912 :
2839 3859 3091 3912 Attendite
3127 3857 3263 3912 vobis
3282 3874 3314 3910 a
3341 3855 3795 3928 pseudoprophetis,
3819 3858 3888 3925 qui

2336 3954 2537 4006 veniunt
2575 3952 2642 4006 ad
2675 3967 2761 4005 vos
2795 3952 2847 4004 in
2873 3951 3049 4004 vestitu
3093 3950 3286 4013 ovium,
3331 3949 3394 4002 ab
3431 3948 3568 4002 intus
3603 3958 3758 4002 autem
3791 3958 3886 4000 sent

2337 4043 2446 4114 lupi
2470 4059 2705 4114 rapaces,
2739 4041 2923 4096 Matth.
2960 4041 3011 4094 7.
3048 4039 3185 4107 Quid
3218 4047 3300 4095 est
3323 4039 3546 4094 vestitus
3581 4041 3775 4104 ovium,
3800 4039 3884 4092 nisi

2335 4133 2722 4202 Prophetarum
2749 4142 2803 4189 et
2827 4133 3198 4203 Apostolorum
3237 4130 3512 4202 proloquia
3531 4173 3547 4198 ,
3589 4146 3701 4201 qua:
3728 4129 3880 4192 iidem,

2333 4225 2461 4279 ovili
2495 4224 2724 4296 quadam
2762 4224 3096 4290 sinceritate,
3135 4236 3273 4292 agno
3306 4221 3381 4275 illi
3422 4221 3773 4286 immaculato,
3807 4221 3881 4290 qui
3970 4229 3971 4298 ᾗ

2405 4403 2481 4473 (1)
2507 4403 2635 4476 Qlla?
2664 4401 2778 4457 fuse
2819 4401 2906 4476 hie
2934 4409 2987 4456 et
3012 4397 3372 4476 sequentibus.
3390 4395 3646 4476 numeris,
3672 4393 3734 4476 de
3757 4392 3880 4476 Scri-

2332 4464 2501 4544 pturaa
2518 4464 2860 4546 abusu_apudl
2869 4464 3156 4546 haereticos
3173 4510 3186 4532 ,
3216 4469 3290 4521 ait
3314 4466 3606 4546 Lirinensis
3621 4507 3635 4530 ,
3660 4464 3874 4546 decerpta

2331 4539 2455 4597 sunt
2479 4559 2541 4597 ex
2570 4543 2662 4598 lib.
2686 4539 2991 4597 Tertulliani
3020 4541 3086 4596 de
3112 4539 3436 4608 Prtescript.,
3456 4539 3741 4607 praesertim
3776 4548 3874 4602 cap.

2333 4613 2423 4680 '58,
2454 4615 2522 4668 59
2541 4623 2596 4669 et
2619 4614 2707 4668 40.
2729 4613 2860 4668 Vide
2888 4612 3042 4667 infra.

2401 4675 2490 4766 <2).
2508 4685 2589 4738 Αη
2619 4683 2734 4766 iam
2762 4683 2828 4738 de
2847 4682 3313 4766 ρειμῖνυιίξὲηεῖιιιιε
3344 4687 3562 4766 an???
3583 4675 3869 4766 P2991”:

2327 4747 2594 4828 bentibus,
2623 4747 3038 4828 decerpserit_ex
3067 4752 3158 4828 lib.
3189 4749 3479 4828 l__Lucretii
3505 4747 3572 4802 de
3604 4747 3781 4828 Natura
3803 4757 3870 4828 re-

2327 4839 2467 4900 rum,
2496 4817 2716 4900 delinire
2735 4817 2839 4878 non
2865 4823 3064 4889 audeo;
3095 4821 3286 4900 similia
3314 4827 3633 4900 tamensunt
3655 4817 3747 4884 his,
3773 4826 3868 4884 qua

2327 4894 2428 4950 iste
2452 4895 2613 4962 canit,
2642 4895 2767 4950 dum
2795 4903 2989 4964 praeter
3016 4894 3264 4950 meritum
3283 4907 3342 4946 se
3366 4890 3569 4945 extollit
3593 4907 3606 4944 :

2657 5003 2839 5058 Pueris
2861 5003 3109 5058 absinthia
3136 5013 3261 5056 tetra
3281 5001 3534 5055 medentes

2339 5103 2342 5107 ν
2398 5074 2564 5140 Quum
2585 5076 2706 5129 dare
2731 5085 2994 5139 conantur,
3021 5075 3158 5144 prius
3179 5089 3294 5126 oras
3314 5072 3497 5144 pocula
3522 5070 3700 5124 circum

2334 5175 2344 5211 ς
2396 5146 2699 5216 Contingunt
2719 5146 2881 5198 mellis
2900 5143 3037 5198 dulci
3056 5146 3283 5216 ﬂauoque
3302 5143 3494 5216 liquore
3512 5156 3533 5195 .'

2399 5159 2699 5216 contingunt
2719 5159 2881 5198 melus
2900 5159 3034 5198 autc:
3056 5159 3283 5214 ﬂavoque
3303 5159 3338 5196 ιι
3375 5159 3494 5195 uorc

2399 5215 2465 5287 ζῖε
2494 5233 2762 5287 puerorum
2781 5226 2902 5268 tetas
2922 5214 3200 5284 improvida
3221 5159 3508 5282 ludi/Zcetur

2393 5285 2672 5340 Labrorum
2693 5296 2834 5341 tenus
2849 5328 2863 5352 ,
2886 5287 3075 5339 interea
3098 5293 3321 5356 perpotet
3340 5297 3569 5356 amarunt

2393 5357 2623 5427 Absinthi
2648 5358 2865 5420 laticem,
2896 5353 3196 5427 deceptaque
3217 5371 3316 5427 non
3341 5353 3591 5423 capiatur,

2326 5439 2329 5444 ‘
2394 5426 2498 5481 Sed
2519 5429 2684 5499 potius
2718 5428 2808 5482 tali
2827 5428 2961 5498 facta
2981 5425 3202 5481 recreata
3220 5425 3457 5479 valescat.

2323 5550 2391 5620 At
2417 5550 2539 5620 quia
2563 5550 2782 5604 minime
2808 5549 3057 5620 valescit,
3085 5548 3176 5619 qui
3213 5560 3464 5620 amarum
3486 5543 3863 5620 obsoniumque

2319 5613 2484 5674 ebibit
2520 5636 2757 5676 errorem
2773 5661 2787 5684 ,
2830 5621 2952 5675 licet
2986 5613 3162 5674 celere
3205 5617 3371 5672 multo
3413 5613 3719 5688 obductum;
3756 5621 3862 5688 pro:

2319 5698 2502 5760 pterea
2525 5691 2582 5747 S.
2605 5691 2697 5746 Vir
2723 5691 2964 5746 consulto
2989 5691 3198 5745 illorum
3227 5688 3430 5760 profert
3454 5684 3761 5760 exemplum,
3785 5684 3861 5749 qui

2319 5701 2502 5776 pterea
2525 5701 2582 5747 S.
2610 5701 2697 5746 Vir
2723 5701 2964 5775 consulto
2986 5701 3198 5774 illorum
3227 5701 3430 5771 protert
3454 5701 3761 5811 exemplum,
3785 5701 3861 5749 qu

2319 5778 2496 5817 noxios
2530 5779 2702 5816 succos
2734 5762 3119 5816 medwammum
3144 5758 3396 5814 vocabulis
3427 5772 3594 5831 prwco
3613 5762 3776 5823 amt,
3804 5762 3862 5805 ex

2319 5834 2509 5903 quibus
2534 5843 2676 5890 certa
2702 5832 3014 5893 funestaque
3038 5831 3208 5890 oritur
3227 5845 3396 5887 mors.
