4018 6338
172 420 271 480 375

170 542 299 599 tollit
316 550 591 612 peccatum
609 541 810 606 mundi,
826 547 1072 611 tanquam
1091 539 1284 595 vellera
1300 540 1537 610 quaedam
1555 548 1728 593 texue-

168 632 321 688 runt?
348 630 451 699 Qui
470 640 593 687 sunt
615 632 723 702 lupi
746 646 985 701 rapaces,
1010 631 1113 685 nisi
1138 646 1326 687 sensus
1350 631 1725 686 Haercticorum

168 721 261 778 feri
286 730 342 778 et
364 723 552 789 rabidi,
580 723 667 794 qui
690 723 867 776 caulas
890 722 1140 777 Ecclesiae
1170 737 1381 791 semper
1402 721 1649 776 infestant
1672 728 1728 776 et

166 830 378 887 gregem
401 814 599 870 Christi
618 828 824 884 quaqua
844 822 1063 882 possunt
1086 814 1406 869 dilacerant?
1433 812 1539 868 Sed
1558 820 1616 866 ut
1638 810 1728 865 fal-

166 905 327 962 lacius
351 906 574 961 incautis
603 906 789 960 ovibus
814 905 1086 973 obrepant,
1115 913 1361 960 manente
1385 904 1624 973 luporum
1645 900 1727 956 fe-

170 997 330 1063 rocia,
354 996 623 1066 deponunt
640 996 870 1066 lupinam
897 996 1148 1065 speciem,
1171 1003 1225 1051 et
1242 1010 1361 1050 sese
1382 994 1572 1049 divinae
1596 993 1726 1063 legis

167 1088 440 1142 sententiis
476 1089 620 1142 velut
655 1087 967 1157 quihusdam
1003 1086 1284 1141 velleribus
1321 1085 1629 1152 obvolvunt,
1669 1091 1729 1139 ut

165 1194 281 1233 cum
312 1179 538 1249 quisque
570 1179 805 1233 lanarum
841 1177 1113 1232 mollitiem
1140 1178 1502 1246 prmsenserit,
1525 1190 1728 1245 nequa-

166 1283 320 1339 quam
351 1271 564 1327 aculeos
591 1270 825 1325 dentium
850 1271 1205 1340 pertimescat.
1235 1269 1340 1324 Sed
1367 1269 1492 1338 quid
1517 1269 1591 1322 ait
1614 1268 1731 1323 Sal-

165 1361 346 1416 vator?
374 1360 457 1414 Ea:
478 1361 720 1431 fructibus
746 1377 917 1415 eorum
937 1361 1238 1431 cognoscetis
1260 1377 1343 1413 eos
1366 1376 1384 1413 :
1403 1360 1455 1413 id
1482 1367 1580 1422 est,
1607 1374 1729 1413 cum

164 1452 420 1521 cmperint
444 1451 647 1505 divinas
670 1452 785 1505 illas
810 1466 967 1506 voces
988 1467 1093 1506 non
1112 1451 1222 1520 jam
1249 1450 1484 1519 proferre
1504 1457 1727 1513 tantum,

165 1545 254 1601 sed
289 1546 455 1600 etiam
488 1559 779 1613 exponere,
822 1559 922 1599 nec
958 1543 1129 1598 adhuc
1157 1544 1358 1613 jactare
1395 1544 1592 1607 solum,
1637 1540 1733 1596 sed

164 1638 318 1691 etiam
340 1636 693 1704 interpretari,
718 1643 841 1689 tunc
858 1634 1152 1689 amaritudo
1164 1635 1284 1704 illa,
1308 1642 1431 1688 tunc
1449 1633 1729 1699 acerbitas,

164 1737 283 1782 tunc
308 1727 486 1782 rabies
507 1727 843 1797 intelligetur,
867 1734 991 1781 tunc
1011 1726 1263 1780 novitium
1290 1726 1432 1779 virus
1459 1723 1731 1779 exhalabi-

165 1827 260 1885 tur,
304 1828 436 1875 tunc
470 1820 703 1890 profanae
727 1820 985 1874 novitates
1004 1819 1336 1888 aperientur;
1360 1826 1484 1872 tunc
1504 1818 1732 1887 primum

163 1913 327 1968 scindi
350 1929 532 1983 sepem
560 1912 758 1976 videas,
783 1920 908 1966 tunc
936 1910 1211 1967 transferri
1232 1917 1440 1980 patrum
1457 1911 1729 1977 terminos,

164 2016 282 2061 tunc
327 2006 651 2062 Catholicam
700 2005 856 2060 ﬁdem
911 2004 1069 2067 caedi,
1129 2012 1253 2058 tunc
1306 2003 1733 2059 Ecclesiasticum

163 2098 352 2169 dogma
379 2098 619 2153 lacerari.
643 2097 797 2152 Tales
821 2103 972 2152 erant
992 2096 1026 2148 ii
1046 2110 1179 2165 quos
1204 2095 1431 2165 percutit
1452 2094 1735 2165 Apostolus

164 2191 355 2245 Paulus
393 2191 449 2247 in
492 2189 722 2246 secunda
764 2189 832 2244 ad
871 2188 1169 2244 Corinthios
1214 2188 1465 2258 Epistola,
1508 2188 1730 2243 dicens:

163 2282 294 2339 Nam
314 2283 587 2354 ejusmodi,
611 2282 796 2353 inquit,
813 2281 1235 2352 pseudoapostoli,
1260 2291 1374 2335 sunt
1394 2281 1608 2350 operarii
1628 2279 1739 2333 sub-

162 2377 284 2442 doli,
311 2377 729 2447 transﬁgurantes
757 2392 809 2429 se
838 2375 891 2428 in
914 2374 1179 2445 Apostolos
1201 2373 1413 2427 Christi?
1441 2374 1474 2427 2
1500 2373 1621 2429 Cor.
1646 2372 1733 2427 11.

162 2467 287 2535 Quid
328 2474 415 2523 est
451 2467 863 2537 transﬁgurantes
886 2482 939 2519 se
969 2466 1021 2519 in
1058 2464 1324 2535 Apostolos
1358 2463 1579 2517 Christi?
1603 2465 1737 2518 Pro-

164 2556 406 2614 ferebant
440 2557 677 2628 Apostoli
703 2556 894 2612 divinae
917 2556 1048 2625 legis
1084 2554 1354 2623 exempla;
1402 2553 1741 2623 proferebant

163 2657 209 2703 et
365 2648 709 2704 Proferebant
733 2648 971 2718 Apostoli
1008 2646 1330 2715 psalmorum
1364 2645 1737 2712 auctoritates;

162 2738 506 2809 proferebant
551 2747 605 2795 et
646 2740 738 2794 illi.
783 2738 1128 2793 Proferebant
1171 2737 1409 2806 Apostoli
1454 2737 1742 2791 sententias

164 2830 574 2901 Prophetarum;
628 2839 684 2885 et
733 2830 806 2884 illi
858 2828 1198 2883 nihilominus
1239 2826 1592 2897 proferebant.
1636 2826 1743 2882 Sed

162 2937 275 2977 cum
301 2938 377 2979 ea
395 2938 513 2994 qua:
537 2922 779 2978 similiter
804 2921 1148 2992 protulerant,
1176 2920 1509 2989 interpretari
1534 2935 1641 2975 non
1667 2921 1744 2974 si-

163 3014 362 3069 militer
385 3014 687 3084 ompissent,
718 3020 842 3067 tunc
870 3012 1135 3082 simplices
1162 3026 1193 3065 a
1218 3010 1482 3075 subdolis,
1510 3018 1635 3065 tunc
1660 3011 1743 3064 in-

163 3107 319 3163 fucati
353 3123 387 3161 a
419 3106 625 3174 fucatis,
658 3116 781 3161 tunc
803 3108 935 3161 recti
962 3118 992 3160 a
1018 3105 1301 3175 perversis,
1327 3112 1450 3158 tunc
1476 3111 1746 3173 postremo

164 3199 269 3255 veri
295 3198 546 3269 Apostoli
572 3212 603 3252 a
630 3197 775 3253 falsis
794 3197 1062 3266 Apostolis
1081 3195 1535 3251 discernebantur.
1560 3195 1628 3248 Et
1647 3212 1747 3249 non

163 3295 377 3357 mirum,
407 3293 593 3363 inquit.
646 3290 765 3362 Ipse
801 3291 933 3345 enim
974 3290 1194 3345 Satanas
1240 3290 1567 3359 transﬁgurat
1605 3304 1657 3341 se
1694 3289 1746 3341 in

165 3387 399 3457 angelum
426 3386 571 3439 lucis.
606 3385 722 3440 Non
742 3392 824 3439 est
862 3399 988 3453 ergo
1013 3383 1263 3453 magnuin
1302 3382 1346 3435 si
1376 3380 1600 3435 ministri
1633 3380 1749 3449 ejus

164 3478 605 3549 transfigurantur
624 3478 758 3533 sicut
790 3477 1016 3531 ministri
1032 3475 1270 3546 justitite.
1293 3474 1433 3543 Ergo
1459 3473 1749 3529 secundum

164 3572 404 3643 Apostoli
423 3572 574 3627 Pauli
600 3570 961 3641 magisterium
978 3611 992 3633 ,
1021 3569 1457 3639 quotiescumque
1484 3566 1567 3621 vel
1594 3581 1751 3635 pseu-

166 3664 463 3736 tloapostoli
487 3663 568 3718 vel
586 3661 1058 3733 pseudopropheue
1083 3659 1167 3714 vel
1186 3658 1634 3728 pseudodoctores
1666 3656 1749 3711 di-

166 3760 295 3814 vina).
321 3758 464 3829 legis
482 3757 771 3813 sententias
792 3754 1086 3825 proferunt,
1113 3753 1302 3823 quibus
1328 3752 1464 3806 male
1488 3752 1750 3821 interpre-

166 3852 282 3906 tatis
303 3864 524 3907 errores
550 3865 674 3905 suos
694 3848 967 3903 adstruere
993 3853 1270 3913 conentur,
1294 3860 1402 3899 non
1428 3844 1645 3901 dubium
1671 3852 1754 3900 est

165 3946 285 4015 quin
306 3944 547 3999 auctoris
571 3943 652 3998 sui
673 3942 859 3997 callida
878 3940 1303 3995 machinamenta
1322 3945 1608 4003 sectentur,
1635 3952 1753 4007 quae

168 4034 248 4091 ille
263 4045 543 4104 nunquam
564 4032 799 4104 profecto
819 4031 1327 4094 comminisceretur,
1346 4029 1449 4084 nisi
1469 4028 1628 4083 sciret
1640 4043 1755 4083 om-

166 4128 288 4183 nino
304 4128 513 4183 nullam
540 4142 659 4182 esse
679 4125 745 4181 ad
775 4123 1061 4179 fallendum
1081 4121 1567 4201 faciliorcm'viam,
1595 4136 1753 4191 quam

169 4230 219 4273 ut
240 4221 331 4275 ubi
360 4220 557 4275 nefarii
582 4219 776 4275 erroris
803 4216 1165 4273 subinducitur
1184 4213 1554 4279 fraudulentia,
1584 4213 1655 4268 ibi
1682 4212 1757 4267 di-

169 4315 414 4370 n'norum
444 4314 728 4369 verborum
756 4310 1110 4381 prmtendatur
1135 4308 1441 4363 auctoritas.

234 4408 435 4462 XXVI.
461 4406 567 4462 Sed
593 4406 734 4461 dicet
752 4404 940 4475 aliquis
966 4422 977 4457 :
1002 4403 1153 4458 Unde
1172 4401 1427 4473 probatur
1446 4400 1569 4472 quia
1591 4414 1758 4456 sacrm

169 4496 298 4567 legis
332 4497 597 4567 exemplis
634 4496 882 4551 Diabolus
906 4494 983 4549 uti
1017 4494 1219 4549 soleat?
1245 4493 1411 4562 Legat
1444 4491 1755 4561 Evangelia,

170 4590 219 4644 in
240 4590 443 4661 quibus
471 4589 720 4645 scribitur
749 4607 762 4642 :
788 4588 927 4642 Tunc
953 4587 1222 4657 assumpsit
1247 4585 1392 4639 illum
1411 4584 1676 4649 Diabolus,
1705 4583 1761 4638 id

168 4689 267 4744 cst,
298 4681 592 4736 Dominum
638 4679 987 4743 Salvatorem,
1016 4686 1063 4731 et
1086 4677 1262 4731 statuit
1299 4676 1445 4730 illum
1471 4692 1623 4747 super
1647 4676 1763 4745 pin-

168 4788 286 4825 nam
304 4771 509 4842 templi,
532 4780 579 4825 et
598 4770 727 4825 dixit
745 4772 789 4824 ei
812 4786 830 4823 :
852 4770 911 4825 Si
931 4769 1066 4839 ﬁlius
1082 4767 1178 4822 Dei
1197 4784 1267 4833 es,
1290 4768 1427 4821 mitte
1442 4775 1489 4821 te
1508 4768 1758 4824 deorsum.

170 4861 442 4933 Scriptum
470 4870 543 4916 est
568 4862 699 4916 enim
723 4861 858 4932 quod
892 4861 1081 4932 angelis
1122 4859 1227 4913 suis
1270 4858 1527 4912 mandavit
1552 4859 1614 4912 de
1639 4867 1686 4913 te
1709 4867 1764 4913 ut

168 4954 467 5008 custodiant
491 4963 537 5006 te
561 4953 616 5007 in
634 4953 861 5006 omnibus
887 4952 977 5006 viis
1003 4951 1136 5016 tuis;
1162 4950 1216 5004 in
1240 4949 1469 5003 manibus
1495 4949 1668 5004 tollent
1693 4958 1761 5015 te,

169 5059 231 5097 ne
269 5045 410 5115 forte
449 5043 678 5111 offendas
711 5043 778 5096 ad
815 5042 1036 5113 lapidem
1067 5040 1243 5112 pedem
1280 5049 1449 5105 tuum,
1489 5040 1676 5093 Matth.
1705 5041 1760 5095 4.

168 5134 313 5200 Quid
356 5133 449 5189 hic
474 5133 631 5189 faciet
665 5133 885 5189 misellis
921 5132 1223 5187 hominibus
1248 5131 1339 5200 qui
1381 5130 1555 5200 ipsum
1582 5131 1764 5186 Domi-

170 5243 301 5283 num
351 5228 651 5298 maiestatis
691 5227 1083 5297 Scripturarum
1123 5224 1440 5282 testimoniis
1479 5224 1767 5294 appetivit?

172 5322 255 5385 Si,
284 5322 486 5392 inquit,
516 5322 654 5391 ﬁlius
675 5320 773 5375 Dei
790 5338 861 5386 es,
886 5320 1025 5375 mitte
1046 5328 1093 5374 te
1117 5319 1368 5373 deorsum.
1390 5318 1598 5385 Quare?
1625 5317 1767 5373 Scri-

173 5424 321 5485 ptum
348 5424 425 5468 est
461 5415 621 5480 enim,
652 5415 839 5485 inquit.
864 5414 1180 5484 Magnopere
1212 5413 1365 5468 nobis
1391 5411 1629 5467 doctrina
1664 5411 1769 5467 loci

173 5506 337 5562 istius
366 5505 687 5562 attendenda
718 5515 876 5576 atque
894 5505 1167 5561 retinenda
1201 5513 1314 5571 est,
1341 5512 1401 5559 ut
1424 5510 1571 5557 tanto
1608 5517 1771 5557 evan-

172 5597 372 5667 gelica:
392 5597 720 5653 auctoritatis
740 5597 1003 5667 exemplo,
1026 5595 1235 5667 quando
1258 5596 1464 5665 aliquos
1482 5593 1771 5663 apostolica

173 5704 277 5746 seu
297 5690 618 5761 prophetica
635 5691 797 5747 verba
816 5689 1052 5760 proferre
1071 5698 1253 5746 contra
1278 5687 1589 5745 catholicam
1611 5685 1770 5741 fidem

174 5780 506 5847 viderimus,
532 5782 801 5837 diabolum
820 5797 915 5853 per
938 5797 1031 5837 eos
1050 5782 1194 5851 loqui
1214 5782 1429 5837 minime
1448 5778 1770 5835 dubitemus.

176 5869 328 5931 Nam
355 5872 495 5930 sicut
518 5879 645 5930 tunc
667 5880 824 5942 caput
847 5873 1024 5943 capiti,
1047 5874 1122 5929 ita
1146 5890 1287 5930 nunc
1306 5889 1513 5945 quoque
1532 5870 1773 5928 membra

1301 405 1869 466 COMMONITORIUM
1916 406 2204 468 PRIMUM.

3272 406 3383 462 δτι

1830 539 2081 594 membris
2101 541 2406 609 loquuntur,
2440 538 2679 596 membra
2702 537 2903 596 scilicet
2921 538 3115 596 diaboli
3136 540 3391 600 membris

1831 629 2045 695 Christi,
2074 629 2259 699 perfidi
2283 629 2543 697 fidelibus,
2578 632 2817 702 sacrilegi
2846 632 3125 705 religiosis,
3148 633 3394 694 Βᾶθι-(εϋοί

1830 732 2097 792 postremo
2122 724 2419 781 Catholicis.
2448 725 2551 782 Sed
2577 726 2701 798 quid
2725 727 2937 783 tandem
2964 728 3176 784 dicunt?
3203 729 3283 797 Si,
3312 731 3395 787 in-

1831 817 1961 885 quit,
1996 817 2133 886 ﬁlius
2159 815 2256 870 Dei
2282 834 2361 881 es,
2392 819 2528 873 mitte
2555 827 2602 872 te
2626 819 2889 887 deorsum;
2918 819 3021 877 hoc
3045 830 3156 889 est,
3185 822 3231 877 si
3258 821 3397 880 ﬁlius

1831 921 1950 961 esse
1979 908 2061 961 vis
2087 908 2180 963 Dei
2206 916 2261 963 et
2300 908 2659 966 haereditatem
2696 914 2843 984 regni
2869 916 3099 971 ccclesiis
3132 916 3393 987 accipere,

1831 997 1981 1052 mitte
2007 1005 2060 1053 te
2083 999 2361 1065 deorsum,
2392 1001 2444 1056 id
2469 1010 2569 1065 est,
2599 1020 2665 1059 ex
2690 1004 2842 1061 istius
2868 1013 2921 1062 te
2950 1007 3189 1063 sublimis
3211 1009 3397 1065 Eccle-

1832 1090 1944 1155 sise,
1972 1106 2090 1161 quae
2113 1092 2273 1148 etiam
2298 1094 2549 1163 templum
2574 1096 2669 1150 Dei
2694 1105 2925 1166 putatur,
2953 1100 3191 1155 doctrina
3215 1109 3269 1157 et
3292 1108 3401 1157 tra-

1832 1180 2032 1237 ditione
2058 1182 2292 1240 demitte.
2320 1186 2399 1240 Ac
2432 1186 2477 1241 si
2508 1186 2625 1256 quis
2650 1186 2938 1259 interroget
2962 1192 3260 1262 quempiam
3286 1192 3400 1249 ha:-

1832 1275 2117 1330 reticorum
2136 1277 2235 1332 sibi
2256 1278 2379 1332 talia
2400 1279 2834 1348 persuadentem:
2857 1282 3006 1337 Unde
3030 1284 3241 1353 probas,
3263 1285 3404 1343 unde

1834 1365 1992 1422 doces
2027 1369 2169 1438 quod
2202 1371 2453 1426 Ecclesiae
2486 1371 2767 1428 Catholicae
2803 1374 3153 1431 universalem
3179 1383 3234 1432 et
3265 1378 3404 1433 anti-

1834 1471 1991 1525 quam
2020 1458 2177 1515 fidem
2202 1461 2466 1518 dimittere
2490 1463 2752 1519 debeam?
2778 1466 2952 1520 statim
2983 1466 3071 1522 ille
3101 1485 3114 1521 :
3147 1467 3406 1538 Scriptum

1835 1560 1908 1604 est
1933 1553 2082 1606 enim.
2113 1553 2179 1609 Et
2198 1556 2446 1612 continuo
2466 1557 2609 1612 mille
2631 1559 2954 1626 testimonia,
2981 1560 3124 1615 mille
3144 1561 3405 1630 exempla,

1835 1642 1980 1697 mille
2005 1646 2347 1702 auctoritates
2366 1656 2517 1716 parat
2539 1648 2606 1703 de
2641 1649 2773 1721 lege,
2810 1650 2877 1705 de
2899 1652 3140 1717 Psalmis,
3170 1651 3237 1708 de
3260 1653 3408 1722 Apo-

1837 1736 2006 1803 stolis,
2031 1737 2096 1791 de
2121 1738 2416 1808 Pmphetis,
2440 1741 2628 1811 quibus
2652 1758 2791 1797 novo
2817 1751 2872 1799 et
2894 1745 3033 1799 malo
3058 1760 3207 1800 more
3241 1745 3409 1800 inter-

1837 1826 2073 1895 pretatis,
2102 1843 2167 1883 ex
2193 1844 2316 1885 arce
2341 1831 2598 1887 catholica
2625 1832 2677 1887 in
2705 1832 2970 1889 haereseos
2993 1834 3298 1889 barathrum
3324 1836 3408 1890 in-

1838 1914 1961 1971 felix
1981 1918 2154 1973 anima
2175 1922 2546 1991 praecipitetur.
2575 1923 2692 1979 Jam
2710 1940 2837 1980 vero
2856 1926 2959 1980 illis
2983 1942 3101 1996 qua:
3121 1935 3412 1997 sequuntur

1838 2010 2274 2076 promissionibus
2298 2012 2435 2067 miro
2460 2014 2618 2069 modo
2644 2015 2880 2071 incautos
2899 2016 3140 2073 homines
3167 2018 3412 2075 Haeretici

1839 2101 2084 2172 decipere
2127 2114 2533 2161 consueverunt.
2580 2108 2791 2164 Audeat
2841 2111 3037 2165 etenim
3078 2111 3315 2181 polliceri
3359 2120 3415 2168 et

1840 2192 2031 2249 docere
2068 2194 2208 2265 quod
2244 2196 2299 2252 in
2341 2197 2577 2253 Ecclesia
2604 2212 2718 2264 sua,
2745 2199 2798 2254 id
2821 2208 2921 2266 est,
2950 2202 3004 2257 in
3027 2204 3414 2261 communionis

1841 2300 1950 2340 sum
1974 2287 2367 2352 conventiculo,
2397 2304 2585 2359 magna
2616 2297 2671 2345 et
2694 2291 2936 2361 specialis
2960 2307 3022 2347 ac
3054 2294 3207 2364 plane
3232 2310 3417 2364 perso-

1840 2380 1975 2434 nalis
2000 2379 2241 2449 quardam
2269 2381 2338 2435 sit
2362 2382 2456 2437 Dei
2479 2383 2644 2453 gratia
2659 2425 2672 2449 ,
2696 2384 2828 2439 adeo
2854 2393 2912 2440 ut
2943 2386 3056 2442 sine
3079 2388 3186 2442 ullo
3212 2387 3414 2455 labore,

1843 2470 1958 2525 sine
1992 2472 2101 2527 ullo
2126 2473 2331 2539 studio,
2369 2472 2484 2529 Sine
2518 2475 2623 2529 ulla
2658 2475 2940 2542 industria,
2971 2478 3176 2533 etiamsi
3202 2493 3302 2534 nec
3325 2494 3419 2548 pe-

1843 2568 1975 2630 tant,
2004 2579 2103 2619 nec
2121 2573 2378 2635 quazrant,
2408 2581 2507 2621 nec
2535 2567 2763 2635 pulsent,
2778 2568 3096 2639 quicumque
3121 2569 3195 2623 illi
3225 2569 3292 2624 ad
3317 2586 3420 2625 nu-

1845 2670 2052 2709 merum
2076 2670 2230 2709 suum
2251 2655 2535 2724 pertinent,
2563 2664 2740 2711 tamen
2760 2657 2833 2712 ita
2851 2658 3101 2715 divinitus
3120 2659 3424 2729 dispensen-

1847 2752 1933 2799 tur
1958 2753 2015 2799 ut
2039 2746 2288 2815 angelicis
2312 2745 2481 2801 evecti
2516 2747 2788 2814 manibus,
2828 2747 2883 2803 id
2914 2757 3015 2814 est,
3037 2749 3273 2819 angelica
3300 2764 3425 2820 pro-

1846 2834 2076 2889 tectione
2090 2834 2302 2899 servati,
2318 2847 2585 2905 nunquam
2601 2838 2807 2906 possint
2824 2837 3092 2894 offendere
3110 2839 3178 2894 ad
3196 2838 3426 2910 lapidem

1847 2928 2037 2997 pedem
2057 2916 2229 2993 suum,
2260 2927 2313 2982 id
2336 2935 2437 2994 est,
2459 2929 2729 2999 nunquam
2755 2929 3118 2985 scandalizari.
3441 2968 3445 2973 .

1918 3016 2130 3071 XXVII.
2168 3018 2274 3073 Sed
2299 3018 2441 3074 dicet
2464 3020 2655 3090 aliquis
2684 3039 2697 3074 :
2721 3020 2780 3076 Si
2804 3020 2997 3077 divinis
3020 3021 3271 3092 eloquiis,
3297 3036 3427 3079 sen-

1852 3116 2056 3181 tentiis,
2098 3114 2537 3184 promissionibus
2574 3122 2628 3170 et
2660 3113 2909 3169 Diabolus
2943 3121 2998 3169 ct
3035 3113 3277 3184 discipuli
3310 3113 3428 3185 ejus

1850 3217 2085 3276 utuntur,
2114 3225 2340 3280 quorum
2360 3209 2448 3263 alii
2475 3216 2597 3264 sunt
2623 3206 3069 3278 pseudoapostoli,
3096 3206 3183 3261 alii
3208 3206 3432 3277 pseudo-

1853 3302 2123 3372 prophetae
2146 3310 2198 3357 et
2223 3300 2663 3372 pseudomagistri
2680 3342 2694 3364 ,
2724 3308 2779 3355 et
2801 3313 2987 3354 omnes
3013 3313 3079 3353 ex
3106 3305 3217 3353 toto
3244 3297 3429 3353 Haere-

1852 3394 1964 3459 tici,
1993 3394 2119 3464 quid
2142 3392 2338 3448 facient
2355 3391 2608 3448 Catholici
2630 3390 2872 3445 homines
2898 3396 2953 3445 et
2975 3388 3160 3443 matris
3179 3387 3432 3443 Ecclesia:

1854 3484 1982 3539 filii?
2016 3482 2256 3550 Quonam
2277 3481 2437 3537 modo
2468 3481 2523 3535 in
2561 3480 2844 3549 Scripturis
2879 3479 3077 3534 sanctis
3100 3477 3433 3535 veritatem:

1855 3574 2085 3631 falsitate
2128 3573 2467 3631 discernent?
2506 3572 2618 3627 Hoc
2657 3572 2861 3627 scilicet
2896 3570 3071 3625 facere
3113 3583 3435 3639 magnopere

1856 3672 2142 3739 curabunt,
2180 3670 2323 3742 quod
2347 3670 2399 3724 in
2427 3668 2684 3738 principio
2710 3661 3109 3722 Commonitorii
3135 3661 3287 3716 istius
3312 3675 3438 3716 san-

1857 3770 1971 3818 ctos
1995 3769 2050 3818 et
2067 3762 2251 3817 doctos
2276 3760 2418 3815 viros
2443 3758 2596 3813 nobis
2616 3756 2894 3812 tradidisse
2918 3753 3245 3823 scripsimus,
3268 3757 3326 3806 ut
3350 3750 3437 3806 di-

1856 3854 2038 3908 vinum
2063 3851 2332 3907 Cononem
2366 3848 2655 3905 secundum
2693 3845 3004 3902 universalis
3037 3841 3289 3899 Ecclesiae
3322 3848 3437 3895 tra-

1859 3943 2086 4000 ditiones
2110 3951 2165 4000 et
2180 3942 2332 4013 juxta
2356 3940 2611 3999 Catholici
2645 3938 2908 4009 dogmatis
2930 3936 3138 4007 regulas
3175 3933 3438 4002 interpre—

1860 4044 2068 4103 tentur;
2105 4036 2161 4090 in
2198 4046 2303 4105 qua
2333 4034 2460 4089 item
2486 4030 2753 4087 Catholica
2798 4036 2853 4083 et
2883 4026 3170 4096 apostolica
3200 4021 3438 4078 Ecclesia

1861 4135 2151 4198 sequantur
2185 4120 2423 4181 necesse
2449 4130 2532 4179 cst
2568 4120 2993 4183 universitatem,
3040 4114 3438 4185 antiquitatem,

1862 4218 2287 4275 consensionem.
2304 4216 2371 4271 Et
2389 4216 2435 4271 si
2453 4213 2662 4285 quando
2682 4227 2802 4283 pars
2822 4217 3004 4266 contra
3019 4206 3440 4271 universitatem,

1862 4312 2070 4367 novitas
2096 4317 2280 4365 contra
2296 4313 2634 4371 vetustatem,
2664 4304 2820 4359 unius
2834 4302 2917 4357 vel
2936 4314 3226 4370 paucorum
3252 4312 3441 4353 erran-

1864 4404 1996 4459 tium
2017 4401 2279 4457 dissensio
2302 4405 2486 4454 contra
2506 4396 2743 4452 omnium
2763 4394 2846 4450 vel
2866 4390 3009 4448 certe
3028 4390 3194 4446 multo
3212 4388 3442 4460 plurium

1865 4495 2254 4554 Catholicorum
2297 4489 2699 4547 consensionem
2750 4484 3109 4548 rebellaverit,
3160 4480 3444 4552 prmfcrant

1866 4589 2032 4660 partis
2069 4584 2391 4655 corruptioni
2427 4579 2783 4637 universitatis
2821 4576 3174 4647 integritatem
3208 4592 3223 4629 :
3252 4573 3304 4628 in
3339 4584 3444 4644 qua

1867 4681 2054 4738 eadem
2095 4677 2457 4742 universitate,
2484 4672 2732 4728 novitatis
2772 4666 3073 4740 profanitati
3119 4664 3447 4737 antiquitatis

1867 4771 2196 4842 religionem,
2224 4769 2456 4837 itemque
2482 4765 2536 4819 in
2557 4765 2671 4835 ipsa
2692 4768 2974 4827 vetustate,
3001 4758 3160 4814 unius
3186 4758 3298 4814 sive
3322 4773 3448 4829 pau-

1868 4863 2203 4919 cissimorum
2231 4856 2513 4913 temeritati
2538 4855 2767 4925 primum
2807 4851 3044 4909 omnium
3080 4850 3371 4927 generalia,
3398 4851 3446 4907 si

1869 4972 1973 5028 qua
1993 4963 2134 5020 sunt,
2156 4950 2469 5009 universalis
2488 4946 2704 5004 Concilii
2733 4945 2943 5000 decreta
2961 4947 3297 5012 praeponam;
3320 4948 3447 4996 tunc

1872 5048 2081 5113 deinde,
2106 5047 2151 5100 si
2173 5044 2225 5099 id
2245 5044 2421 5097 minus
2441 5048 2543 5107 est,
2560 5043 2847 5108 sequantur
2865 5031 3008 5105 quod
3026 5030 3321 5102 proximum
3341 5037 3447 5096 est,

1872 5140 2158 5195 multorum
2178 5143 2334 5205 atque
2358 5144 2671 5202 magnorum
2696 5125 3087 5183 consentientes
3106 5121 3207 5177 sibi
3233 5127 3419 5176 senten

1872 5231 1973 5284 tias
1999 5230 2394 5298 magistrorum.
2423 5221 2655 5289 Quibus,
2684 5217 2969 5287 adjuvante
2994 5210 3246 5275 Domino,
3275 5207 3449 5262 fideli-

1873 5328 1973 5386 ter,
2003 5317 2196 5381 sobrié,
2227 5314 2449 5371 sollicite
2475 5309 2786 5377 observatis,
2809 5323 2916 5363 non
2934 5315 3124 5375 magna
3142 5298 3449 5357 difficultate

1875 5411 2060 5467 noxios
2080 5422 2318 5481 quosque
2336 5401 2729 5475 exsurgendum
2749 5396 3127 5454 Haereticorum
3149 5389 3448 5462 deprehen-

1874 5502 2060 5559 demus
2080 5512 2309 5555 errores.

1947 5588 2184 5647 XXVIII.
2222 5587 2320 5642 Hic
2340 5585 2452 5657 jam
2477 5596 2808 5654 consequens
2833 5592 2952 5636 esse
2974 5574 3131 5632 video
3168 5580 3228 5629 ut
3268 5584 3448 5628 θιθιη-

1878 5684 1979 5755 plis
2012 5682 2373 5737 demonstrem
2407 5690 2637 5748 quonam
2682 5670 2843 5729 modo
2890 5666 3175 5741 prophanm
3223 5663 3449 5720 llsereti~

1878 5789 2063 5832 corum
2126 5769 2388 5828 novitates
2451 5764 2670 5839 prolatis
2728 5769 2887 5832 atque
2947 5756 3154 5814 collatis
3209 5762 3451 5809 veterum

1875 5868 2250 5934 magistrorum
2295 5856 2737 5918 concordantibus
2802 5852 3017 5913 sibimet
3067 5841 3344 5907 sententiis
3393 5852 3456 5909 οι
