4018 6338
671 421 773 480 879

665 548 720 605 lit
755 543 956 602 scilicet
979 541 1078 598 rite
1111 548 1269 612 atque
1293 537 1600 596 solemniter
1637 553 1704 594 ex
1741 551 1924 594 eorum
1963 551 2227 592 consensu

659 646 820 708 atque
843 637 1058 692 decreto
1080 634 1280 705 antiqui
1320 633 1581 704 dogmatis
1605 631 1790 703 religio
1829 631 2230 686 conﬁrmaretur

658 740 713 784 et
755 727 1041 798 prophanae
1081 724 1328 781 novitatis
1383 723 1711 794 blasphemia
1765 721 2224 777 condemnaretur.

658 819 807 888 Quod
830 835 952 876 cum
975 819 1050 874 ita
1073 819 1268 874 factum
1292 816 1447 882 foret,
1465 817 1586 887 jure
1610 816 1904 886 meritoque
1928 815 2119 884 impius
2141 814 2231 869 ille

658 913 933 970 Nes'torius
974 911 1246 968 catholicas
1285 911 1536 968 vetustati
1574 909 1868 966 contrarius
1907 909 2004 980 (1),
2043 907 2228 962 beatus

725 1066 803 1139 (1)
841 1067 954 1124 Hoc
992 1067 1117 1125 licet
1151 1084 1355 1135 verum,
1397 1083 1504 1124 non
1554 1077 1730 1139 tamen
1765 1067 2056 1139 desperatae
2102 1080 2231 1120 con—

657 1138 891 1216 scientia:
926 1140 1167 1195 homines
1187 1140 1610 1216 deterruit,_qui_n
1633 1138 1930 1216 Nestorium
1966 1138 2229 1216 impurum

657 1210 924 1265 hominem
944 1212 1274 1281 susceperim
1291 1207 1783 1281 defendenduni,ac
1804 1209 1933 1263 diris
1953 1207 2230 1261 calumniis

657 1279 1369 1350 proscindendum'sanctum
1399 1279 1671 1350 Cyrillum.
1708 1280 1773 1333 Et
1805 1295 1872 1333 ne
1903 1291 2228 1333 commemo-

657 1363 767 1405 rem
790 1352 1130 1421 impostoretu
1164 1352 1330 1412 illum,
1353 1352 1441 1421 qui
1460 1350 1760 1406 Nestorium
1783 1356 2092 1421 pro_sancto
2111 1362 2232 1401 ven-

657 1421 806 1484 didit,
829 1418 891 1476 ac
909 1419 1162 1492 Cyrillum
1195 1422 1345 1491 quasi
1365 1418 1854 1492 Apollinaristarurn
1889 1418 2106 1492 hairesis
2125 1433 2230 1492 res-

657 1489 997 1556 tauratorem,
1057 1489 1247 1561 magna
1303 1489 1670 1561 probationum
1730 1491 1895 1561 mole_
1923 1505 1952 1542 a
1991 1489 2225 1561 doctiss.

659 1561 872 1616 Petavio
909 1559 1208 1616 convictum
1249 1569 1375 1615 tom.
1417 1578 1468 1614 v.
1510 1561 1576 1615 de
1616 1560 1821 1615 lncarn.
1847 1559 1936 1614 lib.
1980 1559 2042 1623 6;
2081 1568 2226 1614 certe

657 1631 848 1685 mirum
880 1631 1241 1687 estClerieum
1274 1630 1372 1700 Ep.
1397 1631 1450 1686 6.
1473 1629 1603 1686 Crit.
1641 1641 1695 1685 et
1715 1631 1917 1686 Eccles.
1943 1630 2057 1684 haec
2091 1628 2232 1684 inde-

656 1716 782 1756 cora
801 1702 998 1773 Cyrillo
1033 1703 1310 1771 protulisse
1337 1719 1348 1754 :
1374 1701 1623 1773 hominem
1653 1702 1708 1754 in
1729 1701 1986 1770 Ephesina
2012 1700 2229 1773 ._Synodo

657 1773 788 1841 ecqui
819 1771 965 1897 algae
997 1773 1154 1842 iniqui
1187 1772 1682 1853 cxiquamhabuisse
1712 1773 1974 1825 rationem.
2012 1771 2078 1824 Et
2103 1785 2232 1851 quo-

659 1843 799 1896 niam
833 1842 870 1897 S
917 1883 930 1896 .
953 1843 1158 1897 Asceta:
1192 1841 1375 1897 lsiuori
1410 1839 1687 1896 l’elusieta:
1708 1841 1942 1897 epistolis
1976 1841 2227 1897 abutitur.

659 1839 799 1896 niam
833 1839 930 1897 SS.
953 1839 1158 1898 Asceta:
1192 1839 1375 1897 lsidori
1410 1839 1687 1896 Pelusiota:
1708 1841 1942 1911 epistolis
1976 1841 2227 1906 abutitur,

659 1921 715 1966 ut
752 1912 932 1968 offusa:
969 1913 1175 1968 veritati
1222 1913 1564 1982 dispellantur
1603 1912 1860 1975 tenebrae,
1903 1911 2016 1965 hare
2068 1925 2231 1982 pauca

659 1982 941 2053 observare
961 1984 1184 2053 placuit:
1208 1979 1429 2050 Quatuor
1462 1982 1645 2038 lsidon‘
1667 1979 2136 2053 exstantepistolte
2163 1979 2231 2034 ad

658 2052 940 2124 Cyrillum,
962 2051 1173 2134 nempe
1209 2055 1346 2134 510,
1373 2054 1496 2134 525,
1714 2052 1924 2134 (ξι-570.
1969 2051 2024 2132 In
2055 2051 2231 2134 prima

658 2122 801 2193 certe
839 2122 1285 2193 comparationem
1334 2124 1558 2178 instituit
1595 2122 1942 2193 Theophilum
1995 2122 2132 2193 inter
2150 2128 2234 2193 get

657 2189 1122 2264 Clirysostomum;
1159 2203 1216 2248 ut
1249 2194 1386 2248 sicut
1410 2194 1506 2264 ille
1537 2194 1679 2248 hunc
1711 2189 1992 2262 oppressit,
2034 2191 2106 2245 ita
2137 2189 2234 2260 Cy-

659 2263 806 2318 rillus
837 2263 1153 2319 Nestorium.
1181 2264 1374 2318 Verum
1408 2263 1508 2319 hoc
1540 2278 1647 2317 non
1681 2272 1789 2316 tam
1821 2278 1888 2317 ex
1921 2277 2038 2327 suo,
2073 2276 2232 2331 quam

659 2334 878 2388 aliorum
901 2350 1059 2390 sensu
1091 2334 1219 2389 dicit
1243 2353 1254 2387 :
1285 2353 1304 2386 ι
1331 2334 1497 2398 Multi,
1520 2349 1586 2388 ex
1620 2335 1683 2388 iis
1701 2333 1791 2403 qui
1824 2341 1946 2388 sunt
1966 2332 2232 2403 Ephesum

665 2423 683 2455 1
714 2405 901 2469 coacti,
926 2414 978 2459 te
1011 2403 1308 2471 traducunt,
1333 2413 1390 2458 ut
1424 2405 1677 2473 privatam
1700 2401 2104 2473 persequentem
2144 2401 2236 2455 ini-

665 2493 684 2524 1
713 2475 984 2537 inicitiam,
1009 2490 1112 2528 non
1134 2491 1262 2545 qua,
1284 2485 1406 2528 sunt
1423 2473 1619 2545 Christi
1640 2483 1783 2528 recta
1819 2473 2079 2533 sententia
2099 2488 2236 2545 quae:

666 2562 686 2595 ι
715 2554 939 2599 rer-tein.
963 2543 1173 2600 Sororis
1208 2544 1502 2613 Theophili,
1541 2544 1800 2613 inquiunt,
1837 2545 1974 2597 filius
2007 2552 2108 2607 est,
2145 2543 2234 2665 qui

667 2633 685 2665 t
714 2614 828 2665 eius
859 2615 1093 2665 animum
1127 2615 1387 2665 imitatur:
1423 2623 1482 2665 ut
1499 2614 1640 2665 enim
1676 2614 1762 2665 ilie
1795 2613 2131 2665 manifestum
2186 2630 2234 2665 u-

667 2633 685 2668 1
714 2614 828 2684 ejus
859 2615 1093 2670 animum
1127 2615 1387 2680 imitatur;
1423 2623 1482 2669 ut
1499 2614 1640 2668 enim
1676 2614 1762 2668 ilie
1795 2613 2131 2684 manifestum
2164 2613 2237 2666 fu-

667 2704 688 2736 c
714 2683 889 2740 rerem
921 2684 1105 2740 ell‘udit
1135 2685 1188 2738 in
1221 2685 1541 2754 religiosum,
1573 2699 1636 2738 ac
1668 2685 1778 2740 Deo
1812 2699 2037 2739 amicum
2071 2683 2233 2738 Joan-

667 2773 686 2837 ς
715 2770 866 2837 nem;
890 2755 966 2810 sic
998 2765 1064 2837 et.
1083 2755 1168 2810 hic
1189 2755 1467 2837 superbire
1474 2755 1666 2837 gestit.
1686 2774 1717 2837 ᾔ»
1743 2754 1887 2824 Opus
1915 2764 2089 2837 autem
2123 2762 2238 2837 erat

662 2825 717 2882 in
750 2826 832 2882 his
867 2827 1096 2896 querelis
1128 2824 1369 2881 criticum
1403 2824 1884 2896 adhiberelumen.
1927 2824 2058 2878 Nam
2091 2824 2135 2879 si
2168 2824 2236 2896 ab

661 2896 839 2966 impiis
878 2895 1176 2952 hominibus
1221 2899 1461 2952 conﬁcta:
1498 2896 1602 2951 illae
1651 2895 1880 2966 fuerunt,
1922 2905 1980 2949 ut
2027 2895 2233 2960 revera,

663 2965 797 3038 teste
826 2967 1061 3038 Concilio
1094 2967 1208 3038 ipso
1243 2968 1293 3022 in
1328 2967 1425 3038 Ep.
1456 2966 1528 3038 ad
1563 2966 1776 3038 Clerum
1803 2965 2239 3038 Constantinopo.

663 3037 901 3108 litanum,
937 3037 1096 3092 multa
1115 3036 1326 3093 nedum
1346 3036 1559 3108 Cyrillo,
1583 3037 1676 3092 sed
1709 3037 1868 3092 etiam
1889 3036 2150 3091 Memnoni
2171 3037 2238 3108 ab

662 3107 926 3164 haereticis
965 3109 1209 3179 imposita
1242 3106 1401 3163 fuere
1424 3108 1644 3179 crimina
1669 3107 1810 3179 :jam
1850 3107 2068 3179 rationis
2106 3106 2237 3179 ordo

663 3179 914 3249 poscebat
950 3177 1056 3248 pro
1085 3179 1240 3233 nullis
1279 3178 1546 3234 habendas
1583 3193 1701 3234 esse
1740 3177 2238 3249 inimicorumﬂﬁdei

663 3247 1076 3312 criminationes;
1098 3250 1184 3318 qui
1201 3249 1351 3313 enim,
1374 3260 1433 3303 ut
1451 3249 1621 3318 lepide
1640 3249 1715 3302 ait
1732 3249 2052 3318 Augustinus
2072 3248 2161 3302 lib.
2185 3247 2234 3301 1.

663 3318 784 3373 adv.
820 3319 1224 3374 Pamienianum
1256 3335 1372 3390 cap.
1411 3319 1463 3386 6,
1501 3319 1748 3382 numJl,
1773 3319 2054 3388 justissima
2085 3321 2239 3372 rictus

665 3399 758 3452 est,
782 3406 840 3443 ea
859 3391 1079 3444 accitam
1098 3390 1157 3443 de
1178 3390 1620 3460 innocenteyudwe
1651 3400 1950 3460 murmurat,
1973 3406 2079 3460 qua
2103 3391 2241 3443 αιτὶ-

667 3469 767 3541 {ate
802 3460 864 3541 de
895 3459 1151 3541 innocente
1187 3459 1472 3541 aduersario
1506 3459 1752 3541 litigabat.
1793 3459 1860 3512 Et
1891 3459 2238 3541 sanqdein-

665 3528 866 3584 dustria
904 3529 1166 3600 Pelusiota
1213 3529 1298 3585 his
1333 3546 1452 3600 quae
1498 3528 1715 3584 recitata
1753 3539 1877 3583 sunt
1924 3530 2241 3584 additzlicet

666 3615 902 3670 umquam
923 3599 1174 3669 latumque
1191 3601 1254 3653 sit
1275 3599 1538 3654 discrimen
1567 3604 1696 3653 inter
1714 3616 1795 3653 eos
1814 3600 1900 3668 qui
1917 3600 2235 3670 judicantur.

871 3667 1345 3753 namquenoverat
1364 3671 1593 3752 Optimus
1616 3671 1708 3753 Σίι·
1737 3667 2010 3753 Cyrillum,
2037 3679 2094 3724 ut
2128 3671 2239 3753 Ipse

667 3738 900 3811 loquitur
928 3741 982 3794 in
1007 3738 1187 3811 Epist.
1205 3741 1341 3811 7570,
1387 3738 1592 3794 nonnisi
1624 3739 1684 3794 S.
1717 3738 1978 3811 Athanasii
2017 3738 2163 3811 sequi
2182 3758 2241 3795 ac

668 3819 832 3882 tenere
855 3810 1152 3875 doctrinam,
1174 3810 1418 3866 Nestorio
1443 3811 1697 3866 adversus
1722 3810 1858 3882 hanc
1886 3810 2099 3882 impiam
2128 3827 2242 3882 pro-

667 3879 846 3952 fitente
876 3889 936 3952 et
961 3889 1234 3952 isectante;
1263 3897 1420 3952 quam
1461 3882 1532 3936 ob
1549 3896 1766 3936 causam
1793 3881 1844 3934 in
1873 3879 2056 3936 eadem
2096 3879 2236 3938 laud.

665 3949 832 4023 Epist.
860 3951 922 4023 AS.
955 3951 1136 4006 Virum
1162 3949 1383 4023 miriﬁce
1408 3952 1628 4015 extollit,
1658 3960 1716 4006 ut
1739 3953 1914 4023 magni
1941 3953 2078 4007 illius
2107 3953 2241 4008 Mar-

667 4021 711 4074 si
738 4021 948 4094 speciem
967 4033 1134 4094 atque
1161 4022 1384 4094 habitum
1423 4023 1785 4094 prwferentem,
1815 4021 1869 4077 et
1907 4023 1958 4078 in
1994 4039 2079 4094 ep.
2112 4023 2235 4092 524,

664 4090 907 4164 ιῃηκξιιιῃΔ
921 4090 1092 4164 uirum
1129 4090 1502 4164 admirandum,
1531 4090 1706 4164 quum
1747 4093 1800 4148 in
1836 4094 1991 4164 epist.
2028 4090 2236 4164 pmice;

665 4159 820 4234 dente
849 4161 972 4228 525,
1014 4162 1350 4234 summopere
1391 4159 1744 4228 commendet,
1775 4159 1896 4234 quia
1937 4159 2240 4234 Sanctorum

664 4229 879 4285 Patrum
903 4248 1119 4296 sensum,
1149 4249 1208 4286 ac
1225 4229 1494 4288 Athanasii
1521 4229 1814 4298 prwsertim,
1843 4235 1976 4288 circa
2003 4233 2242 4289 Incarna-

664 4302 814 4356 tionis
840 4304 1130 4372 mysterium
1154 4312 1352 4358 strenue
1375 4302 1675 4369 sectabatur,
1705 4313 1760 4359 et
1797 4303 2128 4360 defendebat.
2157 4307 2241 4362 Nil

663 4387 790 4457 ergo
819 4373 1012 4457 mirum
1037 4382 1322 4457 ethnovum
1342 4415 1357 4439 ,
1386 4375 1433 4457 si
1457 4375 1526 4429 ob
1547 4374 1956 4457 perversitatem
1982 4375 2242 4457 doctrinae

663 4439 906 4514 Nestorio
944 4444 1164 4508 restitit,
1195 4453 1473 4514 postquam
1508 4439 1638 4499 nihil
1663 4445 1958 4500 ofﬁciorum
1986 4461 2049 4500 ac
2073 4446 2238 4502 bene-

664 4511 907 4567 volentia:
935 4511 1213 4586 omiserat,
1252 4530 1310 4569 Ut
1332 4511 1614 4586 perditum
1655 4515 1924 4571 hominem
1940 4516 2016 4586 ab
2055 4531 2240 4572 errore

663 4590 956 4656 revocaret,
978 4584 1118 4656 quod
1143 4585 1307 4656 liquet
1331 4584 1396 4640 ex
1422 4585 1657 4656 epistolis
1682 4586 1749 4640 ad
1773 4602 1894 4641 eum
1921 4585 2154 4654 directis,
2176 4601 2240 4642 ac

663 4666 731 4725 ex
758 4652 847 4725 illa
871 4653 938 4708 ad
963 4652 1237 4725 IEgyptios
1279 4652 1569 4712 monachos
1605 4656 1747 4711 data.
1777 4657 1948 4722 Quum
1988 4652 2146 4711 enim
2170 4657 2239 4713 ad

663 4719 763 4798 hos
801 4719 1290 4798 Nestorii'horniliis
1328 4737 1589 4798 venenum
1618 4719 1963 4797 pervenisset,
1994 4742 2061 4781 ne
2089 4737 2238 4798 peste

663 4792 932 4867 simplices
968 4795 1364 4867 corriperentur
1401 4792 1662 4867 homines,
1700 4798 1845 4867 gravi
1879 4792 2236 4867 monuit'epi-

663 4863 817 4937 stola,
849 4865 937 4919 ubi
964 4863 1142 4920 veram
1173 4883 1264 4922 eos
1289 4866 1509 4922 docebat
1535 4863 1726 4931 ﬁdem;
1741 4868 1890 4936 cujus
1918 4863 2236 4937 exemplari-

663 4931 760 5008 bus
785 4935 1291 5008 Constantinopolim
1329 4937 1588 5008 adductis,
1617 4931 1915 5008 complures
1943 4938 1994 4992 in
2023 4931 2237 5008 antiqua

663 5007 767 5063 ﬁde
794 5006 984 5078 ﬁrmati
1012 5006 1161 5078 sunt;
1190 5007 1312 5062 hinc
1337 5007 1601 5077 principes
1626 5015 1680 5062 et
1717 5006 2074 5078 magistratus,
2105 5006 2239 5064 scri-

663 5078 770 5149 ptis
796 5077 863 5132 ad
889 5077 1140 5150 Cyrillum
1167 5078 1377 5150 litteris,
1405 5079 1600 5150 gratias
1625 5078 1674 5132 ei
1698 5086 1940 5150 egerunt.
1973 5077 2052 5150 Ita
2084 5079 2235 5133 exul-

662 5147 872 5204 ceratos
899 5147 998 5202 fuit
1020 5148 1204 5202 contra
1237 5147 1652 5202 Alexandrinum
1682 5147 1983 5203 Antistitem
2009 5147 2235 5204 Nestorii

661 5219 889 5284 animus,
917 5219 1197 5288 omniaque
1235 5219 1447 5273 molitus
1472 5227 1571 5280 est,
1614 5227 1673 5273 ut
1703 5233 1825 5273 eum
1863 5219 2232 5286 ulcisceretur;

661 5289 751 5360 qui
778 5288 1456 5360 lmperatorishumanitate
1481 5289 1694 5355 abusus,
1716 5289 1991 5360 calumniis
2017 5290 2069 5343 in
2088 5289 2236 5360 illum

661 5358 966 5425 commovit,
993 5358 1134 5430 quod
1159 5374 1307 5415 acres
1334 5359 1671 5430 minacesque
1695 5358 1761 5413 ad
1793 5359 2043 5430 Cyrillum
2068 5359 2234 5414 desti-

662 5440 817 5500 nata:
847 5429 1083 5500 epistola:
1119 5431 1377 5500 probant,
1414 5429 1604 5500 quibus
1644 5429 1960 5499 impudentis
1997 5445 2060 5484 ac
2098 5431 2233 5486 irre-

663 5499 825 5571 quieti
877 5499 1037 5571 animi
1093 5499 1467 5571 turbarumque
1507 5499 1810 5571 appetentis
1861 5500 2118 5571 culpatur.
2165 5503 2235 5555 At

664 5569 820 5641 paulo
848 5579 966 5641 post
990 5569 1240 5626 discussis
1266 5569 1469 5626 nebulis
1494 5569 1681 5641 serena
1707 5569 1941 5641 veritatis
1963 5570 2135 5641 facies
2148 5585 2234 5640 ap-

733 5639 865 5705 ruit,
894 5639 1136 5696 Nestorio
1161 5657 1256 5710 pro
1295 5641 1549 5695 hacretico
1573 5648 1626 5694 et
1665 5639 1827 5709 impio
1854 5640 2031 5709 agnito
2050 5682 2063 5702 ,
2106 5639 2232 5695 dum

664 5654 865 5765 ﬂoruit,
894 5654 1136 5696 [πεδιοηο
1161 5657 1256 5710 pro
1296 5654 1549 5695 nacretrco
1573 5654 1626 5694 et
1665 5654 1827 5709 impio
1854 5654 2031 5709 agnito
2050 5682 2063 5702 ,
2106 5654 2232 5695 cum

668 5787 684 5794 _
724 5715 878 5794 terim
902 5710 1130 5782 Cyrillus
1157 5712 1314 5794 totius
1339 5710 1493 5794 Orbis
1517 5725 1781 5794 consensu
1807 5711 2234 5794 summaz'probi-

667 5781 790 5852 tatis
809 5782 906 5844 vir,
929 5779 988 5834 ac
1011 5791 1338 5835 sacrosancta:
1361 5781 1662 5852 antiquitati,
1686 5788 1746 5835 ut
1767 5780 1998 5852 loquitur
2016 5779 2235 5836 Vincen-

666 5849 776 5906 tius
810 5857 1009 5916 noster,
1048 5860 1402 5907 consentaneus
1439 5849 1513 5907 est
1535 5850 1818 5920 judicatus.
1841 5849 2080 5920 'Pmpter
2115 5869 2233 5924 quae

1895 413 2225 475 VINCENTII
2261 417 2636 480 LIRINENSIS
3793 433 3862 498 680

2329 547 2456 592 vero
2478 533 2706 607 Cyrinus
2729 537 3076 588 sacrosanctae
3099 529 3394 602 antiquitati
3418 535 3800 587 consentaneus
3811 530 3860 600 jn-

2329 629 2534 684 dicatus
2561 635 2660 684 est.
2691 627 2758 682 Et
2782 634 2840 682 ut
2863 626 2931 680 ad
2959 626 3118 682 ﬁdem
3144 641 3326 680 rerum
3362 623 3493 680 nihil
3516 623 3750 693 deesset,
3784 632 3860 684 tam

2330 722 2544 777 nomina
2569 729 2625 776 et
2659 734 2938 775 numerum
2965 718 3110 790 (licet
3133 718 3378 774 ordinem
3415 717 3700 775 fuissemus
3731 718 3861 795 obliti)

2332 815 2594 870 edidimus
2617 829 2801 870 eorum
2829 822 3036 884 patrum
3058 812 3207 883 juxta
3241 827 3465 883 quorum
3491 812 3690 869 ibidem
3721 791 3863 870 conci.
3953 791 3955 856 ἒ

2332 913 2547 960 nentem
2571 905 2672 960 sibi
2697 904 3120 976 conwrdemque
3146 904 3461 960 sententiam
3495 911 3551 960 et
3573 904 3708 976 legis
3739 918 3865 963 saeta

2332 998 2606 1068 proloquia
2647 998 2889 1068 exposita
2932 1005 3075 1065 sunt,
3122 1006 3178 1054 et
3218 997 3382 1052 divini
3422 997 3686 1070 dogmatis
3725 1000 3864 1068 regula

2333 1092 2664 1147 constabilita
2695 1100 2813 1148 est:
2836 1107 2993 1163 quos,
3029 1091 3098 1147 ad
3121 1090 3537 1148 confirmandam
3573 1091 3866 1158 memoriam,

2334 1182 2420 1239 hic
2443 1201 2654 1256 quoque
2677 1201 2959 1242 recensere
2980 1197 3314 1257 nequaqum
3337 1185 3664 1256 superfluum
3687 1193 3786 1241 est.
3891 1219 3895 1228 ι

2404 1277 2572 1332 XXX.
2612 1277 2747 1334 Sunt
2772 1293 2900 1350 ergo
2923 1279 2980 1334 hi
3005 1279 3105 1334 viri
3125 1294 3351 1350 quorum
3375 1279 3431 1334 in
3458 1278 3548 1334 illo
3571 1276 3801 1334 Concilio
3817 1282 3868 1336 vel

2332 1379 2582 1442 tanquam
2602 1372 2842 1442 judicum
2861 1372 2944 1428 vel
2968 1379 3218 1442 tanquam
3237 1372 3454 1428 testium
3479 1371 3676 1443 scripta
3695 1372 3870 1428 recitata

2335 1474 2476 1520 sunt.
2505 1465 2732 1520 Sanetus
2753 1465 2943 1520 Petrus
2969 1463 3046 1535 (1)
3087 1464 3478 1522 Alexandrinus
3510 1464 3798 1536 Episcopus
3820 1467 3870 1536 (1)

2334 1558 2520 1614 doctor
2539 1558 3001 1628 praestantissimus
3019 1565 3074 1614 et
3087 1565 3288 1630 martyr
3305 1557 3663 1613 beatissimus.
3687 1556 3872 1614 Sanctus

2333 1651 2675 1719 Athanasius,
2703 1651 2944 1722 ejusdem
2969 1651 3198 1706 civitatis
3222 1651 3465 1718 antistes,
3490 1650 3742 1722 magister
3770 1650 3872 1707 fide-

2335 1744 2568 1800 lissimus
2593 1754 2648 1800 et
2671 1744 2945 1802 confessor
2967 1744 3437 1801 eminentissimus.
3464 1743 3693 1800 Sanctus
3729 1743 3872 1800 Theo.

2335 1834 2513 1903 philus
2541 1836 2637 1906 (5),
2681 1835 2922 1905 ejusdem
2961 1835 3090 1891 item
3127 1835 3276 1890 urbis
3313 1834 3627 1905 Episcopus,
3666 1835 3746 1891 vir
3775 1835 3874 1906 ﬁde,

2334 1927 2461 1993 vita,
2503 1928 2722 1984 scientia
2760 1929 2888 1984 satis
2925 1929 3131 1998 clarus,
3169 1928 3256 1984 cui
3293 1930 3548 1985 successit
3581 1930 3878 1986 venerandus

2335 2019 2584 2090 Cyrillus,
2612 2021 2703 2092 qui
2727 2036 2867 2077 nunc
2891 2021 3303 2078 Alexandrinam
3334 2022 3564 2078 illustrat
3596 2023 3877 2102 Ecclesiani.

2337 2335 2439 2399 ret,
2483 2326 2704 2397 phrygio
2737 2338 2775 2399 ξι
2803 2326 3267 2399 leestinoPapa
3305 2326 3530 2399 donatus
3563 2326 3681 2399 fuit,
3724 2326 3882 2399 neuipe

2337 2395 2493 2451 mitra
2515 2415 2526 2449 :
2545 2395 2703 2468 quam
2724 2395 2880 2468 Card.
2899 2396 2966 2468 de
2993 2396 3148 2452 Noris
3167 2395 3260 2452 lib.
3277 2399 3314 2452 2
3343 2397 3468 2452 hist.
3487 2397 3664 2468 Pelag.
3681 2395 3881 2468 capri;

2338 2468 2567 2520 :estimat
2593 2466 2871 2538 phrygium
2900 2467 3115 2538 dictam,
3137 2468 3385 2538 quoniam
3414 2477 3530 2538 erat
3548 2466 3801 2538 peculiare
3826 2480 3883 2524 te

2338 2545 2655 2608 gumentumi
2679 2537 2886 2608 capitis,
2914 2553 3018 2608 quo
3053 2537 3289 2608 Phryges
3321 2537 3632 2604 utebantur;
3660 2539 3777 2594 hinc
3804 2539 3884 2593 La-

2340 2608 2480 2680 tinus
2520 2607 2662 2680 apud
2683 2607 2849 2680 “Virg.
2908 2607 3119 2680 IEneid.
3156 2607 3220 2680 _9_,
3265 2622 3406 2680 vers.
3456 2609 3586 2680 7616,
3636 2609 3886 2680 exprobrat

2339 2677 2636 2748 Phrygibus
2659 2676 2844 2732 Encas
2867 2679 3047 2744 sociis,
3076 2678 3218 2748 quod
3240 2679 3428 2734 mitras
3451 2679 3507 2734 in
3531 2676 3721 2750 capite'
3737 2689 3885 2752 gesta-

2339 2756 2478 2804 rent.

2483 2858 2549 2931 Et
2578 2860 2760 2931 tunica;
2783 2860 3024 2924 manicas,
3053 2868 3100 2914 et
3126 2861 3308 2916 habent
3331 2861 3627 2931 redimicula
3650 2865 3822 2931 mitra,

2486 2927 2530 2982 Ο
2555 2947 2666 2984 vere
2692 2929 2950 3002 Phrygiis,
2979 2948 3136 3002 neque
3160 2933 3290 2986 enim
3319 2930 3573 3014 Phryges!

2340 3034 2594 3090 Consulat
2617 3035 2763 3090 Lect.
2792 3035 2932 3090 laud.
2961 3035 3118 3091 Card.
3147 3045 3201 3092 et
3224 3037 3388 3092 multa
3413 3045 3652 3094 veterum
3676 3038 3869 3096 testimo

2341 3106 2432 3178 nia
2447 3105 2592 3178 apud
2615 3121 2737 3161 eum
2764 3120 2882 3178 rem
2905 3106 3214 3178 illustrantia
3241 3109 3549 3178 comperiet.

2413 3176 2489 3245 (1)
2528 3177 2597 3231 At
2620 3191 2725 3230 non
2753 3175 2930 3230 minus
2954 3177 3172 3244 ordinis,
3199 3175 3591 3245 quam—numeri
3624 3178 3805 3235 oblitus
3823 3191 3894 3240 est

2343 3246 2399 3300 S.
2445 3246 2554 3300 Vir.
2601 3246 2832 3318 Ordinis,
2878 3247 2999 3318 quia
3043 3257 3162 3318 post
3203 3246 3438 3316 Petrum,
3479 3260 3535 3305 et
3575 3249 3891 3306 Athanasium

2342 3317 2670 3390 memorandi
2704 3325 2864 3390 erant
2901 3317 3087 3390 Julius,
3116 3327 3170 3390 et
3209 3317 3376 3383 Felix,
3421 3329 3542 3390 post
3570 3319 3891 3390 TheOphilum

2341 3386 2657 3459 Cyprianus,
2686 3387 2884 3459 deinde,
2897 3389 3232 3459 Ambrosius,
3261 3386 3453 3459 quibus
3486 3386 3742 3445 subdendi
3765 3399 3891 3446 erant

2342 3456 2722 3530 Nazianaenus,
2752 3458 2995 3530 Basilius,
3023 3473 3086 3514 ac
3110 3456 3398 3530 Nyssenus,
3429 3476 3536 3515 non
3564 3461 3892 3530 pmtcnnisso

2343 3477 2722 3523 nazianzenus,
2752 3477 2995 3523 nasutus,
3023 3477 3086 3514 ac
3110 3477 3398 3530 uyssenus,
3429 3477 3536 3515 non
3601 3477 3891 3516 rtetcnnisso

2343 3527 2519 3601 Attico
2545 3529 2806 3601 Episcopo
2829 3527 3430 3599 Constantinopolitano,
3459 3540 3515 3587 et
3552 3477 3891 3601 Kmphilochio

2343 3597 2774 3672 l_conii_pr§esu_le,
2802 3613 3027 3672 quorum
3048 3597 3350 3672 testimonia
3388 3597 3673 3672 postremo
3685 3601 3818 3658 fuere
3850 3603 3892 3656 in

2344 3668 2560 3740 Synodo
2599 3669 2825 3724 laudata.
2856 3669 3005 3724 Unde
3044 3670 3282 3736 infertur,
3319 3668 3527 3727 numeri
3565 3673 3722 3727 etiam
3759 3672 3891 3728 fuisse

2343 3741 2582 3812 oblitum,
2611 3740 2731 3810 quia
2759 3755 2864 3796 non
2891 3739 3096 3806 decem,
3125 3750 3182 3795 ut
3209 3743 3367 3812 paulo
3389 3751 3511 3812 post
3535 3742 3630 3808 ait,
3658 3742 3748 3797 sed
3780 3742 3892 3812 duos

2343 3810 2516 3866 decim
2542 3810 2752 3881 fuerunt
2788 3819 3038 3881 tanquam
3078 3810 3258 3878 testes,
3283 3810 3509 3881 judices,
3537 3827 3603 3868 ac
3639 3811 3891 3868 consiliarii

2344 3881 2398 3936 in
2424 3880 2638 3951 Synodo
2664 3880 2966 3938 introducti.
2997 3882 3063 3936 Et
3099 3897 3225 3937 sane
3265 3880 3622 3951 Amphilochii
3671 3892 3723 3937 et
3758 3882 3890 3937 Attici

2343 3950 2617 4008 retinenda
2657 3965 2776 4006 esse
2801 3952 3101 4006 testimonia
3137 3967 3204 4007 ex
3231 3951 3331 4007 ﬁde
3367 3950 3517 4009 MSS.
3557 3952 3820 4014 Codicum,
3842 3967 3892 4008 ac

2343 4039 2409 4078 ex
2435 4022 2598 4076 Mario
2616 4021 2907 4077 Mercatore
2927 4023 3156 4078 ostendit
3181 4023 3242 4077 P.
3261 4023 3562 4079 llarduinus
3577 4032 3705 4080 tom.
3725 4022 3891 4079 LCon-

2343 4094 2455 4164 cil.
2478 4092 3003 4164 pag.¥l_t7;__qu_ibus
3055 4092 3250 4148 addere
3293 4093 3450 4148 liceat
3502 4093 3888 4149 vetustissimmn

2342 4162 2580 4218 codicem
2609 4162 2742 4217 Bibl.
2774 4162 3040 4217 Vaticana:
3067 4179 3214 4217 num.
3243 4164 3400 4230 1512,
3431 4165 3592 4219 etiam
3622 4164 3888 4219 testimonia

2343 4234 2429 4288 illa
2455 4233 2820 4306 exhibentem,
2838 4233 2940 4306 ‘qui
2965 4249 2999 4306 a
3023 4233 3251 4306 Qaronio
3274 4235 3334 4306 in
3360 4234 3636 4290 annalibus
3674 4234 3890 4306 frequen-

2343 4313 2425 4359 ter
2448 4303 2739 4374 appellatur
2762 4302 3013 4359 Collectio
3035 4302 3408 4359 Cresconiana.

2415 4371 2498 4445 (2i
2520 4371 2789 4429 Eusebius
2814 4373 2939 4428 hist.
2968 4374 3148 4446 Ecele.
3173 4374 3263 4446 lib.
3294 4375 3351 4446 8.
3375 4389 3493 4446 cap.
3515 4374 3613 4432 i5.
3641 4374 3773 4430 Edit.
3801 4374 3887 4430 Va-

2340 4444 2438 4516 les.
2473 4444 3082 4516 enumeransmeoquui
3124 4444 3478 4516 Alesandriae',
3521 4454 3576 4500 et
3617 4461 3710 4516 per
3751 4453 3886 4516 totam

2341 4514 2631 4586 Egyptum
2682 4529 2746 4586 ac
2785 4514 3106 4570 Thebaidem
3129 4584 3136 4586 Α
3159 4515 3320 4586 nobili
3360 4514 3634 4586 martyrio
3658 4515 3885 4586 perfuncti

2341 4584 2530 4640 erant:
2559 4605 2578 4636 ‹
2607 4585 2816 4639 Primus
2840 4586 3095 4648 omnium,
3125 4584 3312 4655 inquit,
3341 4584 3692 4640 nominandus
3717 4593 3792 4640 est
3812 4586 3885 4638 Pe-

2348 4675 2366 4707 l
2395 4665 2510 4711 trus
2549 4655 2916 4726 Alexandrina:
2955 4655 3208 4726 Ecclesiae
3251 4656 3564 4726 Epi500pus,
3605 4655 3884 4712 Christiana:

2349 4746 2366 4778 ε
2393 4726 2685 4804 religionis
2691 4725 2879 4804 doctor
2901 4725 3146 4804 εξίωἰιιρ.
3179 4745 3197 4778 ι
3223 4726 3351 4804 Ejus
3383 4725 3518 4782 liber
3542 4726 3884 4804 de_Divinita_te

2341 4794 2618 4879 nedum‘in
2646 4796 2907 4878 Ephesina
2933 4794 3167 4879 Synodo,
3195 4794 3404 4879 verum,
3429 4804 3495 4879 et
3504 4797 3666 4879 paulo
3701 4805 3810 4866 post
3840 4795 3882 4849 in

2337 4865 2756 4938 Chalcedonensi
2794 4865 3194 4922 commendatus
3227 4876 3327 4938 est.
3364 4865 3598 4938 Contigit
3620 4865 3729 4938 ejus
3749 4879 3881 4938 mar-

2340 4937 2683 5008 tyriumiann.
2714 4937 2837 5003 511,
2867 4952 3006 4992 nono
3045 4936 3578 5008 persecutionisann.
3620 4937 3714 4992 sub
3748 4936 3882 5008 Maxi-

2339 5006 2518 5078 miano
2543 5007 2895 5078 imperatore,
2914 5008 2959 5061 si
2983 5008 3281 5078 persecutio
3305 5006 3614 5064 Diocletiani
3640 5007 3876 5078 caepitan.

2339 5076 2438 5149 Ch.
2468 5078 2591 5149 502,
2619 5076 2673 5132 et
2711 5093 2814 5149 non
2841 5077 2965 5142 505,
2986 5076 3143 5148 'quod
3169 5086 3343 5133 tamen
3379 5078 3666 5148 opinantur
3697 5076 3867 5149 peritis

2339 5148 2460 5202 simi
2485 5147 2824 5218 Chronologi.

2412 5218 2487 5290 (5)
2526 5219 2601 5273 De
2628 5216 2936 5290 Theophilo,
2965 5226 3020 5274 et
3042 5217 3244 5290 Joanne
3268 5218 3650 5290 Chrysostomo
3680 5219 3784 5290 haec
3806 5216 3882 5290 ba-

2338 5287 2428 5344 bet
2452 5287 2681 5358 Prosper
2706 5290 2758 5343 in
2780 5287 2982 5344 Chron.
3010 5289 3078 5343 ad
3102 5288 3264 5344 Cons.
3295 5287 3586 5356 Vincentii,
3615 5298 3669 5345 et
3690 5287 3878 5352 Fraviti,

2338 5359 2427 5429 qui
2455 5357 2636 5414 Incidit
2673 5360 2725 5413 in
2755 5375 2878 5413 ann.
2906 5357 3006 5414 Ch.
3049 5359 3144 5414 401
3176 5378 3187 5413 :
3218 5379 3236 5411 ι
3263 5358 3495 5414 Joannes
3532 5358 3882 5429 Constantino-

2345 5426 2368 5480 ἱ
2393 5430 2674 5508 politanus,
2703 5439 2758 5484 et
2785 5429 3108 5508 Theophilus
3132 5430 3521 5508 Alexandrinus
3547 5431 3770 5508 illustres
3787 5426 3881 5508 ξρὶς

2344 5518 2364 5551 ε
2391 5498 2536 5570 scopi
2562 5500 2837 5554 habentur.
2867 5498 2973 5554 Sed
2999 5508 3279 5570 utrumque
3302 5500 3607 5555 obscuravit
3627 5498 3882 5562 discordia,

2344 5589 2364 5621 ‹
2391 5586 2508 5640 qua:
2534 5585 2598 5624 eo
2622 5585 2787 5642 usque
2813 5570 3089 5642 processit,
3118 5580 3176 5625 ut
3197 5570 3427 5626 Joannes
3451 5570 3483 5625 a
3508 5570 3793 5642 Theophila
3812 5583 3883 5636 op-

2344 5659 2362 5692 ‹
2390 5655 2622 5710 pressus,
2671 5641 2893 5695 Pontum
2939 5641 3096 5696 exilio
3137 5657 3358 5712 pergere
3398 5641 3703 5712 cogeretur;
3741 5651 3884 5710 quam

2343 5728 2362 5760 ι
2389 5721 2582 5783 tamen
2602 5712 3027 5783 communionem
3054 5712 3168 5781 ejus
3205 5712 3430 5766 maxima
3456 5727 3582 5783 pars
3619 5712 3884 5783 Episcopo-

2341 5799 2362 5833 ι
2389 5797 2528 5864 rum,
2555 5782 2780 5839 Romani
2804 5781 3073 5838 Pontiﬁcis
3097 5783 3396 5855 exemplum
3431 5781 3636 5851 secuta,
3661 5781 3883 5842 mve-

2341 5859 2475 5908 crit.
2506 5870 2526 5905 ι
