4018 6338
319 399 422 455 881

310 522 379 577 Et
416 536 485 577 ne
520 521 738 576 forsitan
780 523 931 578 unius
968 523 1193 579 civitatis
1228 539 1291 579 ac
1327 528 1609 595 provincia:
1642 528 1877 584 doctrina

310 612 429 669 haec
462 622 752 684 putaretur,
794 615 1027 671 adhibita
1052 626 1175 671 sunt
1212 618 1371 673 etiam
1408 619 1494 673 illa
1532 618 1877 689 Cappadociae

307 704 528 773 lumina,
555 704 777 761 Sanctus
804 706 1087 777 Gregorius
1112 709 1402 779 Episcopus
1427 718 1480 765 et
1515 710 1785 766 confessor
1809 713 1877 768 de

304 795 598 863 Nazianzo;
646 795 872 852 Sanctus
930 798 1180 867 Basilius,
1227 799 1484 857 Cmsareze
1530 801 1910 872 Cappadociae'

304 886 600 957 Episcopus
627 895 680 944 et
702 887 1002 956 confessor;
1032 890 1255 945 Sanctus
1277 891 1403 946 item
1428 893 1560 948 alter
1591 892 1874 963 Gregorius

300 972 571 1046 Nyssenus
594 979 902 1049 Episcopus,
932 978 1075 1047 ﬁdei,
1101 983 1533 1049 conversationis,
1561 984 1874 1055 integritatis

297 1074 353 1119 et
396 1069 667 1137 sapientiae
710 1070 920 1136 merito,
941 1070 1103 1126 fratre
1146 1072 1338 1127 Basilio
1370 1073 1727 1143 dignissimus.
1768 1075 1874 1131 Sed

295 1172 366 1211 ne
391 1158 504 1212 sola
531 1158 728 1214 Graecia
756 1167 847 1215 aut
869 1161 1055 1216 Oriens
1079 1170 1300 1230 tantum,
1330 1179 1513 1217 verum
1538 1165 1695 1219 etiam
1718 1164 1870 1219 Occi-

294 1246 526 1303 dentalis
552 1258 606 1304 et
628 1250 844 1307 Latinus
869 1252 1012 1306 orbis
1038 1253 1110 1306 ita
1135 1269 1345 1323 semper
1370 1255 1601 1309 sensisse
1623 1255 1873 1324 adproba-

293 1346 466 1405 rctur,
510 1340 662 1395 lecta:
703 1350 825 1396 sunt
863 1358 1072 1412 quoque
1113 1344 1185 1398 ibi
1222 1343 1463 1413 quaedam
1508 1344 1574 1399 ad
1616 1345 1870 1415 quosdam

294 1431 546 1499 Epistolzc
570 1434 737 1489 sancti
763 1433 953 1489 Felicis
981 1434 1057 1505 (1)
1083 1436 1327 1507 martyris
1353 1444 1406 1491 et
1428 1437 1593 1492 sancti
1617 1436 1759 1504 Julii,
1789 1454 1871 1493 ur-

291 1522 376 1576 lois
398 1522 580 1579 Romae
606 1526 1007 1597 Episcoporum.
1032 1528 1098 1581 Et
1124 1535 1182 1582 ut
1202 1544 1308 1583 non
1332 1529 1503 1583 solum
1522 1538 1679 1598 caput
1702 1530 1864 1598 orbis,

289 1624 477 1667 verum
515 1616 673 1670 etiam
696 1615 859 1671 latera
897 1617 971 1673 illi
990 1617 1189 1687 judicio
1227 1618 1583 1673 testimonium
1622 1619 1867 1689 perhibe-

364 1775 441 1857 (ρ)
480 1774 1085 1857 ῐηῇρὶῳδίφῃὸγηοᾱρ
1118 1778 1264 1857 Ρῐὶρβ
1288 1779 1521 1857 recitata
1560 1778 1705 1857 fuere
1742 1780 1863 1857 Julii

288 1844 482 1920 gerha,
529 1844 720 1920 deinde
764 1844 992 1920 Felicis;
1027 1844 1488 1920 atthirinensi,
1530 1857 1585 1904 et
1613 1850 1863 1920 Hypatio

288 1914 640 1984 Ephesiorum
682 1917 951 1989 Episcopo,
981 1919 1035 1972 in
1066 1918 1262 1989 "Collat.
1304 1934 1425 1973 cum
1462 1914 1763 1989 Acephalis,
1804 1930 1863 1976 ut

286 1992 587 2054 temporum
613 1987 1185 2071 regujmii‘ordo,nFeliit
1221 1989 1365 2071 iulio
1383 1987 1732 2071 praeponitur;
1770 1992 1860 2061 qui

283 2069 618 2125 nequaquam
661 2056 758 2112 fuit
800 2058 885 2111 ille
928 2058 959 2111 ὲ
1002 2056 1309 2113 Constantio
1353 2056 1405 2113 in
1449 2056 1643 2113 Liberii
1686 2056 1859 2116 locum

281 2125 557 2199 suffectus,
587 2125 836 2199 sedalter
869 2128 1006 2199 illius
1032 2129 1259 2183 nominis
1286 2129 1504 2199 primus,
1535 2129 1619 2184 die
1643 2130 1712 2183 27
1753 2132 1857 2185 De-

279 2196 459 2270 cemh.
488 2212 613 2250 ann.
640 2197 764 2270 2(i9,
806 2198 1095 2270 ordinatus,
1123 2214 1184 2253 ac
1222 2196 1307 2253 die
1331 2200 1399 2252 22
1426 2200 1549 2253 Dec.
1578 2214 1701 2254 ann.
1729 2200 1853 2270 274,

279 2265 406 2351 ξζὶιίιΔ
422 2264 657 2351 iunctus:
675 2267 1014 2351 Quod‘liquet
1037 2284 1104 2351 cii
1128 2270 1338 2351 nomine
1362 2270 1627 2351 Maximini
1652 2264 1854 2351 pressu;

277 2333 351 2423 lis
371 2336 754 2423 Alexandrini,‘
780 2338 859 2423 ad.
871 2333 1028 2423 quem
1066 2339 1337 2423 Pontiﬁcis
1361 2339 1559 2423 directa
1597 2333 1706 2423 fuit!
1730 2341 1857 2423 Epi-

277 2404 476 2478 stola_a
503 2406 716 2478 Synodo
740 2404 967 2475 laudata,
996 2410 1273 2478 occasione
1298 2410 1444 2463 Pauli
1470 2404 1797 2465 Samosateni
1823 2427 1856 2468 e

275 2487 381 2550 sua
402 2468 637 2550 Ecclesia
656 2478 828 2547 ejecti.
853 2468 983 2533 Nam
1003 2468 1265 2550 encyciica
1291 2480 1606 2534 Antiocheni
1630 2480 1854 2537 Concilii

275 2546 505 2620 epistola
544 2546 792 2620 Dionysio
817 2550 1075 2615 Romano,
1103 2546 1165 2604 ac
1200 2550 1479 2605 Maximino
1505 2550 1600 2605 luit
1624 2550 1849 2620 directa;

275 2616 423 2691 [inde
432 2632 666 2691 arguere
681 2616 841 2691 licet,
879 2621 1017 2691 hunc
1041 2635 1319 2691 supparem
1340 2629 1394 2675 et
1417 2622 1672 2691 aequalem
1690 2616 1853 2679 fuisse

272 2684 457 2760 Felici
490 2684 957 2760 primo,iDionysii
1000 2684 1338 2746 Aleiandrini
1378 2684 1758 2759 successorem,
1799 2702 1853 2749 et

272 2756 567 2832 haeredein.
596 2759 814 2832 Michael
839 2756 1071 2832 Lequien
1096 2761 1282 2832 probat
1306 2762 1540 2831 spurium
1566 2761 1726 2818 fuisse
1745 2756 1852 2818 Fe-

271 2826 396 2903 iicis
423 2830 789 2903 testimonium
806 2832 860 2885 in
874 2826 1113 2903 Syriodo'
1128 2826 1395 2886 laudatum
1419 2850 1431 2885 :
1455 2847 1639 2903 verum
1664 2848 1730 2887 ex
1757 2833 1849 2888 Li-

270 2896 482 2974 berata,
514 2912 569 2974 ei
607 2896 943 2974 Hypatio}:
970 2900 1225 2974 Constant
1252 2910 1378 2957 tom.
1425 2903 1475 2974 i.
1513 2902 1705 2957 Pontif.
1745 2904 1845 2974 Ep.

271 2966 326 3036 §.
356 2970 512 3042 unico
536 2970 603 3030 dc
628 2966 818 3030 Felicis
842 2972 998 3042 Papa:
1024 2973 1232 3042 scriptis
1259 2971 1488 3028 ostendit
1512 2988 1730 3041 prorsus
1753 2966 1847 3042 ge-

266 3039 499 3098 nuinum
524 3061 661 3117 esse,
689 3047 814 3102 licet
850 3039 1037 3117 sponte
1062 3039 1316 3103 concedat
1340 3044 1406 3117 ab
1443 3039 1724 3117 Accphalis
1749 3039 1847 3117 fal-

267 3116 816 3189 sasaut‘adulteratas
843 3113 1031 3173 Felicis
1049 3119 1284 3189 vulgatas
1308 3113 1575 3189 epistolas.
1598 3114 1669 3172 At
1692 3114 1848 3170 ambo

267 3184 331 3259 h_i
356 3184 649 3259 doctissimi
667 3189 765 3243 viri
792 3204 980 3259 magna
1005 3184 1267 3244 rationum
1292 3184 1431 3243 mole
1456 3190 1713 3259 compulsi
1739 3206 1848 3247 sus-

267 3255 445 3310 tinent
471 3258 849 3331 cumLeontio
874 3255 1179 3331 Byzantino,
1221 3260 1311 3329 qui
1347 3255 1641 3331 Iustiniano
1680 3261 1847 3331 impie.

264 3327 638 3412 Eanteuﬁo‘rtiit
663 3329 716 3411 in
755 3330 846 3385 lib.
969 3331 1135 3412 sectis
1160 3327 1262 3385 act.
1305 3331 1358 3396 8,
1394 3327 1845 3412 fragmentum—in

266 3394 475 3451 Concil.
508 3399 773 3468 Ephesino
797 3401 1073 3455 recitatum
1101 3417 1205 3455 non
1234 3394 1353 3455 esse
1388 3394 1510 3456 Julii
1536 3401 1711 3468 Papae,
1752 3402 1845 3457 sed

265 3468 448 3535 potius
472 3469 801 3542 Apollinarii,
829 3480 919 3542 aut
942 3471 1213 3540 cujusdam
1239 3471 1500 3542 Timothei
1525 3468 1710 3526 eadem
1734 3487 1848 3542 pes-

265 3547 325 3592 te
359 3540 747 3612 correptitnon
788 3541 909 3612 quia
944 3542 997 3596 in
1036 3542 1270 3612 Epistola
1310 3540 1506 3612 aliquid
1541 3540 1847 3612 compareat

263 3607 579 3664 orthodoxae
620 3609 743 3682 ﬁdei
778 3607 1415 3682 adversum—praesertim
1438 3612 1493 3665 in
1529 3607 1841 3682 fragmento,

306 3693 377 3732 uo
403 3695 556 3733 usum
593 3689 675 3735 est
713 3679 1025 3745 Concilium,
1069 3679 1125 3737 ut
1148 3683 1222 3737 ait
1248 3681 1528 3747 Leontius;
1570 3679 1664 3737 scd
1702 3684 1844 3747 quod

316 3750 658 3817 pollinaristae
678 3759 735 3805 ut
752 3751 874 3807 Julii
888 3752 1352 3817 circumduxerint,
1370 3750 1839 3808 ﬁoccifaciendum.

260 3819 596 3893 [iamautem
621 3831 743 3877 sunt
768 3831 1096 3893 argumenta,
1124 3822 1313 3892 quibus
1340 3822 1481 3877 docti
1506 3823 1604 3877 viri
1627 3839 1845 3879 moven-

261 3896 370 3962 tur.
402 3888 443 3943 ι.
471 3890 739 3961 Nyssenus
777 3888 1027 3962 in'Opere
1064 3888 1247 3947 contra
1288 3892 1643 3962 Apollinarem
1681 3894 1843 3949 multa

258 3959 450 4026 refert,
479 3959 597 4084 (pne
636 3962 736 4017 hac
760 3959 979 4033 epistola
1005 3959 1358 4028 continentur,
1388 3976 1553 4045 eaque
1587 3971 1647 4017 ut
1683 3978 1842 4033 prava

260 4029 478 4084 refutat.
527 4031 565 4084 l.
587 4032 838 4084 Leontius
863 4048 928 4084 ex
954 4034 1180 4084 plurium
1208 4034 1585 4084 exemplarium
1610 4033 1714 4084 ﬁde
1738 4034 1839 4084 loc.

260 4029 478 4104 refutat.
497 4029 838 4104 IliLeontiiis
863 4048 928 4087 ex
954 4034 1180 4104 plurium
1208 4029 1585 4104 exemplarium
1610 4029 1714 4088 ﬁde
1738 4034 1839 4089 loc.

258 4101 354 4174 cit.
384 4102 614 4174 asseruit
649 4118 755 4159 non
781 4102 902 4159 Julii
941 4101 1034 4159 sed
1063 4103 1346 4174 Timothei,
1365 4101 1463 4174 qui
1486 4104 1842 4174 Apollinarem

257 4170 453 4244 habuit
470 4173 798 4244 magistrum,
820 4189 937 4229 esse
957 4174 1253 4244 epistolam.
1271 4172 1357 4226 Ill.
1381 4170 1521 4243 quod
1538 4170 1659 4227 cum
1681 4174 1845 4228 Leon-

258 4241 338 4313 tie
365 4241 578 4310 profert
590 4243 722 4299 alter
747 4241 1151 4299 Severian—orum
1177 4241 1525 4307 adversarius,
1552 4244 1663 4313 ipsa
1692 4245 1845 4313 phra-

258 4311 337 4366 sis
381 4327 490 4367 non
531 4314 779 4369 convenit
819 4314 955 4369 Julio
993 4323 1242 4383 tanquam
1287 4328 1542 4368 conversa
1574 4311 1610 4368 e
1655 4311 1839 4381 latino,

258 4395 441 4455 quum,
456 4383 527 4438 sit
552 4384 707 4455 nimis
732 4399 922 4455 graeca.
951 4384 1039 4439 IV.
1069 4385 1204 4455 hanc
1229 4385 1283 4438 in
1310 4383 1484 4455 fronte
1518 4383 1733 4455 prafert
1756 4385 1841 4438 in-

258 4453 608 4523 scriptionem
632 4473 645 4507 :
671 4453 887 4509 Domino
922 4472 1030 4508 meo
1058 4454 1495 4517 desideratissimo,
1525 4469 1640 4522 quae
1676 4454 1727 4507 in
1762 4455 1840 4508 al-

261 4532 375 4594 iera
396 4523 512 4594 sine
539 4523 696 4579 dubio
714 4524 851 4579 Julio
875 4525 1142 4594 supposita
1171 4525 1329 4578 etiam
1356 4531 1645 4592 comparet.
1669 4524 1731 4577 V.
1755 4524 1842 4579 ille

259 4592 600 4665 Prosdocius,
623 4594 689 4649 ad
714 4611 869 4664 quem
890 4592 1108 4665 epistola
1127 4602 1208 4649 est
1226 4595 1406 4658 missa,
1428 4608 1527 4648 nec
1546 4594 1838 4664 presbyter,

257 4664 344 4734 vel
380 4664 673 4734 Episcopus
707 4664 1008 4720 nominatur
1039 4672 1222 4720 contra
1248 4680 1450 4718 morem
1486 4665 1841 4719 Romanorum

257 4733 684 4788 PrmsulumIVl.
713 4736 810 4790 sub
834 4733 1117 4790 Catholicis
1140 4734 1315 4789 verbis
1340 4734 1565 4788 infandae
1591 4734 1842 4789 doctrinae

256 4805 465 4858 semina
493 4805 658 4859 latent
685 4824 697 4859 :
718 4821 841 4860 nam
866 4806 955 4860 ubi
981 4805 1046 4859 de
1066 4819 1288 4875 corpore
1312 4804 1560 4873 loquitur,
1583 4820 1840 4875 nusquam

259 4883 427 4927 mente
474 4875 759 4945 praeditum,
800 4876 877 4929 vel
920 4874 1195 4928 animatum
1237 4874 1389 4939 dicit;
1430 4874 1666 4944 quinimo
1706 4874 1838 4936 haec,

258 4959 379 5014 qua:
417 4960 565 4998 num.
614 4946 669 5011 4,
717 4946 894 5009 habet,
942 4945 1367 5015 Apollinaristam
1407 4944 1672 5013 produnt:
1704 4963 1722 4995 ι
1751 4946 1839 5014 qui

264 5034 283 5066 ι
313 5024 493 5085 autem
523 5025 739 5085 propter
776 5014 1063 5070 unitionem
1088 5030 1208 5069 cum
1245 5014 1478 5069 increato
1506 5015 1612 5068 Deo
1648 5030 1840 5084 corpus

264 5103 283 5136 ι
312 5084 552 5138 divinum
579 5084 846 5155 praedicat,
871 5095 924 5141 et
949 5085 1237 5140 secundum
1258 5085 1714 5155 compositionem,
1738 5100 1840 5154 qua

264 5174 283 5205 ι
313 5155 472 5226 simul
495 5164 771 5226 utrumque
792 5164 891 5223 est,
916 5166 1162 5226 tanquam
1184 5171 1343 5209 unum
1366 5155 1653 5226 increatum
1675 5155 1839 5208 Deum

265 5244 283 5274 ς
314 5225 520 5289 adorat,
551 5225 735 5282 beatus
761 5226 879 5281 erit.
913 5246 931 5278 ι
955 5225 1159 5280 Nullam
1185 5233 1361 5280 tamen
1388 5225 1724 5279 crediderunt
1748 5240 1839 5277 ac-

258 5295 428 5349 curati
456 5295 556 5349 viri
583 5305 761 5350 notam
785 5295 979 5367 inferre
1005 5294 1101 5351 SS.
1128 5294 1376 5367 Synodo;
1404 5296 1523 5364 quia
1550 5310 1711 5367 quum
1746 5310 1841 5367 per

260 5380 451 5420 manus
475 5367 759 5421 multorum
777 5366 899 5421 Julii
919 5363 1346 5421 circumferretur
1364 5363 1581 5419 nomine
1597 5363 1835 5434 epistula,

261 5435 314 5489 in
340 5450 446 5505 qua
473 5435 605 5490 nihil
629 5444 809 5507 aperte
834 5436 1041 5501 falsum,
1070 5452 1175 5491 non
1201 5445 1318 5491 erat
1339 5450 1434 5490 cur
1457 5434 1742 5507 difﬁderet
1759 5434 1840 5487 in-

261 5504 568 5577 scriptioni;
605 5504 788 5562 verum
810 5507 901 5561 ubi
922 5508 1111 5577 plures
1136 5507 1252 5577 alia:
1285 5522 1350 5561 ex
1376 5505 1560 5577 eadem
1595 5504 1838 5577 prodiere

261 5574 497 5640 officina,
528 5576 718 5648 quibus
753 5574 1435 5648 Eutychianivehementer
1468 5575 1834 5638 abutebantur,

261 5648 435 5728 coacti
463 5655 585 5700 sunt
606 5646 730 5728 _ﬁdei
756 5646 1043 5728 amatores,
1069 5647 1122 5701 in
1149 5646 1435 5728 retegendo
1459 5653 1691 5728 auctore,
1722 5660 1839 5728 ope:

263 5729 382 5785 ram
407 5716 713 5785 impendere
737 5733 904 5773 suam.
936 5719 1211 5772 Elaborata
1238 5716 1441 5771 videtur
1465 5716 1684 5785 epistola
1720 5723 1839 5780 post

260 5781 558 5845 Iacedohil
582 5785 845 5853 haeresim,
873 5797 923 5843 et
949 5789 1024 5844 sic
1050 5797 1167 5852 post
1192 5802 1316 5842 ann.
1342 5785 1440 5843 Ch.
1466 5781 1572 5841 260

401 5876 745 5963 ἓᾳτιρι-μικ

1430 409 1995 476 ΕΟΜΜΟΝΙΤΟΒΙΙΙΜ
2047 418 2440 485 SECUNDUM.

3446 445 3550 507 682

1981 541 2115 597 rent,
2142 534 2405 591 adhibitus
2442 548 2524 593 cst
2562 538 2593 593 ὲ
2632 540 2848 595 Meridie
2884 542 3217 600 beatissimus
3250 546 3546 619 Cyprianus

1982 623 2268 693 Episcopus
2304 627 2730 699 Carthaginensis
2753 640 2806 686 et
2841 642 3065 705 martyr;
3108 650 3140 689 a
3176 636 3545 707 Septentrione

1982 722 2194 770 sanctus
2220 717 2529 774 Ambrosius
2554 721 2956 778 Mediolanensis
2982 725 3290 796 EpiscOpus.
3320 728 3385 784 Hi
3424 740 3544 786 sunt

1980 805 2138 875 igitur
2162 822 2345 864 omnes
2370 812 2508 880 apud
2533 813 2799 882 Ephesum
2824 824 3029 871 sacrato
3053 818 3295 890 Dccalogi
3322 838 3545 879 numero

1978 899 2234 969 magistri,
2263 903 2565 971 consiliarii,
2590 913 2771 974 testes,
2796 908 3106 979 judicesque
3129 912 3394 980 producti;
3421 930 3545 984 quo-

1977 1006 2095 1044 rum
2120 992 2273 1047 beata
2310 994 2396 1048 illa
2421 994 2663 1066 Synodus
2701 997 2989 1054 doctrinam
3021 1009 3227 1072 tenens,
3267 1006 3543 1061 consilium

1977 1096 2221 1150 sequens,
2244 1085 2467 1141 credens
2492 1088 2811 1153 testimonio,
2834 1089 3084 1145 obcdiens
3100 1092 3319 1161 judicio,
3344 1096 3543 1165 absque

1977 1173 2153 1241 taedio,
2182 1178 2610 1246 prazsumptione,
2641 1187 2693 1233 et
2728 1181 2893 1248 gratia
2931 1181 2998 1235 de
3024 1181 3145 1238 ﬁdei
3182 1187 3381 1255 regulis
3419 1202 3542 1255 pro-

1974 1264 2247 1319 nuntiavit.
2277 1266 2583 1338 Quanquam
2612 1270 2776 1323 multo
2814 1272 3036 1339 amplior
3059 1274 3316 1342 majorum
3352 1293 3541 1332 nume-

1973 1369 2065 1408 rus
2090 1356 2328 1412 adhiberi
2366 1362 2614 1428 potuerit,
2644 1361 2739 1416 sed
2765 1378 2983 1417 necesse
3011 1379 3115 1418 non
3143 1364 3269 1431 fuit;
3300 1370 3420 1437 quia
3447 1387 3540 1425 ne-

1972 1461 2075 1514 que
2116 1450 2450 1507 multitudine
2492 1454 2705 1507 testium
2761 1455 2957 1524 negotii
3004 1463 3240 1526 tempora
3296 1463 3542 1529 occupari

1972 1538 2274 1605 oportebat,
2324 1549 2377 1595 et
2416 1542 2601 1597 decem
2646 1544 2762 1598 illos
2806 1560 2913 1599 non
2957 1546 3095 1600 aliud
3145 1563 3268 1602 vere
3310 1550 3541 1607 sensisse

1969 1640 2127 1695 quam
2155 1639 2375 1687 caeteros
2398 1649 2585 1688 omnes
2607 1636 2833 1705 collegas
2860 1652 2983 1692 suos
3007 1654 3165 1693 nerro
3193 1638 3483 1696 dubitabat.

2039 1718 2230 1773 XXXI.
2272 1721 2398 1777 Post
2425 1739 2541 1793 quae
2563 1726 2760 1792 omnia,
2788 1726 3077 1795 adjecimus
3104 1729 3262 1783 etiam
3287 1730 3427 1786 beati
3445 1730 3539 1802 Cy-

1966 1809 2070 1864 rilli
2094 1813 2429 1881 sententiam,
2458 1830 2576 1884 quae
2607 1817 2770 1886 gestis
2808 1817 2937 1887 ipsis
2962 1820 3332 1878 ecclesiasticis
3371 1825 3538 1879 conti-

1964 1906 2138 1955 netur.
2181 1901 2417 1973 Namque
2441 1920 2563 1960 eum
2603 1906 2737 1962 lecta
2762 1917 2905 1963 esset
2941 1909 3119 1965 Sancti
3153 1911 3395 1981 Capreoli
3438 1915 3534 1988 (l),

1964 1994 2209 2065 Episcopi
2236 1996 2664 2068 Carthaginensis
2702 2000 2956 2071 Epistola,
2985 2005 3075 2073 qui
3113 2004 3243 2058 nihil
3278 2006 3418 2061 aliud
3457 2007 3538 2062 in—

1962 2088 2213 2143 tendebat
2250 2098 2303 2145 et
2341 2090 2654 2161 precabatur
2687 2093 2789 2148 nisi
2827 2103 2904 2160 ut,
2947 2106 3242 2167 expugnata
3281 2100 3534 2167 novitate,

1960 2178 2244 2249 antiquitas
2289 2180 2365 2251 (2)
2410 2180 2808 2252 defenderetur,
2856 2185 2929 2238 ita
2973 2187 3266 2256 Episcopus
3309 2188 3535 2261 Cyrillus

1961 2268 2261 2337 prolocutus
2288 2278 2372 2325 est
2396 2279 2450 2325 et
2474 2271 2726 2328 deﬁnivit.
2756 2274 2907 2341 Quod
2931 2275 3017 2330 hic
3054 2293 3261 2349 quoque
3296 2279 3534 2350 interpo-

1959 2375 2089 2415 nere
2114 2376 2220 2416 non
2260 2363 2356 2417 abs
2382 2379 2442 2419 re
2467 2364 2692 2420 videtur.
2720 2366 2810 2421 Ait
2837 2368 2979 2422 enim
3017 2369 3071 2422 in
3097 2368 3199 2424 ﬁne
3223 2379 3531 2441 gestorum:

1958 2449 2028 2505 Et
2052 2452 2176 2518 lucc,
2207 2454 2394 2524 inquit,
2425 2472 2536 2523 qua
2560 2457 2687 2511 lecta
2705 2467 2777 2512 est
2806 2458 3036 2529 Epistola
3054 2463 3321 2516 venerandi
3349 2473 3395 2517 et
3412 2466 3535 2519 mul-

1958 2553 2064 2599 tum
2090 2546 2310 2617 religiosi
2335 2547 2576 2620 Episcopi
2595 2549 3001 2622 Carthaginemis
3020 2551 3271 2623 Capreoli,
3294 2555 3414 2623 ﬁdei
3433 2573 3535 2627 ges-

1956 2643 2122 2690 torum
2147 2638 2423 2705 inseretur;
2448 2642 2592 2710 cujus
2617 2650 2793 2712 aperta
2817 2644 3059 2697 sententia
3086 2652 3177 2697 est.
3214 2643 3332 2698 Vult
3357 2647 3534 2700 etenim

1956 2727 2174 2796 antiqua
2197 2728 2317 2796 fidei
2341 2728 2579 2800 dogmata
2602 2722 2912 2801 conﬁrinari,
2942 2733 3127 2787 novitia
3154 2750 3268 2789 vero
3294 2744 3342 2788 et
3365 2753 3534 2806 supcr-

1954 2817 2057 2886 ﬂue
2106 2817 2371 2872 adinventa
2414 2829 2460 2873 et
2496 2821 2652 2890 impie
2696 2822 3031 2893 promulgata,
3088 2826 3346 2895 reprobari
3389 2835 3534 2897 atque

1955 2906 2204 2961 damnari.
2239 2907 2427 2963 Omnes
2453 2909 2697 2981 Episcopi
2722 2912 3126 2967 adclamaverant
3149 2930 3165 2968 :
3187 2914 3286 2968 Hae
3310 2918 3531 2971 ninnium

1952 3012 2094 3051 voces
2122 3008 2256 3064 sunt,
2289 3000 2395 3053 lucc
2422 3016 2590 3054 omnes
2615 3001 2845 3068 dicimus,
2877 3003 2969 3057 hoc
2998 3006 3218 3058 omnium
3242 3015 3410 3059 votum
3435 3014 3527 3060 est.

1952 3088 2081 3156 Qua:
2120 3091 2332 3147 tandem
2372 3096 2608 3147 omnium
2636 3109 2813 3161 voces,
2842 3103 2934 3150 aut
2970 3112 3086 3166 qum
3124 3098 3359 3151 omnium
3384 3106 3526 3166 vota,

1951 3181 2053 3241 nisi
2080 3190 2137 3234 ut
2164 3183 2303 3257 quod
2333 3191 2447 3243 erat
2483 3185 2769 3259 antiquitus
2796 3186 3043 3245 traditum
3072 3196 3359 3255 teneretur,
3389 3188 3531 3258 quod

1950 3276 2292 3332 adinventum
2319 3295 2505 3348 nuper,
2536 3281 2939 3349 explodcretur?
2964 3282 3091 3335 Post
3123 3297 3241 3351 quae
3286 3279 3530 3336 admirati

1950 3384 2134 3425 sumus
2167 3379 2221 3425 et
2258 3372 2660 3441 praedicavimus
2698 3382 2892 3443 quanta
2931 3372 3152 3428 Concilii
3195 3375 3335 3429 illius
3374 3374 3531 3429 fuerit

1950 3459 2218 3517 humilitas
2239 3472 2292 3518 et
2317 3466 2587 3531 sanctitas,
2612 3472 2670 3519 ut
2694 3472 2772 3519 tot
2792 3481 3014 3520 numero
3040 3466 3361 3534 sacerdotes,
3394 3483 3529 3536 pene

1950 3569 2017 3609 ex
2072 3556 2262 3626 majori
2325 3566 2473 3626 parte
2528 3557 2942 3627 Metropolitani,
3004 3566 3162 3613 tanta:
3218 3559 3529 3614 eruditionis

1949 3655 2213 3718 tantaeque
2239 3649 2493 3704 doctrinae
2518 3657 2575 3704 ut
2610 3660 2774 3720 prope
2813 3665 2999 3705 omnes
3039 3659 3255 3720 possent
3291 3652 3356 3706 de
3395 3651 3529 3722 dog-

1948 3741 2176 3796 matibus
2196 3742 2483 3811 disputare,
2507 3742 2698 3812 quibus
2719 3751 2996 3812 propterea
3018 3743 3132 3812 ipsa
3152 3744 3205 3798 in
3226 3760 3388 3798 unum
3408 3760 3508 3799 con

1947 3834 2184 3903 gregatio
2227 3834 2453 3889 audendi
2492 3835 2559 3888 ab
2602 3849 2661 3889 se
2697 3835 2890 3904 aliquid
2937 3843 2991 3890 et
3028 3836 3290 3890 statuendi
3335 3836 3528 3892 addere

1948 3925 2217 3980 videretur
2236 3924 2505 3991 ﬁduciam,
2530 3924 2660 3979 nihil
2682 3933 2858 3979 tamen
2883 3934 3156 3990 novarent,
3184 3926 3313 3979 nihil
3334 3942 3525 3995 przcsu-

2020 4099 2096 4170 (l)
2134 4098 2420 4168 Capreolus
2446 4098 2659 4151 Aurelio
2685 4097 2956 4170 successit,
2985 4105 3332 4170 at_quo_ann_o
3359 4098 3525 4170 incerf

1947 4166 2061 4222 tum
2079 4166 2185 4233 est,
2211 4166 2432 4233 apparet
2463 4176 2639 4221 tamen
2672 4166 2813 4220 circa
2838 4181 2961 4219 ann.
2991 4166 3087 4220 Ch.
3126 4166 3248 4219 450.
3277 4167 3427 4221 Hunc
3459 4168 3525 4220 ad

1949 4185 2061 4222 tum
2087 4185 2185 4233 eSt,
2214 4185 2243 4221 a
2319 4185 2432 4222 aret
2463 4185 2639 4221 tamen
2672 4185 2813 4220 eirea
2838 4185 2961 4219 ann.
2991 4185 3087 4220 un.
3126 4185 3248 4219 400.
3278 4185 3427 4221 nunc
3459 4185 3524 4220 au

1949 4238 2220 4309 Synodum
2246 4185 2571 4309 ii‘iieodosius
2603 4252 2699 4309 per
2731 4237 2930 4309 litteras
2964 4236 3350 4309 invitavit_cu_m
3384 4237 3525 4291 Afris

1947 4304 2286 4386 Praesulibus,
2333 4317 2387 4362 et
2429 4304 2737 4386 nominatim
2784 4306 3151 4386 Augustinum.
3188 4304 3303 4386 Sed
3359 4323 3521 4386 qu‘um

1948 4393 2137 4432 novem
2165 4378 2275 4431 fere
2298 4378 2569 4432 mensibus
2596 4384 2717 4430 ante
2741 4374 2949 4429 concilii
2973 4374 3390 4430 celebrationem
3410 4377 3521 4429 Au—

1947 4449 2187 4517 gustinus
2223 4448 2414 4502 cmlum
2448 4447 2705 4517 petiisset,
2746 4453 2799 4499 et
2838 4457 2941 4517 una
2980 4445 3133 4499 simul
3166 4445 3235 4517 ob
3272 4448 3524 4515 temporis

1947 4514 2309 4583 acerbitatem,
2324 4514 2572 4571 Vandalis
2596 4515 2883 4571 Censerico
2907 4514 3040 4569 duce
3066 4515 3241 4569 omnia
3267 4514 3524 4570 vastanti-

1947 4589 2047 4643 bus
2074 4604 2136 4642 ac
2164 4587 2620 4657 depopulantibus,
2642 4586 2852 4657 rl’rimas
2877 4584 3148 4657 Synodum
3174 4584 3312 4639 haud
3336 4600 3526 4657 cogere

1948 4668 2145 4728 posset,
2176 4656 2325 4728 ut’ab
2351 4657 2437 4710 illa
2464 4656 2614 4728 electi
2640 4656 3525 4728 Ephesum_mittereutur,_velsal-

1948 4723 2055 4783 tem
2082 4723 2390 4792 hanoriﬁca,
2414 4742 2475 4781 ac
2495 4723 2744 4781 solemnis
2768 4725 2959 4796 legatio
2976 4743 2989 4777 :
3006 4724 3167 4796 voluit
3185 4723 3524 4796 nihilominus

1948 4815 2044 4868 pro
2088 4790 2494 4868 Ecclesiasticze
2522 4790 2845 4868 disciplinae:
2868 4794 3257 4868 observantia,
3282 4790 3523 4849 Besulam

1946 4864 2414 4946 Carihaginensem
2439 4864 2745 4946 Diaconum,
2759 4864 2840 4946 ad
2867 4864 3135 4946 Synodum
3149 4864 3413 4946 dirigere;
3439 4880 3524 4946 gu-

1942 4939 2030 5007 jus
2056 4934 2330 5009 legationis
2355 4936 2595 4991 meminit
2618 4937 2730 5005 ipse
2753 4934 3043 5009 Caprepllis
3071 4936 3123 5009 in
3149 4934 3316 5009 Epist.
3346 4934 3412 4988 ad
3439 4934 3517 5009 _Vi.

1946 5002 2135 5074 talem:
2155 5018 2209 5062 et
2234 5009 2567 5072 Tonantium,
2590 5002 2745 5076 quam
2771 5002 2847 5059 ei
2860 5003 2969 5058 MS.
2993 5002 3519 5061 CodiceVSirmondue

1947 5079 2128 5134 edidit.

2017 5149 2094 5219 (2)
2133 5148 2375 5223 Capreoli
2413 5148 2572 5223 verba
2605 5146 2720 5199 hcce
2757 5154 2914 5200 sunt:
2945 5164 2963 5196 ι
2994 5145 3234 5223 Vestram
3270 5143 3517 5223 sanctita-

1953 5239 1970 5271 ι
2002 5212 2106 5274 tem
2134 5212 2323 5273 iterum
2351 5227 2507 5287 atque
2541 5219 2731 5271 iterum
2758 5224 2993 5287 rogatam
3028 5214 3202 5287 cupio,
3232 5220 3290 5287 u_t
3322 5212 3518 5287 Spiritu

1953 5310 1971 5341 ‹
2002 5290 2195 5344 Sancto
2219 5283 2536 5362 cooperante
2562 5302 2718 5362 quem
2745 5283 2991 5362 cordibus
3017 5283 3225 5349 vestris,
3253 5283 3305 5334 in
3321 5284 3517 5362 ‘omni-

1952 5379 1969 5410 ι
1999 5360 2096 5414 bus
2129 5375 2246 5432 qua}
2281 5352 2445 5432 acturi
2478 5352 2627 5421 estis,
2670 5364 2864 5432 praesto
2879 5355 3127 5432 futurum
3149 5368 3269 5432 non
3304 5352 3513 5432 dubito,

1952 5449 1970 5481 ε
1999 5422 2162 5483 novas
2205 5428 2490 5491 doctrinas,
2530 5435 2583 5481 et
2622 5422 2844 5502 antehac
2878 5422 3260 5502 Ecclesiasticis
3301 5422 3515 5502 auribus

1952 5519 1970 5551 ι
1999 5500 2292 5563 inusitatas,
2320 5499 2509 5568 priscae
2532 5496 2855 5572 auctoritatis
2879 5493 3070 5547 robore
3094 5492 3333 5572 instructi
3357 5498 3397 5544 e’
3412 5508 3517 5572 me-

1952 5588 1970 5621 ι
1998 5571 2087 5625 dio
2119 5564 2426 5639 proﬂigétis,
2443 5575 2600 5639 atque
2624 5567 2696 5619 ita
2719 5564 3132 5639 quibuscumque
3157 5564 3306 5614 novis
3330 5564 3517 5639 errori-

1952 5659 1969 5691 ι
1997 5641 2095 5695 bus
2121 5631 2420 5693 resistatis.
2445 5657 2461 5683 ι
2496 5631 2660 5702 Hujus
2697 5631 2929 5702 epistolae
2956 5631 3304 5702 fragmentum
3329 5632 3519 5702 recitat

1946 5711 2244 5765 Ferrandus
2273 5710 2323 5761 in
2352 5709 2448 5776 Ep.
2472 5707 2536 5759 ad
2562 5700 2825 5776 Pelagium
2846 5711 2900 5757 et
2923 5701 3241 5767 Anatolium,
3272 5700 3328 5755 S.
3354 5700 3418 5757 Ii.
3444 5701 3508 5756 E.

1946 5776 2222 5850 Diaconos,
2249 5780 2350 5839 alia
2376 5773 2548 5838 tamen
2569 5773 2842 5830 latinitate.
3327 5859 3404 5916 22
