4018 6338
120 5010 123 5089 l

132 450 221 510 stt
1150 443 1207 506 s.
1239 434 2281 509 EUCHE—RlUS.-i-PROLEGOMENA.
3253 448 3356 510 ssc

130 570 248 626 tiens
282 570 573 617 sanctorum
604 568 817 630 patrum
840 557 1102 617 tenuisset
1120 562 1435 633 antiquitas,
1472 561 1673 632 quique
1700 565 1753 625 Α
1778 578 1871 615 nas
1884 578 2060 616 vocum
2075 564 2343 629 novitates,
2364 570 2417 615 et
2433 558 2671 619 item:St’
2682 560 2793 631 quis
2821 556 2960 619 vobis
2982 563 3359 621 annuntiavert't

128 664 266 720 etiam
290 656 641 712 vociferantes
665 664 719 711 et
746 656 1133 722 adclamantes,
1166 671 1273 711 uno
1295 671 1388 711 ore
1411 657 1677 712 testiﬁcati
1785 653 2122 723 praeterquam
2150 655 2284 723 quod
2306 656 2588 725 accepistis,
2614 650 2885 709 anathema
2910 656 2995 711 sit.
3013 654 3166 722 Qubd
3194 657 3237 711 si
3266 672 3361 713 ne-

132 765 236 813 sunt
261 755 350 807 bas
371 766 488 805 esse
513 748 751 804 omnium
780 764 963 815 voces,
996 747 1101 805 hoc
1126 764 1315 805 omnes
1344 761 1551 818 optare,
1578 748 1681 804 hoc
1782 763 1887 816 que
1913 747 2205 816 apostolica
2238 747 2453 801 deﬁnita
2473 762 2645 817 neque
2670 742 3035 803 ecclesiastica
3051 748 3265 806 decreta
3282 760 3362 804 te—

132 860 298 904 omnes
313 856 560 908 censere;
588 842 800 897 utsicut
818 842 1056 897 universi
1083 840 1194 898 fere
1221 840 1347 897 ante
1373 841 1679 897 Nestorium
1783 838 2036 895 meranda
2066 849 2211 903 sunt,
2243 839 2433 909 quibus
2478 839 2771 895 secundum
2810 854 3211 897 sacrosanctam
3242 844 3358 896 uni-

136 938 361 1001 haeretici,
384 944 788 990 contemnentes
808 943 1157 1001 vetustatem,
1182 945 1233 990 et
1256 934 1568 990 adserentcs
1588 950 1683 990 no—
1785 935 2053 989 versitalis
2086 944 2138 989 et
2171 931 2503 1004 antiquitatis
2520 935 2929 989 consensionem
2951 937 3127 990 cuncti
3152 950 3361 1004 semper

138 1035 347 1098 vitalem,
366 1029 601 1084 damnati
618 1028 869 1093 fuissent,
899 1027 975 1084 ita
997 1029 1113 1097 ipse
1141 1041 1355 1098 quoque
1378 1027 1679 1095 Nestorius,
1787 1026 2049 1097 haeretici,
2067 1026 2204 1083 etatl
2223 1035 2527 1082 extremum
2547 1026 2810 1096 Pelagius,
2834 1026 3137 1095 Caelestius,
3170 1024 3362 1082 Nesto-

141 1134 304 1182 auctor
321 1122 601 1189 novitatis,
653 1131 708 1177 et
738 1123 1077 1191 impugnator
1097 1121 1400 1187 vetustatis,
1432 1119 1686 1176 condem-
1786 1125 1919 1191 rius,
1950 1125 2070 1193 jure
2100 1122 2402 1191 meritoque
2433 1119 2668 1176 damnati
2708 1129 2852 1185 sunt,
2882 1136 3100 1178 necesse
3128 1131 3211 1176 est
3244 1135 3364 1189 pro-

142 1226 350 1272 ﬂaretur.
371 1214 610 1282 Quorum
638 1224 1002 1268 BaCI‘OSaIICIa‘.
1022 1222 1076 1268 el
1095 1212 1330 1268 cmleSliS
1355 1214 1542 1283 gratiae
1564 1226 1683 1266 mu-
1787 1215 1928 1273 lecto
1952 1217 2201 1272 omnibus
2228 1214 2483 1283 deinceps
2508 1211 2825 1280 Catholicis,
2850 1212 2941 1282 qui
2972 1227 3090 1267 sese
3114 1212 3367 1266 Ecclesia:

144 1310 526 1378 nereiuspirata
564 1307 851 1363 eonsensio
873 1308 917 1361 si
945 1308 1029 1361 cui
1060 1306 1325 1376 displicet,
1366 1305 1492 1375 quid
1541 1304 1687 1360 aliud
1788 1311 1976 1365 matris
2030 1308 2297 1380 legitimos
2352 1307 2487 1362 ﬁlios
2546 1305 2770 1375 probare
2800 1304 3034 1371 student,
3066 1316 3122 1359 ut
3169 1313 3368 1359 sancta:

145 1402 377 1471 sequitur,
414 1400 517 1454 nisi
546 1409 603 1454 ut
630 1400 1005 1468 prolanitatem
1034 1396 1267 1453 Nestorll
1316 1396 1532 1453 adserat
1581 1413 1688 1452 non
1790 1413 2099 1460 sanctorum
2114 1402 2331 1457 Patrum
2351 1398 2469 1456 ﬁdei
2502 1401 2818 1462 inhaereant,
2834 1398 3251 1467 adglutinentur,
3272 1398 3370 1453 im-

142 1494 242 1564 jut'e
259 1492 601 1547 damnum?
638 1491 719 1546 Ad
767 1502 1069 1547 extremum
1116 1505 1329 1561 quoque
1384 1491 1688 1546 universam
1792 1498 2114 1563 moriantur,
2138 1496 2391 1567 profanas
2413 1492 2546 1549 vero
2586 1492 2936 1566 profanorum
2974 1491 3245 1545 novitates
3278 1490 3373 1546 de-

147 1584 312 1641 Christi
332 1583 621 1639 Eeclesiam
643 1591 701 1639 et
728 1584 1018 1655 magistros
1039 1583 1156 1653 ejus
1176 1582 1462 1653 Apostolos
1487 1594 1544 1639 et
1570 1598 1691 1654 pro-
1792 1598 2076 1653 testentur,
2109 1586 2448 1654 horrescant,
2475 1586 2822 1651 insectentur,
2852 1594 3263 1653 persequantur.

145 1677 325 1748 plastas,
351 1673 732 1745 praecipueque
759 1684 937 1730 tamen
965 1675 1178 1730 beatum
1212 1675 1528 1744 Apostolum
1554 1674 1689 1729 Pau-
1866 1681 1869 1735 j

1866 1681 1995 1736 Haec
2022 1690 2149 1734 sunt
2194 1678 2306 1733 fere
2335 1693 2455 1746 quae
2497 1675 2705 1732 duobus
2748 1674 3183 1731 Commonitoriis
3212 1673 3373 1729 latius

148 1768 254 1833 lum,
280 1766 413 1821 velut
456 1766 703 1835 quaedam
750 1776 1097 1837 purgamenta
1142 1773 1489 1831 contemnat;
1522 1764 1691 1832 illam,
1795 1772 2051 1841 disseria,
2084 1766 2359 1840 aliquanto
2390 1785 2531 1824 nunc
2579 1768 2793 1824 brevius
2833 1767 3222 1837 recapitulandi
3259 1768 3374 1837 lege

147 1859 262 1931 quod
282 1860 309 1913 ἐι
328 1858 600 1929 Religione
620 1859 865 1915 colendae
877 1870 930 1915 et
949 1857 1256 1915 excolendae
1281 1856 1448 1916 semel
1474 1858 1573 1914 sibi
1590 1868 1694 1914 ιη-
1796 1865 2085 1922 constricta
2108 1872 2259 1928 sunt;
2291 1861 2622 1916 utmemoria
2647 1876 2789 1927 mea,
2818 1857 2905 1915 cui
2934 1858 3374 1913 adminiculandae

148 1952 248 2007 dita:
267 1950 380 2007 ﬁdei
408 1951 679 2021 nunquam
702 1952 1022 2019 recesserit;
1050 1951 1201 2006 illum
1229 1950 1381 2019 vero,
1409 1952 1499 2023 qui
1523 1954 1694 2023 scrip-
1723 1970 1771 2031 Β
1798 1956 1901 2012 ista
1930 1955 2280 2023 confecimus,
2309 1963 2366 2010 et
2398 1953 2772 2009 commonendi
2822 1952 3134 2009 assiduitate
3160 1965 3376 2022 repare-

147 2045 285 2102 serit:
309 2044 650 2112 OTt'ntolltee,
679 2044 969 2115 depositum
999 2044 1222 2115 custodi,
1255 2044 1483 2101 devitans
1510 2048 1690 2119 profa-
1794 2056 1902 2117 tur,
1934 2058 1989 2105 et
2018 2046 2340 2117 prolixitatis
2364 2045 2579 2101 fastidio
2610 2060 2715 2100 non
2744 2044 3020 2100 obruatur.

1348 2370 1494 2415 ANK.
1540 2370 1772 2417 DOMINI
1814 2371 2144 2416 CCCCXLIX.

711 2553 886 2714 s.
1024 2555 2789 2753 EUCHERIUS,

1002 2841 1827 2927 LUGDUNENSIS
1898 2842 2576 2938 EPISCOPUS.

1150 3136 2295 3249 PROLEGOMENA
2314 3210 2354 3249 .

709 3606 1041 3670 nomn
1084 3600 2052 3666 HlSTORlCO-LITTERARIA
2097 3599 2175 3662 1N
2219 3598 2282 3663 s.
2328 3590 2812 3668 EUCHERIUM.

989 3794 1082 3857 (Et
1109 3792 1491 3845 Bchmnemanni
1516 3790 1638 3841 Bibl.
1665 3791 1791 3842 Hist.
1814 3789 1952 3852 Litt,
1976 3789 2109 3855 Lips.
2138 3792 2277 3854 1791..
2298 3799 2417 3845 tom.
2442 3790 2529 3857 Il.)

774 3964 805 4037 ς
832 3963 874 4019 l.
920 3962 1064 4019 Vita.

230 4058 503 4117 Eucherius
548 4057 762 4125 Gallus,
808 4071 965 4112 orsus
1009 4070 1079 4111 es
1126 4052 1399 4110 senatorio
1431 4054 1709 4124 sanguine,

174 4162 294 4219 patre
315 4152 619 4217 Valeriano,
645 4164 803 4219 quem
828 4148 1071 4217 plerique
1098 4144 1351 4201 eumdem
1377 4153 1567 4215 putant
1590 4158 1713 4199 cum

174 4239 325 4296 Prisco
350 4242 656 4306 Valeriano,
704 4238 799 4310 qui
824 4240 967 4295 circa
999 4237 1139 4293 idem
1185 4247 1397 4307 tempus
1430 4236 1715 4306 praelectu-

177 4350 266 4389 ram
302 4335 475 4390 Galliae
523 4334 759 4389 obtinuit
801 4342 855 4386 et
899 4340 1157 4400 cognatus
1188 4330 1333 4385 Aviti
1379 4328 1718 4397 imperatoris

179 4427 270 4483 luit.
296 4428 490 4484 Gallam
517 4442 744 4484 uxorem
776 4426 946 4491 duxit,
978 4424 1095 4495 pari
1130 4423 1408 4476 nobilitate
1437 4421 1713 4487 feminam,

179 4536 228 4574 ex
269 4537 420 4591 eaque
456 4521 596 4576 duos
638 4519 873 4587 suscepit
907 4517 1062 4583 ﬁlios,
1108 4530 1335 4585 quorum
1386 4514 1521 4569 alter
1567 4512 1719 4567 Salo-

185 4611 279 4666 nius
300 4613 631 4681 postmodum
677 4608 983 4666 Genevensi
1016 4607 1271 4661 Ecclesiae
1304 4604 1539 4674 prrefuit,
1582 4604 1722 4658 alter

180 4700 402 4758 Veranius
431 4704 533 4774 ipsi
561 4701 701 4772 patri
722 4701 773 4755 in
798 4702 1109 4770 episcopatu
1133 4697 1476 4765 Lngdunensi
1507 4706 1721 4750 succes-

184 4794 252 4848 sit.
279 4796 415 4853 Circa
465 4810 668 4852 annum
712 4793 819 4850 409
862 4802 953 4847 aut
993 4790 1119 4857 ΗΟ,
1161 4802 1347 4861 vegeta
1405 4804 1467 4845 ac
1494 4790 1719 4845 ﬂorente

181 4885 320 4943 adhuc
339 4899 491 4945 aetate
514 4888 755 4945 Lirinum
784 4890 1133 4941 concesserat
1158 4881 1389 4953 indeque
1412 4899 1531 4938 cum
1558 4897 1719 4937 uxore

183 4986 219 5029 et
248 4979 354 5035 ﬁliis
382 4980 434 5036 in
482 4980 712 5035 insulam
746 4978 1100 5048 propinquam
1144 4975 1432 5040 Leronem,
1475 4991 1593 5046 qure
1624 4975 1719 5031 ho-
1824 4976 2007 5031 nensis
2037 4978 2232 5044 scripta
2266 4993 2282 5034 :

180 5067 247 5125 die
261 5070 451 5128 Sancta
471 5072 821 5142 Margaretbas
851 5078 954 5134 est,
994 5084 1054 5125 se
1079 5069 1309 5124 contulit
1335 5078 1391 5123 et
1418 5068 1718 5123 anachore-
1899 5069 1940 5124 Ι.
1984 5068 2059 5122 De
2090 5069 2241 5122 laude
2285 5067 2461 5125 Eremi
2494 5070 2562 5125 ad
2606 5070 2872 5129 Hilarium
2908 5074 3256 5132 Arelatensem
3290 5082 3401 5149 epi-

183 5169 266 5214 iam
288 5164 407 5233 egit,
437 5164 513 5220 ita
538 5174 738 5228 tamen,
774 5172 834 5216 ut
856 5162 1191 5231 potissimam
1215 5175 1398 5216 curam
1430 5161 1721 5216 liberorum
1826 5163 1981 5231 stola,
2014 5179 2121 5217 scr.
2152 5179 2200 5217 a.
2233 5164 2359 5219 428.

183 5264 366 5310 suorum
396 5255 699 5311 educationi
741 5254 1096 5321 impenderet,
1126 5267 1193 5309 es
1222 5254 1416 5323 quibus
1444 5252 1722 5308 Salonium
1897 5254 1960 5310 ll.
1986 5252 2220 5324 Epistola
2238 5255 2559 5312 Partemtica
2587 5257 2656 5311 ad
2682 5257 3017 5316 Valerianum
3044 5274 3318 5336 cognatum
3341 5267 3405 5319 de

184 5356 361 5413 quoque
388 5346 769 5415 aliquantisper
816 5344 1190 5400 Lirinensibus
1232 5344 1504 5413 magistris
1544 5346 1722 5399 Hono-
1748 5354 2117 5417 Dcontemptu
2162 5346 2344 5401 mundi
2387 5356 2440 5403 et
2482 5349 2749 5406 mularis
2795 5349 3159 5424 philosophas,
3201 5368 3309 5410 scr.
3347 5369 3401 5411 a.

185 5442 279 5489 rato
321 5435 569 5525 Salviano
613 5451 677 5493 ac
705 5436 990 5493 Vincentio
1028 5435 1369 5493 formandum
1408 5435 1574 5491 dedit.
1620 5438 1716 5491 Vix
1824 5436 1949 5494 £52.

1740 3960 1784 4021 C
1819 3969 1995 4015 autem
2029 3963 2165 4016 alius
2205 3964 2487 4035 quisquam
2522 3980 2589 4021 ex
2620 3966 2933 4026 clarioribus
2984 3968 3240 4031 Ecclesia:
3270 3976 3397 4033 Gal-

1820 4049 2010 4105 licanae
2039 4053 2300 4112 membris
2331 4054 2470 4124 apud
2502 4059 2760 4127 optimum
2795 4077 3059 4134 quemque
3102 4074 3157 4120 et
3198 4067 3395 4123 doctis-

1816 4142 2012 4197 simum
2042 4146 2223 4200 saeculi
2257 4147 2425 4201 virum
2462 4156 2663 4204 tantam
2688 4156 3017 4222 comparavit
3046 4160 3395 4217 existimatio-

1818 4250 1940 4290 nem
1964 4251 2123 4306 quam
2154 4240 2449 4295 Eucherius
2484 4259 2497 4294 :
2529 4257 2644 4296 nam
2681 4260 2801 4299 cum
2846 4248 3027 4303 multis
3056 4247 3395 4309 familiariter

1820 4326 1953 4381 vixit
1998 4340 2050 4383 et
2100 4344 2219 4383 cum
2264 4332 2536 4401 plerisque
2577 4334 2874 4391 litterarum
2909 4340 3089 4395 habuit
3131 4359 3395 4400 commer—

1820 4420 1960 4474 cium
1994 4431 2044 4474 et
2085 4421 2152 4475 ab
2178 4424 2429 4477 omnibus
2460 4425 2739 4483 immensis
2766 4429 3014 4487 laudibus
3043 4448 3262 4487 ornatus
3293 4448 3376 4491 est

1825 4512 2021 4567 Evenit
2066 4514 2164 4568 hac
2212 4516 2347 4569 fama
2390 4518 2628 4581 tandem,
2662 4531 2722 4574 ut
2768 4537 2906 4576 anno
2935 4526 3145 4581 circiter
3182 4526 3285 4583 454
3331 4530 3397 4585 ad

1823 4606 2191 4675 episcopatum
2218 4604 2630 4678 Lugdunensem
2654 4612 2996 4682 eveheretur,
3030 4617 3169 4685 quod
3203 4636 3398 4674 munus

1822 4712 1993 4767 usque
2019 4698 2084 4751 ad
2116 4714 2312 4754 annum
2344 4698 2450 4757 450
2480 4703 2775 4759 obtinuisse
2806 4722 2924 4759 eum
2962 4708 3275 4763 existimant
3298 4712 3395 4781 (ιι).

2415 4790 2444 4865 ς
2473 4792 2538 4849 Il.
2584 4794 2809 4863 Scripta.

1893 4884 2357 4940 Circumferuntur
2384 4884 2543 4941 hodie
2581 4889 2859 4957 sequentia
2898 4888 3148 4947 Eucherii
3189 4892 3403 4964 Lugdu-

242 5644 312 5771 ξὰ)
347 5647 493 5704 Alius
521 5648 589 5703 ab
634 5650 736 5702 hoc
762 5646 859 5701 luit
884 5645 1181 5699 Eucherius
1203 5642 1389 5699 Gallia:
1414 5642 1719 5710 episcOpus,
1830 5642 1965 5697 lalso
2015 5643 2116 5697 sibi
2144 5656 2545 5713 persuaserant,
2572 5660 2711 5717 quos
2746 5644 2904 5700 docte
2948 5652 3003 5699 et
3031 5646 3297 5717 sagaciter
3325 5663 3411 5703 re-

242 5756 243 5765 η
282 5728 424 5771 sexto
465 5721 666 5771 saeculo
706 5720 836 5771 vixit
884 5728 935 5771 et
964 5718 1128 5770 variis
1155 5714 1403 5769 conciliis
1430 5713 1726 5768 Gallicanis
1830 5710 1966 5771 lellit
2014 5714 2277 5771 Josenbns
2322 5718 2622 5771 Antclmius
2667 5716 2720 5770 in
2750 5714 3063 5771 Assertione
3111 5731 3209 5771 nro
3247 5720 3409 5771 unico

140 5730 143 5821 χ
189 5710 261 5783 qui
282 5710 424 5774 sexto
465 5721 666 5775 saeculo
706 5720 836 5773 visit
884 5728 935 5771 et
964 5718 1128 5793 variis
1155 5714 1403 5769 conciliis
1430 5713 1726 5794 Gallicanis
1830 5710 1966 5771 lellit
2014 5710 2277 5785 Josepbns
2322 5710 2622 5772 Antolmiu's
2667 5716 2720 5770 in
2750 5714 3063 5771 Assertione
3095 5710 3209 5786 'pro
3247 5720 3409 5773 unico

192 5789 325 5821 ..ιηοι
378 5792 660 5821 suum“:
711 5806 761 5821 ...
819 5806 845 5821 ι.
908 5786 1009 5821 [ενι
1062 5790 1565 5821 ίάνηηηιηναριριιαι
1602 5782 1701 5821 KQ"!
1837 5784 1875 5821 ς
1930 5786 2225 5821 πηηιωιριηη
2258 5788 2595 5821 [lands-nanti
2639 5788 2892 5821 οηςιιιηηη
2955 5803 3111 5821 Inst
3146 5797 3261 5821 Mcl
3292 5790 3377 5821 nit:

192 5782 327 5859 veluti
370 5792 663 5847 Arelatensi
711 5806 761 5845 tv
818 5806 869 5843 a.
904 5786 1030 5852 425,
1062 5784 1573 5859 Carpentoractensi
1598 5782 1728 5850 527,
1837 5784 1895 5840 S.
1927 5782 2225 5843 Euclterico
2256 5788 2601 5859 Lugdunensi
2638 5788 2911 5858 episeopo,
2954 5782 3126 5858 quam'
3146 5797 3265 5859 post
3292 5790 3410 5845 obi-

191 5856 483 5929 Arausicano
539 5871 591 5916 et
638 5862 861 5915 Vasenst
912 5859 1036 5925 529,
1084 5854 1417 5929 subscripsit.
1469 5854 1599 5929 Sed,
1628 5871 1731 5929 nec
1838 5866 1946 5910 tum
1979 5861 2092 5929 ejus
2139 5860 2302 5913 edidit
2351 5860 2515 5913 frater
2564 5854 2790 5929 Carolus
2825 5854 3416 5929 'Anlclmius'Parisiis,

192 5924 531 6003 Lugdunensis
565 5933 779 6004 quidem
824 5924 1110 6001 cpiscopus
1134 5928 1232 5985 ille
1260 5924 1382 5994 luit,
1408 5934 1473 5983 ut
1515 5927 1733 5998 quidam
1836 5929 1975 5998 apud
2004 5924 2192 5985 Claud.
2226 5930 2501 5987 Briasson.
2534 5929 2696 5989 1726.
2716 5926 2775 5986 ι.
