4018 6338
669 415 771 475 687

1576 409 1634 465 S.
1676 408 2062 467 EUCHEBIUS
2099 404 2472 464 EPISCOPUS
2511 406 3006 467 LUGDUNENSIS.
3821 414 3908 477 688

739 528 829 583 Ill.
872 526 1022 582 Liber
1070 522 1439 579 Forntularum
1482 524 1731 589 spiritalis
1780 523 2129 594 intelligentia
2175 523 2243 576 ad
2270 524 2322 585 Α
2347 522 2614 578 Lirinensi
2643 523 2913 579 Vincentii
2941 523 3179 579 Barralis
3210 525 3533 596 tandemque
3561 526 3763 584 additis
3792 529 3905 587 Pas-

678 620 958 674 Veranium
1008 616 1198 688 ﬁlium.
1231 616 1544 672 Inscribitur
1587 616 1718 671 alias
1763 618 1923 672 etiam
1971 616 2034 669 de
2080 618 2247 686 forma

673 710 921 780 spiritalis
941 708 1250 766 intellectus.
2102 714 2109 721 ’

745 802 832 857 IV.
876 800 1280 856 Instructionum
1329 801 1444 855 libri
1488 798 1553 854 ΙΙ
1595 802 1665 855 ad
1723 800 1996 856 Salonium
2044 797 2245 869 ﬁlium,

674 909 903 965 quorum
949 893 1089 949 alter
1114 894 1418 964 quastiones
1460 893 1527 948 de
1566 892 1961 948 difficilioribus
1998 890 2065 947 V.
2097 900 2151 945 et
2178 888 2246 947 N.

2350 617 2491 670 sione
2512 616 2571 671 8.
2609 616 2854 671 Mauricii
2882 626 2937 672 et
2962 617 3347 675 Commentariis
3372 618 3481 676 illis
3508 622 3708 691 spuriis
3740 623 3794 678 in
3822 624 3907 682 Gs-

2350 709 2510 760 nesim
2540 718 2586 761 et
2615 706 2770 762 libros
2805 708 3000 779 Regum
3025 724 3212 765 recusa
3240 720 3366 767 sunt
3395 712 3448 767 in
3478 713 3615 769 Bibl.
3641 714 3680 769 P
3698 713 3764 771 P.
3788 715 3904 774 512x.

2349 798 2592 870 Lugduni
2621 815 2673 854 a.
2708 800 2868 856 1677.
2916 800 3190 857 Posthac
3224 802 3436 873 singula
3465 813 3697 872 tantum,
3742 806 3905 877 impri-

2352 893 2455 947 mis
2484 894 2712 949 ascetica
2743 894 2829 948 illa
2854 894 2966 949 sive
2993 895 3220 949 seorsim
3247 896 3360 952 sive
3386 910 3508 952 cum
3529 898 3653 953 aliis
3677 902 3905 970 operibus

674 987 736 1041 Τ.
770 987 904 1041 locis
950 994 1163 1052 tractat,
1215 985 1353 1040 alter
1399 983 1783 1055 Explicationes
1829 985 2089 1055 nominum
2140 980 2249 1037 He-

673 1079 961 1132 braicorum
989 1078 1231 1132 continet
1256 1085 1311 1131 et
1339 1076 1419 1131 sic
1449 1076 1786 1131 inscribitur.

744 1170 805 1224 γ,
850 1170 1085 1223 Historia
1111 1167 1380 1223 Passionis
1412 1168 1473 1223 S.
1509 1167 1744 1221 Mauritii
1767 1177 1812 1221 et
1834 1168 2089 1221 sociorum
2111 1182 2250 1221 mar—

672 1272 839 1331 tyrum
866 1260 1078 1331 legionis
1120 1256 1315 1313 Felicis
1365 1257 1594 1313 Thebaa
1619 1259 2020 1328 Agaunensium,
2054 1272 2086 1311 a
2132 1258 2251 1327 qui-

671 1353 894 1408 busdam
927 1352 1052 1409 huic
1083 1352 1352 1409 Eucherio
1378 1352 1702 1423 abjudioata,
1729 1352 1930 1423 juniori
1962 1352 2121 1407 alicui
2156 1353 2252 1407 tri-

675 1447 819 1501 buta.

746 1537 829 1591 Vl.
872 1536 1141 1605 Homilia,
1189 1538 1293 1593 illae
1335 1537 1563 1605 scilicet,
1591 1552 1711 1608 quae
1750 1552 1846 1606 pro
1891 1534 2139 1606 genuinis
2183 1534 2251 1589 ab

675 1631 924 1684 omnibus
963 1640 1351 1700 agnoscuntur.

744 1722 854 1777 VII.
896 1722 1201 1777 Exhortatio
1236 1724 1303 1777 ad
1348 1722 1628 1777 Monachos
1676 1738 1743 1778 ex
1772 1722 1951 1787 tribus,
1987 1734 2120 1791 quas
2148 1718 2250 1775 sub

674 1818 791 1885 ejus
820 1816 1034 1872 nomine
1063 1816 1373 1872 IIolstenius
1400 1818 1452 1871 in
1481 1815 1667 1872 codice
1702 1816 2029 1886 Regularum
2063 1822 2249 1883 protu-

674 1910 753 1973 lit,
787 1911 974 1980 prima.

742 2001 875 2055 VIII.
918 1999 1151 2070 Epitome
1182 2000 1406 2072 Operam
1437 1999 1693 2056 Cassiani.

747 2092 1033 2162 Deperdita
1062 2101 1189 2148 sunt
1220 2092 1393 2162 plures
1424 2092 1676 2147 Eucherii
1708 2091 1951 2156 homilia,
1985 2089 2088 2144 nisi
2130 2087 2249 2142 alia

670 2186 901 2241 fortasse
945 2186 1220 2257 supersint
1267 2187 1322 2240 in
1378 2185 1687 2240 Collectione
1732 2184 2079 2249 homiliarum,
2130 2196 2261 2250 quae

672 2293 868 2333 nomen
892 2278 1107 2334 Eusebii
1135 2276 1400 2332 Emisseni
1426 2292 1523 2331 seu
1550 2275 1811 2331 Gallicani
1843 2274 2059 2329 nomine
2084 2272 2133 2325 in
2160 2270 2249 2325 Bi-

672 2368 955 2425 bliothecis
981 2369 1197 2423 Patrum
1225 2368 1461 2436 praefert.
1511 2366 1829 2419 Tribuuntur
1870 2362 2160 2427 Eucherio,
2195 2368 2251 2415 et

671 2462 887 2531 quidem
915 2462 1049 2517 falso
1076 2479 1089 2515 :
1120 2463 1181 2515 1°
1204 2458 1610 2515 Commentarins
1636 2460 1691 2511 in
1722 2457 1992 2522 Genesim;
2023 2465 2078 2511 et
2104 2456 2167 2509 2°
2187 2458 2252 2509 li-

674 2555 751 2609 bri
783 2568 839 2609 tv
880 2552 1375 2609 Commentariorum
1403 2553 1458 2606 in
1498 2553 1653 2606 libros
1685 2552 1882 2622 Regum
1917 2568 1945 2605 ει
1975 2553 2059 2605 .lo.
2090 2551 2247 2606 Alex.

676 2649 992 2704 Brassicano
1030 2648 1261 2717 primum
1308 2646 1572 2717 evulgati;
1603 2647 1659 2700 5ο
1689 2646 1906 2715 epistola
1944 2645 2010 2697 ad
2042 2643 2252 2697 Fausti-

671 2756 796 2793 num
826 2755 855 2794 a
885 2738 1099 2794 Labbeo
1128 2738 1302 2803 edita;
1334 2737 1393 2792 4⁸
1432 2737 1647 2809 epistola
1675 2737 1743 2789 ad
1772 2736 2044 2790 Philonem
2074 2751 2250 2804 quem-

673 2832 818 2897 dam,
849 2845 1008 2900 quam
1051 2829 1299 2886 Balnzius
1346 2829 1412 2884 ad
1451 2828 1652 2885 calcem
1703 2828 1967 2899 Agobardi
1997 2827 2250 2897 protulit;

674 2924 731 2979 5⁸
758 2923 960 2995 Regula
988 2924 1179 2993 duplex
1225 2924 1293 2975 ad
1320 2920 1603 2976 Monachus
1632 2922 1682 2974 in
1714 2919 1900 2975 codice
1928 2918 2251 2988 Regularum

674 3014 971 3080 IIolstenii;
1000 3015 1056 3069 6°
1085 3012 1213 3067 Tota
1234 3012 1322 3067 illa
1358 3011 1709 3065 Homiliarum
1743 3009 1975 3065 collectio
2004 3024 2124 3079 qua:
2155 3009 2254 3075 sub

675 3108 891 3165 nomine
921 3106 1136 3162 Eusebii
1173 3105 1443 3161 Emisseni
1474 3104 1869 3159 circumfertur.

1208 3196 1237 3270 ς
1269 3196 1355 3252 III.
1400 3195 1681 3251 Editiones.

2354 984 2493 1055 typis
2520 991 2645 1039 sunt
2674 985 2901 1052 reddita,
2933 1002 3074 1056 quas,
3106 1003 3175 1043 ne
3202 1004 3433 1059 sequens
3460 991 3702 1046 omnium
3743 993 3903 1052 editio-

2353 1091 2481 1131 num
2514 1091 2769 1133 recensus
2799 1078 3223 1150 jcbronologicus
3267 1082 3537 1151 negotium
3568 1083 3730 1138 alicui
3761 1083 3903 1143 faces-

2352 1175 2455 1232 sat,
2492 1168 2672 1236 paucis
2704 1168 2789 1223 hic
2836 1169 3118 1239 complecti
3146 1170 3314 1241 juvat.
3348 1172 3607 1229 Videlicet
3648 1173 3829 1230 Passio
3852 1177 3899 1234 S.

2353 1257 2599 1312 Mauricii
2627 1267 2750 1330 post
2777 1260 3066 1329 Mombriti,
3100 1261 3248 1317 Surii
3290 1271 3345 1319 et
3375 1263 3625 1320 Stevartii
3664 1266 3900 1324 editiones

2351 1349 2614 1404 sincerior
2643 1349 2785 1404 edita
2815 1359 2899 1405 est
2947 1366 2978 1405 a
3007 1351 3281 1408 Cbiflletio
3309 1353 3364 1407 in
3393 1352 3618 1411 Paulino
3664 1355 3899 1413 illustrato

2350 1455 2404 1493 a.
2442 1439 2611 1505 1662;
2656 1441 2889 1512 indeque
2942 1441 2997 1497 in
3036 1443 3176 1498 Bibl.
3224 1445 3368 1499 Max.
3414 1445 3636 1501 Patrum
3685 1447 3899 1518 Lugduni

2353 1532 2514 1599 1677,
2546 1542 2692 1589 tomo
2717 1533 2930 1601 XXVII,
2979 1544 3034 1590 et
3062 1536 3201 1605 apud
3250 1535 3568 1593 Ruinartum
3612 1541 3753 1594 etin
3780 1541 3899 1596 Actis

2352 1624 2712 1679 Bollandianis
2739 1627 2984 1695 repetita.
3010 1626 3247 1695 Epistola
3266 1630 3333 1682 ad
3363 1626 3707 1684 Valerianum
3739 1645 3898 1687 recusa

2353 1717 2450 1771 fuit
2496 1717 2740 1789 Lugduni
2795 1718 2931 1775 1511
2990 1730 3046 1775 et
3095 1720 3257 1788 1627,
3307 1730 3363 1777 et
3413 1738 3536 1778 cum
3588 1723 3772 1779 Herib.
3816 1725 3899 1779 Bo-

2353 1808 2557 1879 sweydi
2600 1809 2824 1866 scholiis
2849 1810 3162 1881 Antuerpiaa
3186 1828 3233 1866 a.
3272 1812 3433 1879 1621,
3475 1814 3896 1881 Monacltii1635,

2274 1900 2324 1961 Β
2351 1899 2552 1955 Genua
2590 1901 2748 1968 16M,
2776 1900 2999 1959 Parisiis
3030 1901 3191 1968 1646,
3219 1918 3336 1959 cur.
3380 1904 3518 1960 Phil.
3549 1904 3753 1961 Labbei
3772 1906 3896 1961 item-

2351 2008 2456 2062 que
2498 2008 2619 2049 cum
2670 1995 2888 2064 epistola
2938 1996 3007 2049 ad
3062 1994 3326 2050 Hilarium
3372 1997 3598 2068 aliisque
3656 2000 3897 2067 opusculis

2350 2083 2604 2138 asceticis
2632 2083 2853 2139 Vienna
2881 2084 3115 2141 Austria
3143 2086 3301 2153 1670,
3343 2086 3607 2143 Bruxellis
3641 2088 3794 2155 1671,
3820 2089 3897 2144 Pa-

2352 2174 2497 2230 risiis
2528 2174 2685 2240 1675,
2734 2175 2975 2233 Venetiis
3006 2178 3164 2244 1726,
3195 2178 3490 2250 eademque
3532 2180 3674 2236 haud
3704 2196 3817 2237 raro
3853 2184 3895 2237 in

2350 2266 2716 2321 recentiorum
2745 2267 3064 2337 populorum
3097 2269 3351 2325 idiomata
3381 2285 3661 2326 conversa.
3704 2271 3896 2327 Furniu-

2352 2361 2418 2414 la
2459 2360 2809 2432 intelligentia
2852 2362 3098 2431 spiritalis
3151 2378 3181 2417 a
3226 2362 3411 2419 Flacio
3456 2364 3667 2436 Illyrico
3713 2366 3895 2421 inserta:

2352 2462 2477 2507 sunt
2511 2452 2660 2507 Clavi
2708 2452 3003 2524 Scriptura
3050 2469 3217 2512 sacra:
3257 2455 3484 2512 Basilea
3514 2459 3675 2527 1580,
3724 2469 3894 2513 etcum

2355 2551 2456 2601 hoc
2484 2562 2649 2617 opere
2667 2550 2863 2619 sapius
2902 2549 3133 2605 diversis
3171 2551 3222 2605 in
3268 2550 3403 2605 locis
3431 2565 3651 2605 recusa.
3692 2550 3894 2623 Epistola

2352 2637 2422 2687 ad
2449 2636 2713 2691 Hilarium
2750 2653 2869 2693 cum
2913 2639 3133 2695 scholiis
3179 2639 3364 2695 l-Ierib.
3412 2640 3699 2712 Bosweydi
3726 2640 3895 2710 prodiit

2354 2730 2661 2798 Antucrpiae
2690 2730 2846 2797 1621,
2884 2731 3111 2802 indeque
3140 2734 3394 2788 translata
3422 2734 3474 2787 in
3505 2733 3648 2789 Bibl.
3681 2732 3783 2788 PP.
3807 2734 3894 2787 Co-

2355 2818 2464 2875 lon.
2501 2820 2658 2886 1618,
2708 2831 2746 2876 t.
2780 2821 2897 2891 XV,
2947 2833 3002 2879 et
3047 2838 3167 2879 cum
3214 2824 3429 2894 epistola
3473 2825 3542 2879 ad
3597 2824 3891 2879 Valerianum

2354 2911 2599 2983 Lugduni
2630 2913 2788 2981 1627,
2833 2915 3033 2971 Genua
3079 2916 3238 2983 1611,
3281 2929 3335 2973 et
3383 2918 3604 2973 Parisiis
3644 2919 3894 2983 1673,ex-

2355 3006 2551 3075 scripta
2583 3014 2686 3061 est.
2736 3006 2977 3061 Homilia
3005 3022 3035 3061 a
3078 3007 3320 3063 Livineio
3356 3008 3515 3063 editae
3545 3009 3753 3064 inserta
3787 3018 3895 3063 sunt

2354 3095 2493 3151 Bibl.
2519 3096 2731 3152 Patrum
2773 3098 2942 3154 Paris.
2990 3098 3156 3164 1624,
3191 3098 3348 3165 1611,
3383 3098 3542 3165 1654,
3590 3110 3626 3155 t.
3677 3100 3737 3165 Il,
3778 3111 3822 3155 et
3849 3101 3893 3153 in

2356 3192 2743 3247 Bibliothecatn
2772 3190 3239 3247 Concionatoriam
3268 3193 3576 3249 Combelisii
3607 3193 3890 3263 migrarunt.

746 3293 957 3363 Integra
1005 3288 1246 3345 omnium
1278 3288 1530 3344 Eucherii
1579 3288 1959 3359 opusculorum
2002 3288 2250 3343 collectio
2277 3273 2325 3338 (ἶ
2358 3284 2525 3341 Porro
2550 3302 2601 3340 a.
2630 3286 2785 3356 1657,
2820 3287 2872 3341 in
2907 3286 3234 3343 Bibliotheca
3274 3287 3400 3342 Mss.
3433 3287 3536 3343 sub
3563 3286 3790 3341 Eucherii
3810 3303 3893 3341 no.

678 3386 915 3442 nondum
944 3392 1142 3439 exstat.
1174 3381 1411 3437 Primum
1448 3381 1783 3450 opusculum,
1814 3380 1959 3449 quod
2002 3379 2253 3435 obstetri-
2354 3380 2500 3433 mine
2553 3379 2721 3432 edidit
2764 3379 3030 3450 epistolam
3077 3380 3146 3432 ad
3192 3375 3445 3433 Faustum
3488 3394 3539 3435 s.
3596 3378 3889 3445 Faustinum,

678 3472 1204 3545 cantetypographia
1233 3472 1404 3527 lucem
1438 3470 1590 3538 vidit,
1616 3470 1714 3525 fuit
1739 3469 1924 3525 Passio
1956 3470 2018 3524 8.
2052 3468 2254 3523 Mauri-
2354 3485 2495 3524 anno
2530 3467 2688 3525 1661.
2739 3469 3015 3541 Triplicem
3061 3468 3308 3526 Eucherii
3354 3471 3585 3541 regulam
3616 3472 3690 3524 'ad
3732 3468 3890 3525 Hono-

680 3568 746 3621 cii
775 3575 824 3620 et
851 3565 1131 3629 sociorum,
1163 3561 1257 3619 sed
1290 3563 1610 3632 interpolata
1640 3571 1695 3618 et
1741 3564 1857 3617 sine
1887 3562 2107 3617 nomine
2135 3560 2254 3631 ejus
2353 3564 2497 3629 chos,
2522 3579 2706 3618 veram
2733 3579 2912 3629 unam,
2936 3564 3071 3618 duas
3096 3575 3273 3619 autem
3297 3579 3491 3619 nomen
3518 3564 3637 3635 ejus
3663 3562 3891 3619 mentien-

682 3660 734 3713 in
771 3657 904 3712 Vitis
930 3655 1250 3712 Sanctorum
1275 3654 1581 3710 110mbritii.
1613 3654 1761 3709 llaud
1791 3654 1986 3724 exiguo
2014 3667 2145 3708 vero
2174 3654 2255 3707 in-
2355 3667 2436 3711 tes
2468 3656 2720 3725 produxit
2748 3656 2919 3711 Lucas
2942 3656 3246 3711 Holstenius
3269 3655 3322 3710 in
3351 3655 3538 3711 codice
3568 3655 3885 3725 Regularum,

683 3748 913 3805 tervallo
938 3756 1081 3818 post,
1116 3762 1165 3801 a.
1194 3745 1353 3813 1516,
1376 3747 1506 3800 exiit
1526 3761 1723 3800 nomen
1744 3746 1981 3800 auctoris
2002 3745 2055 3799 in
2081 3744 2256 3799 fronte
2354 3748 2569 3817 epistola
2598 3750 2665 3802 ad
2697 3747 2973 3803 Philonem
3018 3749 3365 3821 presbyterum
3411 3748 3545 3804 falso
3584 3764 3769 3805 nomen
3803 3747 3889 3802 Eu-

678 3855 871 3911 gerens
898 3839 1115 3909 cpistola
1157 3838 1225 3892 ad
1262 3837 1615 3902 Valerianum,
1647 3837 1871 3892 Basilere
1899 3853 1965 3892 ex
2006 3838 2255 3907 recogni-
2355 3839 2529 3895 cherii
2561 3839 2852 3909 praeferens
2881 3850 3093 3910 reperta
3128 3840 3226 3895 fuit
3251 3856 3279 3894 a
3311 3840 3531 3895 Baluzio
3556 3850 3610 3896 et
3635 3840 3699 3894 ad
3725 3839 3887 3895 calcem

678 3936 823 3989 tione
845 3932 906 3986 B.
942 3931 1206 3995 Rhenani,
1235 3930 1449 4001 citoque
1489 3930 1687 3985 ibidem
1717 3947 1771 3985 a.
1803 3930 1942 3986 1520
1971 3945 2093 3984 cum
2127 3930 2259 3985 Era-
2355 3932 2591 4002 Operum
2634 3932 2907 4003 Agobardi
2934 3932 3175 3999 Parisiis,
3223 3949 3274 3988 a.
3322 3933 3482 3999 1665,
3514 3933 3584 4005 ab
3615 3948 3678 3989 eo
3720 3932 3887 4003 prolata

679 4031 781 4081 smi
813 4025 1055 4091 scholiis,
1083 4034 1136 4080 et
1165 4024 1383 4078 Parisiis
1413 4039 1465 4077 a.
1494 4024 1631 4079 1525
1662 4024 1891 4094 repetita
1922 4033 2025 4080 est.
2058 4027 2257 4080 Acces-
2356 4038 2462 4082 est.
2494 4027 2739 4097 Denique
2770 4027 3030 4097 Epitomes
3053 4025 3285 4081 Cassiani
3305 4025 3492 4083 Graec
3510 4042 3774 4083 conversae
3794 4039 3888 4093 spe-

678 4128 864 4176 serunt
886 4120 1044 4188 paqu
1073 4126 1195 4188 post
1222 4118 1445 4172 Basilea:
1467 4118 1607 4189 apud
1631 4120 1987 4175 Cratandrum
2012 4135 2064 4174 a.
2092 4118 2254 4191 1530,
2358 4119 2534 4175 cimen
2565 4120 2715 4176 dedit
2735 4120 3058 4177 Montefalco
3086 4121 3139 4175 in
3166 4120 3404 4176 editione
3431 4120 3666 4191 Operum
3694 4119 3888 4176 Atham-

678 4222 769 4268 aut
796 4213 1069 4282 aliquanto
1098 4212 1256 4266 citius
1285 4212 1507 4267 Parisiis
1537 4213 1677 4282 apud
1708 4213 1990 4268 Claudium
2019 4214 2256 4271 Cheval-
2358 4217 2445 4281 sii,
2476 4218 2543 4271 de
2571 4232 2676 4286 quo
2723 4231 2823 4271 nos
2871 4217 2923 4271 in
2953 4216 3212 4273 Cassiano
3244 4216 3423 4272 dicere
3459 4216 3703 4273 memini.
3738 4212 3887 4284 Sequi-

678 4309 879 4362 lonium
913 4308 1028 4362 sine
1057 4319 1200 4360 anno
1239 4301 1506 4359 Formula
1535 4306 1885 4377 intelligentia
1922 4308 2173 4375 spiritalis
2202 4318 2259 4364 et
2361 4318 2446 4362 tur
2470 4306 2637 4361 Index
2665 4307 3077 4379 chronologicus.

679 4400 794 4453 libri
824 4400 928 4453 dno
956 4396 1379 4461 lnstructionum,
1408 4398 1601 4467 quibus
1624 4414 1765 4453 anno
1793 4401 2037 4470 sequenti
2066 4417 2131 4456 ex
2163 4416 2255 4457 re-

678 4491 856 4561 liquiis
910 4490 1257 4546 Bibliotheca
1314 4490 1575 4545 Budensis
1621 4490 1827 4546 addidit
1879 4494 2061 4562 spuria
2123 4496 2253 4561 duo,

681 4558 1057 4635 Commentaria
1098 4582 1151 4634 in
1180 4579 1413 4635 Genesim
1461 4590 1513 4637 et
1556 4582 1712 4637 libros
1756 4558 1988 4653 Regum,
2022 4558 2254 4644 Joannes
2370 4653 2391 4655 ξ
2431 4564 2559 4618 δίκε
2584 4579 2739 4655 fimi")
2769 4561 2968 4655 ιον-⁸⁸
3005 4562 3325 4655 ‘ill’O-‘l'al’hl’
3349 4559 3686 4655 Ψεάίοίαηὶ)
3708 4558 3884 4655 in.”

686 4672 991 4726 Alexander
1044 4670 1409 4738 Brassicanus,
1460 4672 1722 4742 simulque
1768 4671 2133 4728 Formnlarum
2185 4678 2251 4730 li-

2359 4653 2543 4709 Passio
2572 4652 2632 4708 S.
2668 4650 2899 4705 Mauritii
2936 4659 2984 4703 et
3022 4653 3132 4720 ejus
3174 4651 3610 4715 commilitonum;
3660 4649 3709 4703 in
3738 4648 3886 4701 Bonini

682 4766 828 4819 5mm
856 4780 920 4820 ex
958 4763 1142 4819 οοάίαθ
1183 4780 1283 4817 ηις.
1335 4764 1518 4818 sedum
1568 4741 1867 4834 castigavit.
1920 4765 2047 4823 ῃωθ
2077 4769 2257 4822 omnia
2363 4744 2803 4801 MombritiiVitis
2822 4742 3290 4834 Sanctorum,vol.
3319 4741 3499 4808 ll,fol.
3524 4758 3716 4801 cun—
3732 4755 3832 4796 cur.

681 4860 903 4929 jnnctim
935 4874 1121 4915 recusa
1148 4868 1272 4913 sunt
1311 4858 1494 4914 Romae
1524 4859 1665 4929 apud
1696 4832 1917 4913 Paulum
1965 4860 2255 4916 Manutinm
2438 4838 2610 4942 Prima
2634 4835 2747 4891 hinc
2770 4833 2939 4939 editio
2965 4841 3051 4889 ⁸⁵⁸
3081 4832 3238 4903 huius
3267 4833 3532 4904 ⁰Ρ¹¹⁸⁶ί¹¹ίο
3552 4834 3666 4897 sed'
3692 4841 3743 4886 m
3766 4838 3884 4882 am”

683 4968 731 5006 a.
773 4948 928 5015 1564,
958 4959 1179 5004 curante
1209 4950 1366 5004 Petro
1402 4950 1679 5005 Galesinio
1706 4958 1759 5004 et
1789 4950 2017 5006 Andreze
2046 4951 2257 5007 Schotti
2365 4940 2649 4993 "mnuum,
2678 4944 2786 4983 "0"
2815 4942 3049 4983 Slncera‘

685 5062 809 5099 cura
846 5060 895 5098 a.
926 5044 1084 5113 1618,
1118 5043 1170 5097 in
1203 5053 1345 5097 tomo
1378 5042 1419 5096 V
1452 5043 1584 5097 Bibl.
1618 5042 1731 5097 PP.
1780 5040 2139 5098 Coloniensis.
2172 5042 2259 5098 In-
2436 5043 2593 5098 1516.
2615 5040 2864 5105 Basilea;
2894 5038 3052 5093 in-M.
3078 5038 3141 5092 D.
3161 5037 3478 5094 Eucherii...
3505 5033 3887 5106 epistolaPara-

686 5147 831 5191 terea
862 5143 1072 5204 reperta
1101 5142 1183 5188 est
1211 5142 1265 5187 et
1293 5149 1321 5187 a
1364 5133 1605 5189 Gilberto
1635 5133 1985 5191 Genebrardo
2033 5150 2127 5190 seu
2156 5150 2257 5206 po-
2361 5136 2532 5189 netica
2561 5135 2628 5187 ad
2662 5130 2997 5186 Valerianum
3025 5140 3309 5199 cognatum
3340 5146 3496 5185 suum
3523 5130 3597 5185 de
3627 5132 3888 5191 contemptu

688 5229 791 5282 tius
844 5226 1097 5297 Dionysio
1145 5225 1440 5281 Faucherio
1500 5226 1744 5296 Parisiis,
1804 5243 1856 5282 a.
1909 5228 2049 5283 1578
2092 5229 2255 5297 edita,
2362 5225 2545 5281 mundi
2586 5224 2675 5297 (ex
2714 5221 3082 5293 recognitione
3131 5221 3279 5277 Beati
3309 5220 3604 5293 Rbenani).
3642 5220 3750 5277 Cat.
3785 5216 3871 5271 Bibl

685 5320 897 5389 epistola
928 5319 990 5373 de
1028 5317 1181 5371 laude
1209 5316 1383 5371 Eremi
1413 5317 1480 5371 ad
1512 5315 1801 5383 Hilarium,
1834 5320 2072 5389 itemque
2103 5328 2258 5375 tene-
2362 5318 2566 5373 Bunau.

687 5414 795 5467 bris
851 5420 1050 5481 θτθρῑπ
1102 5409 1365 5479 εάίιωίιιιθ
1409 5417 1534 5463 sum
1581 5408 1822 5463 Ηοητίίίω
1870 5412 2114 5480 Belminil3
2162 5427 2258 5481 Ρει·
2434 5419 2591 5474 1520.
2624 5416 3050 5484 Basilea;apud
3073 5415 3333 5469 Andream
3371 5407 3891 5479 Cratandrssm;in-i'.

686 5506 840 5560 Joan.
873 5503 1169 5559 Livineium
1219 5516 1340 5557 cum
1387 5501 1671 5556 Theodoro
1700 5502 1907 5557 Studita
1946 5503 2255 5572 Antuerpire
2360 5509 2502 5565 Clari
2533 5511 2682 5578 juxta
2712 5521 2775 5562 ac
2796 5506 2986 5562 diserti
3014 5506 3115 5561 viri
3143 5507 3392 5562 Eucherii
3423 5505 3785 5575 Lugdunensis
3807 5516 3887 5565 ep!-

687 5616 736 5650 n.
773 5596 947 5661 1602;
982 5594 1212 5663 indeque
1241 5593 1455 5648 omissis
1479 5592 1711 5646 homiliis
1742 5594 1971 5661 genuina
2006 5593 2257 5649 Eucherii
2360 5602 2509 5670 scopi
2538 5600 2605 5654 ad
2645 5598 2974 5653 Valerianum
3003 5607 3286 5667 cognatum
3330 5612 3485 5652 suum
3509 5597 3720 5667 ερίειοιη
3748 5586 3896 5642 Para-

686 5690 963 5761 opuscula,
989 5703 1178 5757 nempe
1200 5684 1461 5741 Formula
1488 5687 1839 5756 intelligentia
1860 5688 2133 5756 spiritalis,
2161 5684 2259 5741 In-
2360 5693 2548 5757 netica,
2577 5689 2645 5742 ab
2675 5702 2859 5743 amore
2889 5687 3074 5742 mundi
3105 5687 3389 5757 studioque
3420 5688 3656 5757 profana:
3694 5684 3896 5756 philoso-

684 5783 1019 5836 slructionum
1054 5783 1170 5836 libri
1198 5784 1300 5835 duo
1345 5791 1397 5835 et
1427 5780 1667 5850 epistolae
1715 5780 1782 5832 ad
1836 5779 2163 5835 Valerianum
2210 5791 2260 5835 et
2360 5782 2501 5851 phiae
2536 5780 2603 5834 ad
2631 5778 2851 5849 pietatis
2885 5792 3133 5848 veraque
3172 5778 3449 5848 sapientia
3478 5778 3706 5834 studium
3735 5786 3895 5847 pravo.

686 5878 973 5946 Hilarium,
996 5892 1102 5936 una
1119 5876 1351 5935 exhibita
1374 5874 1809 5949 Lngduui1615;
1835 5874 1888 5931 in
1900 5874 2257 5962 Chronologia
2294 5953 2314 5962 -
2361 5890 2512 5943 cans,
2539 5888 2662 5962 cum
2684 5872 2905 5958 scholiis
2935 5872 3059 5961 Des.
3093 5870 3317 5927 Erasmi.

2968 4445 3179 4487 δεουιο
3211 4447 3321 4485 XVI.
