4018 6338
193 299 311 362 689

1567 294 2084 355 PROLEGOMENA.

3350 315 3452 375 690

268 409 349 470 Ad
381 410 522 467 hanc
565 408 855 467 editionem
900 407 1134 479 pertinet
1162 408 1305 465 haud
1345 408 1508 465 dubie
1544 409 1773 479 epistola
1800 412 1849 471 Α
1878 418 2097 479 propter
2128 413 2515 483 typographum
2556 420 2649 470 aut
2683 414 3030 486 bibliopolam
3056 423 3187 474 aetas
3218 416 3334 488 ejus
3368 423 3452 474 ἰηα

195 504 436 569 Erasmi,
468 516 593 573 qua:
621 501 805 556 libello
835 500 961 555 huic
1012 501 1066 556 in
1097 501 1332 558 editione
1379 502 1677 557 Basileersi
1721 516 1772 555 a.

198 597 331 654 1551
361 597 577 667 praeﬁxa
610 604 715 661 est,
753 593 821 649 ad
847 594 1107 650 Alardum
1133 594 1617 651 Amstelredamum
1647 594 1777 650 libe-

194 689 389 745 ralium
414 690 607 744 artium
639 688 1021 758 professorem,
1070 703 1100 743 a
1132 704 1237 759 quo
1267 698 1405 744 mss.
1437 688 1554 759 ejus
1593 702 1776 744 exem-

194 781 317 851 plar
339 780 437 835 abs
468 779 701 835 auctoris
731 780 949 834 nomine
978 780 1252 850 accepisse
1273 780 1506 837 videtur.
1544 800 1565 834 ι
1600 781 1781 837 Libel-

192 873 298 941 lus,
334 873 526 942 inquit,
557 886 715 942 quem
744 871 961 939 misisti,
1003 887 1126 928 cum
1157 873 1269 929 suis
1295 873 1509 929 dotibus
1538 875 1778 945 undique

193 963 395 1018 mirum
429 963 482 1017 in
506 962 725 1016 modum
756 962 1039 1032 placuerit,
1076 973 1186 1019 tum
1218 964 1322 1019 hoc
1343 965 1543 1034 placuit
1567 966 1781 1035 impen-

192 1053 331 1117 sius,
380 1052 523 1121 quod
573 1051 703 1107 olim
738 1066 909 1122 puero
955 1053 1087 1107 mihi
1134 1061 1190 1109 et
1230 1054 1525 1110 lectitatum
1565 1070 1687 1111 esse
1724 1064 1782 1111 et

196 1145 467 1214 placuisse
497 1144 735 1199 memini.
766 1144 821 1199 Si
852 1144 981 1214 quid
1015 1159 1137 1201 meo
1167 1145 1420 1217 suffragio
1460 1148 1671 1213 tribuis,
1699 1147 1781 1201 ni-

196 1235 271 1289 hil
302 1236 459 1289 video
504 1234 798 1304 profectum
828 1250 858 1288 a
892 1243 1088 1290 nostrae
1127 1236 1405 1307 religionis
1447 1238 1777 1304 hominibus,

197 1327 286 1396 qui
316 1327 642 1397 eloquentia:
670 1342 881 1397 quoque
926 1328 1093 1397 gloria
1140 1328 1443 1396 ﬂoruerint,
1472 1332 1610 1400 quod
1657 1347 1780 1387 cum

197 1419 364 1488 hujus
388 1419 569 1488 phrasi
597 1420 669 1474 sit
691 1419 1101 1478 conferendum.
1124 1420 1197 1477 Ut
1221 1437 1483 1493 nusquam
1514 1439 1619 1479 non
1643 1439 1783 1495 prae-

196 1522 306 1571 stat
336 1516 609 1585 egregium
650 1516 933 1584 artiﬁcem,
984 1517 1098 1571 sive
1128 1528 1341 1586 spectes
1371 1518 1637 1585 ordinem,
1667 1520 1782 1576 sive

195 1608 462 1661 transitus
501 1606 731 1663 subinde
775 1623 967 1673 novos,
1016 1608 1129 1663 sive
1168 1624 1277 1664 non
1305 1611 1525 1681 vulgare
1570 1612 1780 1681 ingres-

197 1712 343 1763 sum,
376 1697 543 1753 veluti
574 1698 736 1754 limen
776 1700 1277 1769 argumentationis.
1310 1700 1518 1756 Nullam
1548 1704 1780 1759 suasorii

1879 512 2023 559 certa
2053 520 2172 559 esse
2196 521 2300 559 non
2334 508 2519 575 possit.
2556 519 2697 563 etne
2719 510 2888 566 series
2920 510 3106 565 barum
3133 511 3448 577 editionum,

1877 611 1997 665 qum
2019 596 2167 663 plura
2191 597 2436 652 Eucherii
2464 601 2721 669 opuscula
2745 601 2971 670 junctim
2994 603 3269 669 exhibent,
3295 603 3451 658 inter-

1877 687 2107 756 cipiatur
2128 729 2142 754 ,
2178 687 2281 743 huc
2306 704 2567 758 reponere
2596 707 2713 746 eam
2740 693 2913 748 visum
2942 702 3043 750 est.
3080 693 3343 751 Prtefatus
3369 702 3453 749 est

1880 780 2070 835 Petrus
2107 779 2379 835 Gerardus
2407 783 2629 851 epistola
2660 784 2784 839 data
2808 786 3026 841 Parisiis
3062 802 3191 841 xvm
3236 786 3447 842 kalend.

1880 870 2169 927 Novembr.
2189 872 2305 926 sine
2329 888 2491 940 anno,
2515 874 2580 928 ad
2610 875 2928 933 Gulielmum
2951 878 3183 933 Parvum
3213 879 3447 936 Trecen-

1879 978 1993 1018 sem
2040 962 2351 1032 episcopum
2403 972 2457 1018 et
2502 962 2681 1035 Regiae
2726 966 3077 1023 confessionis
3112 967 3449 1037 auditorem,

1880 1056 2032 1127 cujus
2058 1056 2318 1111 beneﬁcio
2345 1071 2466 1110 cum
2500 1056 2750 1113 Eucherii
2786 1059 2899 1113 haec
2932 1061 3189 1129 opuscula
3216 1061 3448 1131 alioqui,

1881 1158 1940 1203 ut
1966 1147 2061 1214 ait,
2088 1163 2205 1202 rara
2228 1158 2553 1203 consecutus
2579 1149 2647 1204 sit
2672 1192 2686 1216 ,
2722 1150 2913 1218 ingrati
2941 1160 3101 1221 atque
3130 1151 3454 1221 impudentis

1882 1239 2079 1310 ingenii
2104 1240 2214 1295 fore
2233 1240 2325 1307 ait,
2354 1240 2456 1295 nisi
2478 1241 2592 1311 ejus
2614 1243 2815 1297 nomini
2844 1254 3201 1300 consecraret.
3231 1264 3251 1297 ι
3285 1245 3455 1302 Acce-

1882 1330 1981 1397 dit,
2041 1330 2238 1400 inquit,
2296 1331 2439 1401 quod
2498 1332 2554 1386 in
2604 1332 2874 1403 publicum
2929 1334 3158 1391 mittitur
3197 1336 3455 1392 industria

1883 1436 2112 1477 excusus
2157 1430 2212 1476 et
2251 1422 2570 1479 informatus
2610 1424 2816 1480 Claudii
2844 1424 3176 1482 Cbevallonii
3219 1428 3456 1483 hominis

1884 1514 1947 1567 T.
1981 1513 2046 1567 D.
2077 1512 2450 1581 addictissimi,
2481 1516 2682 1585 quique
2712 1515 3062 1574 vehementer
3089 1518 3319 1574 annixus
3343 1531 3455 1583 eat.

1885 1614 1943 1658 ut
1964 1604 2143 1674 quoad
2174 1604 2289 1659 ﬁeri
2318 1615 2540 1675 posset,
2574 1606 2626 1663 id
2659 1608 2932 1678 exemplar
2955 1651 2970 1676 ,
3004 1610 3145 1680 quod
3175 1626 3335 1665 unum
3365 1626 3459 1670 sua

1884 1695 2207 1752 liberalitate
2261 1706 2449 1753 nactus
2492 1709 2631 1767 erat,
2686 1713 3064 1773 repurgaretur
3104 1712 3182 1759 tot
3228 1704 3457 1771 mendis.

196 1793 416 1862 generis
448 1803 653 1862 partem
687 1807 791 1847 non
824 1800 1040 1849 tractat.
1081 1792 1356 1863 Nusquam
1386 1794 1597 1850 desidet
1625 1797 1680 1850 in
1702 1798 1783 1852 ιο·
1808 1794 1858 1856 Β
1885 1788 2084 1860 ﬁnibus
2126 1791 2512 1861 propemodum
2562 1793 2941 1851 labefactalum
2990 1805 3107 1852 erat
3143 1815 3156 1849 ε
3211 1798 3461 1854 adhibitis

198 1886 280 1939 cis
312 1885 713 1941 communibus.
757 1886 925 1957 Magis
956 1894 1110 1956 urget
1146 1896 1200 1942 et
1225 1887 1390 1942 instat
1428 1889 1780 1959 argumentis,

197 1978 338 2033 mire
370 1980 554 2048 pungit
582 1977 1045 2047 epiphonematis,
1076 1977 1307 2034 delectat
1329 1979 1478 2049 juxta
1523 1989 1578 2035 et
1606 1992 1785 2037 movet

197 2070 508 2125 sententiis.
541 2070 800 2139 Quodque
830 2069 999 2141 magis
1040 2070 1200 2124 etiam
1231 2071 1539 2127 mirandum
1564 2080 1667 2136 est,
1705 2072 1784 2129 sic

200 2162 455 2217 Isocratis
484 2163 850 2217 schematibus
900 2162 1195 2229 modulata,
1226 2173 1453 2229 structa,
1490 2166 1785 2233 picturata-

198 2268 306 2323 que
336 2262 422 2309 est
450 2256 643 2322 oratio,
673 2263 733 2308 ut
760 2270 1021 2324 nusquam
1046 2253 1261 2324 frigeat,
1298 2266 1393 2309 aut
1420 2258 1663 2326 ineptiat.
1694 2256 1785 2312 Sic

201 2357 421 2417 arguta,
450 2356 506 2403 ut
532 2348 747 2403 interim
790 2362 1048 2414 nervosa;
1077 2349 1153 2403 sic
1180 2349 1475 2415 elaborata,
1515 2358 1573 2405 ut
1603 2359 1785 2407 tamen

200 2439 476 2504 dilucida;
504 2439 581 2494 sic
606 2454 763 2506 nova,
791 2438 884 2495 sed
906 2450 963 2495 ut
992 2441 1152 2495 taedio
1178 2448 1364 2496 careat
1390 2441 1782 2510 alfectationis;

200 2533 277 2588 sic
309 2533 526 2597 festiva,
558 2542 617 2587 ut
644 2533 812 2587 nihilo
839 2535 1017 2588 secius
1045 2535 1223 2603 gravis
1249 2550 1310 2589 ac
1352 2537 1523 2601 seria;
1552 2538 1629 2591 sic
1659 2537 1786 2593 rhe-

204 2624 407 2691 torica,
461 2634 518 2679 ut
546 2628 771 2699 γνησίως
802 2634 977 2680 tamen
1035 2624 1361 2681 Christiana.
1414 2627 1655 2698 Denique
1709 2630 1786 2685 sic

200 2715 349 2771 acris
401 2731 465 2771 ac
515 2716 829 2781 vehemens,
858 2725 918 2771 ut
967 2717 1050 2772 sui
1098 2726 1276 2772 tamen
1324 2719 1521 2788 ubique
1571 2720 1783 2789 similis,

200 2810 321 2880 pari
367 2810 663 2865 intentione
696 2809 763 2864 ad
807 2818 1108 2864 extremum
1152 2826 1320 2882 usque
1357 2812 1559 2867 calcem
1594 2827 1788 2883 prope-

202 2916 355 2965 rans,
388 2902 505 2955 sani
532 2900 784 2956 videlicet
821 2903 1104 2973 vegetique
1144 2902 1346 2973 ingenii
1387 2913 1782 2971 argumentum.

200 2995 519 3051 Gennadius
555 2995 683 3049 dum
736 2995 863 3050 huic
900 2996 1099 3066 stylum
1148 2996 1335 3050 tribuit
1374 2996 1781 3064 scholasticum,

201 3088 251 3143 ni
315 3088 493 3153 fallor,
528 3089 829 3158 plusculum
881 3089 936 3143 in
976 3102 1041 3145 eo
1088 3089 1419 3145 desideravit
1462 3105 1783 3146 arcanarum

1886 1882 2047 1936 etiam
2064 1882 2129 1936 ad
2153 1881 2295 1937 hunc
2316 1899 2468 1938 usum
2496 1885 2874 1942 vetustissimis
2893 1887 3036 1942 LXX
3054 1888 3460 1961 lnterpretibus,

1886 1982 1941 2028 et
1975 1974 2203 2028 aliorum
2235 1976 2482 2031 codicum
2509 2018 2525 2043 ,
2570 1978 2764 2048 quibus
2809 1980 2899 2034 illa
2941 1990 3072 2036 aetas
3114 1995 3460 2053 assueverat,

1888 2071 2366 2139 translationibus;
2413 2088 2544 2143 quas
2589 2075 2722 2130 nihil
2760 2082 2978 2148 gravate
3002 2079 3224 2146 ascivit,
3268 2090 3325 2134 ut
3364 2079 3461 2135 hac

1887 2161 2097 2218 ratione
2123 2176 2273 2219 suam
2301 2164 2629 2233 diligentiam
2669 2166 2764 2223 tibi
2802 2168 3161 2239 approbaret,
3215 2179 3271 2225 et
3311 2171 3462 2226 bonis

1887 2252 2081 2308 studiis
2111 2254 2211 2309 bac
2240 2270 2450 2326 quoque
2476 2257 2528 2311 in
2563 2266 2713 2326 parte
2755 2258 3055 2328 prodesset.
3092 2278 3111 2312 ι
3148 2260 3462 2329 Exemplum

1888 2344 2047 2415 hujus
2076 2348 2319 2416 epistolae
2372 2349 2527 2404 nobis
2555 2350 2764 2420 praebet
2807 2352 2970 2408 editio
2998 2353 3368 2424 Lugdunensis
3410 2369 3461 2408 a.

1887 2438 2049 2494 1615.
2104 2438 2288 2493 Notari
2347 2449 2523 2496 autem
2574 2442 2775 2509 debet,
2824 2443 3145 2500 Casimirum
3199 2446 3463 2501 Oudinum

1890 2528 2110 2600 (Comm.
2142 2532 2204 2585 de
2232 2530 2341 2587 SS.
2385 2530 2533 2585 Eccl.
2558 2542 2595 2586 ι.
2637 2535 2654 2587 1
2709 2551 2762 2604 p.
2790 2532 2951 2606 1220)
2974 2537 3061 2604 qui
3091 2535 3249 2606 hujus
3274 2537 3463 2592 editio-

1890 2621 1975 2675 nis
2021 2621 2228 2676 natales
2276 2621 2417 2676 circa
2448 2637 2647 2677 annum
2693 2623 2831 2680 1520
2859 2626 3123 2693 collocat,
3176 2628 3465 2684 contulisse

1888 2714 2121 2784 primum
2143 2714 2257 2784 ejus
2280 2716 2594 2786 opusculum
2618 2713 2987 2772 Formularum
3009 2719 3297 2788 spiritualis
3318 2721 3464 2774 intel-

1887 2808 2113 2882 figentia
2137 2823 2258 2864 cum
2305 2825 2436 2864 mss.
2485 2810 2762 2865 codicibus
2809 2811 3261 2867 Bibliothecarum
3311 2812 3463 2867 Pari-

1888 2903 2143 2957 siensium
2171 2943 2186 2968 ,
2223 2902 2403 2972 Regia:
2431 2903 2569 2958 5795
2593 2942 2609 2968 ,
2641 2902 2967 2958 Golbertinm
2995 2903 3133 2960 1895
3154 2949 3171 2973 ,
3200 2913 3253 2959 et
3294 2904 3463 2960 sancti

1889 2993 2143 3050 Germani
2164 2992 2302 3059 250;
2334 3003 2492 3063 atque
2518 2994 2746 3063 primam
2775 2994 2915 3051 hanc
2944 3005 2999 3049 ut
3022 3004 3168 3051 recte
3187 2995 3462 3050 existima-

1890 3087 1966 3140 vit
1996 3087 2137 3141 illius
2158 3086 2450 3141 editionem
2477 3086 2646 3140 solam
2668 3101 2979 3156 germanam
3004 3096 3059 3144 et
3087 3087 3233 3142 hisce
3252 3087 3356 3142 600
3383 3085 3462 3143 vel

202 3180 529 3235 litterarum.
599 3182 862 3235 Caeterum
926 3181 1163 3236 libellum
1217 3181 1359 3237 hunc
1415 3197 1442 3235 a
1501 3174 1859 3254 Rodolphoc
1893 3178 1996 3234 700
2025 3192 2287 3232 annorum
2319 3177 2596 3233 codicibus
2643 3178 2974 3235 conformem
3023 3179 3458 3249 deprehendisse.

210 3272 461 3344 Agricola
485 3288 697 3327 versum
728 3289 833 3327 non
876 3288 1017 3339 esse,
1051 3275 1134 3329 vel
1183 3275 1355 3346 stylus
1385 3276 1499 3344 ipse
1538 3277 1669 3331 satis
1697 3294 1786 3331 ar-

207 3366 344 3432 guit,
374 3365 672 3433 praesertim
701 3380 821 3419 cum
855 3365 1098 3435 quaedam
1135 3366 1247 3420 sint
1271 3365 1547 3421 schemata
1568 3383 1686 3438 quae
1718 3382 1786 3424 ne

206 3458 420 3526 possint
452 3458 665 3528 quidem
710 3458 775 3511 ad
817 3458 1060 3513 Grmcam
1101 3460 1396 3515 orationem
1428 3461 1780 3528 respondere.

204 3547 522 3603 Gennadius
550 3549 750 3603 indicat
773 3548 1024 3606 Eucherii
1052 3565 1170 3605 esse
1196 3551 1567 3621 Lugdunensis
1599 3553 1787 3608 Eccle-

206 3641 301 3695 sia:
332 3640 595 3710 episcopi.
628 3640 857 3711 Moxque
878 3641 1039 3709 hujus
1060 3643 1305 3696 meminit
1332 3644 1592 3712 epistolas,
1623 3660 1784 3714 quam

206 3734 506 3803 scripserat
550 3732 617 3787 ad
662 3733 1001 3789 Valerianum
1047 3734 1405 3805 propinquum
1468 3752 1661 3799 suum,
1718 3736 1788 3791 de

207 3832 523 3892 contemptu
555 3823 757 3889 mundi,
790 3825 964 3895 deque
992 3825 1348 3895 relinquendo
1388 3828 1567 3882 studio
1609 3828 1788 3897 profa-

208 3931 289 3970 nae
318 3914 705 3986 philosophiae.
736 3917 912 3986 Atque
942 3918 1144 3972 utinam
1185 3919 1391 3988 reliqua
1420 3918 1577 3988 hujus
1611 3927 1788 3975 exsta-

208 4014 353 4073 rent,
378 4007 529 4062 velis
559 4006 714 4076 liber,
747 4023 854 4079 quo
881 4010 1109 4079 carptim
1139 4011 1367 4065 obscura
1394 4025 1619 4080 quaeque
1648 4010 1787 4065 divi-

211 4113 403 4153 norum
434 4100 765 4155 voluminum
812 4100 1047 4170 capitula
1076 4100 1408 4170 explanavit,
1444 4100 1527 4155 vel
1572 4101 1639 4167 is,
1680 4115 1788 4172 quo

211 4190 424 4260 prolixa
473 4191 719 4247 Cassiani
771 4192 1027 4262 opuscula
1092 4193 1364 4247 contraxit
1412 4191 1465 4247 in
1525 4207 1787 4264 compen-

212 4283 381 4338 dium.
418 4303 437 4337 ι

280 4375 445 4432 1525.
480 4375 695 4431 Parisiis
723 4378 863 4449 apud
889 4375 1141 4431 Jodocum
1176 4377 1441 4442 Badium;
1488 4377 1650 4432 in—8“.
1683 4377 1790 4431 Eu-

212 4468 473 4523 cherii....
523 4470 737 4541 epistola
782 4470 850 4522 ad
907 4468 1327 4523 Valerianum....
1381 4467 1511 4521 ltem
1563 4467 1788 4521 diSIicha

1888 3270 2151 3326 Observat
2170 3280 2346 3327 autem
2370 3280 2653 3341 sequentes
2678 3271 2964 3339 editiones,
2995 3272 3160 3327 veluti
3192 3272 3463 3328 Busileen-

1886 3377 2003 3418 sem
2024 3376 2074 3418 a.
2104 3362 2236 3419 1551
2289 3362 2472 3435 (quam
2496 3364 2785 3419 secundam
2815 3363 3015 3436 vocat),
3060 3363 3354 3420 Romanam
3407 3382 3461 3420 a.

1889 3455 2055 3520 1564,
2087 3464 2142 3510 et
2165 3455 2577 3525 Lugdunensem
2605 3470 2657 3511 a.
2691 3455 2849 3523 1077,
2872 3456 3035 3523 duplo
3055 3470 3174 3511 esse
3199 3458 3464 3511 auctiores

1890 3558 1944 3605 et
1966 3549 2248 3604 innumera
2279 3547 2475 3603 habere
2496 3548 2729 3603 admixta
2753 3562 2818 3603 ex
2845 3548 3153 3603 auctoribus
3172 3550 3228 3605 S.
3256 3547 3464 3603 Euchea

1889 3641 1971 3694 rio
1999 3639 2391 3710 posterioribus
2427 3647 2480 3694 et
2516 3639 2745 3694 maxime
2792 3654 2856 3693 ex
2887 3639 2946 3694 S.
2989 3638 3245 3709 Gregorio
3287 3655 3463 3709 papa;

1888 3733 2022 3787 adeo
2066 3742 2123 3787 ut
2151 3733 2439 3802 genuinum
2472 3732 2615 3786 istud
2658 3746 2793 3800 opus
2823 3731 3075 3787 Eucherii
3103 3732 3191 3787 vix
3235 3733 3463 3787 mediam

1887 3833 2093 3894 partem
2132 3825 2405 3878 contineat
2440 3838 2625 3878 eorum
2663 3839 2782 3895 qua:
2815 3825 2870 3879 in
2913 3825 3120 3880 ultimis
3158 3824 3316 3894 hujus
3344 3825 3463 3880 libri

1888 3914 2216 3970 editionibus
2240 3916 2499 3982 impressa
2529 3914 2658 3968 sint.

1962 4005 2118 4062 1550.
2150 4003 2371 4059 Basilew
2397 4008 2535 4073 apud
2564 4006 2727 4060 Andr.
2766 4006 3112 4062 Cratandrum
3137 4024 3158 4074 ;
3186 4007 3359 4061 iit-l0.
3399 4008 3462 4063 Ι).

1889 4097 2141 4155 Eucherii
2184 4098 2418 4168 episcopi
2450 4098 2817 4167 Lugdunensis
2849 4141 2863 4165 ,
2914 4099 3050 4154 liber
3091 4097 3462 4153 Formularnm

1887 4189 2239 4260 intelligentia:
2264 4190 2584 4257 spiritualis;
2626 4190 2865 4260 ejusdem
2898 4190 3032 4244 liber
3065 4195 3128 4243 de
3159 4190 3466 4255 Quintiani-

1889 4282 1981 4336 bus
2007 4282 2374 4353 difﬁcilioribus
2412 4281 2589 4335 veteris
2619 4291 2665 4334 et
2693 4282 2809 4334 novi
2840 4282 3170 4350 Testamenti,
3202 4279 3467 4351 Interpre-

1891 4375 2016 4427 tatio
2042 4373 2305 4426 nominum
2334 4372 2383 4426 Η
2391 4372 2707 4426 ebraicorum
2731 4415 2745 4439 ,
2778 4381 2825 4426 et
2851 4373 3072 4425 aliorum
3100 4373 3259 4426 sacris
3284 4370 3467 4425 litteris

1892 4475 2262 4530 contentorttm,
2290 4475 2341 4518 et
2371 4465 2584 4535 epistola
2611 4464 2677 4516 ad
2719 4462 3049 4516 Valerianum
3074 4462 3141 4518 de
3161 4469 3468 4541 contemptu

214 4560 414 4614 veteris
443 4558 721 4628 cujusdam
754 4558 1058 4629 pbi1050phi
1086 4600 1101 4623 ,
1146 4566 1249 4613 etc.
1291 4557 1527 4612 Benedd.
1564 4557 1615 4611 in
1647 4558 1785 4613 Hist.
1815 4556 1870 4616 D
1895 4559 2108 4613 mundi:
2133 4573 2200 4612 ex
2231 4556 2470 4613 editione
2496 4566 2691 4611 etcum
2720 4555 2939 4610 scholiis
2956 4542 3214 4610 Desiderii
3238 4553 3468 4609 Erasrni.

214 4649 293 4706 lit.
322 4649 528 4706 Galliae.

286 4741 416 4797 Sine
468 4758 623 4795 anno.
660 4739 877 4795 Parisiis
922 4756 1009 4811 per
1054 4738 1328 4794 Claudium
1371 4738 1796 4806 Chevellonium;

216 4833 384 4899 ἔνι-80,
411 4850 456 4888 s.
499 4832 671 4888 ἔνι-12.
706 4833 957 4888 Eucherii
978 4831 1354 4902 Lugdunensis
1379 4831 1791 4901 archiepiscopi,

217 4922 485 4979 Famula:
514 4924 867 4995 intelligentia:
885 4923 1172 4994 spiritalis;
1197 4923 1319 4978 libri
1349 4923 1455 4977 duo
1484 4922 1794 4977 Instructio-

217 5034 335 5070 num
368 5032 508 5071 nunc
538 5018 765 5086 primum
793 5014 957 5080 editi;
990 5014 1208 5082 epistola
1235 5013 1555 5069 Parwnetica
1586 5015 1654 5068 ad
1692 5014 1794 5067 Va-

217 5110 465 5162 lerianum
507 5117 788 5177 cognatum
817 5122 975 5162 suum
1004 5121 1123 5160 cum
1144 5105 1360 5161 scholiis
1384 5106 1641 5162 Desiderii
1665 5106 1797 5160 Era-

216 5203 314 5255 smi
337 5241 351 5265 ,
372 5200 432 5256 S.
460 5200 641 5256 Basilii
672 5198 932 5269 episcopi,
959 5198 1182 5269 episwla
1213 5199 1569 5253 consolatorie
1596 5199 1793 5253 adver-

217 5307 305 5349 sus
326 5294 512 5349 mundi
534 5292 895 5359 incommoda,
929 5308 1073 5348 nunc
1095 5292 1327 5361 primum
1350 5294 1526 5359 edita;
1551 5293 1796 5348 nonnihil

219 5385 283 5439 de
310 5385 493 5440 carnis
518 5386 908 5439 resurrectione
937 5399 1007 5439 ex
1031 5384 1258 5454 epistola
1288 5384 1350 5438 D.
1387 5384 1695 5454 Hieronymi
1726 5383 1791 5439 ad

221 5476 618 5533 Pammachium
643 5478 905 5532 adversus
927 5492 1141 5533 errores
1168 5477 1389 5533 Joannis
1411 5476 1794 5547 Hierosolymi-

222 5570 321 5623 tani
351 5588 363 5625 :
394 5568 575 5625 omnia
608 5569 749 5623 edita
787 5568 965 5623 studio
1014 5568 1156 5624 Petri
1201 5568 1448 5624 Gerardi.
1490 5566 1605 5621 Cat.
1655 5568 1792 5621 Bibl.

222 5658 346 5736 Heg.
380 5660 553 5715 Paris.
586 5668 637 5714 et
665 5659 846 5715 Baluz.
874 5669 912 5712 t.
944 5659 989 5714 ll
1017 5676 1069 5730 p.
1097 5658 1221 5715 6H.

287 5752 526 5809 Tametsi
553 5753 667 5809 haec
696 5752 860 5809 editio
883 5753 1007 5808 anni
1037 5761 1160 5808 nota
1182 5762 1394 5820 careat,
1422 5763 1597 5809 tamen
1625 5792 1640 5821 ,
1672 5768 1794 5810 cum

1895 4651 2017 4707 Cat.
2042 4649 2180 4705 Bibl.
2212 4648 2345 4719 Reg.
2377 4648 2498 4701 Par.

1967 4744 2125 4798 1551.
2170 4740 2388 4795 Basilew
2416 4742 2487 4793 in
2520 4739 2719 4809 officina
2756 4736 3118 4803 Frobeniana;
3146 4736 3353 4806 in-[ol°.
3408 4736 3468 4789 Ι).

1898 4834 2148 4892 Eucherii
2198 4832 2568 4901 Lugdunensis
2598 4831 2831 4900 episcopi
2864 4830 3087 4884 doctiss.
3120 4827 3472 4883 Lucubratio-

1898 4942 1994 4982 nes
2025 4941 2133 4980 non
2166 4926 2341 4979 minus
2370 4924 2469 4993 piae
2506 4938 2664 4993 quam
2706 4921 2929 4977 eruditae
2954 4936 3083 4976 cura
3110 4935 3173 4975 ac
3209 4918 3474 4975 beneficio

1901 5018 2121 5074 Joannis
2178 5016 2467 5071 Alexandri
2525 5015 2829 5069 Brassicani
2878 5014 3230 5080 iureconsulti
3287 5026 3475 5067 recens

1901 5111 2081 5174 editzn,
2105 5123 2329 5178 quarum
2356 5109 2472 5163 haec
2497 5118 2578 5163 est
2600 5122 2837 5162 summa:
2862 5105 2929 5160 In
2958 5105 3191 5161 Genesim
3210 5104 3474 5160 Commen-

1901 5205 2151 5256 tariorum
2187 5202 2305 5255 libri
2344 5216 2440 5267 nt;
2489 5202 2543 5254 in
2577 5200 2733 5255 libros
2760 5200 2957 5274 Regum
2989 5198 3476 5255 Commentariorum

1900 5297 2015 5349 libri
2046 5312 2128 5361 1v;
2159 5293 2530 5349 Formnlarum
2575 5294 2903 5362 Spiritalium
2949 5293 3075 5347 liber
3121 5308 3181 5357 ι,
3229 5297 3478 5345 accurate

1900 5389 2226 5458 recognitus,
2271 5386 2492 5457 adjectis
2540 5386 2607 5442 iis
2642 5386 2891 5443 omnibus
2939 5401 3057 5453 qua:
3104 5385 3157 5438 in
3201 5381 3477 5451 superiore

1896 5479 2135 5535 editione
2178 5494 2334 5549 quam
2366 5478 2594 5549 plurima
2632 5477 3107 5541 desiderabantur;
3162 5473 3477 5540 Quaestiones

1896 5572 1949 5626 in
1974 5581 2113 5626 vetus
2134 5578 2181 5625 et
2211 5587 2394 5625 novum
2423 5570 2837 5633 Testamentum;
2866 5567 2919 5621 Ν
2925 5568 3153 5621 ominum
3184 5566 3475 5621 Hebraico-

1895 5679 2011 5718 rum
2040 5677 2106 5718 ac
2127 5662 2354 5717 aliorum
2382 5662 2539 5717 etiam
2566 5703 2583 5730 ,
2615 5676 2733 5730 qua:
2762 5661 2816 5715 in
2847 5660 3016 5715 sacris
3045 5660 3237 5715 litteris
3264 5658 3475 5713 haben-

1897 5763 2006 5823 tur,
2030 5753 2426 5825 Interpretatio;
2462 5752 2673 5824 epistola
2697 5750 3016 5807 Paranetica
3047 5752 3113 5805 ad
3150 5751 3477 5806 Valerianum
