4018 6338
1365 253 1427 313 8.
1467 241 1862 309 EUCHERIUS
1898 238 2270 299 EPISCOPUS
2308 238 2817 302 LUGDUNENSlS.

3619 239 3731 306 69!

453 390 740 459 cognatum
761 395 942 450 mum,
963 377 1034 438 de
1053 382 1364 445 contemptu
1391 367 1581 459 mundi
1605 407 1623 434 ,
1649 380 1777 459 cum
1790 359 2038 459 ..περιῇς
2063 362 2120 422 Δ
2142 367 2202 459 tu
2229 359 2392 459 etiam
2437 361 2823 459 benignitatem
2854 363 3090 423 hominis
3117 364 3314 424 eruditi
3341 379 3406 425 ac
3428 365 3730 426 candorem

455 445 763 528 D.VErasmi
791 445 1162 524 Roterodami.
1191 461 1246 516 lu
1280 459 1424 514 fine:
1469 454 1598 510 Bas.
1642 454 1697 507 in
1745 449 1837 519 οΙῙ.
1871 445 2033 502 Frob.

455 583 547 639 per
572 564 948 636 Hieronymum
974 557 1288 616 Frobenium
1313 563 1361 608 et
1381 552 1659 608 Nicolaum
1682 544 2036 618 Episwpium,

457 677 629 720 mense
655 660 888 732 Augusto
907 656 991 721 (in
1016 652 1171 708 titulo
1193 665 1362 705 mense
1386 642 1692 719 Septembri)
1713 655 1771 698 tt.
1806 654 1856 695 υ.
1883 649 2036 732 xxxi.

531 754 608 810 De
660 727 868 810 editors
917 748 1130 810 Joanne
1180 740 1492 798 Alexandro
1539 733 1864 792 Brassicano
1917 727 2042 784 vide

459 860 581 916 qua:
628 844 767 908 intra
793 839 864 898 ad
912 836 1226 896 Salvianum
1257 834 1614 903 disputamus.
1646 823 1924 916 inscripsit
1951 820 2042 916 ille

461 911 700 1008 primum
725 947 860 1004 opus
879 931 1056 988 eidem
1081 971 1098 997 ,
1121 928 1209 984 cui
1233 926 1549 983 Salvianum
1573 913 1904 1003 nuncupavit
1929 911 2046 980 epi-

463 1041 630 1098 scopo
665 1023 986 1096 Angustensi
1009 1020 1399 1089 Christopboro
1419 1033 1448 1071 a
1473 1013 1719 1073 Stadion.
1763 1010 1928 1065 Plena
1961 1015 2050 1062 est

465 1123 692 1193 epistola
733 1119 881 1193 (data
935 1117 1160 1172 Vienna
1195 1112 1427 1170 Austriae
1455 1124 1524 1166 ex
1563 1107 1713 1176 regio
1737 1103 1963 1170 collegio
1988 1112 2040 1193 a.

467 1191 610 1272 11550
631 1253 646 1279 ,
679 1191 880 1275 mensis
908 1207 1225 1267 Decembris
1251 1205 1339 1262 die
1364 1204 1457 1272 20)
1480 1200 1731 1259 laudibus
1755 1191 2002 1252 Eucherii
2026 1232 2045 1258 ,

467 1306 564 1362 sed
604 1305 674 1362 ad
711 1319 824 1364 rem
863 1311 1185 1371 praesentem
1223 1311 1407 1368 parum
1440 1293 1586 1350 facit.
1637 1292 1888 1346 Alterum
1911 1300 2048 1356 opus

467 1398 612 1470 quod
638 1397 893 1468 peculiari
926 1394 1086 1452 titulo
1108 1391 1340 1464 gaudet,
1364 1398 1418 1446 et
1440 1387 1656 1442 tertium
1679 1381 1926 1451 epistolis
1949 1379 2050 1434 ibi-

468 1489 591 1546 dem
619 1489 922 1557 eodemque.
940 1501 1084 1544 anno
1107 1495 1160 1540 et
1189 1496 1376 1539 mense
1398 1478 1635 1537 exaratis
1656 1518 1671 1543 ,
1713 1474 1885 1530 dicata
1927 1480 2052 1526 sunt

471 1582 535 1637 D.
567 1582 706 1639 ,ιιηο
749 1596 783 1639 a
822 1579 1048 1644 Sivolla,
1093 1578 1260 1648 equiti
1303 1583 1357 1630 et
1397 1571 1806 1644 jurisconsulto.
1859 1567 1918 1621 In
1967 1565 2050 1619 bis

2142 454 2387 510 laudibus
2415 457 2724 512 vehendum
2773 461 3074 519 existimem
3099 505 3114 531 ,
3171 465 3260 534 qui
3293 463 3550 520 studiosis
3574 465 3730 522 exhi-

2141 552 2272 607 bere
2291 554 2484 608 maluit
2504 554 2557 609 id
2577 557 2721 626 quod
2742 558 3085 612 commodum
3113 561 3460 630 acquisicrat,
3484 576 3648 632 quam
3677 567 3736 619 ut

2141 652 2418 723 pateretur
2443 646 2546 703 hoc
2573 647 2918 706 intercidere.
2944 650 3054 706 Nos
3078 661 3253 706 autem
3285 653 3538 722 exemplo
3567 661 3624 709 et
3652 655 3734 708 in-

2142 737 2298 807 tegro
2322 746 2381 794 et
2408 740 2626 811 egregie
2653 741 2870 799 sincero
2909 744 2990 800 usi
3019 787 3034 811 ,
3082 746 3224 816 quod
3254 747 3410 803 nobis
3453 761 3578 802 cum
3624 748 3735 818 ple-

2141 830 2326 901 risque
2354 833 2477 888 aliis
2519 848 2672 905 mque
2701 835 2858 892 bonis
2907 839 3218 895 auctoribus
3241 837 3596 897 Reverendus
3644 857 3735 911 pa-

2147 930 2271 991 ter,
2327 925 2588 983 Dominus
2633 930 2870 986 Joannes
2917 931 3281 988 Hartmannus
3327 934 3493 989 abbas
3521 935 3736 991 Sancus

2145 1013 2336 1087 Crucis
2381 1020 2435 1074 in
2464 1023 2701 1090 Anstria,
2726 1023 2806 1079 vir
2835 1034 2889 1080 et
2919 1026 3220 1083 studiorum
3269 1035 3325 1084 et
3363 1030 3733 1084 studiosorum

2146 1112 2338 1169 unicus
2389 1121 2666 1183 patronus,
2723 1133 2897 1174 meum
2953 1129 3132 1176 autem
3191 1123 3518 1192 prtecipuum
3573 1125 3742 1182 decus

2146 1211 2204 1264 et
2225 1207 2561 1278 praesidium,
2592 1207 2826 1267 libenter
2868 1222 2922 1268 et
2958 1227 3027 1269 ex
3056 1213 3239 1269 animo
3277 1218 3739 1284 communicavit;

2150 1301 2386 1370 primum
2437 1301 2490 1356 id
2521 1303 2664 1373 quod
2695 1304 2884 1372 deerat
2925 1306 3223 1375 adjecimus
3250 1329 3266 1375 ,
3319 1317 3376 1364 et
3402 1325 3522 1380 qua:
3552 1309 3740 1380 deprac

2151 1405 2273 1450 vata
2325 1395 2540 1451 fuerant
2587 1399 2840 1470 religiose
2882 1403 3293 1474 castigavimus;
3343 1406 3484 1476 quod
3535 1415 3593 1459 ut
3631 1415 3742 1470 stu.-

2152 1486 2291 1544 diosi
2337 1489 2546 1558 planius
2618 1503 2986 1562 cognoscant,
3036 1495 3316 1572 subjiciam
3369 1498 3476 1552 duo
3535 1507 3744 1572 tantum

2151 1580 2422 1650 exempla,
2470 1597 2537 1636 ex
2581 1583 2773 1653 quibus
2804 1583 3006 1656 reliqua
3035 1571 3210 1655 facile,
3240 1599 3506 1660 tamquam
3531 1590 3744 1664 leonem

469 1674 702 1746 jucunda
733 1681 860 1732 sunt
885 1681 939 1728 et
961 1680 1262 1730 memoratu
1286 1682 1396 1724 non
1425 1664 1641 1734 indit;na
1669 1659 1878 1756 (μιαῖἀθ
1904 1658 2052 1712 Vari"
2088 1749 2128 1756 _
2154 1689 2223 1731 ex
2273 1677 2542 1746 unguibus
2589 1678 2860 1735 aestimare
2907 1683 3133 1752 possint.
3187 1658 3426 1739 Primum
3471 1693 3635 1756 caput
3681 1661 3745 1744 de.

476 1770 734 1830 librorum
757 1773 1094 1824 vetustorum
1128 1763 1266 1818 intra
1289 1771 1344 1816 et
1365 1771 1514 1816 extra
1537 1757 1723 1812 urbem
1759 1753 2056 1817 Viennam.
2088 1749 2135 1810 Β
2163 1763 2361 1822 divinis
2390 1769 2696 1824 nominibus
2719 1813 2734 1837 ,
2765 1749 2925 1841 quod
2941 1783 3111 1828 totum
3141 1749 3593 1842 desiderabatur,
3637 1777 3744 1846 jam

478 1864 606 1920 dum
634 1878 664 1918 a
693 1859 882 1917 Turcis
901 1860 1120 1916 obsessa
1139 1866 1322 1924 esset,
1357 1857 1464 1911 fato
1503 1852 1754 1923 aspersit.
1775 1846 2058 1919 Deprzrdi-

475 1971 606 2014 cans
666 1955 874 2011 scilicet
927 1953 1167 2008 divinam
1221 1965 1406 2006 curam
1458 1957 1618 2019 atque
1666 1945 2058 2016 providentiam

474 2057 672 2120 quanta
700 2047 768 2102 sit
783 2049 834 2100 in
853 2042 1239 2100 conservandis
1251 2052 1493 2098 veterum
1515 2049 1819 2102 auctorum,
1839 2051 2062 2107 praeser-

477 2147 573 2200 tim
602 2145 672 2200 iis
701 2184 716 2210 ,
743 2159 863 2215 quas
893 2157 1044 2198 sacra
1073 2150 1328 2198 enarrem
1349 2178 1366 2205 ,
1395 2137 1616 2208 scriptis
1641 2177 1657 2203 ,
1689 2137 1758 2191 de
1791 2134 2059 2190 Eucherio

478 2235 788 2307 exemplum
837 2235 1002 2305 capit.
1052 2252 1074 2288 ι
1133 2233 1265 2288 Nam
1312 2243 1458 2286 anno
1505 2229 1807 2299 superiore,
1861 2226 2056 2295 inquit,

477 2347 601 2388 cum
617 2331 992 2388 immanissimi
1015 2329 1209 2387 Turcie
1231 2326 1493 2384 Viennam
1521 2324 1755 2381 inaudita
1778 2321 2064 2379 obsidione

480 2433 788 2496 premerent
811 2465 825 2488 .
860 2432 915 2480 et
939 2423 1120 2479 omnia
1146 2419 1494 2490 circumjecta
1520 2459 1535 2484 ,
1564 2419 1820 2473 nimirum
1855 2415 2020 2470 urbes
2045 2453 2060 2478 ,

479 2533 632 2574 arces
653 2558 670 2585 ,
698 2516 945 2573 ctenobia
962 2560 978 2585 ,
1002 2517 1162 2571 villas
1187 2557 1200 2582 ,
1223 2529 1418 2585 pagos,
1443 2528 1602 2584 agros
1618 2557 1633 2582 ,
1663 2512 1848 2567 vineas
1870 2552 1884 2576 ,
1916 2509 2064 2564 ferro

481 2621 535 2668 et
560 2611 686 2683 igne
714 2619 1030 2676 vastarent,
1080 2617 1435 2665 excusserant
1479 2605 1642 2662 etiam
1673 2605 1878 2674 regium
1919 2603 2020 2656 hoc
2047 2641 2062 2666 ,

482 2705 708 2760 instituti
735 2703 847 2759 divi
890 2701 1148 2759 Bernardi
1177 2699 1480 2756 emnobium
1505 2740 1522 2767 ,
1569 2695 1714 2770 quod
1743 2695 1810 2751 ad
1835 2693 1897 2752 S.
1931 2693 2067 2748 Cru-

481 2813 600 2854 cem
655 2797 784 2853 diwo
839 2795 1118 2866 LeOpoldo
1173 2794 1451 2849 archiduci
1511 2789 1744 2847 Austriaa
1796 2787 2068 2860 appellare

483 2890 713 2959 placuit;
758 2897 966 2944 etcum
1007 2887 1110 2942 hoc
1134 2887 1207 2942 ita
1236 2885 1448 2942 miseris
1485 2883 1660 2940 modis
1707 2882 2065 2954 accepissent,

484 2991 543 3036 ut
565 2981 677 3051 jam
703 2981 1011 3037 cmnobium
1037 2986 1370 3049 quaereretur
1392 2978 1445 3033 in
1476 2976 1727 3033 cmnobio
1750 3019 1765 3045 ,
1797 2974 1963 3028 libros
1989 2980 2068 3026 ta-

2164 1877 2230 1916 ex
2262 1862 2430 1916 veteri
2473 1878 2646 1934 neque
2687 1865 2867 1932 minus
2904 1867 3118 1924 sincero
3145 1869 3393 1939 exemplo
3451 1871 3752 1946 repositum,

2165 1963 2266 2010 est.
2317 1955 2434 2012 Jam
2482 1958 2627 2012 enim
2675 1959 2916 2014 consulta
2947 1974 3110 2029 opera
3152 1960 3505 2030 praetermitto
3551 1975 3746 2035 quanta

2165 2046 2303 2102 facta
2334 2049 2404 2102 sit
2432 2049 2483 2102 in
2514 2051 2760 2105 omnibus
2782 2052 3045 2122 capitibus
3072 2055 3331 2110 accessio.
3359 2055 3411 2109 In
3437 2055 3749 2124 praefatione

2167 2141 2418 2197 Eucherii
2441 2143 2518 2198 sic
2535 2142 2758 2213 legitur:
2783 2145 2937 2217 Atqui
2958 2147 3238 2200 secundum
3259 2146 3559 2218 allegoriam
3588 2150 3751 2219 bapti-

2165 2251 2328 2304 smus,
2358 2235 2641 2290 secundum
2665 2254 2930 2310 anagogen
2953 2238 3158 2311 angeli;
3183 2255 3304 2295 cum
3335 2241 3406 2295 sit
3426 2231 3749 2311 legendum:

2168 2329 2330 2400 Aqua:
2356 2332 2634 2385 secundum
2656 2331 2959 2404 allegoriam
2986 2333 3284 2400 baptismus,
3315 2329 3600 2400 secundum
3627 2351 3753 2389 ana-

2167 2438 2331 2494 gogen
2357 2423 2527 2495 angeli
2544 2439 2565 2489 ;
2587 2423 2727 2480 unde
2748 2432 2830 2480 cst
2853 2424 3003 2493 illud,
3036 2425 3098 2478 Et
3118 2442 3268 2498 aqua
3292 2419 3419 2498 qua?
3431 2441 3585 2497 super
3611 2427 3756 2492 calas

2167 2525 2307 2581 sunt,
2335 2513 2545 2570 laudent
2572 2532 2758 2571 nomen
2780 2517 2990 2572 Domini
3026 2527 3078 2572 et
3103 2526 3324 2594 caetera.
3370 2517 3486 2572 Non
3509 2519 3755 2588 equidem

2169 2605 2406 2672 invideo,
2442 2607 2486 2661 si
2519 2609 2639 2678 quis
2668 2617 2881 2666 veteres
2904 2609 3196 2684 scriptores
3223 2611 3274 2664 in
3302 2609 3475 2666 lucem
3501 2610 3756 2680 proferat,

2170 2699 2339 2756 miror
2383 2709 2560 2756 autem
2611 2702 2784 2773 magis
2834 2703 2880 2758 si
2929 2701 3050 2774 quis
3081 2703 3132 2757 in
3164 2701 3230 2777 iis
3272 2701 3532 2774 castigate
3561 2702 3758 2774 depro-

2171 2792 2385 2849 mendis
2431 2809 2648 2849 omnem
2699 2809 2920 2865 operam
2969 2811 3120 2851 suam
3173 2796 3428 2868 collocet.
3489 2815 3508 2849 ι
3541 2795 3758 2852 Sextum

2173 2886 2486 2956 opusculum
2513 2926 2530 2954 ,
2578 2888 2798 2958 epistola
2827 2888 3039 2943 scilicet
3070 2887 3393 2944 Parwnetica
3421 2890 3489 2946 ad
3525 2887 3761 2943 Valeria-

2172 2995 2326 3046 num,
2380 2993 2449 3035 ex
2506 2979 2716 3035 Erasmi
2770 2979 3005 3035 editione
3034 2979 3363 3050 descriptum
3408 2989 3518 3047 est,
3570 2979 3762 3048 additis

487 3089 613 3131 men
643 3088 832 3130 omnes
851 3083 905 3129 et
925 3080 1158 3140 veteres,
1185 3083 1238 3129 et
1258 3071 1435 3128 adhuc
1454 3071 1671 3126 minime
1690 3071 1962 3140 vulgatos,
1985 3069 2070 3123 in-
2110 3135 2148 3143 _
2175 3071 2399 3127 scholiis
2422 3071 2539 3143 ejus
2565 3081 2622 3129 et
2648 3073 2874 3142 epistola
2898 3072 2966 3128 ad
2996 3073 3275 3128 Alardum.
3333 3073 3602 3130 Caeterum
3631 3074 3761 3128 Fro-

488 3174 805 3233 corruptos,
839 3173 891 3219 et
916 3179 983 3220 ex
1013 3135 1160 3219 nulia
1189 3173 1340 3234 parte
1381 3164 1686 3220 deminutos
1716 3135 2070 3232 reliquerunt.
2099 3135 2148 3202 α
2177 3162 2327 3220 benii
2380 3135 2599 3235 operam
2651 3135 2938 3232 dederunt,
2995 3174 3055 3218 ut
3095 3146 3207 3218 tam.
3253 3164 3559 3235 commode,
3605 3179 3760 3237 quam

488 3256 566 3312 Ita
597 3265 655 3312 ut
680 3255 822 3326 ignis
849 3256 914 3312 iis
943 3270 1049 3312 non
1077 3255 1232 3311 aliter
1260 3259 1568 3326 pepercisse
1597 3255 1843 3312 videatur
1863 3295 1878 3323 ,
1911 3269 2073 3325 quam

490 3346 679 3404 Euam
712 3349 994 3404 Anchisem
1019 3357 1226 3419 patrem
1255 3348 1493 3405 humeris
1520 3348 1793 3417 efferenti,
1810 3362 1908 3404 nec
1925 3347 2077 3422 flam-

493 3455 701 3496 marum
723 3442 824 3508 vis,
840 3456 939 3497 nec
950 3440 1184 3496 hostium
1201 3439 1383 3496 infelix
1401 3455 1658 3496 occursus
1671 3441 1864 3496 obesse
1883 3438 2073 3510 potuit,

489 3543 584 3590 aut
610 3533 790 3590 Aitna:
830 3535 1133 3591 incendium
1177 3535 1292 3604 pios
1322 3534 1445 3590 illos
1480 3535 1850 3590 adolescentes
1883 3549 2079 3602 paren-

493 3637 605 3684 tum
635 3643 853 3684 suorum
883 3631 1052 3684 latera
1079 3629 1392 3686 claudentes
1415 3670 1432 3697 ,
1463 3630 1642 3685 salvos
1685 3644 1749 3685 ac
1779 3627 2077 3685 incolumes

493 3721 645 3779 abire
678 3723 938 3793 permisit.
969 3723 1219 3793 Pepercit
1263 3723 1424 3793 igitur
1467 3722 1774 3778 incendium
1802 3722 1905 3776 hoc
1931 3731 2078 3777 atro-

491 3815 771 3870 cissimum
827 3815 1118 3882 Eucherio,
1166 3817 1312 3871 etab
1359 3831 1425 3871 eo
1464 3815 1614 3870 libris
1646 3816 1804 3871 isthic
1830 3815 2078 3870 omnibus

493 3919 654 3961 omne
675 3906 763 3976 jus
791 3905 917 3962 belli
943 3906 1134 3961 Turca:
1162 3907 1557 3963 abstinuerunt.
1587 3905 1720 3962 Cum
1752 3907 1954 3962 interea
1984 3922 2081 3961 no-

494 4000 592 4054 stri
621 4002 834 4065 milites,
863 4003 999 4054 intra
1027 4000 1247 4066 moenia,
1278 4000 1447 4054 libros
1475 4015 1663 4054 omnes
1686 4000 2076 4068 discerperent,

495 4093 674 4149 omnia
703 4094 970 4148 volumina
1001 4101 1428 4163 corrumperent.
1466 4091 1541 4148 lta
1589 4102 1653 4148 ut
1677 4094 1765 4148 vix
1794 4110 1821 4145 a
1854 4093 2080 4160 publicis

495 4187 658 4241 etiam
699 4185 1045 4241 bibliothecis
1084 4185 1402 4256 diripiendis
1448 4195 1539 4240 aut
1571 4185 1618 4239 vi
1648 4184 1942 4255 prohibiti,
1989 4192 2084 4239 aut

495 4281 815 4336 auctoritate
837 4279 1070 4335 submoti
1094 4281 1312 4334 fuerint.
1341 4278 1526 4348 Vides,
1560 4281 1763 4349 optime
1785 4281 1888 4347 vir,
1920 4294 2080 4348 quam

497 4376 656 4429 unico
678 4373 897 4427 nomine
920 4381 1127 4426 tantum
1152 4389 1256 4426 non
1280 4373 1440 4428 etiam
1467 4373 1709 4427 moribus
1730 4387 1758 4426 a
1781 4372 1975 4427 Turcis
1999 4371 2083 4426 hae

498 4466 687 4522 bellum
736 4464 1007 4520 diderunt.
1060 4464 1220 4520 Certe
1271 4481 1377 4520 non
1409 4467 1582 4521 minus
1613 4466 1834 4536 periculi
1867 4465 1965 4519 fuit
2017 4465 2084 4519 ab

500 4554 754 4626 imposito
807 4557 1083 4625 prmsidio,
1130 4570 1290 4626 quam
1340 4557 1408 4610 ab
1433 4564 1658 4611 externo
1685 4564 1741 4611 et
1772 4571 1837 4611 eo
1866 4557 2083 4626 quidem

501 4647 962 4720 perniciosissimo
993 4650 1167 4704 hoste.
1207 4667 1227 4701 ι
1261 4651 1434 4719 Atque
1465 4653 1579 4704 haec
1607 4646 1783 4718 priora
1814 4651 1921 4706 duo
1952 4666 2087 4720 opu-

503 4743 651 4798 scula
681 4743 793 4808 ipse
825 4743 1027 4808 primus
1053 4741 1402 4796 Brassicanus
1428 4755 1495 4797 ex
1529 4741 1729 4796 laudati
1772 4743 2086 4796 monasterii

503 4832 833 4888 membranis
876 4832 1149 4889 cbartisve
1177 4834 1461 4903 produxit;
1511 4835 1748 4899 tertium,
1799 4845 1954 4903 prout
1982 4835 2090 4891 fert

503 4927 620 4997 ipse
648 4927 831 4982 titulus
858 4968 871 4991 ,
903 4927 1082 4981 denuo
1107 4928 1172 4980 ad
1207 4928 1626 4996 manuscriptum
1651 4929 1924 4997 exemplar
1945 4929 2090 4998 ejus-

506 5018 629 5074 dem
677 5018 988 5072 monasterii
1037 5020 1367 5089 recognovit.
1412 5020 1524 5086 Qna
1575 5021 1641 5075 de
1684 5037 1848 5089 opera
1884 5037 1977 5074 sua
2020 5021 2083 5076 ad

504 5110 753 5168 eumdem
810 5111 1002 5166 Janum
1049 5126 1076 5163 a
1125 5111 1329 5166 Sivolla
1377 5113 1446 5166 ita
1479 5114 1741 5184 loquitur:
1779 5131 1798 5164 (
1835 5111 2088 5168 Oculatus

506 5206 623 5274 ipse
653 5204 784 5259 mihi
813 5205 965 5260 testis
1004 5220 1084 5270 es,
1122 5205 1193 5258 mi
1225 5205 1356 5260 Jane
1383 5249 1397 5271 ,
1432 5217 1687 5275 quantum
1731 5207 1858 5259 mihi
1893 5205 2092 5259 laboris

505 5295 961 5361 exhauriendum,
978 5297 1168 5364 immo,
1185 5307 1240 5352 ut
1263 5299 1644 5365 verinsdicam,
1663 5308 1921 5369 quantum
1947 5299 2091 5352 tmdii

507 5387 904 5444 exsorbeudum
953 5389 1116 5446 fuerit
1167 5394 1219 5445 in
1257 5392 1605 5447 restituendis
1643 5409 1707 5448 ac
1737 5394 2092 5464 repurgandis

508 5480 760 5537 Eucherii
790 5481 1134 5551 Spiritalibus
1163 5483 1268 5538 illis
1294 5482 1582 5539 Formulis.
1623 5485 1758 5540 Nam
1787 5487 2094 5556 exemplum

509 5588 704 5632 recens
744 5576 946 5633 editum
995 5593 1103 5634 non
1131 5586 1337 5635 tantum
1381 5582 1653 5646 mutilum,
1700 5596 1886 5636 verum
1933 5583 2096 5638 etiam

512 5670 714 5728 eximie
759 5672 1076 5729 mendosum
1121 5673 1241 5731 fuit.
1272 5673 1439 5747 Cujus
1480 5678 1558 5731 rei
1608 5677 1818 5746 culpam
1848 5720 1860 5740 ,
1891 5687 2095 5732 tantum

515 5765 704 5834 abest.
736 5777 797 5826 ut
822 5768 901 5824 illi
927 5767 1185 5839 imputem
1215 5772 1307 5840 qui
1339 5772 1565 5840 primum
1596 5769 1752 5826 nobis
1781 5771 1882 5827 hoc
1912 5772 2094 5840 dedit,

2177 3256 2509 3323 luculenter,
2543 3257 2683 3329 typis
2709 3257 2812 3312 hoc
2841 3256 3091 3314 volumen
3119 3265 3455 3314 exararetur.

2253 3348 2412 3406 1541.
2435 3347 2678 3421 Lugduni
2702 3350 2840 3423 apud
2871 3349 3075 3406 Sebast.
3105 3347 3433 3422 Gryphium;
3461 3349 3635 3405 in-8°.
3661 3348 3760 3405 Eu-

2177 3439 2346 3497 cherii
2367 3438 2587 3514 epistola
2603 3440 2674 3494 ad
2704 3439 3344 3513 Valerianumlcognatum
3365 3441 3433 3498 de
3453 3451 3758 3512 contemptu

2177 3534 2383 3590 mundi.
2419 3533 2658 3590 Benedd.
2687 3533 2743 3588 in
2774 3533 2911 3588 Hist.
2947 3533 3031 3587 lit.
3064 3532 3270 3590 Galliae.

2251 3625 2410 3682 1564.
2462 3623 2642 3680 Romae
2669 3626 2810 3695 apud
2841 3623 3066 3679 Paulum
3097 3623 3388 3699 Munatium
3413 3642 3433 3692 ;
3459 3625 3670 3696 in-{ol°.
3700 3624 3758 3688 D.

2180 3717 2435 3774 Eucherii
2465 3715 2704 3788 episcopi
2728 3705 3101 3789 Lugdunensis
3120 3717 3294 3794 Opera
3323 3760 3342 3784 ,
3382 3733 3477 3774 seu
3502 3719 3759 3792 Conamen;

2180 3811 2302 3865 tarii
2330 3811 2386 3864 in
2407 3808 2645 3865 Genesim
2676 3811 2800 3882 etin
2825 3811 2980 3863 libros
3012 3809 3209 3883 Regum
3233 3853 3246 3876 ,
3279 3819 3412 3882 etc.,
3438 3826 3506 3883 ex.
3531 3811 3760 3874 editione

2180 3903 2325 3959 Petri
2355 3903 2633 3960 Galesinii.
2665 3901 2783 3959 Cat.
2817 3903 2957 3958 Bibl.
2982 3903 3111 3974 Reg.
3141 3903 3312 3959 Paris.
3340 3914 3394 3960 et
3421 3904 3619 3962 Pinell.
3655 3904 3759 3961 Uti-

2181 4013 2304 4052 nam
2334 4013 2462 4052 vero
2490 3997 2703 4052 titulum
2733 3997 2999 4068 integrum
3028 3997 3333 4068 proferrent
3359 3998 3372 4052 l

2255 4091 2413 4147 1574.
2439 4091 2668 4147 Colonia:
2686 4093 2814 4164 Agr.
2847 4092 2990 4163 apud
3014 4090 3297 4146 Geruinum
3318 4089 3569 4147 Calenum
3593 4101 3640 4146 et
3665 4097 3759 4148 Iur-

2181 4184 2332 4239 redes
2382 4183 2722 4251 Quentelios;
2751 4184 2960 4254 in-fol0.
3015 4182 3327 4255 Martyrium
3375 4186 3759 4252 fortissimorum

2182 4287 2472 4348 martyrum
2494 4275 2735 4330 Mauricii
2757 4279 2808 4330 et
2830 4277 3089 4331 sociorum
3113 4280 3223 4349 ejus
3243 4277 3310 4331 ab
3339 4277 3610 4333 Eucherio
3637 4279 3760 4348 Lug-

2185 4369 2413 4423 dunensi
2446 4371 2835 4439 conscriptum,
2864 4371 3142 4438 praemissa
3170 4370 3286 4440 ejus
3312 4371 3533 4441 epistola
3557 4374 3627 4426 ad
3654 4372 3763 4442 Syl-

2185 4463 2324 4518 vium
2356 4463 2480 4533 (sic)
2507 4463 2855 4532 episcopum;
2904 4463 2956 4517 in
2987 4473 3132 4518 tomo
3159 4463 3202 4518 ν
3235 4463 3471 4518 Vitarum
3503 4463 3604 4521 SS.
3635 4463 3765 4526 Lau-

2189 4557 2348 4612 rentii
2374 4557 2514 4612 Surii
2545 4571 2702 4626 pagg.
2728 4554 2995 4612 525-550.

2260 4647 2418 4704 1578.
2455 4647 2680 4701 Parisiis
2699 4646 2840 4717 apud
2861 4646 3134 4719 /Egidium
3174 4646 3462 4702 Gorbinum
3501 4647 3596 4702 sub
3633 4649 3766 4719 signa

2189 4740 2347 4810 Spei;
2375 4740 2439 4793 in-
2457 4738 2534 4793 8°.
2559 4737 2614 4792 S.
2650 4739 2950 4793 Eucherius
2974 4740 3260 4809 episcopus
3291 4738 3665 4814 Lugdunensis
3708 4740 3773 4796 ad

2191 4833 2449 4888 Hilarium
2490 4833 2868 4890 Arelatensem
2904 4835 2967 4890 de
3001 4833 3181 4889 Laude
3222 4832 3422 4902 Eremi,
3452 4850 3484 4892 θ
3511 4834 3772 4894 Lirinensi

2193 4926 2532 4982 Bibliotheca
2591 4943 2736 4981 nunc
2791 4928 3026 4995 primum
3084 4926 3567 5002 producttts;cum
3596 4929 3771 4984 Hilarii

2197 5020 2533 5076 Arelatensis
2563 5021 2821 5076 Oratione
2840 5019 3076 5089 Funebri
3101 5021 3169 5076 de
3190 5022 3251 5076 S.
3275 5021 3573 5078 Honorato.
3591 5023 3772 5080 Cinelli

2197 5113 2335 5170 Bibl.
2358 5113 2584 5178 Volante
2615 5114 2727 5180 t.ll,
2772 5131 2821 5182 p.
2853 5114 2982 5170 265.

2270 5206 2477 5262 Dicitur
2496 5208 2608 5261 haec
2635 5207 2802 5261 editio
2821 5206 3384 5278 plerumqueGilberti
3407 5207 3772 5273 Genehrardi;

2201 5301 2296 5358 sed
2326 5303 2704 5358 Genebrardns
2727 5302 2942 5373 quidem
2957 5303 3350 5358 dedicationem
3365 5304 3622 5371 praefixit,
3646 5319 3773 5374 prta.-

2202 5393 2459 5452 fationem
2518 5405 2694 5449 autem
2745 5394 2966 5465 scripsit
3015 5395 3306 5466 Dionysius
3336 5394 3691 5460 Fauclterius,
3719 5408 3775 5449 ac

2199 5487 2420 5543 memini
2449 5487 2692 5543 eamdem
2712 5501 2960 5542 recusem
2987 5501 3107 5544 esse
3140 5489 3192 5541 in
3223 5486 3668 5558 Chronograpbia
3693 5487 3775 5542 Li-

2199 5581 2426 5647 rinensi,
2452 5580 2520 5634 de
2549 5579 2847 5647 exemplari
2880 5588 3077 5646 tamen,
3108 5579 3252 5635 unde
3280 5580 3473 5636 edatur
3515 5580 3606 5635 hic
3632 5578 3774 5636 libel-

2199 5677 2305 5742 lus,
2341 5675 2509 5730 altum
2537 5673 2592 5731 in
2614 5688 2678 5730 ea
2699 5681 2786 5729 est
2806 5674 3102 5732 silentium.
3135 5674 3210 5730 De
3229 5673 3370 5737 aliis,
3397 5688 3526 5745 qua
3544 5675 3647 5730 hoc
3691 5687 3773 5726 vo-

2197 5770 2384 5828 lumen
2418 5769 2818 5842 oomplectitur,
2843 5768 2968 5826 vide
2995 5768 3064 5826 ad
3093 5767 3358 5826 Hilarium
3386 5769 3764 5842 Arelatensem.

3403 5851 3536 5976 /

3349 5981 3416 6034 159'
