4018 6338
225 358 329 415 695

1593 330 2123 393 PROLEGOMENA.

3381 330 3490 395 695

296 471 456 529 1580.
498 465 718 523 Basilete
745 478 807 519 ex
853 460 984 533 ofﬁc.
1015 456 1248 528 Hervag.
1276 470 1367 524 per
1396 451 1589 508 Euseb.
1618 451 1814 522 episco-
1839 450 1895 510 Α
1916 449 2255 521 gaunensium
2299 460 2607 524 martyrium
2632 448 2703 510 ab
2728 449 2997 508 Eucherio
3036 462 3125 517 ep.
3151 447 3326 521 Lugd.
3354 462 3490 507 con.

226 583 382 640 pum;
421 559 626 634 εη-[οιο.
660 554 909 612 Eucherii
966 550 1207 621 episcopi
1260 545 1635 617 Lugdunensis
1680 543 1815 597 liber
1916 545 2217 613 scriptum;
2250 546 2299 599 in
2333 547 2463 602 Vitis
2484 547 2584 604 SS.
2617 545 2762 604 Surii
2788 547 2877 603 ed.
2933 545 3187 603 secundas
3221 544 3493 602 volumine

230 636 599 715 Formularum
656 646 956 719 Spiritualis
1012 641 1427 715 Intelligentiw,’
1480 636 1547 691 ad
1614 636 1814 690 calcem
1916 636 2154 692 secundo
2185 637 2252 692 ad
2277 638 2331 693 d.
2358 637 2428 694 22
2456 639 2608 710 Sept.
2639 655 2794 711 pagg.
2818 636 3088 696 220-225.

232 750 411 807 Clavis
441 747 736 816 Scriptura:
764 754 932 795 sacrae
953 735 1190 794 Matthiae
1232 729 1418 787 Flacii.

300 843 563 900 Nimirum
586 836 801 892 Flacius
830 830 1141 905 appendicis
1173 829 1295 883 loco
1326 840 1449 881 eum
1479 822 1679 893 adjecit
1702 819 1817 875 Ex-

230 932 490 1009 positioni
520 944 631 986 suae
662 927 1005 997 Singulorum
1022 918 1426 979 Vocabulorum
1454 930 1517 972 ac
1532 914 1819 969 Nominum

228 1046 298 1088 eo
318 1026 569 1090 consilio,
600 1034 656 1078 ut
679 1020 914 1077 lectores
930 1027 1175 1073 veterum
1189 1011 1291 1068 hac
1322 1009 1376 1067 iu
1411 1025 1474 1066 re
1499 1009 1821 1064 sententiam

232 1128 611 1193 agnoscerent.
633 1115 900 1172 Caeterum
931 1122 1036 1163 non
1064 1106 1247 1161 dubito
1282 1104 1513 1176 primam
1538 1114 1659 1157 esse
1685 1100 1823 1155 hanc

233 1192 395 1286 quam
426 1210 781 1269 indicavimus
826 1205 985 1275 hujus
1012 1201 1191 1272 operis
1218 1196 1536 1255 editionem.
1576 1192 1825 1264 Repetita

234 1282 323 1364 est
346 1306 546 1375 saepius
571 1298 799 1357 diversis
821 1298 873 1353 in
897 1295 1050 1359 locis,
1066 1307 1117 1348 e.
1132 1307 1209 1360 c.,
1230 1288 1452 1345 Basileae
1475 1284 1633 1353 1609,
1654 1282 1825 1340 Fran-

235 1398 346 1455 cot‘.
382 1398 544 1463 1659,
578 1394 781 1449 Halniae
815 1389 972 1444 1695.
1004 1387 1061 1441 In
1092 1390 1364 1455 postrema
1397 1380 1648 1438 Eucherii
1691 1379 1828 1437 liber

236 1499 421 1549 exstat
450 1505 572 1561 pag.
599 1480 927 1543 1545—1572.

841 1584 1062 1628 SECULO
1090 1582 1222 1624 XV".

337 1673 501 1731 1602.
533 1668 864 1740 Antuerpiw;
893 1664 1055 1720 in-8°.
1084 1660 1340 1719 Eucherii
1361 1656 1737 1729 Lugdunensis
1765 1655 1832 1709 E-

239 1762 749 1843 piscopiHomilite,
779 1778 843 1817 ex
871 1759 1108 1816 editione
1160 1755 1384 1813 Joannis
1436 1750 1667 1808 Livineii
1720 1750 1830 1804 An-

1994 728 2154 786 1621.
2194 730 2490 802 Antuerpice
2539 749 2601 786 ea:
2643 732 2736 801 0/7".
2790 731 3023 789 Plants'n.
3064 730 3209 803 apud
3257 728 3493 786 Balthas.

1921 821 2200 888 Moratum,
2223 834 2272 878 et
2300 822 2523 879 Viduam
2543 825 2633 881 Jo.
2658 823 2864 892 Horati,
2889 834 2939 879 et
2963 822 3051 878 Jo.
3074 822 3391 888 Meursium;
3416 823 3497 875 ina

1921 914 1999 974 8⁸.
2027 916 2092 972 D.
2123 914 2380 973 Eucherii
2414 917 2654 987 episcopi
2680 917 3051 989 Lugdunensis
3089 917 3160 972 de
3186 922 3500 986 contemptu

1922 1009 2108 1066 mundi
2136 1011 2351 1085 epistola
2375 1008 2697 1066 Parometiaa
2726 1011 2791 1065 ad
2825 1009 3158 1066 Valerianum
3203 1016 3499 1079 cognatum.

1922 1099 2146 1159 Accedit
2173 1101 2291 1158 Vita
2321 1101 2383 1158 Ι).
2420 1101 2629 1159 Paulini
2658 1101 2853 1163 Nolani
2897 1103 3014 1159 veri
3042 1099 3230 1157 mundi
3254 1107 3500 1156 contem-

1926 1196 2118 1267 ptoris.

1999 1291 2188 1346 Editor
2215 1300 2299 1347 est
2326 1289 2643 1346 Heribertus
2668 1288 3023 1362 Bosweydus,
3054 1285 3146 1357 qui
3164 1285 3507 1341 notatiuncuc

1928 1385 2006 1439 las
2032 1384 2238 1454 aliquot
2270 1382 2503 1452 aspersit
2526 1388 2580 1437 et
2605 1381 2902 1450 inscripsit,
2936 1380 3008 1435 uti
3036 1390 3088 1435 et
3118 1393 3349 1447 sequens
3374 1391 3508 1447 opu-

1928 1476 2158 1541 sculum,
2192 1475 2423 1531 Henrico
2455 1473 2671 1531 Vander
2698 1472 2917 1542 lleyden
2954 1470 3185 1527 Villarim
3215 1468 3415 1522 abbati.

2004 1567 2162 1623 1691.
2203 1566 2427 1633 Ibidem,
2455 1566 2597 1636 apud
2647 1564 2849 1619 eosdem
2886 1563 3187 1632 bibliOpolas
3210 1575 3231 1626 ;
3260 1558 3417 1615 iit-8°.
3445 1559 3509 1613 D.

1930 1663 2183 1719 Eucherii
2236 1661 2475 1731 episcopi
2532 1656 2905 1729 Lugdunensis
2946 1656 3009 1709 de
3034 1654 3217 1708 Laude
3246 1652 3417 1706 Eremi
3445 1648 3516 1706 ad

1932 1758 2193 1813 Hilarium
2232 1754 2570 1810 Lirinensem
2619 1749 2939 1806 monachum
2968 1746 3180 1805 libellus
3211 1743 3355 1818 [cum
3404 1742 3515 1798 He-

239 1860 573 1931 tuerpiensis
594 1854 861 1920 canonici,
893 1853 958 1905 ad
982 1850 1187 1907 calcem
1216 1848 1540 1902 Semnonum
1569 1841 1828 1898 Cateche-

1963 1851 2121 1905 iberti
2152 1847 2449 1918 Bosweydi
2474 1843 2856 1902 notatiunculis
2875 1839 2917 1914 ].

244 1956 475 2011 ticorum
514 1948 781 2007 Theodori
805 1945 1051 2011 Studitae,
1082 1957 1113 1996 a
1143 1957 1261 2013 pag.
1296 1940 1421 1996 572.

322 2047 452 2102 Haec
482 2052 566 2099 est
597 2042 765 2114 prima
788 2046 846 2094 ut
866 2046 1022 2091 antea
1044 2035 1326 2089 docuimus
1339 2045 1669 2093 sermonum,
1693 2042 1832 2099 quos

250 2154 388 2195 vere
442 2134 689 2192 Eucherii
749 2138 959 2202 putant,
1014 2138 1068 2183 et
1107 2128 1174 2180 ab
1199 2126 1320 2191 illis,
1354 2125 1446 2194 qui
1475 2125 1573 2179 sub
1615 2120 1832 2177 Eusebii

245 2232 523 2288 Emisseni
568 2238 659 2283 aut
684 2226 945 2284 Gallicani
990 2222 1209 2277 nomine
1256 2216 1729 2283 circumferuntur,
1754 2214 1837 2270 di-

245 2325 398 2381 versi
427 2333 571 2389 sunt,
605 2321 789 2377 editio.

328 2418 483 2473 1615.
510 2414 752 2488 Lugduni
780 2409 1066 2482 sumptibus
1094 2408 1235 2462 Petri
1263 2404 1505 2476 Rigaud;
1528 2400 1697 2457 ἱππ-4⁵.
1726 2400 1835 2455 Eu-

247 2510 424 2565 cherii
451 2506 827 2577 Lugdunensis
858 2503 1120 2559 Ecclesire
1147 2498 1417 2569 quondam
1436 2491 1837 2561 archiepiscopi

249 2598 826 2672 theologidoctissiml,
852 2594 1218 2666 Intelligentiw
1239 2587 1526 2661 spiritualis
1554 2584 1838 2648 Formulce,

248 2693 668 2751 Instructionum
696 2690 817 2746 libri
847 2689 975 2752 duo,
1011 2685 1251 2757 ejusdem
1278 2682 1499 2755 epistola
1524 2679 1845 2733 Parametica

180 2790 189 2798 ”
248 2790 326 2844 ad
359 2788 695 2844 Valerianum
734 2782 830 2858 [ex
862 2782 1098 2837 editione
1152 2777 1296 2833 Petri
1325 2773 1553 2831 Gerardi
1584 2787 1599 2838 ;
1633 2768 1846 2825 accedit

249 2880 499 2949 ejusdem
531 2877 748 2948 epistola
774 2874 842 2928 ad
877 2872 1139 2927 Hilarium
1167 2884 1289 2925 cum
1348 2865 1666 2939 praefatione
1723 2864 1848 2917 Dio-

252 2973 398 3044 nysii
425 2969 705 3026 Faucherii
733 2965 983 3021 monachi
1034 2960 1365 3025 Lirinensis,
1408 2966 1465 3013 et
1490 2954 1848 3011 annotationi-

254 3065 365 3120 bus
394 3061 662 3119 Vincentii
701 3055 1000 3131 Salerni];
1034 3057 1087 3110 in
1117 3050 1477 3120 Chronologia
1526 3049 1846 3105 Sanctorum

2007 1954 2166 2010 169.2.
2195 1952 2424 2007 Coloniae
2452 1951 2577 2023 Agr.
2609 1955 2796 2020 sumpt.
2826 1947 2948 1999 Ant.
2976 1942 3197 2009 Hierat;
3223 1940 3424 2011 in-fol".
3450 1939 3518 1994 D.

1936 2046 2188 2103 Eucherii
2213 2040 2586 2115 Lugdunensis
2607 2038 2849 2110 episcopi
2875 2038 2939 2093 de
2962 2034 3143 2090 Laude
3164 2034 3338 2089 Eremi
3362 2032 3516 2088 libel-

1936 2141 2022 2195 lus
2052 2156 2172 2195 cum
2200 2136 2469 2195 Heriberti
2502 2132 2795 2204 Bosweydi
2825 2128 3237 2193 notatiunculis;
3290 2128 3342 2181 in
3374 2137 3520 2182 tomo

1936 2231 2057 2299 XV,
2083 2247 2177 2287 seu
2201 2230 2601 2300 supplemento,
2623 2239 2722 2283 seu
2747 2221 3053 2295 appendioe
3075 2220 3142 2279 ad
3159 2220 3227 2275 M.
3244 2218 3384 2275 Bibl.
3414 2217 3522 2272 Co-

1938 2324 2259 2378 loniensem.

2014 2416 2174 2474 1624.
2216 2407 2742 2485 Parisiis...in-fol°.
2765 2409 3019 2466 Eucherii
3064 2405 3301 2477 episcopi
3348 2401 3520 2472 Lugd.

1940 2510 2185 2566 Homiliae
2214 2523 2337 2564 cum
2367 2505 2634 2563 Theodori
2655 2502 2883 2561 Studitie
2912 2497 3255 2557 sermonibus
3275 2494 3525 2548 Cateclie-

1942 2603 2063 2657 ticis
2079 2602 2231 2669 juxta
2256 2598 2574 2655 editionem.
2604 2595 2692 2654 ιο.
2726 2592 3276 2660 Livineiiexpressae;
3308 2587 3359 2639 in
3384 2583 3525 2639 Bibl.

1943 2696 2046 2751 PP.
2078 2694 2237 2765 Bign.
2270 2693 2359 2748 ed.
2389 2702 2595 2763 quarta
2626 2688 2826 2760 (Paris)
2858 2697 3007 2742 tomo
3036 2684 3105 2751 ll,
3130 2698 3160 2737 a
3182 2682 3286 2738 col.
3323 2679 3448 2733 767.

2016 2785 2176 2843 1626.
2205 2784 2450 2859 Lugduni
2477 2793 2669 2853 sumpt.
2692 2778 2835 2836 Lud.
2856 2778 3008 2834 Prost
3040 2774 3257 2830 luendis
3286 2769 3528 2837 Rot'illii;

1947 2880 2146 2948 in-[ol°.
2176 2881 2232 2936 S.
2260 2878 2508 2933 Eucherii
2548 2874 2871 2947 Difﬁciliores
2899 2870 3217 2939 Quaestiones
3241 2868 3293 2919 in
3318 2873 3456 2918 vetus
3477 2868 3533 2916 et

1947 2989 2133 3030 novum
2154 2973 2564 3036 Testamentum;
2593 2968 2837 3039 ejusdem
2870 2961 3234 3035 Interpretatio
3260 2959 3527 3013 nominum

1950 3067 2358 3131 Hebraicorum;
2390 3065 2444 3119 in
2472 3062 2729 3119 Ludovici
2762 3061 2829 3117 de
2874 3060 2927 3115 la
2966 3057 3139 3113 Cerda
3192 3050 3529 3109 Adversarii:

256 3166 321 3213 et
347 3156 576 3210 aliorum
635 3152 887 3207 Virorum
943 3148 1230 3204 illustrium
1264 3159 1326 3199 ac
1354 3143 1621 3198 Abbatum
1667 3138 1847 3195 Sacrae

1963 3161 2132 3218 Sacris
2160 3160 2335 3227 capite
2366 3156 2490 3221 115,
2524 3169 2679 3225 pagg.
2714 3148 2977 3214 204-219,
3005 3158 3060 3203 et
3088 3161 3209 3216 cap.
3238 3144 3334 3199 161
3363 3184 3378 3209 ,
3406 3156 3533 3212 pag.

256 3250 459 3307 ιηειιιαε
506 3244 801 3303 Lirinensis
834 3258 927 3314 ρετ
956 3243 1017 3296 υ.
1060 3238 1401 3295 νίηοοιιιίιιηι
1440 3232 1697 3289 iarraiim
1750 3232 1849 3287 δει-
1874 3207 1920 3271 ο
1952 3207 2915 3310 1.3....'i;;.1‘..;.;.;:i.bs.i..
2942 3207 3067 3295 ..πη
3099 3207 3289 3291 “si...

256 3343 495 3409 lernum,
542 3338 865 3394 monachum
910 3332 1288 3397 Lirinensem,
1342 3328 1396 3383 in
1450 3342 1615 3382 unum
1648 3324 1853 3395 compi-

260 3434 396 3489 lata.

338 3525 567 3585 Gerardi
606 3523 975 3596 praefationem
1032 3520 1120 3575 hic
1168 3516 1493 3586 descriptam
1533 3526 1656 3569 esse
1696 3516 1854 3566 antea

264 3623 603 3678 monuimus.

342 3714 509 3770 1617.
551 3707 860 3784 lngolstadii
882 3723 944 3762 ea:
974 3703 1316 3778 typographia
1347 3700 1609 3755 Ederiana
1636 3714 1656 3766 ;
1686 3693 1853 3751 ἕποιο.

264 3806 339 3862 D.
375 3805 665 3861 Mauricius
696 3799 910 3856 Theben:
955 3798 1175 3871 legionis
1224 3794 1366 3858 Dux,
1408 3808 1501 3847 seu
1528 3791 1587 3846 S.
1615 3787 1857 3844 Mauricii

266 3895 609 3969 Martyrium,
643 3911 674 3951 a
725 3894 784 3950 S.
842 3891 1131 3955 Eucherio,
1174 3888 1429 3958 episcopo
1480 3882 1857 3954 Lugdunensi,

263 3993 661 4062 conscriptum,
690 4003 832 4043 nunc
862 3988 1054 4041 iterum
1087 3983 1314 4045 editum,
1344 3994 1465 4035 cum
1493 3976 1634 4032 notis
1675 3981 1730 4031 et
1761 3988 1858 4029 no-

264 4085 582 4149 tationibus,
615 4080 793 4136 studio
820 4088 873 4134 et
901 4078 1083 4132 labore
1125 4075 1271 4130 Petri
1292 4072 1564 4128 Stevartii.
1611 4066 1858 4125 Accessit

266 4179 433 4235 etiam
465 4176 712 4231 Ofﬁcium
751 4173 807 4230 S.
842 4170 1100 4225 Mauricii.
1135 4167 1255 4223 Cat.
1298 4165 1436 4221 Bibl.
1494 4162 1625 4233 Reg.
1680 4159 1853 4216 Paris.

341 4271 505 4328 1618.
546 4267 775 4324 Colonia:
790 4267 913 4336 Agr.
932 4262 1212 4333 sumptibus
1233 4260 1355 4315 Ant.
1389 4258 1620 4323 Hierat.;
1650 4254 1855 4325 in-[ol'.

267 4366 421 4422 Beati
473 4360 729 4419 Eucherii
778 4356 1152 4429 Lugdunensis
1207 4355 1442 4425 episcopi
1490 4368 1607 4422 qua:
1644 4356 1861 4406 exstant

265 4457 446 4513 omnia
472 4456 553 4525 pia
582 4453 649 4508 ad
674 4452 731 4508 S.
767 4450 1097 4520 Scripturam
1121 4444 1473 4516 Opuscula.l.
1492 4441 1757 4497 Formulw
1769 4458 1859 4495 seu

272 4549 505 4605 Phrases
535 4546 597 4604 S.
634 4545 941 4613 Scriptus-az.
1017 4540 1082 4596 ll.
1119 4540 1435 4606 Qua’stiones
1452 4535 1634 4591 veteris
1663 4551 1722 4588 ac
1743 4533 1859 4587 novi

269 4637 602 4696 Testamenti.
675 4634 764 4689 IlI.
832 4631 1198 4687 Hebraicorum
1247 4628 1513 4681 nominum
1545 4624 1861 4696 Interpreta-

274 4734 366 4787 tio.
420 4731 509 4785 IV.
542 4727 620 4783 De
649 4726 769 4782 Vita
787 4725 1037 4781 Solitaria
1063 4723 1131 4775 ad
1172 4719 1533 4788 Valerianum,
1553 4719 1818 4773 illustrata
1839 4756 1855 4782 ,

272 4823 543 4880 recensita
575 4831 735 4889 atque
778 4815 1058 4872 emendata
1073 4812 1249 4867 studio
1271 4808 1719 4864 AndreasSchotti
1743 4822 1855 4862 soc.

273 4918 425 4972 Jesu.
465 4912 739 4968 Accedunt
762 4919 817 4965 et
848 4908 1114 4962 Eucherio
1135 4902 1389 4971 adscripti
1413 4898 1778 4968 Commentarii
1806 4899 1861 4951 in

273 5008 511 5064 Genesim
542 5012 586 5059 et
611 5005 763 5057 libros
796 5001 1029 5069 Regum;
1058 4997 1108 5050 iu
1132 4994 1200 5049 Μ.
1225 4994 1363 5049 Bibl.
1388 4992 1603 5047 Patrum
1628 5001 1772 5046 tomo
1792 4991 1860 5056 η,

278 5109 427 5171 parte
458 5113 497 5159 ι,
529 5111 682 5165 pagg.
707 5090 966 5150 739-918.
999 5088 1261 5157 Adjuncta
1305 5094 1389 5142 est
1423 5084 1672 5155 praelatio
1698 5082 1859 5139 Alex.

278 5187 610 5246 Brassicani.

349 5284 407 5337 ln
442 5279 753 5347 praefatione
777 5274 995 5331 disserit
1023 5272 1088 5329 A.
1122 5271 1376 5327 Schottus
1408 5267 1477 5324 de
1504 5267 1721 5337 scriptis
1752 5266 1861 5321 Eu-

274 5375 444 5431 cherii
475 5383 581 5426 tam
612 5369 857 5441 genuinis
872 5382 1030 5437 quam
1050 5362 1424 5435 supposititiis.
1452 5360 1675 5423 Ibidem,
1698 5375 1724 5412 a
1742 5374 1859 5429 pag.

278 5465 383 5522 545
414 5465 482 5519 ad
512 5464 636 5527 758,
670 5462 890 5515 inserta:
922 5467 1046 5513 sunt
1082 5454 1324 5509 Homiliae
1351 5452 1567 5507 Eusebii
1600 5449 1860 5506 Gallicani

278 5568 398 5628 post
418 5556 710 5612 editionem
738 5552 823 5609 Jo.
848 5550 1088 5621 Gaigneii
1114 5548 1181 5602 ab
1210 5546 1426 5603 Andrea
1445 5543 1665 5601 Schotto
1684 5543 1862 5598 denuo

279 5649 562 5706 recensita:
591 5656 645 5702 et
672 5643 1014 5702 sermonibus
1033 5640 1393 5710 locupletatae.

350 5745 515 5803 1618.
576 5742 804 5802 Colonia:
849 5741 972 5816 Agr.
1028 5746 1219 5809 sumpt.
1264 5734 1354 5791 Jo.
1402 5731 1569 5805 Kreps
1598 5741 1645 5788 et
1674 5730 1860 5787 Herm.

284 5841 472 5917 Mytii;
499 5837 703 5915 in-fot'.
728 5838 836 5899 SS.
862 5836 1101 5894 Mauricii
1120 5842 1171 5892 et
1190 5833 1445 5891 sociorum
1468 5830 1758 5902 Martyrum
1794 5828 1863 5884 Α-

1953 3354 2039 3402 set
2062 3354 2223 3414 caput
2252 3342 2378 3407 159,
2407 3338 2550 3409 quod
2598 3337 2740 3393 haud
2784 3346 3050 3405 quaquam
3092 3330 3159 3383 ad
3211 3326 3537 3383 Eucherium

1954 3440 2208 3510 pertinet,
2233 3436 2326 3491 sed
2360 3434 2523 3503 ipsius
2545 3439 2628 3486 est
2654 3425 2931 3484 Lacerdte.

2029 3538 2185 3595 1627.
2230 3536 2477 3609 Lugduni
2501 3531 2641 3605 apud
2663 3526 2862 3583 Franc.
2889 3525 2954 3581 de
2977 3523 3030 3577 la
3055 3519 3311 3585 Bottiére;
3361 3515 3537 3572 iit-13.

1956 3634 2015 3691 S.
2044 3632 2297 3688 Eucherii
2346 3626 2617 3699 Opuscula
2666 3620 2922 3687 ascetica,
2977 3616 3230 3673 Dorothei
3280 3613 3541 3668 doctrinas

1957 3728 2167 3797 aliaque
2194 3722 2453 3794 opuscula
2474 3726 2698 3776 curante
2729 3714 2997 3771 Turriano
3047 3706 3327 3765 sacerdme
3355 3704 3405 3759 .i.
3439 3703 3542 3757 Be-

1959 3794 2122 3875 nedd.
2150 3820 2200 3874 in
2232 3817 2373 3872 Hist.
2407 3816 2486 3869 lit.
2516 3811 2708 3870 Galliae
2756 3806 3010 3864 disertius
3037 3818 3139 3855 non
3170 3797 3411 3863 laudant,
3442 3794 3541 3848 sed

1959 3915 2139 3967 inesse
2166 3916 2387 3964 monent
2406 3908 2540 3962 duas
2566 3901 2821 3960 Eucherii
2848 3897 3099 3969 epistolas
3119 3892 3186 3948 ad
3209 3889 3466 3946 Hilarium
3486 3896 3544 3942 et

1960 4005 2328 4061 Valerianum.

2030 4121 2188 4177 1655.
2232 4116 2495 4172 Monachii
2536 4110 2749 4185 [in-2.1].
2793 4109 2872 4163 De
2916 4120 3035 4160 vera
3081 4099 3378 4172 Sapientia,
3417 4110 3541 4149 vera

1972 4211 2163 4267 Virtute
2200 4218 2247 4264 et
2276 4207 2663 4277 Tranquillitate
2692 4200 2863 4255 Animi
2900 4197 2996 4254 SS.
3042 4192 3291 4249 Eucherii
3317 4188 3538 4257 Lugdu-

1963 4305 2145 4360 nensis
2170 4301 2383 4357 Martini
2416 4296 2783 4359 Bracarensis,
2820 4303 2871 4348 et
2901 4290 3074 4359 Magni
3101 4285 3368 4355 Wigonis,
3398 4282 3543 4335 anti-

1961 4398 2166 4452 stitum.
2196 4394 2331 4449 Vide
2358 4392 2445 4447 ed.
2475 4388 2879 4445 Bruxellensem
2910 4400 2961 4438 a.
2992 4380 3151 4438 1671.

2034 4487 2191 4543 1644.
2224 4487 2419 4542 Genuae
2438 4484 2577 4555 apud
2603 4479 2758 4536 Joan.
2792 4478 3016 4531 Mariam
3042 4474 3349 4532 Pavonum;
3385 4467 3541 4522 in-8'.

1886 4584 1939 4645 D
1966 4582 2222 4651 Epistolas
2276 4578 2521 4647 genuinae
2570 4574 2678 4628 divi
2720 4568 2971 4627 Eucherii
3017 4560 3389 4635 Lugdunensis
3429 4560 3548 4628 epi-

1966 4675 2139 4743 scopi,
2183 4687 2316 4743 quas
2343 4685 2467 4724 cum
2498 4666 2684 4724 eximii
2719 4661 3121 4720 concionaloris
3148 4657 3363 4713 hortatu
3392 4652 3547 4708 multi

1964 4775 2246 4838 cuperent,
2298 4763 2499 4817 habere
2541 4762 2631 4815 vix
2672 4758 2825 4828 pauci
2869 4764 3112 4826 possent,
3160 4750 3375 4806 sodales
3417 4747 3548 4802 Jesn

1967 4859 2207 4916 cruciﬁxi
2250 4859 2301 4911 in
2334 4854 2576 4923 Collegia
2619 4850 2889 4907 Genuensi
2942 4859 3055 4901 soc.
3111 4842 3240 4898 Jesu
3281 4836 3552 4894 auctorati

1967 4952 2259 5010 novissime
2277 4947 2657 5019 iinprimendas
2671 4951 2944 4999 curarunt.
2960 4938 3157 4994 Cinelli
3174 4936 3311 4990 Bibl.
3329 4933 3545 4987 Volant.

1966 5056 2110 5103 cont.
2126 5046 2190 5101 da
2205 5042 2550 5101 Sancassani.
2573 5047 2614 5094 t.
2630 5037 2672 5094 ll
2690 5034 3016 5107 p.265,Bibl.
3033 5031 3215 5086 Baluz.
3239 5040 3277 5082 t.
3294 5028 3335 5081 ll
3351 5021 3555 5095 p.1002

2044 5158 2197 5215 1641.
2227 5155 2445 5212 Parisiis
2466 5152 2605 5224 apud
2633 5164 2730 5205 (res
2753 5148 3054 5218 bibliopolas
3069 5162 3086 5211 ;
3104 5141 3316 5213 in-fol°.
3338 5137 3552 5193 Euche-

1966 5255 2029 5308 rii
2055 5250 2433 5321 Lugdunensis
2453 5244 2691 5316 episcOpi
2715 5241 3001 5303 Homiliw;
3026 5241 3077 5292 in
3101 5236 3241 5289 Bibl.
3265 5233 3364 5287 PP.
3390 5230 3545 5298 Bign.

1968 5355 2114 5402 tomo
2138 5343 2199 5407 ll,
2228 5345 2347 5397 loco
2368 5342 2560 5396 ultimo
2597 5346 2719 5409 post
2760 5333 3032 5390 Theodori
3071 5329 3302 5385 Studitce
3342 5338 3550 5379 sermo-

1971 5452 2088 5491 nes.
2115 5436 2372 5504 Ejusdem
2403 5431 2657 5485 editionis
2684 5424 3017 5495 exemplaria
3047 5427 3182 5476 sunt
3206 5433 3324 5488 qua:
3349 5428 3548 5470 annum

1972 5526 2108 5583 1651
2135 5525 2445 5596 praeferunt.

2043 5640 2199 5696 1616.
2218 5634 2650 5704 Pnrisiis;in-12.
2677 5636 2738 5690 S.
2752 5630 3067 5688 Eucherii...
3081 5628 3297 5701 epistola
3308 5625 3551 5681 Parmae-

1970 5736 2069 5789 tica
2090 5734 2156 5787 ad
2183 5732 2516 5787 Valerianum
2538 5740 2829 5802 cognatum,
2875 5734 3095 5779 curante
3136 5721 3383 5791 Philippo
3416 5717 3551 5772 Lab‘

1970 5828 2093 5884 beo.
2116 5825 2328 5881 Fabric.
2351 5824 2404 5877 in
2428 5822 2563 5877 Bibl.
2592 5820 2655 5877 Μ.
2684 5818 2792 5874 etl.
2825 5817 2943 5873 Lat.
2962 5815 3047 5871 ed.
3067 5815 3298 5870 Patav.t.
3318 5811 3335 5865 l
3353 5826 3403 5880 ρ.
3422 5808 3547 5866 116.
