4018 6338
451 292 560 354 695

1362 286 1424 346 S.
1465 285 1863 346 EUCHEBIUS
1900 285 2275 351 EPISCOPUS
2312 290 2816 353 LUGDUNENSIS.

3635 295 3746 353 696

527 403 689 461 1657.
724 399 946 458 Parisiis
967 400 1109 472 apud
1140 400 1500 457 Sebastianum
1523 411 1569 456 et
1598 400 1891 458 Gabrielem
1912 403 2041 460 Cra-
2068 410 2123 473 Α
2154 408 2319 468 ςιιετίί
2344 411 2722 483 Lugdunensis
2752 413 2996 487 episcopi
3027 430 3148 487 qua,
3186 420 3403 472 emam
3435 413 3618 470 omni,
3656 414 3745 484 pia

457 497 855 569 moisy;in-fol.
889 495 1127 565 Epistola
1152 494 1406 549 Eucherii
1429 495 1670 565 episcopi
1692 496 1759 550 ad
1782 494 2040 552 Faustum

460 606 555 645 seu
587 589 902 643 Faustinum
948 586 1325 657 presbyterum
1367 585 1677 642 Insulanum
1708 588 1777 645 de
1813 589 1919 645 situ
1955 606 2045 644 ur—

2149 506 2215 561 ad
2264 517 2505 561 sanctam
2541 506 2877 578 Scripturam
2907 510 3269 578 Opuscula...
3315 508 3607 573 illustrala,
3651 523 3744 561 re-

2146 596 2351 653 censita
2398 608 2562 668 atque
2612 598 2895 654 emendata
2942 600 3120 655 studio
3161 602 3226 654 A.
3274 598 3487 655 Schotti
3539 599 3737 653 societ.

461 680 543 735 bis
567 677 1077 750 Hierosolymitanse
1097 687 1259 748 atque
1278 676 1443 748 ipsius
1466 678 1669 735 Iudam
1693 695 1709 746 ;
1734 679 1787 734 in
1808 680 2045 752 Philippi
2147 687 2305 755 Jesu;
2351 689 2402 742 in
2445 698 2592 744 tomo
2624 689 2690 744 VI
2735 690 2877 746 Bibl.
2912 691 3047 746 Max.
3080 690 3186 746 PP.
3231 706 3386 761 pagg.
3427 689 3733 744 822-1013.

462 771 663 828 Labbei
691 786 825 826 nova
854 770 995 825 Bibl.
1021 770 1150 827 Mss.
1177 772 1439 827 librorum
1461 782 1607 828 tomo
1634 773 1654 827 I
1683 788 1802 843 pag.
1831 773 1936 829 665
1959 790 2046 844 sq.

536 862 695 919 1661.
728 862 909 916 Romae
941 874 1052 917 exc.
1088 862 1257 918 Vitale
1296 863 1608 930 Mascardo;
1635 866 1805 922 ἱη-ιίο.
1837 866 1894 922 S.
1926 866 2048 921 Eu-

465 953 639 1010 cherii
658 952 965 1008 Exhortatio
985 954 1054 1007 ad
1093 953 1393 1011 Monachos.
1420 956 1678 1025 Ejusdem
1702 958 1953 1013 sententia
1981 958 2049 1011 ad

467 1046 770 1101 Monachus.
813 1044 1072 1114 Ejusdem
1118 1044 1410 1100 Admonitio
1445 1046 1515 1101 ad
1547 1045 1795 1120 Virgines,
1822 1064 1889 1103 ex
1918 1048 2046 1104 duo-

466 1138 568 1193 bus
590 1152 722 1193 mss.
749 1136 1025 1193 codicibus
1052 1136 1489 1194 Floriacensibus
1511 1138 1729 1209 Reginae
1753 1138 2049 1195 Succorum

469 1229 636 1285 edidit
664 1229 836 1284 Lucas
867 1228 1179 1284 Holstenius
1216 1228 1273 1284 in
1302 1230 1603 1299 appendice
1632 1230 1835 1286 codicis
1878 1230 2053 1301 Regu-

470 1322 639 1377 Iarum
664 1338 787 1394 pag.
816 1322 885 1378 89
916 1336 1037 1393 sqq.
1072 1322 1128 1376 in
1156 1321 1244 1377 ed.
1279 1322 1572 1379 Parisiensi
1598 1339 1755 1394 pagg.
1785 1323 1980 1379 55-62.

546 1417 704 1473 1662.
754 1416 973 1470 Parisiis
1000 1425 1190 1487 sumpt.
1222 1416 1341 1470 Ant.
1366 1415 1587 1483 Bertier;
1617 1416 1818 1488 in~fol°.
1858 1418 1914 1474 S.
1950 1419 2056 1473 Eu-

472 1510 641 1566 cherii
665 1509 834 1580 Lugd.
866 1524 953 1579 ep.
984 1508 1233 1564 Homiliaz
1257 1510 1453 1578 aliquot
1479 1528 1497 1576 ;
1520 1510 1576 1565 in
1605 1509 1945 1566 Bibliotheca
1962 1511 2057 1566 Pa-

474 1612 616 1657 trum
659 1602 1058 1658 concionatoria
1100 1602 1262 1672 (octo
1311 1604 1676 1659 voluminibus
1732 1604 2054 1677 distributa)

475 1694 753 1750 Francisci
780 1693 1108 1750 Combeﬁsii.
1145 1694 1327 1750 Editio
1353 1696 1644 1751 novissima
1666 1705 1749 1752 est
1776 1697 1978 1754 Veneta
2003 1713 2054 1753 a.

2150 778 2416 848 Expressa
2443 779 2596 849 juxta
2616 779 2907 835 editionem
2937 778 3251 836 Coloniens.
3276 797 3290 846 ;
3314 781 3404 835 sed
3438 790 3559 849 post
3580 796 3744 850 quar-

2153 882 2261 926 tum
2281 887 2415 942 opus
2443 872 2643 927 inserta
2665 880 2814 938 sunt,
2846 871 3089 942 Epistola
3114 875 3181 926 ad
3209 872 3470 927 Hilarium
3495 873 3559 926 de
3588 872 3747 925 laude

2152 963 2327 1019 Eremi
2364 972 2421 1022 et
2458 967 2587 1021 Acta
2635 966 2951 1023 Sanctorum
3012 968 3310 1039 Martyrum
3354 967 3747 1038 Agaunensium

2152 1055 2264 1125 (ex
2310 1056 2657 1128 Chimetio),
2708 1059 2947 1129 subjecta
3000 1061 3216 1128 epistola
3240 1060 3310 1113 ad
3340 1059 3580 1115 Salvium
3637 1058 3750 1127 epi-

2153 1164 2384 1219 sc0pum.
2438 1148 2641 1205 Ibidem
2687 1158 2833 1205 tomo
2866 1149 3081 1217 XXVII,
3120 1166 3241 1221 pag.
3298 1149 3398 1206 180
3425 1164 3572 1219 sqq.,
3605 1149 3747 1217 legi-

2156 1250 2241 1297 tur
2265 1260 2277 1295 :
2304 1241 2549 1297 Eucherii
2577 1242 2863 1298 exhortatio
2908 1245 2977 1297 ad
3019 1244 3303 1299 Monachos
3327 1253 3375 1298 et
3397 1244 3653 1297 sententia
3680 1242 3750 1294 ad

2156 1335 2359 1389 eosdem
2378 1376 2392 1401 ,
2439 1352 2500 1389 ea:
2528 1336 2749 1390 editione
2776 1335 2929 1390 Luem
2964 1335 3245 1390 Holstenii.

2232 1430 2389 1485 1689.
2422 1430 2677 1497 Parisiis;
2707 1429 2883 1485 ἔνι-40.
2920 1430 3105 1483 Passio
3154 1428 3258 1485 SS.
3306 1428 3550 1484 Mauricii
3573 1440 3621 1483 et
3646 1428 3752 1484 So-

2160 1524 2352 1578 ciorum
2391 1526 2501 1596 ejus
2530 1521 2840 1594 Martyrum,
2872 1529 3097 1577 auctore
3124 1521 3393 1576 Eucherio
3437 1536 3525 1591 ep.
3575 1520 3748 1589 Lugd.

2160 1617 2243 1671 Ex
2279 1616 2505 1671 Paulino
2535 1616 2800 1671 illustrato
2830 1614 3086 1670 Chilﬂetii
3123 1623 3178 1670 et
3204 1614 3370 1669 variis
3396 1613 3557 1669 codd.
3608 1626 3746 1667 mss.

2161 1710 2296 1765 Bibl.
2336 1710 2471 1780 Reg.
2518 1710 2872 1779 aliarumque,
2907 1723 3029 1764 cum
3077 1708 3493 1777 praemonitione
3530 1704 3749 1761 Theod.

476 1788 635 1855 1719,
689 1787 773 1842 VII
801 1788 935 1843 voll.
973 1787 1160 1843 Editur
1199 1804 1567 1861 quascumque
1598 1790 1723 1845 huic
1748 1791 2054 1847 collectioni
2085 1795 2135 1857 B
2160 1800 2435 1867 Ruinam;
2479 1800 2532 1855 in
2564 1800 2714 1855 Actis
2741 1800 3031 1871 Martyrum
3061 1799 3181 1870 ejus
3212 1814 3333 1870 pag.
3357 1797 3465 1855 289
3502 1813 3661 1868 sqq.;
3698 1796 3749 1851 in

475 1879 705 1936 inseruit
730 1879 979 1936 Eucherii
1010 1881 1227 1936 nomine
1253 1881 1502 1936 homilias
1524 1898 1553 1936 a
1577 1881 1816 1939 Livineio
1838 1883 2057 1939 desum-

520 1972 608 2026 sit.

520 1986 608 2026 sn.

480 1986 516 2043 Ρ
548 2068 708 2123 1662.
748 2066 952 2122 Divione
970 2083 991 2133 ;
1019 2065 1179 2121 ἕποι’.
1212 2065 1399 2122 Passio
1428 2066 1814 2139 Agaunensium
1856 2066 2060 2139 Marty-

475 2174 611 2225 rum,
645 2169 867 2215 auctore
897 2159 952 2215 S.
987 2158 1254 2215 Eucherio
1285 2159 1637 2231 Lugdunensi
1673 2161 1966 2230 episcopo;
2004 2160 2059 2216 in

474 2250 593 2306 Pet.
625 2250 820 2305 Franc.
850 2248 1109 2307 Chimetii
1149 2250 1377 2307 Paulino
1416 2250 1711 2307 illustrato.
1758 2266 1811 2322 p.
1844 2267 2049 2324 tpagg.

478 2342 673 2399 86-9'2.

550 2434 712 2491 1665.
759 2433 979 2491 Parisiis
1019 2438 1161 2508 apud
1206 2434 1399 2491 Frunc.
1442 2433 1693 2507 Muguet;
1748 2435 1881 2490 in-8'
1932 2436 2064 2506 Epi-

481 2530 615 2584 stola
640 2529 808 2583 sancti
831 2529 1083 2584 Eucherii
1114 2528 1490 2599 Lugdunensis
1521 2529 1763 2599 episcopi
1793 2529 1861 2583 ad
1890 2528 2066 2583 Philo-

480 2637 598 2677 nem
626 2621 1001 2693 presbyterum;
1031 2636 1097 2677 ex
1123 2622 1293 2677 veteri
1312 2621 1499 2677 codice
1515 2635 1618 2676 ms.
1654 2620 1799 2676 Petri
1838 2621 2065 2675 Marnas-

480 2713 548 2770 sii
570 2713 847 2769 Senatoris
867 2712 1356 2783 Gratianopolitani
1378 2712 1545 2769 edidit
1570 2712 1759 2781 Steph.
1791 2712 2062 2779 Balnzius,

481 2808 539 2865 In
584 2807 735 2864 Notis
763 2808 829 2863 ad
854 2809 913 2863 S.
955 2807 1224 2878 Agobardi
1259 2808 1453 2879 Opera,
1489 2806 1699 2863 tomoII
1740 2822 1897 2879 pagg.
1924 2804 2061 2870 155,

483 2897 612 2957 156.

556 2994 715 3051 1670.
769 2995 1017 3069 Cygnete;
1045 2992 1177 3049 in-8°
1211 2993 1272 3048 Β.
1314 2990 1567 3047 Eucherii
1620 2990 1864 3045 Homilia:
1893 2988 1955 3043 de
1999 2987 2063 3042 Β.

499 3087 719 3162 Virginis
740 3090 1064 3159 conceptione
1092 3084 1497 3157 Fragmentum;
1530 3085 1584 3139 in
1604 3082 1899 3138 Christiani
1928 3082 2068 3136 Dau-

484 3180 581 3236 mii
614 3179 858 3234 IIomiliis
880 3179 984 3233 PP.
1009 3179 1063 3233 in
1090 3176 1267 3231 Nativ.
1296 3175 1348 3232 J.
1378 3176 1510 3231 Chr.
1535 3190 1589 3247 p.
1611 3174 1871 3230 215-255.
1891 3174 1968 3227 Ex
1982 3172 2069 3227 Li-
2095 3168 2144 3232 C

485 3286 686 3328 νιιιειο.

505 3384 511 3393 ‘
559 3364 716 3421 1670.
732 3364 941 3419 Vienna:
964 3364 1181 3419 Austriw
1206 3363 1337 3434 typis
1365 3360 1597 3416 Malthtei
1617 3360 1923 3415 Cosmerovii
1946 3378 1965 3425 ;
1985 3361 2069 3414 in-

488 3456 572 3512 8°.
604 3456 721 3510 Divi
750 3456 997 3510 Eucherii
1022 3455 1401 3525 Lugdunensis
1439 3453 1677 3524 episcopi
1722 3453 1935 3523 epistola
1963 3450 2073 3504 Pa-

487 3547 745 3614 ranetiea,
766 3548 831 3599 ad
854 3545 924 3601 D.
940 3546 1266 3600 Valerianum
1282 3554 1569 3615 cognatum
1596 3559 1772 3611 suum,
1797 3547 1863 3598 ab
1885 3559 2072 3599 amore

487 3639 731 3711 profana:
755 3640 1109 3710 phi|050phiae
1128 3639 1195 3693 ad
1219 3638 1452 3693 studium
1478 3652 1618 3693 verte
1646 3638 1924 3705 sapientia:
1950 3651 2074 3704 pro-

488 3743 709 3787 vocans.
732 3730 864 3786 Item
886 3731 944 3784 Β.
972 3729 1241 3785 Francisci
1266 3730 1471 3799 Borgite
1500 3728 1625 3783 olim
1646 3728 1868 3783 Gaudia:
1896 3728 2070 3795 ducis,

487 3837 675 3895 postea
700 3827 975 3881 societatis
1002 3827 1133 3881 Iesu
1160 3824 1432 3895 generalis
1461 3825 1689 3893 epistola
1726 3823 1958 3893 practica
1979 3864 1991 3879 .
2016 3865 2027 3877 .
2056 3867 2069 3880 .

490 3934 590 3989 pro
618 3919 793 3974 Xenio
823 3935 911 3973 an.
956 3920 1086 3973 1671
1129 3919 1327 3972 oblata:
1369 3918 1751 3972 illustrissimus
1798 3917 2073 3972 sodalitati

490 4008 839 4066 Dominorum
868 4011 967 4066 sub
996 4010 1152 4065 titulo
1190 4011 1495 4077 Assumptus
1527 4008 1769 4078 Dciparaa
1813 4008 1866 4062 in
1907 4007 2073 4062 domo

491 4102 734 4174 professa
765 4103 1044 4156 societatis
1070 4101 1198 4157 Iesu
1231 4101 1457 4156 Vienna:
1484 4110 1704 4156 erecta.

567 4193 726 4249 1671.
760 4192 1020 4246 Bruxellis
1069 4192 1210 4262 apud
1255 4191 1525 4244 Francisc.
1576 4189 1815 4261 F0ppens
1840 4207 1857 4255 ;
1900 4188 2071 4243 iit-24.

494 4287 571 4342 De
598 4301 715 4340 vera
736 4286 1023 4354 Sapientia,
1050 4301 1164 4339 vera
1192 4284 1395 4337 Virtute
1420 4294 1465 4337 et
1494 4282 1884 4354 Tranquillitate
1905 4283 2076 4336 Animi

496 4380 597 4437 SS.
646 4378 898 4434 Eucherii
943 4378 1339 4447 Lugdunensis,
1385 4375 1594 4429 Martini
1639 4375 1984 4429 Bracarensis
2023 4381 2077 4428 et

494 4472 671 4542 Magni
696 4470 936 4541 Wigonis
968 4469 1293 4525 antistitum.
1327 4469 1505 4524 Editio
1544 4484 1682 4524 nova
1702 4468 1855 4538 juxta
1888 4482 2073 4522 exem-

494 4567 613 4637 plar
639 4565 899 4621 Monacbii
936 4564 1255 4635 impressum
1284 4578 1423 4617 anno
1457 4560 1614 4617 1655.

569 4659 711 4713 Inest
747 4656 993 4712 Eucherii
1021 4653 1237 4725 epistola
1270 4654 1589 4710 Parwnetica
1618 4654 1687 4708 ad
1719 4652 2069 4708 Valerianum.

498 4748 771 4807 Sacerdos
813 4747 1031 4817 quidam
1080 4748 1355 4802 societatis
1383 4747 1512 4802 Iesu
1540 4746 1840 4802 sodalitatis
1877 4744 2079 4800 Latina:

496 4844 599 4900 sub
625 4840 801 4895 Titulo
830 4841 891 4894 B.
922 4840 993 4894 M.
1022 4839 1087 4895 γ.
1122 4839 1409 4894 Visitantis
1434 4847 1632 4894 erecta:
1655 4838 1706 4892 in
1732 4838 1958 4908 collegio
1985 4852 2079 4892 so-

498 4934 709 4992 cietatis
740 4934 867 4989 Iesu
899 4931 1166 4985 Bruxellis
1211 4931 1471 4995 director,
1514 4930 1605 5000 qui
1643 4929 1744 4984 sub
1776 4928 1976 4985 litteris
2011 4928 2079 4983 G.

499 5026 569 5085 Β.
602 5029 768 5081 latere
788 5024 979 5088 voluit,
1012 5023 1304 5078 editionem
1333 5024 1523 5078 horum
1563 5023 1867 5078 libellorum
1898 5023 2082 5077 Mona-

499 5118 610 5177 chii
642 5134 693 5173 a.
733 5114 871 5172 1655
899 5115 1089 5169 iactam
1130 5122 1203 5178 et,
1237 5123 1297 5168 ut
1321 5114 1415 5182 ait,
1458 5114 1603 5169 illico
1641 5114 1953 5169 distractam
1994 5128 2081 5169 re.

501 5211 625 5268 cudi
657 5210 885 5265 curavit.

576 5302 733 5360 1675.
768 5301 988 5356 Parisiis
1013 5300 1153 5373 apud
1177 5298 1300 5354 Seb.
1328 5298 1620 5371 Cramoisy;
1650 5299 1847 5354 in-IQ’.
1894 5297 1991 5353 Via
2018 5300 2086 5353 ad

505 5396 859 5460 aeternitatem,
891 5393 1005 5449 sive
1030 5392 1127 5447 tria
1154 5390 1415 5462 opuscula
1447 5390 1549 5447 SS.
1584 5390 1836 5445 Eucherii
1868 5391 2088 5462 Lugdu-

506 5488 693 5545 nensis
740 5495 796 5543 et
838 5486 1023 5541 Hilarii
1063 5484 1400 5540 Arelatensis
1449 5483 1508 5537 1ο
1551 5484 1613 5537 de
1651 5482 1831 5537 Laude
1873 5483 2085 5551 Eremi,

408 5574 421 5637 ἱ
508 5583 573 5637 2ο
590 5581 652 5635 de
682 5579 987 5650 Contemptu
1017 5576 1218 5644 mundi,
1237 5578 1296 5631 '5“
1324 5576 1387 5630 de
1419 5574 1535 5628 Vita
1563 5576 1624 5630 S.
1653 5574 1936 5630 Honorati.
1965 5575 2086 5631 Cat.

509 5673 652 5732 Bibl.
683 5671 880 5727 Teller.
911 5685 1034 5741 pag.
1075 5667 1162 5725 54.
1187 5685 1239 5723 a.

586 5764 745 5821 1677.
777 5762 1018 5835 Lugduni
1042 5761 1181 5833 apud
1211 5762 1540 5827 Anissonios;
1570 5760 1773 5833 in-fol'.
1807 5761 1955 5820 Beati
1981 5762 2089 5817 Eu-

2160 1893 2244 1950 ed.
2280 1892 2536 1957 secunda,
2564 1892 2633 1947 ab
2658 1892 2776 1963 ipso
2807 1902 3032 1948 auctore
3058 1892 3353 1962 recognits,
3378 1906 3501 1961 quae
3526 1891 3752 1945 Amste-

2162 1987 2362 2043 lodami
2390 2002 2456 2042 ex
2479 1985 2571 2041 οϐ’.
2602 1984 2976 2041 Wetsteniana
3009 1985 3213 2056 prodiit
3241 2000 3291 2039 a.
3334 1983 3491 2051 l71'5,
3524 1981 3750 2051 ἱη-[οιο.

2163 2095 2283 2151 pag.
2325 2080 2461 2145 271;
2507 2082 2561 2135 in
2614 2079 2911 2135 Veronensi
2953 2080 3053 2149 (ex
3098 2078 3335 2148 Tvpogr.
3385 2076 3749 2132 Tumerman-

2163 2172 2346 2245 niana)
2377 2174 2535 2243 1751,
2564 2171 2773 2242 ἰη-Ῑοιο.
2802 2188 2959 2243 pagg.
2982 2170 3208 2226 257.45.

2749 2280 2967 2321 SECULO
3006 2280 3159 2319 ινιιι.

2238 2357 2394 2413 1726.
2440 2355 2661 2412 Venetiis
2691 2358 2830 2427 apud
2853 2355 3286 2412 Bartholomaxum
3313 2352 3667 2413 Giavarinam,
3704 2352 3754 2403 in

2164 2449 2274 2503 vico
2304 2449 2365 2504 S.
2392 2448 2611 2503 Joannis
2640 2448 3017 2519 Chrysostomi;
3041 2446 3240 2502 in-16°.
3275 2445 3353 2501 De
3382 2461 3502 2498 vera
3529 2443 3753 2513 Sapien-

2167 2545 2261 2609 tia,
2292 2558 2410 2597 rera
2436 2542 2640 2597 Virtute
2668 2551 2713 2597 et
2752 2540 3143 2611 Tranquillitate
3168 2530 3340 2595 Animi
3368 2537 3468 2594 SS.
3506 2535 3755 2592 Eucherii

2165 2635 2564 2706 Lugdunensis,
2615 2633 2828 2689 Martini
2873 2632 3218 2687 Bracarensis
3256 2639 3313 2687 et
3354 2628 3528 2701 Magni
3569 2627 3757 2697 Wigo-

2168 2730 2250 2785 nis
2276 2727 2582 2784 antistitum
2614 2726 2893 2797 opuscula,
2925 2723 3293 2780 illustrissimo
3322 2737 3385 2777 ac
3409 2719 3756 2776 reverendis-

2166 2822 2305 2877 simo
2331 2820 2442 2875 DD.
2469 2821 2647 2875 Marco
2675 2818 3005 2883 Gradonico,
3039 2815 3358 2887 patriarcha:
3379 2813 3756 2875 Venetiarum,

2153 2907 2553 2975 ‘Dalmatitnque
2592 2903 2829 2975 primati,
2864 2911 2994 2972 etc.,
3022 2901 3220 2957 dicata.
3253 2900 3443 2968 Cinelli
3481 2897 3619 2952 Bibl.
3653 2896 3757 2950 Vo-

2168 2998 2314 3053 lante
2342 2999 2362 3053 I
2391 3014 2553 3069 supra
2589 2997 2828 3054 laudata.

2243 3088 2402 3145 17-17.
2444 3088 2784 3143 Venetiis.....
2835 3086 3037 3156 ἑτι-[σι’.
3099 3083 3350 3140 Eucherii
3385 3081 3758 3153 Lugdunensis

2176 3185 2415 3257 episcopi
2441 3184 2657 3256 epistola
2680 3185 2746 3237 ad
2776 3181 3032 3236 Faustum
3073 3179 3423 3251 presbyterum
3450 3175 3760 3231 Insulanum

2174 3280 2243 3335 de
2274 3279 2379 3334 situ
2410 3278 2559 3333 urbis
2613 3276 3114 3348 Hierosolymitana:
3143 3282 3303 3342 atque
3344 3272 3513 3341 ipsius
3558 3270 3758 3325 Iudaeae

2176 3374 2337 3447 (falso
2364 3373 2467 3444 ipsi
2496 3371 2752 3441 tributa);
2778 3373 2829 3424 in
2862 3370 3024 3424 Blasii
3054 3367 3267 3438 Ugolini
3291 3366 3573 3421 Thesauro
3605 3362 3753 3417 Anti-

2176 3467 2312 3538 quit.
2345 3465 2563 3520 Sacrar.
2597 3472 2743 3518 tomo
2774 3461 2886 3526 VII,
2913 3478 2943 3516 a
2966 3460 3074 3515 col.
3108 3457 3267 3514 1201.

2250 3557 2405 3612 1757.
2453 3545 2743 3626 Antaei-pia:
2764 3554 2903 3623 apud
2931 3550 3215 3606 Bernhard.
3236 3550 3352 3603 Alb.
3373 3566 3471 3602 van
3495 3549 3587 3601 der
3615 3545 3759 3598 Plas-

2176 3650 2324 3717 sche;
2352 3648 2558 3719 in-fol°.
2592 3647 2774 3700 Passio
2805 3646 2912 3701 SS.
2948 3645 3178 3698 Mauritii
3205 3642 3527 3704 aliorumque
3550 3641 3757 3712 legionis

2176 3739 2408 3794 Thebane
2440 3738 2750 3807 Martyrum,
2780 3745 3003 3790 auctore
3024 3736 3082 3791 S.
3120 3733 3386 3788 Eucherio
3419 3730 3756 3801 Lugdunensi

2177 3833 2431 3903 episcopo
2461 3831 2601 3885 edita
2628 3846 2656 3883 a
2685 3829 2829 3884 Petr.
2861 3828 3150 3882 Francisco
3178 3824 3449 3880 Chiilletio
3487 3841 3534 3877 ε.
3569 3824 3616 3878 J.
3649 3830 3700 3873 et
3730 3836 3755 3872 a

2179 3924 2481 3989 Ruinartio,
2514 3937 2631 3977 cum
2665 3922 2786 3975 aliis
2819 3935 2949 3974 mss.
2974 3918 3191 3974 collata.
3224 3917 3352 3971 Item
3381 3914 3569 3968 Passio
3600 3914 3754 3966 inter-

2182 4016 2360 4084 polata
2387 4031 2450 4070 ex
2481 4029 2583 4069 ms.
2614 4013 2672 4067 S.
2701 4010 2979 4067 Maximini
3010 4009 3373 4073 Trevirensis,
3402 4007 3596 4062 collata
3636 4019 3752 4059 cum

2180 4108 2342 4163 editis
2370 4122 2398 4161 a
2423 4105 2582 4163 Suria
2611 4114 2666 4161 et
2697 4118 2827 4159 mss.
2858 4102 3135 4169 Fuldensi,
3161 4102 3218 4157 S.
3251 4100 3547 4157 Salvatoris
3578 4098 3751 4155 Ultra-

2175 4201 2451 4273 jeclensis,
2480 4209 2535 4255 et
2552 4198 2984 4264 Marchianensi;
3011 4213 3135 4252 cum
3164 4198 3436 4252 annotatis
3456 4195 3609 4250 Joan.
3630 4193 3754 4249 Stil-

2181 4292 2354 4363 tingii,
2387 4301 2516 4355 etc.,
2561 4290 2613 4343 in
2642 4291 2791 4345 Actis
2821 4289 2919 4346 SS.
2946 4288 3266 4343 Bollandist.
3304 4301 3491 4347 mense
3518 4286 3754 4355 Septem-

2181 4386 2297 4445 bre,
2332 4393 2371 4437 ι.
2407 4382 2495 4450 VI,
2527 4397 2683 4453 pagg.
2714 4381 2977 4438 542—349.

2253 4474 2495 4529 Accessit
2516 4472 2950 4527 Commentarius
2998 4469 3231 4541 praevius
3252 4510 3266 4534 ,
3312 4467 3368 4522 in
3396 4481 3505 4537 quo
3545 4465 3713 4521 omnia
3734 4506 3747 4527 ,

2107 4554 2161 4614 D
2183 4582 2304 4636 qua:
2337 4574 2441 4620 tam
2474 4564 2715 4619 historiae
2748 4563 2938 4632 ipsius.
2969 4577 3130 4633 quam
3173 4569 3416 4616 actorum
3476 4557 3749 4612 sincerita-

2186 4669 2291 4714 tem
2322 4659 2639 4728 respiciunt,
2672 4672 2776 4711 non
2804 4656 3009 4724 vulgari
3038 4653 3340 4710 eruditione
3364 4660 3421 4705 et
3450 4650 3657 4705 solertia
3688 4646 3751 4699 il-

2188 4753 2502 4807 lustrantur.
2524 4749 2771 4819 Inspersa
2794 4756 2921 4803 sunt
2937 4758 2989 4804 et
3010 4748 3116 4802 alia
3133 4754 3479 4802 monumenta
3494 4743 3559 4797 ad
3581 4740 3750 4797 eadem

2190 4852 2306 4899 acta
2337 4841 2579 4896 facientia
2592 4879 2607 4894 .

2834 4930 3121 4982 Versiones.

2276 5027 2355 5082 Ex
2398 5025 2647 5082 omnibus
2669 5022 2925 5079 Eucherii
2969 5018 3432 5078 lucubrationibus
3489 5018 3603 5071 sola
3656 5014 3752 5070 fere

2187 5118 2406 5189 epistola
2462 5118 2531 5171 ad
2580 5115 2911 5171 Valerianum
2966 5115 3019 5169 in
3066 5128 3256 5169 recens
3311 5111 3528 5182 aliquod
3578 5110 3755 5164 idiom:

2193 5211 2449 5266 translata
2497 5218 2601 5265 est.
2628 5209 2870 5264 Primum
2901 5206 3059 5275 hujus
3076 5205 3153 5260 rei
3176 5200 3569 5267 institutum,ni
3596 5200 3754 5261 fallor,

2195 5302 2366 5359 Gallis
2402 5301 2682 5356 debemus.
2711 5299 2897 5369 Neque
2927 5297 3039 5352 Itali
3081 5296 3134 5352 id
3164 5297 3516 5367 neglexerunt
3554 5303 3607 5348 et
3659 5292 3752 5345 lau-

2196 5393 2315 5449 dari
2361 5395 2543 5471 etiam.
2569 5393 2719 5447 vides
2751 5392 3064 5460 HiSpanicas
3090 5401 3145 5445 et
3184 5389 3437 5459 Anglicas
3476 5386 3751 5442 versiones.

2196 5485 2363 5541 Nobis
2388 5484 2670 5554 sequentia
2701 5483 2956 5553 colligere
2986 5481 3155 5536 licuit.

2270 5578 2311 5633 I.
2347 5576 2589 5646 Epistola
2620 5576 2687 5629 ad
2745 5574 3097 5629 Valerianum.
3126 5601 3195 5614 --
3238 5570 3400 5627 1552.
3448 5571 3615 5641 Lyon,
3652 5566 3754 5620 dies

2202 5670 2354 5725 Maca
2408 5667 2767 5731 Bonhomme;
2804 5665 2964 5721 in-t'.
3017 5666 3074 5721 S.
3133 5661 3364 5718 Euchier
3416 5662 3446 5715 ὸ
3509 5657 3749 5720 Valeriae,

2200 5761 2545 5822 Eshortation
2568 5761 2841 5827 rationale,
2872 5759 3099 5818 retirant
3125 5756 3191 5817 de
3220 5752 3529 5813 mondanité
3554 5760 3604 5810 et
3629 5750 3688 5805 de
3710 5748 3749 5805 la
