4018 6338
232 366 339 430 697
1236 380 1287 423 at

1616 358 1983 418 PROLEGOM
1992 362 2144 419 ENA.

3390 368 3497 429 698

231 479 581 556 philosophia
618 476 900 552 prophane
928 477 959 533 ὲ
988 475 1120 533 Dieu
1149 486 1203 534 et
1232 477 1264 533 ὲ
1304 474 1502 533 l‘etude
1538 473 1637 532 des
1671 476 1815 531 sain-
1841 484 1887 541 Α
1920 478 2001 534 8⁸.
2034 478 2235 535 Eadem
2261 488 2618 552 transportata
2649 477 2736 537 dal
2760 477 2955 536 Latino
2976 479 3041 537 da
3067 480 3131 538 D.
3153 480 3348 539 Carolo
3374 484 3499 542 Gia-

228 586 347 633 ctes
374 577 587 641 lettres,
604 572 872 629 traduicte
892 586 957 625 en
988 584 1117 626 vers
1144 570 1399 637 franeois,
1430 583 1560 625 avec
1589 578 1815 623 annota-

229 674 397 741 tions,
430 689 530 744 par
557 670 903 742 Barptolemy
929 671 1138 724 Aneau.
1168 669 1283 725 Cat.
1321 669 1463 723 Bibl.
1510 669 1643 738 Reg.
1689 667 1814 723 Par.

300 764 463 821 1659.
499 764 644 834 Lyon
672 778 692 828 ;
721 760 884 817 ist-8'.
919 760 1120 816 Eadem
1143 768 1199 815 et
1220 760 1439 831 epistola
1457 760 1525 813 ad
1553 758 1818 813 Hilarium

229 860 296 913 de
324 858 593 913 Laudibus
618 856 816 922 Eremi,
838 869 1111 925 anonymo
1143 854 1439 924 interprete
1469 852 1546 925 (a)
1574 854 1627 907 in
1677 852 1817 906 libro

226 949 548 1021 gallico,cui
571 948 759 1005 titulus
784 966 795 1001 :
824 947 904 1002 La
927 947 1164 1004 Solitude
1194 947 1516 1003 Chretienne.
1542 948 1605 1002 Τ.
1626 947 1667 1015 l,
1694 961 1815 1018 pag.

230 1044 337 1100 137
366 1058 450 1115 sq.
484 1043 669 1099 Tertia
702 1041 860 1111 hujus
886 1041 1064 1110 operis
1094 1039 1261 1096 editio
1288 1054 1341 1093 a.
1373 1039 1512 1096 1662
1548 1048 1763 1096 natatur
1787 1051 1816 1092 a

227 1136 472 1192 Benedd.
504 1135 561 1191 in
591 1136 726 1192 Hist.
754 1136 791 1189 l.
826 1134 1035 1191 Gallia.

297 1227 463 1283 1672.
505 1226 681 1294 Paris,
723 1227 844 1280 cites
893 1224 1074 1279 Pierre
1112 1225 1159 1280 le
1186 1224 1371 1292 Petit;
1411 1225 1584 1281 ενι-12.
1612 1224 1670 1282 S.
1706 1226 1817 1282 Eu-

226 1318 382 1383 cher,
409 1318 495 1372 Du
526 1318 713 1388 mepris
742 1317 812 1369 du
839 1316 1045 1384 monde,
1080 1316 1283 1371 traduit
1311 1331 1379 1371 en
1416 1315 1676 1383 Francois
1723 1332 1818 1387 par

226 1411 435 1468 Robert
466 1411 708 1467 Arnould
749 1411 1048 1482 d'Anditly,
1084 1426 1215 1466 avec
1245 1411 1295 1465 le
1337 1410 1491 1466 Latin
1540 1426 1609 1465 en
1657 1414 1815 1469 suite.

223 1506 420 1561 Exstat
440 1506 630 1561 eadem
661 1505 719 1560 in
751 1503 1017 1575 Operibus
1047 1505 1185 1575 ejus,
1215 1514 1360 1560 tomo
1386 1504 1426 1557 Ι.
1447 1502 1624 1570 Paris,
1655 1506 1811 1563 l675.

224 1614 347 1672 pag.
377 1602 452 1656 24
476 1616 609 1673 sqqa
649 1606 665 1655 '.

297 1694 460 1751 1609.
484 1694 553 1749 In
588 1694 819 1750 Venetia.
859 1693 1077 1749 Lettera
1099 1692 1153 1749 di
1183 1692 1452 1749 Eucherio
1499 1701 1655 1747 santo
1696 1709 1816 1749 ves-

221 1802 367 1844 covo
391 1787 447 1843 di
467 1787 656 1855 Lione,
686 1794 817 1851 etc.,
864 1786 1095 1842 tradotta
1127 1785 1275 1841 dallo
1300 1784 1569 1854 Spagnolo
1615 1785 1817 1853 (Ludo-

1918 574 2064 628 cinto
2086 574 2382 641 Gariboldi,
2417 592 2519 630 una
2543 591 2663 631 cum
2689 584 2838 631 textu
2860 576 3073 633 Latino.

1988 664 2054 720 ll.
2088 664 2273 720 Passio
2312 666 2416 723 SS.
2472 667 2763 739 Martyrum
2809 669 3210 740 Agaunensium.
3240 700 3310 712 --
3338 670 3496 729 1705.

1920 761 2243 816 Amsterdam
2272 778 2290 825 ;
2320 761 2519 816 ἔνι-12⁸.
2551 762 2904 817 Dissertation
2932 763 3228 835 historique
3258 775 3311 820 et
3354 765 3500 821 criti-

1919 870 2025 924 que
2076 868 2169 908 sur
2210 855 2261 909 le
2292 854 2523 925 lilartyre
2572 855 2639 910 de
2684 856 2730 908 la
2763 855 2940 927 legion
2998 856 3327 915 Thébéennc
3373 875 3501 915 avec

1925 946 2159 1001 Histoire
2173 946 2244 999 du
2268 945 2502 1017 Martyre
2522 949 2584 1001 de
2604 957 2733 1001 cette
2758 948 2922 1018 legion
2942 950 3207 1005 attribuée
3230 950 3259 1005 a
3290 950 3349 1007 S.
3388 951 3498 1007 Eu-

1922 1040 2075 1095 cher.
2107 1040 2476 1112 Archetypum
2511 1040 2667 1110 hujus
2696 1042 3089 1098 dissertationis
3128 1043 3352 1099 Joannis
3394 1044 3501 1097 Du—

1922 1138 2145 1194 bordizei
2190 1136 2597 1209 (Dubourdieu)
2643 1135 2935 1191 sacerdotis
2976 1138 3273 1192 Calviniani
3326 1148 3500 1193 coetus

1923 1232 2237 1288 Saubadicze
2260 1230 2509 1295 Londini,
2531 1229 2755 1299 Anglico
2778 1228 3036 1285 idiomate
3064 1230 3117 1284 in
3142 1230 3316 1285 lucem
3347 1232 3497 1295 exiit.

1922 1342 2066 1381 anno
2095 1325 2309 1381 circiter
2353 1324 2490 1379 1696
2528 1322 2623 1396 (c).
2659 1321 2765 1378 Sed
2815 1323 2983 1391 magis
3015 1322 3172 1378 obvia
3204 1333 3287 1378 est
3315 1324 3499 1379 versio

1922 1418 2148 1476 Gallica.
2180 1416 2433 1473 Studiose
2482 1430 2582 1471 nec
2602 1417 2723 1469 sine
2770 1414 3065 1469 acrimonia
3112 1414 3348 1471 refutare
3374 1430 3496 1471 eum

1921 1511 2165 1567 nituntur
2188 1508 2612 1578 Antuerpieuses
2635 1507 2890 1561 Actorum
2922 1506 3019 1563 SS.
3051 1508 3305 1562 editores.

1994 1603 2155 1660 1778.
2198 1601 2266 1655 In
2305 1601 2471 1655 Roma
2502 1599 2636 1655 nella
2671 1598 2967 1665 Stamperia
2996 1598 3050 1650 di
3102 1597 3164 1653 S.
3201 1596 3419 1650 Michele
3467 1614 3500 1651 a

1922 1697 2095 1769 Ripa;
2116 1697 2171 1750 in
2202 1694 2280 1750 4°.
2320 1693 2567 1747 Passione
2589 1692 2666 1745 de‘
2689 1690 2844 1745 Santi
2868 1689 3144 1755 Mauricio,
3173 1706 3199 1743 e
3227 1690 3500 1759 compagni

1924 1791 2135 1846 Martiri
2159 1789 2342 1844 scritta
2369 1786 2437 1841 da
2464 1787 2523 1842 S.
2558 1784 2827 1841 Eucherio
2858 1798 3089 1838 vescovo
3120 1781 3171 1837 di
3214 1782 3411 1859 Lionc';
3444 1781 3498 1836 in

222 1881 327 1937 vici
350 1881 723 1952 Granatensis)
750 1882 826 1953 (b)
850 1882 904 1935 in
932 1880 1157 1935 ltaliano
1173 1878 1242 1933 da
1264 1878 1386 1935 Gio.
1408 1878 1635 1934 Giolito.
1657 1878 1808 1935 Exst.
1846 1872 1890 1933 Β
1919 1885 2027 1940 Ani
2057 1882 2252 1937 sinceri
2278 1881 2346 1935 de
2376 1879 2532 1951 primi
2556 1878 2763 1932 martiri
2803 1876 2945 1932 della
2974 1875 3154 1931 chiesa
3183 1873 3301 1929 Cat.
3352 1889 3496 1929 race.

220 1989 344 2029 cum
368 1974 532 2031 Libro
558 1975 695 2031 delia
723 1974 983 2045 Spiritual
1012 1973 1219 2041 Gratia,
1250 1982 1386 2039 etc.,
1416 1972 1467 2027 di
1490 1972 1614 2028 Giv.
1641 1973 1812 2029 Lans-

219 2068 412 2139 pergin
441 2085 562 2140 pag.
594 2070 699 2125 210
720 2084 841 2139 sqq.

296 2162 459 2220 1715.
490 2164 559 2219 1η
592 2163 789 2220 Milano
811 2180 901 2235 per
926 2164 1075 2220 Gius.
1096 2163 1359 2236 Pandolfo
1383 2164 1660 2221 Malatesta
1676 2184 1696 2233 ;
1723 2167 1807 2221 in-

242 2290 371 2399 λίι)
405 2325 681 2399 Fabricius
706 2326 726 2380 1
751 2324 1041 2396 Canagium
1070 2333 1125 2381 et
1161 2323 1289 2380 Ant.
1322 2324 1606 2381 Godellum
1660 2325 1798 2379 inter

213 2396 547 2463 interpretes
569 2397 751 2452 Gallos
780 2405 1045 2451 numerat.

288 2468 368 2539 (b)
396 2467 665 2523 Laudatur
709 2468 822 2522 brec
855 2467 1033 2521 versio
1078 2466 1364 2536 Hispanica
1410 2466 1463 2520 in
1496 2466 1614 2521 Cat.
1662 2464 1799 2519 Bibl.

1919 1978 2008 2034 dal
2041 1975 2102 2031 P.
2122 1976 2349 2031 Ruinart
2370 1988 2399 2028 e
2426 1971 2566 2028 trad.
2595 1971 2661 2026 da
2686 1970 2880 2027 Franc.
2915 1968 3079 2023 Maria
3106 1966 3327 2022 Luchini
3353 1973 3501 2021 torno

1920 2072 1982 2138 ll,
2017 2085 2172 2140 pagg.
2198 2066 2459 2123 457-467.
2512 2064 2796 2120 Praemissa
2838 2071 2919 2117 est
2958 2077 3063 2115 non
3094 2060 3358 2128 Ruinarti,
3403 2059 3498 2115 sed

1919 2165 1988 2220 ab
2016 2163 2132 2233 ipso
2154 2162 2449 2230 interprete
2481 2158 2677 2227 scripta
2709 2155 3056 2210 introductio.

1908 2319 2313 2376 Barberinianac
2370 2327 2413 2373 t.
2440 2316 2460 2371 l
2491 2330 2543 2384 p.
2575 2314 2705 2380 582,
2740 2312 2833 2368 sed
2887 2311 3084 2367 omissa
3119 2308 3220 2364 loci
3265 2310 3499 2380 annique

1913 2401 2383 2534 migglifismph.
2411 2457 2560 2515 Saxi’.
2579 2456 2776 2512 Onom.
2804 2455 2883 2509 lit.
2908 2464 3039 2509 toto.
3058 2452 3099 2506 V
3120 2453 3343 2522 Anal.p.
3362 2452 3489 2508 652.

211 2575 3480 2606 __________________________.—_._____——

841 2671 1025 2732 AND.
1073 2669 1415 2733 SCHOTTI
1458 2666 1886 2729 PRIEFATIO
1930 2668 2009 2727 ΙΝ
2054 2666 2315 2728 OPERA
2362 2665 2425 2727 S.
2472 2662 2873 2726 EUCHERII.

390 2814 487 2869 Pio
514 2814 717 2868 Lectori
748 2814 885 2869 And.
923 2813 1169 2868 Schottus
1209 2811 1481 2867 Societatis
1508 2807 1655 2865 Jesu.

285 2946 488 3001 Damus
517 2962 621 3009 en,
663 2946 749 3014 pie
789 2946 983 3010 lector,
1030 2942 1096 2997 B.
1150 2941 1392 2997 Eucherii
1438 2938 1815 3012 Lugdunensis

206 3040 460 3109 episcopi
489 3038 662 3108 Opera
710 3038 954 3108 dispersa
998 3037 1285 3104 hactenus,
1335 3036 1592 3105 varieque
1621 3034 1764 3088 edita
1789 3073 1804 3099 ,

209 3133 451 3201 primum
484 3146 512 3183 a
560 3130 771 3186 Joanne
821 3128 1086 3186 Sichardo
1116 3137 1239 3200 post
1291 3127 1519 3183 meliora
1566 3125 1814 3181 nonnihil

208 3225 353 3280 facta
378 3240 539 3295 opera
564 3224 856 3280 Alexandri
884 3198 1214 3288 Brassicani,
1272 3221 1505 3276 hominis
1550 3219 1604 3274 in
1648 3218 1811 3273 colli-
1840 3198 1885 3262 Ο

208 3319 409 3390 gendis
436 3328 677 3374 veterum
704 3334 733 3373 e
762 3317 1036 3385 naufragio
1058 3315 1276 3384 scriptis
1304 3312 1679 3386 perdiligentis
1705 3331 1717 3365 :
1743 3312 1810 3367 de

208 3415 415 3485 quibus
443 3413 703 3468 Eucherii
751 3410 969 3481 scriptis
1025 3424 1167 3464 nunc
1208 3409 1445 3463 breviter
1488 3406 1651 3461 animi
1702 3405 1810 3460 mei

209 3521 438 3563 sensum
462 3504 726 3574 aperiam.
752 3502 990 3557 Primum
1015 3500 1082 3556 de
1104 3500 1358 3570 legitimis
1384 3498 1533 3553 hisce
1558 3496 1813 3551 Pr.rsulis

210 3602 494 3673 opusculis
523 3601 588 3655 ad
621 3599 680 3656 S.
726 3598 1061 3669 Scripturam
1120 3593 1529 3664 intelligendam
1558 3591 1808 3656 utilibus,

212 3712 279 3752 ac
310 3710 478 3765 prope
501 3694 732 3749 dixerim
758 3691 1082 3747 necessariis
1107 3707 1120 3742 :
1152 3704 1277 3743 mox
1308 3688 1375 3741 de
1401 3686 1691 3757 illegitimis
1715 3703 1807 3740 seu

212 3789 440 3858 spuriis,
492 3787 739 3857 falsoque
782 3784 859 3838 illi
890 3782 1161 3838 attributis
1201 3782 1487 3837 disseram.
1524 3779 1807 3849 Permagni

212 3883 359 3936 enim
385 3881 651 3936 interesse
705 3893 923 3949 semper
964 3876 1290 3941 existimavi,
1348 3884 1406 3929 ut
1447 3890 1576 3929 vera
1603 3890 1629 3927 a
1664 3874 1813 3927 falsis

212 3971 521 4027 disserendi
550 3980 667 4026 arte
695 3970 998 4041 dijudicare
1030 3987 1040 4021 :
1076 3969 1156 4022 sic
1187 3977 1239 4021 ct
1267 3972 1454 4040 γνήσια
1484 3966 1683 4036 scripta
1714 3980 1811 4019 an-

213 4064 489 4134 tiquorum
516 4062 735 4117 Patrum
767 4076 797 4115 a
842 4060 1006 4121 νότοις
1034 4059 1367 4124 discernere,
1401 4072 1470 4113 ne
1512 4056 1633 4127 quis
1675 4057 1809 4112 abu-

218 4167 392 4224 tatur,
427 4169 608 4226 posse.

286 4266 663 4323 Formularum
723 4263 1094 4336 Spiritualium
1129 4279 1267 4333 opus
1298 4264 1523 4319 adhibet
1553 4276 1659 4318 non
1686 4276 1810 4317 raro

214 4361 361 4417 Beda
390 4378 405 4415 ε
438 4370 498 4416 ut
525 4370 767 4415 veterum
807 4359 1098 4429 pleraque,
1124 4358 1464 4427 p0tissimum
1492 4356 1804 4427 Augustini,

215 4454 384 4509 tacito
436 4453 654 4507 nomine
699 4450 1064 4521 transcripsit.
1099 4449 1282 4520 Neque
1311 4448 1513 4504 idcirco
1544 4447 1811 4504 Eucherio

212 4560 338 4601 cum
387 4545 543 4600 Sixto
582 4544 812 4601 Senensi
840 4542 1224 4614 abjudicanda,
1251 4550 1305 4597 et
1335 4541 1495 4596 Bedae
1523 4541 1808 4596 tribuenda

213 4638 391 4693 videri
424 4636 643 4691 debent.
679 4635 775 4690 Hic
800 4635 963 4691 etiam
998 4635 1282 4707 mysticam
1309 4633 1687 4688 membrorum
1718 4632 1809 4686 Dei

216 4729 674 4803 signiﬁcationem
705 4731 965 4801 reperias,
997 4730 1335 4797 aliorumque
1363 4740 1482 4796 qua:
1522 4725 1589 4780 ad
1616 4726 1807 4780 huma-

213 4839 342 4879 nam
401 4822 630 4878 formam
681 4822 1001 4892 pertinentia
1038 4821 1148 4874 Deo
1188 4820 1241 4874 in
1278 4817 1576 4887 Scripturis
1628 4816 1797 4870 sacris

213 4916 559 4983 tribuuntur,
589 4930 708 4985 qua:
734 4915 984 4985 leguntur
1012 4914 1175 4968 etiam
1198 4912 1250 4966 in
1275 4911 1461 4966 libello
1490 4911 1551 4964 de
1576 4910 1812 4964 Essentia

217 5007 493 5063 Trinitatis
527 5006 643 5078 (qui
670 5006 731 5059 Β.
766 5006 1065 5075 Augustino
1088 5013 1236 5058 tomo
1281 5018 1332 5057 tv
1378 5001 1514 5055 lalso
1556 4999 1810 5055 inscribi-

212 5100 349 5171 tur),
365 5109 427 5154 ut
447 5099 809 5154 observarunt
826 5095 1107 5152 Conradus
1135 5096 1349 5150 Brunus
1370 5109 1421 5149 c.
1446 5095 1479 5149 4
1506 5102 1561 5149 et
1588 5093 1674 5151 «ιο.
1698 5093 1810 5148 Mo-

211 5192 376 5247 lanus
401 5191 498 5245 lib.
526 5207 565 5246 ιι
595 5206 645 5245 c.
684 5192 738 5257 '5,
764 5198 991 5259 uterque
1025 5189 1093 5244 de
1115 5188 1440 5257 Imaginibus
1467 5186 1805 5242 disserendo.

214 5283 329 5340 Nos
354 5283 555 5339 idcirco
581 5282 639 5340 S.
658 5282 951 5352 Scriptura:
972 5281 1089 5335 loca
1120 5280 1317 5351 passim
1340 5280 1590 5335 versibus
1623 5279 1809 5349 singu-

215 5378 289 5434 lis
317 5377 535 5433 laudata
566 5385 679 5432 toto
706 5391 874 5446 opere
906 5374 1221 5430 ascribenda
1269 5373 1604 5439 curavimus,
1644 5380 1706 5426 ut
1736 5372 1808 5425 la-

217 5486 341 5526 cem
366 5471 536 5527 veluti
568 5470 619 5525 in
648 5468 886 5525 tenebris
908 5468 1304 5539 praferremus.
1336 5465 1650 5533 Qucestt'ones
1673 5473 1807 5518 vete-

218 5564 292 5617 ris
320 5581 382 5618 ac
414 5564 531 5618 novi
560 5561 871 5617 Testamenti
895 5560 1109 5630 scripsit
1137 5568 1191 5615 et
1219 5561 1279 5615 Β.
1307 5558 1637 5631 Augustinus
1659 5559 1811 5615 libris

220 5657 423 5726 tribus,
442 5655 643 5726 aliique
662 5655 822 5711 etiam
854 5654 1027 5711 Graeci
1056 5653 1269 5710 Patres.
1300 5652 1502 5708 Verum
1530 5652 1811 5723 Augustini

220 5765 337 5806 non
364 5765 490 5806 esse
519 5749 813 5821 legitimum
845 5748 1010 5805 letum
1038 5747 1187 5803 illum
1225 5747 1387 5803 docet
1424 5746 1733 5817 Alphonsus
1783 5761 1811 5799 a

221 5841 438 5910 Castro,
471 5842 568 5900 lib.
600 5842 669 5901 de
694 5841 1003 5900 Haeresibus
1031 5856 1047 5897 :
1080 5839 1328 5898 Julianus
1355 5855 1567 5913 quoque
1586 5839 1809 5897 Toleta-

1923 2803 2023 2842 nus
2057 2787 2264 2843 Przcsul
2292 2788 2665 2857 Ἀντικειμένων
2697 2785 2913 2839 nomine
2945 2782 3264 2853 inscriptas,
3298 2781 3499 2837 eidem-

1919 2896 2022 2952 que
2054 2881 2113 2935 Β.
2136 2879 2444 2949 lldcphonsi
2491 2877 2747 2947 Catalogo
2793 2875 3110 2941 vindicatus,
3142 2890 3261 2945 quze
3295 2884 3499 2943 tempo-

1920 2988 2037 3027 rum
2066 2973 2259 3043 injuria
2296 2980 2501 3041 patrem
2550 2970 2694 3025 ciere
2724 2969 2847 3039 quia
2886 2984 2991 3023 non
3044 2975 3328 3038 poterant,
3381 2966 3499 3020 sine

1917 3066 2152 3120 auctoris
2177 3063 2330 3118 titulo
2356 3064 2406 3117 in
2440 3062 2786 3118 Germaniam
2832 3075 2977 3131 saepe
3005 3060 3274 3115 exierunt.
3322 3058 3498 3113 Aurea

1919 3172 2052 3213 vero
2076 3164 2161 3212 est
2188 3171 2252 3211 ac
2290 3155 2492 3210 mellita
2519 3153 2739 3209 omnino
2770 3152 2997 3223 epistola
3025 3151 3111 3207 illa
3157 3150 3224 3206 ad
3256 3149 3499 3205 Valeria-

1916 3268 2043 3307 num
2068 3249 2451 3321 propinquum,
2478 3246 2556 3301 De
2585 3245 2889 3311 Contemptu
2922 3244 3131 3307 Mundi,
3162 3244 3322 3315 deque
3343 3243 3499 3297 retin.

1914 3343 2113 3416 quando
2160 3342 2332 3396 studio
2376 3344 2609 3413 profante
2659 3338 3041 3408 philosOphiw,
3076 3344 3135 3390 ut
3185 3334 3495 3392 Gennadius

1916 3436 2235 3503 laudatcap.
2272 3448 2423 3488 um.
2450 3432 2579 3485 Item
2611 3430 2677 3484 ad
2711 3428 2966 3485 Uranium
2994 3443 3057 3482 ac
3073 3427 3348 3482 Salonium
3384 3425 3500 3496 epi-

1916 3543 2111 3600 scopos
2140 3528 2371 3582 obscura
2404 3539 2630 3595 quasque
2657 3531 2954 3578 sanctarum
2978 3521 3221 3591 Capitula
3247 3521 3499 3590 Scriptu-

1915 3639 2092 3677 rarum
2120 3621 2286 3677 misit.

1988 3717 2068 3771 En
2102 3715 2195 3770 tibi
2228 3711 2508 3769 Claudiani
2555 3711 2830 3777 Mamerci,
2874 3709 3111 3781 episcopi
3152 3709 3498 3773 Viennensis.

1916 3809 2011 3865 lib.
2068 3809 2131 3862 de
2171 3808 2325 3864 Statu
2366 3806 2563 3860 Anima:
2618 3805 3006 3859 testimonium.
3044 3802 3497 3871 Haudquaquam,

1916 3901 2118 3972 inquit,
2152 3898 2468 3954 Eucherium
2508 3897 2873 3967 prwterierim,
2917 3896 3042 3948 mihi
3078 3911 3210 3948 nunc
3252 3896 3499 3948 viventem

1916 3994 2171 4059 doctrina,
2205 4002 2251 4047 et
2283 3991 2645 4062 prcesentaneis
2677 4007 2849 4045 coram
2874 3990 3304 4059 disputationibus
3325 3989 3503 4057 cogni-

1915 4098 2043 4149 tum,
2094 4086 2180 4153 qui
2230 4083 2424 4138 scilicet
2476 4083 2652 4136 viridis
2703 4083 2816 4141 (cvi,
2861 4090 3089 4135 maturus
3132 4082 3311 4147 animi,
3352 4089 3503 4135 terra:

1915 4180 2188 4249 despuens,
2221 4176 2333 4230 cali
2376 4186 2644 4244 appetens,
2680 4174 2888 4227 humilis
2924 4176 3135 4245 spiritu,
3166 4174 3352 4228 ardens
3394 4191 3503 4227 me-

1914 4270 2034 4334 rito,
2068 4285 2130 4321 ac
2160 4268 2369 4336 perinde
2397 4266 2587 4336 ingenii
2618 4265 3002 4331 subtilissimus,
3044 4266 3269 4319 scientiis
3297 4266 3501 4334 plenus,

1915 4360 2105 4431 eloquii
2130 4362 2364 4431 pro/Inus
2389 4374 2694 4429 magnorum
2714 4356 2795 4411 sui
2819 4357 2995 4411 steculi
3026 4358 3327 4428 pontiﬁcum
3354 4356 3504 4428 longe

1914 4453 2190 4517 maximus,
2220 4450 2370 4504 editis
2402 4452 2454 4504 in
2477 4467 2583 4505 rem
2616 4448 2739 4517 ﬁdei
2768 4450 3060 4522 multijugis
3089 4450 3346 4503 variorum
3382 4466 3505 4516 ope-

1915 4560 2030 4598 rum
2077 4543 2445 4609 voluminibus,
2488 4542 2556 4595 ad
2600 4542 2846 4613 papulum
2890 4557 3090 4611 quoque
3123 4558 3279 4611 super
3317 4542 3502 4595 anima!

1921 4648 2059 4694 statu
2105 4640 2265 4693 multa
2313 4638 2550 4692 nobiliter
2584 4638 2915 4691 concionatus
2951 4646 3045 4691 est.
3092 4636 3359 4690 Hactenus
3389 4634 3501 4691 ille.

1923 4733 2195 4789 Proferam
2225 4744 2278 4788 et
2307 4732 2444 4787 acris
2471 4731 2629 4802 hujus
2662 4729 2996 4799 tempestatis
3027 4729 3268 4783 censoris
3296 4729 3363 4783 de
3393 4730 3505 4785 Eu-

1921 4824 2087 4879 cherii
2110 4823 2417 4894 eloquentia
2442 4838 2607 4892 prope
2630 4821 2885 4890 singulari
2920 4821 3301 4889 testimonium,
3329 4820 3501 4888 Nihil,

1922 4917 2114 4987 inquit,
2147 4917 2293 4971 video
2317 4917 2600 4988 profectum
2629 4932 2660 4969 a
2691 4924 2879 4970 nostra:
2898 4915 3160 4987 religionis
3191 4917 3504 4984 hominibus,

1920 5011 2008 5080 qui
2037 5009 2338 5079 eloquentia:
2362 5025 2558 5079 quoque
2584 5008 2750 5080 gloria
2778 5009 3067 5077 ﬂoruerint,
3098 5008 3235 5077 quod
3260 5024 3378 5061 cum
3402 5006 3503 5059 hu-

1911 5104 1998 5172 jus
2029 5101 2204 5172 phrasi
2238 5102 2305 5154 sit
2342 5100 2724 5170 conferendum.
2760 5097 2827 5154 Ut
2866 5116 3117 5171 nusquam
3158 5116 3260 5153 non
3298 5107 3510 5169 prastat

1917 5194 2174 5264 egregium
2203 5192 2474 5261 artiﬁcem,
2498 5192 2600 5245 sive
2618 5201 2815 5261 spectes
2846 5190 3100 5253 ordinem,
3128 5191 3230 5245 sive
3260 5190 3507 5243 transitus

1917 5286 2131 5341 subinde
2180 5302 2354 5352 novos,
2406 5286 2507 5339 sive
2552 5302 2652 5339 non
2700 5286 2963 5356 vulgarem
3008 5285 3313 5355 ingressum,
3358 5283 3510 5336 veluti

1920 5380 2073 5433 linten
2109 5380 2592 5451 argumentationis.
2635 5378 2852 5433 Nullam
2893 5377 3117 5432 suasorii
3148 5378 3351 5449 generis
3392 5392 3510 5442 por-

1919 5482 2017 5527 tem
2044 5488 2146 5526 non
2178 5480 2382 5527 tractat.
2423 5471 2697 5543 Nusquam
2739 5472 2940 5525 desidet
2975 5471 3027 5523 in
3062 5470 3190 5524 locis
3224 5468 3507 5523 communi-

1920 5564 2033 5619 bus.
2074 5562 2246 5635 Magis
2283 5574 2451 5636 urget,
2493 5573 2539 5618 et
2583 5564 2739 5618 instat
2777 5562 3120 5632 argumentis,
3164 5562 3292 5615 mire
3331 5562 3512 5633 pungit

1921 5657 2327 5727 epiphonematis
2374 5672 2393 5710 :
2436 5656 2652 5710 delectat
2691 5659 2852 5728 jucta
2904 5671 2964 5707 ac
3022 5664 3183 5709 movet
3228 5655 3509 5708 sententiis.

1925 5748 2175 5815 Quodque
2199 5748 2361 5819 magis
2383 5750 2536 5802 etiam
2560 5747 2855 5800 mirandum
2874 5754 2970 5814 est,
3002 5746 3074 5800 sic
3101 5743 3346 5801 Isocratis
3369 5743 3512 5801 sche-

1923 5840 2143 5896 matibus
2173 5840 2460 5908 modulata,
2491 5846 2708 5908 structa,
2741 5840 3101 5911 picturamque
3128 5851 3202 5897 est
3230 5838 3419 5909 oratio,
3452 5843 3511 5894 ut
