4018 6338
511 320 615 382 699

1469 329 1527 388 S.
1567 328 1893 389 EUCHERII
1934 329 2240 389 EPISCOPI
2276 326 2755 388 LUGDUNENSIS

3654 324 3773 390 τοι

506 460 756 513 nusquam
789 446 975 519 frigeat
1002 454 1090 501 aut
1120 447 1351 519 ineptiat.
1395 448 1487 505 Sic
1525 458 1712 523 arguta
1731 490 1746 516 ,
1786 457 1842 505 ut
1871 450 2073 504 interim
2102 457 2151 512 Α
2179 449 2495 519 Gregorium
2532 445 2557 502 ῐ
2584 443 2787 501 Pontif.
2816 458 2940 500 mu
2970 440 3081 517 (qui
3111 440 3321 500 duobus
3349 457 3520 515 prope
3547 443 3769 502 seculis

505 553 739 604 nervosa,
778 540 853 593 sic
898 540 1186 607 elaborata,
1228 550 1281 594 ut
1329 552 1496 595 tamen
1537 542 1787 609 dilucida,
1820 547 1894 597 sic
1924 561 2072 615 nova,

505 628 597 684 sed
625 638 678 682 ut
708 630 857 685 twdio
893 638 1062 684 careat
1096 630 1466 700 alectationis;
1495 638 1570 690 sic
1602 636 1800 705 festiva,
1831 647 1887 691 ut
1914 636 2076 692 nihilo

503 724 667 777 secius
689 723 858 792 gravis
887 739 948 777 ac
980 725 1145 789 seria;
1174 727 1247 780 sic
1278 724 1555 795 rhetorica,
1586 740 1640 784 ut
1667 735 1885 805 γνησίως
1907 743 2076 790 tamen

504 809 819 865 Christiana.
858 810 1089 886 Denique
1127 818 1202 870 sic
1231 819 1365 872 acris
1393 836 1454 873 ac
1482 826 1767 891 vehemens,
1801 836 1855 878 ut
1879 828 1964 880 sui
2000 838 2078 882 ta-

504 916 615 955 men
641 900 821 972 ubique
848 907 1051 973 similis,
1076 912 1191 978 pari
1216 911 1493 967 intentione
1519 917 1587 969 ad
1612 925 1895 972 extremum
1918 936 2076 990 usque

502 992 690 1046 calcem
718 1012 1017 1069 properam,
1037 1002 1153 1056 sani
1175 1002 1406 1060 videlicet
1432 1009 1689 1078 vegetique
1714 1011 1899 1081 ingenii
1920 1018 2076 1085 argu-

501 1094 742 1138 mentum.

572 1175 820 1233 Esstaret
847 1181 1053 1239 utinam
1090 1200 1249 1256 quam
1277 1188 1332 1242 in
1361 1188 1632 1262 Catalogis
1661 1192 2074 1253 Ecclesiastico-

502 1281 617 1321 rum
648 1268 978 1341 Scriptorum
1016 1279 1282 1334 nominari
1314 1281 1488 1349 video,
1527 1299 1590 1340 ex
1628 1286 1783 1343 Joan.
1814 1287 2075 1347 Cassiano

502 1358 749 1415 Eucherii
778 1362 1046 1433 Epitoma.
1081 1367 1277 1426 Lucem
1306 1373 1450 1429 enim
1481 1375 1713 1446 aliquam
1743 1379 1990 1436 obscuris
2019 1383 2075 1437 in

500 1449 655 1519 locis,
694 1453 1106 1529 depravatisque
1137 1476 1293 1530 Opem
1321 1464 1461 1523 haud
1490 1467 1651 1524 dubie
1686 1471 1923 1529 alierret.
1966 1475 2075 1530 Ad-

503 1540 606 1597 huc
632 1560 752 1614 quaa
781 1558 993 1604 exstant
1016 1568 1240 1623 quaeque
1270 1556 1661 1616 interciderunt
1687 1566 1952 1620 recensui.

573 1632 740 1690 Venio
763 1654 902 1695 nunc
924 1641 987 1696 ad
1011 1658 1071 1698 ea
1094 1661 1212 1713 quae
1235 1647 1501 1706 Eucherio
1530 1652 1666 1708 falso
1695 1658 1860 1715 tribui
1889 1659 2075 1715 existi-

500 1742 662 1782 mem.
696 1731 952 1788 Exierunt
989 1738 1131 1792 enim
1171 1742 1313 1810 typis
1342 1744 1481 1797 And.
1513 1746 1796 1804 Cratandri
1826 1760 1883 1805 et
1912 1752 2067 1808 Joan.

502 1819 751 1877 Frobenii
780 1826 1000 1883 Basilete
1028 1830 1234 1899 pridem
1266 1835 1365 1890 sub
1407 1837 1659 1893 Eucherii
1701 1844 1917 1899 nomine
1954 1846 2072 1901 libri
2102 1834 2149 1894 Β

499 1924 597 1969 tres
628 1917 678 1970 in
714 1917 947 1979 Genesim
971 1963 985 1987 ,
1032 1933 1078 1976 et
1114 1925 1168 1978 in
1208 1925 1289 1979 IV
1329 1928 1483 1984 libros
1518 1931 1715 2002 Regum
1752 1934 2073 1997 Commenta-

499 2007 628 2103 rius,
644 2025 800 2078 quem
824 2013 1069 2079 nimium,
1086 2030 1344 2086 quantum
1364 2023 1700 2092 auxit,ve|uti
1715 2034 2067 2103 στρωματεύς,

500 2097 843 2170 Angelomius
907 2106 1301 2177 Lexovieusis,
1361 2114 1726 2174 Benedictina:
1778 2097 2073 2181 sodalitatis

500 2191 736 2262 familiae,
756 2206 919 2266 utque
946 2200 1061 2270 ejus
1090 2218 1210 2259 esse
1236 2206 1486 2263 Eucherii
1504 2217 1801 2283 promptius
1823 2220 2075 2275 credere—

499 2301 637 2353 mus,
681 2289 893 2348 additus
935 2296 1002 2350 ab
1049 2299 1340 2357 audacibus
1387 2307 1566 2362 sciolis
1599 2309 1784 2364 titulus
1827 2323 1907 2367 est
1952 2330 1965 2369 :
2006 2316 2075 2368 ad

502 2379 752 2437 Uranium
781 2395 831 2439 et
860 2388 1129 2445 Salonium
1159 2398 1341 2463 fratres
1379 2401 1683 2471 episcopos;
1722 2405 1971 2461 nimirum
2007 2408 2073 2462 ad

499 2488 632 2541 quos
662 2484 715 2530 et
741 2477 843 2531 alia
874 2484 1129 2549 opuscula
1172 2485 1465 2555 Eucherius
1502 2494 1755 2549 retulerat
1787 2515 1796 2547 :
1829 2498 1895 2550 ad
1935 2498 2075 2555 hunc

498 2565 734 2634 quidem,
772 2569 1086 2635 Quasliones
1116 2579 1377 2650 utriusque
1417 2581 1739 2651 Testamenti,
1783 2598 1931 2657 atque
1970 2589 2075 2646 He-

502 2656 793 2714 braicorum
828 2666 1092 2720 nominum
1118 2667 1635 2742 Interpretationem;
1667 2678 1731 2733 ad
1768 2656 1912 2735 illum
1950 2698 2076 2737 vero

500 2745 775 2805 Formulas
812 2756 1125 2823 spirituales.
1169 2762 1350 2831 Apage
1387 2766 1483 2830 sis,
1525 2778 1581 2821 et
1620 2768 1799 2823 fucum
1842 2772 2075 2828 detracta

500 2839 646 2894 larva
674 2842 1006 2914 delegamus.
1044 2850 1191 2906 Beati
1224 2855 1366 2909 enim
1394 2856 1644 2915 Eucherii
1677 2873 1923 2918 neutrum
1956 2882 2078 2922 esse

499 2928 643 2987 hunc
674 2945 887 3002 partum
927 2938 1043 2997 haec
1078 2955 1396 3012 argumento
1429 2949 1643 3005 fuerint.
1686 2953 1925 3010 Primum
1954 2960 2076 3028 quia

498 3025 698 3083 refutat
727 3038 878 3085 aruis.
911 3032 1053 3089 Obiit
1082 3051 1312 3109 namque
1332 3040 1652 3112 Eucherius,
1691 3056 1825 3103 teste
1866 3025 2074 3105 Genna-

498 3120 606 3183 dio,
646 3122 1034 3193 imperantibus
1070 3130 1444 3191 Valentiniano
1492 3148 1545 3192 et
1586 3140 1857 3197 Marciano
1892 3144 2075 3214 Augu-

499 3215 620 3283 stis,
647 3215 719 3271 ad
741 3233 939 3274 annum
971 3222 1115 3277 orbis
1147 3240 1176 3279 a
1213 3227 1430 3282 Christo
1462 3230 1723 3301 redempti
1743 3233 1868 3299 440,
1908 3244 2075 3291 testa-
2105 3214 2150 3277 Ο

501 3312 696 3376 turque
725 3310 861 3365 adeo
894 3312 1005 3380 ipse
1035 3316 1266 3385 epistola
1296 3319 1383 3373 illa
1415 3336 1574 3376 aurea
1606 3324 1672 3377 ad
1703 3325 2070 3396 Valerianum,

500 3411 560 3451 se
592 3398 844 3457 ﬂoruisse
880 3418 1021 3460 anno
1056 3418 1210 3464 antea
1239 3412 1445 3480 quinto,
1474 3416 1563 3483 qui
1596 3427 1676 3471 est
1709 3427 1825 3486 post
1850 3419 2073 3477 Romam

501 3491 769 3548 conditam
809 3496 968 3565 M85,
1000 3498 1198 3555 Christi
1240 3518 1368 3559 vero
1408 3505 1533 3562 455.
1578 3508 1804 3579 Fuitque
1836 3512 2076 3569 Petronii

503 3582 916 3641 Bononiensium
948 3592 1201 3648 antistitis
1226 3598 1469 3666 aequalis,
1502 3602 1591 3669 qui
1626 3602 1690 3657 ad
1724 3619 1923 3660 annum
1959 3607 2077 3676 ejus

502 3675 685 3731 saculi
712 3680 1001 3747 septimum
1031 3698 1094 3739 ac
1122 3687 1434 3744 vicesimum
1463 3694 1686 3751 claruit.
1722 3698 1898 3767 Atque
1929 3675 2081 3755 Com.

504 3770 741 3823 mmtarii
769 3771 909 3827 illius
944 3776 998 3828 in
1042 3775 1201 3833 libros
1242 3778 1439 3852 Regum
1480 3794 1680 3852 auctor,
1725 3790 1969 3867 quisquis
1998 3802 2081 3847 est

512 3905 2194 3938 ..._.____________________

2178 544 2398 599 inferior
2422 548 2525 612 est)
2556 540 2845 595 identidem
2869 540 3023 607 citat,
3053 539 3121 593 ad
3151 539 3482 610 verbumque
3501 542 3767 596 transcri-

2177 636 2529 692 bitomnibus
2555 648 2688 703 pene
2718 632 2946 703 paginis,
2982 645 3085 686 non
3120 639 3230 685 tam
3268 632 3320 685 in
3360 632 3527 686 libros
3555 632 3766 703 Regum

2175 731 2417 802 Gregorii
2446 728 2937 790 Commentarium,
2970 741 3133 795 quam
3176 725 3451 779 Moralium
3493 726 3663 779 libros
3707 726 3764 781 in

2173 824 2277 881 Job
2299 838 2423 877 vere
2443 834 2661 877 aureos.
2680 820 2757 875 En
2789 818 2885 873 tibi
2913 828 3166 873 extremo
3193 816 3335 872 libro
3364 817 3543 887 primo
3565 817 3768 886 Expla-

2176 918 2408 973 nationis
2438 916 2505 970 ad
2541 915 2820 971 Moralium
2862 912 3033 968 libros
3069 910 3339 982 Gregorii,
3383 912 3576 979 lector,
3614 910 3766 968 able-

2173 1021 2346 1081 gatur.
2380 1009 2586 1064 Deinde
2614 1006 3039 1077 siconjectando
3066 1004 3395 1073 investigare
3413 1004 3495 1057 fas
3516 1014 3625 1067 est,
3656 1018 3766 1059 non

2174 1102 2359 1159 Gallus
2381 1101 2564 1167 homo,
2593 1099 2687 1153 sed
2717 1099 3006 1152 Britannus
3026 1106 3131 1152 est.
3162 1094 3297 1150 Nam
3324 1097 3376 1149 in
3408 1094 3569 1150 tertio
3598 1094 3763 1149 Com-

2174 1194 2440 1248 mentario
2472 1194 2523 1246 iu
2555 1191 2723 1246 libros
2754 1188 2959 1260 Regum
2999 1202 3120 1259 cap.
3162 1201 3274 1241 nn
3307 1203 3323 1241 :
3358 1185 3526 1256 Rata,
3566 1185 3763 1256 inquit,

2175 1285 2381 1340 basibus
2397 1283 2678 1355 supposita:
2696 1282 2763 1335 ad
2791 1278 3103 1350 portandum
3128 1276 3343 1331 laterem
3373 1278 3550 1349 templi
3573 1294 3604 1329 a
3625 1287 3769 1330 terra

2173 1377 2525 1441 sustollebaut,
2569 1391 2684 1427 cum
2729 1374 2913 1426 nostris
2953 1387 3116 1442 nuper
3159 1370 3470 1440 temporibus
3516 1366 3584 1422 B.
3625 1382 3769 1439 papa

2174 1473 2449 1544 Gregorius
2503 1467 2831 1540 Evangelicis
2878 1467 3149 1519 roboratus
3200 1462 3417 1530 eloquiis
3474 1461 3772 1516 Romanam

2173 1568 2301 1621 rexit
2342 1565 2647 1620 Ecclesiam.
2696 1562 2843 1616 Rata:
2883 1560 3070 1613 eaedem
3117 1554 3491 1610 curribus-Dei
3533 1556 3771 1609 subnixi:

2174 1660 2323 1731 longe
2351 1657 2650 1727 portabant,
2679 1669 2794 1708 cum
2831 1649 3239 1706 reverendissimi
3279 1646 3468 1700 Patres
3511 1648 3767 1716 Augusti-

2175 1770 2293 1818 nus,
2328 1750 2617 1815 Paulinus,
2649 1756 2699 1804 et
2726 1748 2893 1802 catteri
2922 1745 3051 1799 socii
3079 1758 3254 1798 eorum
3283 1741 3467 1794 iisdem
3506 1739 3771 1812 evangeli-

2175 1850 2249 1903 cis
2275 1848 2499 1902 roborati
2519 1844 2754 1917 eloquiis,
2770 1843 2981 1913 jubente
3009 1841 3100 1895 illo
3123 1855 3302 1894 venere
3327 1840 3379 1892 in
3402 1836 3769 1899 Britanniam,

2173 1954 2219 1997 et
2249 1942 2467 1997 Verbum
2501 1940 2593 1995 Dei
2624 1938 2899 1993 incredulis
2927 1935 3126 1989 dudum
3163 1934 3459 1988 commisere
3498 1930 3759 2003 gentibus.

2175 2037 2303 2102 Quae
2332 2050 2452 2091 cum
2487 2036 2555 2087 ita
2579 2034 2706 2100 sint,
2734 2031 2969 2086 efficitur
2999 2028 3141 2082 hunc
3170 2027 3490 2094 scriptorem
3523 2022 3585 2076 B.
3621 2021 3766 2074 Gre-

2174 2127 2356 2198 gorio,
2405 2124 2561 2195 cujus
2608 2137 2775 2193 opera
2826 2119 3108 2175 Britannia
3159 2117 3389 2187 primum
3428 2112 3635 2169 Christi
3686 2116 3769 2166 est

2177 2218 2448 2287 Evangelii
2480 2216 2685 2271 lumine
2724 2214 2988 2268 illustrata
3027 2212 3321 2287 σύγχρονον
3351 2208 3535 2272 fuisse,
3570 2214 3623 2261 et
3654 2204 3769 2259 An-

2174 2311 2341 2382 glum,
2388 2326 2493 2365 non
2534 2308 2859 2364 Eucherium
2903 2305 3177 2360 hominem
3210 2301 3423 2358 Gallum
3453 2344 3466 2365 ,
3508 2300 3599 2370 qui
3640 2314 3769 2353 cum

2177 2407 2419 2471 Paulino,
2442 2401 2661 2459 Ausonii
2686 2400 2972 2470 discipulo,
2996 2397 3225 2471 patriam
3250 2395 3500 2449 habuerit
3522 2406 3770 2447 commu-

2177 2514 2320 2553 ncm.
2365 2496 2470 2553 Sed
2508 2495 2692 2564 quidni
2734 2492 2933 2549 Bedam
2974 2488 3370 2554 Venerabilem,
3405 2484 3636 2555 inquies,
3670 2500 3767 2538 au-

2176 2600 2377 2647 ctorem
2406 2588 2731 2644 asserimus?
2765 2586 2925 2656 idque
2950 2598 3177 2639 censore
3201 2581 3357 2637 Sixto
3381 2579 3633 2645 Senensi,
3669 2578 3770 2631 do-

2177 2684 2418 2739 ctissimo
2444 2680 2917 2735 Dominicanorum
2938 2675 3131 2741 sodali,
3158 2674 3298 2729 libro
3334 2688 3387 2727 tv
3415 2671 3767 2726 Bibliotheca:

2178 2778 2381 2843 Sacrae,
2426 2772 2679 2845 quodque
2724 2784 2915 2841 magna
2951 2769 3068 2839 ejus
3112 2764 3501 2822 Commentarii
3544 2778 3669 2833 pars
3712 2760 3767 2817 in

2178 2866 2576 2937 Quaestionibus
2625 2863 2783 2919 Bedas
2833 2876 2997 2933 supra
3049 2859 3218 2915 libros
3266 2858 3472 2928 Regum
3516 2856 3761 2925 legatur,

2179 2979 2339 3033 quem
2377 2970 2430 3017 et
2468 2959 2712 3031 geminos
2750 2955 2866 3012 fere
2902 2955 2955 3010 in
2995 2966 3179 3009 sacros
3208 2950 3377 3005 libros
3415 2948 3767 3004 Commenta-

2180 3056 2290 3111 rios
2316 3054 2600 3123 evulgasse
2629 3051 2919 3105 observare
2956 3046 3133 3101 liceat.
3166 3042 3223 3099 In
3257 3048 3511 3114 promptu
3535 3046 3620 3094 est
3639 3034 3768 3108 quid

2183 3146 2538 3215 reSpondeam
2570 3160 2584 3196 :
2612 3151 2824 3196 aetatem
2852 3137 3015 3193 Beda:
3042 3138 3278 3199 obstare,
3299 3134 3387 3203 qui
3413 3131 3624 3200 integro
3645 3143 3772 3199 pro-

2181 3237 2469 3309 pemodum
2521 3232 2718 3289 saeculo
2751 3232 2808 3285 Β.
2839 3227 3101 3299 Gregorio
3132 3225 3396 3295 posterior
3427 3221 3641 3275 vixerit.
3670 3219 3771 3273 At-

2180 3345 2285 3399 que
2314 3328 2401 3383 hic
2430 3325 2541 3381 suis
2571 3322 2907 3393 temporibus
2933 3319 2999 3373 ad
3036 3316 3236 3373 Christi
3262 3314 3423 3369 ﬁdem
3450 3322 3772 3367 conversam

2184 3420 2473 3476 Britanniae
2517 3415 2746 3472 insulam
2785 3411 3087 3483 profitetur.
3123 3407 3229 3464 Sed
3271 3406 3339 3461 de
3375 3403 3460 3459 bis
3500 3401 3774 3457 doctiores

2184 3514 2515 3569 arbitrentur
2542 3528 2556 3566 :
2593 3507 2839 3580 equidem
2872 3519 3023 3559 meos
3048 3507 3275 3557 conatus
3306 3498 3357 3553 in
3392 3492 3662 3551 Eucherio
3693 3493 3774 3548 le-

2183 3607 2372 3679 gitimo
2413 3601 2753 3666 illustrando,
2787 3602 2839 3653 in
2878 3608 3177 3666 manusque
3215 3589 3476 3647 tradendo
3513 3585 3777 3679 Romana

2187 3676 2462 3761 Ecclesiae,
2504 3694 2625 3749 ﬁdei
2666 3689 2899 3762 parenti,
2940 3687 3114 3743 libens
3150 3683 3447 3751 volensque
3485 3676 3775 3742 submitte,

2188 3792 2505 3860 dedicoque.

2451 3896 3777 3932 Μ

2199 3926 2441 3938 ——

1152 4017 1395 4078 ALEX.
1446 4022 1911 4087 BRASSICANI
1954 4028 2337 4092 EPISTOLA
2384 4025 2462 4085 IN
2505 4024 2569 4085 S.
2617 4015 3111 4083 EUCHEBIUM.

508 4131 849 4217 Ornatissimo
877 4139 984 4193 viro
1008 4137 1076 4217 1)2
1097 4138 1240 4217 _Jano
1265 4159 1298 4196 a
1331 4144 1538 4217 Syolla,
1571 4148 1731 4217 equiti
1757 4165 1817 4201 ac
1837 4150 2086 4217 jurecon-

593 4168 849 4189 ιιιιιιοοιιιιυ
879 4168 984 4193 υυυ
1008 4168 1075 4193 ν.
1103 4168 1240 4196 Juno
1265 4168 1298 4196 ιι
1331 4168 1538 4210 ououa,
1571 4168 1731 4217 equm
1757 4168 1817 4201 ac
1870 4168 1985 4204 uret:

593 4205 751 4273 sulto,
782 4205 1011 4263 Joannes
1040 4210 1330 4268 Alexander
1354 4214 1694 4272 Brassicanus
1722 4218 1781 4275 S.
1917 4220 1985 4275 P.

576 4316 835 4373 Oculatus
878 4320 992 4390 ipse
1040 4322 1170 4379 mihi
1216 4326 1369 4381 testis
1416 4342 1515 4393 es,
1558 4329 1885 4385 amicissime
1929 4331 2083 4397 Jane,

510 4420 763 4478 quantum
804 4412 937 4467 mihi
968 4414 1166 4470 laboris
1195 4418 1647 4488 exhauriendum,
1693 4423 1879 4488 immo,
1912 4433 1972 4478 ut
2001 4439 2089 4479 ve-

510 4505 621 4565 rius
657 4502 853 4571 dicam,
885 4516 1146 4576 quantum
1196 4510 1342 4564 ttedii
1385 4513 1785 4569 exsorbendum
1830 4516 1993 4570 fuerit
2035 4516 2088 4570 in

512 4598 859 4652 restituendis
906 4614 969 4653 ac
1013 4602 1369 4670 repurgandis
1414 4602 1657 4660 Eucherii
1715 4606 2088 4675 Spiritualibus

509 4687 611 4741 illis
642 4685 924 4744 Formulis.
972 4689 1104 4746 Nam
1144 4693 1451 4763 exemplum
1498 4710 1693 4752 recens
1735 4697 1935 4751 editum
1980 4712 2087 4752 non

511 4788 716 4833 tantum
758 4782 1043 4849 mutilum,
1088 4798 1275 4840 verum
1321 4787 1480 4841 etiam
1532 4789 1730 4844 eximie
1771 4790 2087 4844 mendosum

510 4872 628 4928 luit.
658 4872 820 4943 Cujus
852 4876 931 4930 rei
958 4876 1171 4945 culpam
1202 4888 1408 4934 tantum
1435 4881 1589 4936 abest
1630 4891 1688 4936 ut
1721 4882 1800 4935 illi
1831 4883 2088 4952 imputem

510 4966 597 5034 qui
629 4966 859 5036 primum
894 4969 1051 5025 nobis
1080 4969 1184 5025 hoc
1212 4972 1380 5037 dedit,
1409 4981 1470 5026 ut
1502 4975 1663 5029 etiam
1699 4974 2086 5044 benignitatem
2115 5006 2167 5065 Β

514 5059 743 5115 hominis
788 5061 987 5114 eruditi
1032 5076 1096 5116 ac
1142 5064 1430 5121 candorem
1480 5065 1728 5121 laudibus
1783 5067 2085 5123 vehendum

510 5153 834 5219 existimem,
883 5153 974 5223 qui
1025 5153 1281 5210 studiosis
1328 5158 1581 5214 exhibere
1618 5160 1806 5215 maluit
1853 5160 1904 5213 id
1946 5160 2087 5230 quod

511 5244 853 5299 commodum
897 5244 1254 5313 acquisierat,
1294 5264 1454 5316 quam
1483 5261 1542 5305 ut
1579 5260 1852 5321 pateretur
1878 5251 1979 5305 hoc
2008 5251 2091 5304 in-

512 5337 798 5394 tercidere.
826 5336 937 5391 Nos
973 5346 1152 5393 autem
1184 5341 1431 5410 exemplo
1460 5351 1509 5397 et
1555 5345 1763 5413 integro
1789 5351 1844 5399 et
1874 5344 2088 5413 egregie

511 5428 723 5484 sincero
744 5430 846 5495 usi,
875 5431 1014 5499 quod
1040 5431 1195 5487 nobis
1216 5448 1337 5489 cum
1364 5434 1636 5504 plerisque
1663 5437 1784 5491 aliis
1814 5452 1963 5505 orque
1994 5435 2090 5490 bo-

513 5521 595 5571 nis
633 5520 939 5577 auctoribus
978 5521 1327 5579 Reverendus
1360 5525 1540 5593 Pater,
1571 5527 1835 5583 Dominus
1854 5527 2091 5583 Joannes

516 5612 896 5681 llartmannus,
927 5616 1090 5672 abbas
1116 5616 1337 5675 Sanctae
1359 5620 1546 5676 Crucis
1568 5620 1620 5675 in
1656 5622 1892 5688 Austria,
1929 5621 2009 5674 vir
2038 5630 2094 5677 et

513 5701 815 5760 studiorum
851 5716 906 5762 et
943 5709 1304 5768 studiosorum
1350 5712 1541 5768 unicus
1578 5722 1856 5784 patronus,
1911 5726 2090 5769 meum

515 5807 697 5873 “ille!!!
729 5802 1059 5877 "minutim
1081 5807 1251 5867 decus
1292 5816 1351 5867 et
1390 5810 1720 5879 prasidium,
1764 5810 1993 5866 libenter
2036 5819 2090 5866 et

2190 4166 2253 4206 ex
2297 4149 2477 4202 animo
2523 4142 2974 4205 communicavit;
3020 4139 3251 4208 primum
3301 4134 3354 4189 id
3392 4130 3537 4205 quod
3589 4129 3779 4186 deerat

2189 4242 2504 4311 adjecimus,
2539 4246 2592 4292 et
2620 4250 2741 4307 quae,
2790 4234 3080 4300 depravata
3116 4231 3360 4289 fuerant,
3404 4226 3662 4295 religiose
3690 4234 3775 4276 cs-

2191 4335 2546 4403 stigavimus:
2592 4327 2736 4398 quod
2786 4336 2845 4380 ut
2883 4322 3110 4381 studiosi
3159 4320 3369 4391 planius
3423 4322 3773 4388 cognoscant,

2192 4426 2472 4493 subjiciam
2520 4422 2631 4476 duo
2674 4428 2881 4474 tantum
2920 4415 3189 4485 exempla,
3224 4426 3289 4467 es
3336 4409 3531 4479 quibus
3574 4407 3777 4475 reliqua

2195 4519 2377 4581 facile,
2409 4525 2680 4583 tamquam
2704 4512 2916 4566 leonem
2946 4524 3008 4562 ex
3036 4505 3324 4575 unguibus,
3358 4501 3634 4554 aestimare
3662 4509 3778 4566 pos-

2193 4614 2322 4667 sint.
2353 4611 2587 4664 Primum
2627 4613 2786 4674 caput
2828 4603 2895 4657 de
2937 4600 3134 4656 divinis
3176 4594 3487 4651 nominibus
3529 4591 3673 4660 quod
3702 4597 3778 4642 to-

2197 4714 2305 4761 tum
2338 4700 2766 4762 desiderabatur,
2792 4699 2900 4767 jam
2925 4710 2991 4749 ex
3021 4691 3213 4755 veteri,
3248 4701 3421 4758 neque
3453 4686 3639 4740 minus
3667 4682 3775 4736 sinu

2194 4814 2320 4856 cero
2371 4794 2620 4864 exemplo
2667 4791 2957 4861 repositum
3009 4794 3114 4841 est.
3170 4783 3286 4838 iam
3333 4780 3479 4837 enim
3536 4776 3776 4833 consulta

2196 4905 2356 4961 Opera
2382 4887 2756 4960 praetermitto,
2788 4890 2987 4953 quanta
3016 4878 3156 4933 facta
3177 4877 3248 4929 sit
3275 4876 3326 4927 in
3349 4871 3607 4961 omnibus
3632 4866 3766 4961 capi-

2196 4960 2336 5038 tibus
2382 4979 2644 5035 accessio.
2687 4976 2743 5030 ln
2785 4972 3105 5045 prrefatione
3145 4963 3399 5021 Eucherii
3428 4963 3513 5017 sic
3536 4960 3772 5029 legitur:

2196 5075 2346 5144 Atqui
2370 5072 2647 5127 secundum
2675 5066 2979 5136 allegoriam
3008 5061 3303 5129 baptismus,
3337 5052 3628 5110 secundum
3656 5064 3777 5144 ana-

2194 5141 2356 5237 gogen
2402 5160 2604 5232 angeli;
2650 5174 2775 5213 cum
2819 5158 2889 5211 sit
2926 5154 3215 5224 legendum
3246 5166 3262 5204 :
3296 5148 3458 5217 Aqua
3503 5141 3778 5237 secundum

2192 5234 2495 5326 allegoriam
2540 5253 2859 5318 baptismus,
2912 5244 3201 5301 secundum
3252 5254 3521 5309 anagogen
3569 5234 3774 5303 angeli,

2193 5350 2328 5403 unde
2369 5356 2440 5401 est
2483 5344 2614 5398 illud
2644 5359 2663 5396 :
2696 5342 2769 5394 Et
2801 5354 2948 5407 aqua
2986 5352 3102 5405 qua
3127 5350 3282 5405 super
3324 5331 3479 5387 cales
3518 5339 3638 5383 sunt
3670 5326 3777 5379 lau-

2192 5440 2310 5494 dent
2340 5453 2522 5492 nomen
2571 5434 2799 5497 Domini,
2832 5441 2879 5485 et
2913 5441 3114 5485 caetera.
3147 5426 3262 5481 Non
3300 5425 3518 5493 quidem
3566 5418 3776 5475 invideo

2195 5534 2238 5587 si
2271 5534 2388 5602 quis
2424 5540 2638 5585 veteres
2663 5527 2959 5595 scriptores
2986 5523 3041 5576 in
3083 5521 3255 5574 lucem
3302 5514 3569 5587 proferat,
3618 5512 3775 5602 miror

2196 5600 2374 5678 autem
2424 5621 2594 5689 magis
2637 5621 2681 5672 si
2729 5617 2855 5687 quis
2899 5616 2949 5667 in
2994 5613 3060 5667 iis
3095 5610 3351 5677 castigate
3394 5600 3775 5691 depromendis

2197 5731 2409 5771 omnem
2443 5728 2659 5785 operam
2700 5725 2853 5765 suam
2894 5706 3159 5769 collocat;
3205 5701 3300 5757 sed
3328 5699 3449 5754 hac
3496 5700 3769 5752 hactenus.

2196 5810 2459 5867 Caeterum
2509 5808 2648 5875 quod
2688 5804 2826 5873 apud
2880 5802 3099 5857 Latinos
3138 5796 3267 5853 fecit
3317 5792 3637 5855 Eucherius.
3681 5789 3771 5842 bos
