4018 6338
259 322 362 387 7M

1391 319 1729 381 EPISTOLA
1771 321 1859 377 DE
1899 321 2130 382 Ι.ᾹοοΕ
2171 325 2407 383 EREMI.

3409 322 3521 385 702

254 441 398 515 apud
437 439 658 499 Gnaeos
684 420 1031 498 exactissime
1060 434 1307 509 prmstitit
1341 436 1711 494 Theodoretus
1736 439 1828 495 ille
1865 445 1913 503 Α
1940 458 2053 494 cum
2085 440 2310 511 Christo,
2341 444 2533 515 inquit,
2567 442 2843 514 cruciﬁxus
2872 457 3013 511 sum,
3044 440 3253 514 vivoque
3279 457 3381 498 non
3406 459 3516 501 ant-

254 537 511 609 Cyrensis
556 534 876 604 episcopus,
932 547 1000 587 ex
1038 532 1191 601 cujus
1247 530 1438 601 insigni
1484 546 1648 601 opere
1694 531 1835 600 quod

254 630 400 702 apud
424 642 524 683 nos
556 629 717 684 estin
746 626 981 697 antiquis
1003 626 1328 681 membranis
1356 627 1681 696 descriptum
1705 625 1837 682 libet

254 722 347 779 hic
374 723 575 791 aliquot
596 720 811 791 egregie
831 720 1039 776 erudita
1072 721 1189 774 loca
1220 720 1515 786 ascribere,
1547 736 1611 775 ex
1645 722 1838 791 quibus

254 816 493 871 universi
528 814 675 869 illius
704 814 883 881 operis
922 812 1151 882 dignitas
1201 823 1253 867 et
1301 813 1504 867 utilitas
1543 813 1835 880 elucesret,

253 906 388 969 οἶνος
425 910 510 964 ἐπὶ
550 912 676 963 Θεοῦ
702 908 735 967 ἢ
760 908 1011 981 τιμωρία,
1043 903 1227 969 Δαϐὶδ,
1256 900 1335 961 ὅτι
1378 908 1604 985 ποτέριον
1647 905 1839 980 ἐνχειρὶ

254 1005 445 1080 κυρίου
474 1000 604 1056 οἴνου
634 1001 856 1074 ἀκράτου
882 1000 1071 1075 πλῆρες
1112 1000 1434 1076 κεράσματος
1452 1041 1467 1065 ,
1498 994 1602 1053 hoc
1628 1006 1731 1065 est,
1764 1000 1834 1051 vi-

252 1111 385 1147 num
409 1095 633 1147 divinam
660 1107 858 1161 panum
890 1091 1165 1161 signiﬁcat.
1198 1090 1285 1145 Sic
1320 1090 1505 1157 David,
1533 1091 1653 1162 quia
1684 1107 1841 1159 poeu—

255 1185 369 1239 lrmt
416 1187 470 1239 in
510 1201 666 1238 manu
699 1182 907 1237 Domini
946 1182 1051 1237 uini
1082 1183 1227 1245 meri,
1274 1183 1481 1251 plenum
1525 1184 1670 1236 misto
1720 1181 1836 1254 (Ps.

254 1293 439 1343 LXXIV,
465 1278 545 1348 8).
581 1277 707 1331 Item
740 1278 796 1333 αἱ
818 1277 1004 1350 τρίχας
1031 1275 1119 1332 τόν
1141 1277 1420 1351 ναρώσςος
1450 1272 1729 1347 σύμϐολον
1758 1295 1836 1328 νε-

253 1374 376 1444 κραὶ
401 1373 506 1445 γὰρ
536 1364 709 1433 αὗται.
738 1372 822 1425 καί
850 1370 1027 1430 ὀδύνης
1068 1366 1300 1426 αἴσθησιν
1349 1370 1405 1421 οὐ
1434 1366 1729 1441 διχόμεναι’
1755 1371 1844 1426 τήν

254 1462 416 1521 ἀληθῆ
439 1466 605 1518 τοίνυν
642 1465 774 1527 ζωὴν
801 1459 945 1533 ἔχειν
986 1461 1177 1515 κελεύει
1197 1462 1317 1521 τοὺς
1346 1468 1419 1534 τῷ
1459 1468 1569 1531 Θεῷ
1612 1461 1843 1534 λειτουρ-

253 1563 502 1627 γοῦντας,
527 1558 610 1611 καὶ
654 1554 807 1625 μηδὲν
833 1552 979 1626 ἔχειν
1007 1554 1175 1629 νεκρὸν
1201 1597 1213 1615 .
1248 1552 1371 1624 μήδε
1400 1551 1627 1615 δυσῶδες
1654 1554 1805 1608 τούτο
1824 1596 1837 1619 ,

254 1652 351 1706 ul
376 1650 402 1705 ὅ
427 1652 698 1710 Θεσπέσιος
725 1652 861 1720 ἡμᾶς
905 1645 1130 1702 διδάσκει
1162 1647 1368 1706 Παῦλος.
1417 1654 1641 1720 Χριστῷ.
1673 1649 1840 1717 φησὶν,

768 1742 865 1758 α..
928 1742 940 1757 ἱ

254 1747 707 1816 στησσταυρῶμαυ
728 1744 801 1804 ζῶ
815 1738 869 1794 δὲ
891 1742 977 1793 οὐκ
1004 1738 1087 1794 ἔτι
1108 1738 1224 1811 ἐγὼ*
1244 1742 1303 1803 ζῆ
1317 1738 1369 1792 δὲ
1398 1740 1445 1791 ἐν
1471 1740 1583 1803 ἐμοὶ
1604 1739 1840 1809 Χριστός.

1938 534 2073 603 plius
2118 535 2255 605 ipse,
2295 537 2383 589 sed
2419 537 2534 590 vivit
2579 537 2632 590 in
2669 552 2747 591 me
2786 534 3019 591 Christus
3058 551 3076 590 :
3114 537 3267 608 quasi
3307 537 3513 606 diceret,

1936 628 2073 697 quod
2109 645 2160 681 se
2201 629 2361 682 sacris
2407 629 2613 700 ofﬁciis,
2657 627 2940 699 divinisque
2968 627 3247 681 actionibus
3284 628 3517 697 addixis-

1936 730 2032 788 set,
2065 728 2167 775 ctc.
2202 720 2412 775 Habent
2441 731 2619 775 autem
2663 720 2923 789 ejusmodi
2964 717 3234 776 Formulte
3266 714 3554 793 quiddam“

1938 827 2222 869 commune
2279 828 2400 867 cum
2446 812 2795 868 Hebraeorum
2849 813 3086 878 Cabala,
3135 828 3293 883 quam
3348 813 3523 877 Graeci
3554 812 3557 841 ⁵

1939 906 2207 978 quondam
2249 920 2436 976 parum
2476 904 2967 960 animadvertentes
3010 907 3233 960 secretis
3273 905 3520 961 sensibus

1940 1001 2192 1057 eruendis
2220 1015 2339 1055 csse
2367 998 2519 1054 valde
2541 1014 2698 1069 quam
2730 1001 3052 1069 appositum,
3086 998 3308 1055 κόϐαλλα
3338 1000 3521 1067 paucis

1941 1093 2136 1147 litteris
2167 1091 2483 1156 immutatis,
2523 1088 2628 1159 hoc
2662 1098 2764 1156 est,
2809 1091 3119 1163 imposturas
3157 1091 3518 1160 appellabant.

1940 1184 2014 1238 Ita
2037 1183 2178 1239 enim
2205 1182 2521 1236 scholiastes
2543 1179 2784 1251 Gregorii
2812 1180 3045 1250 theologi
3068 1182 3254 1235 scribit
3279 1199 3293 1233 :
3318 1189 3373 1241 et
3392 1196 3520 1250 quo-

1944 1276 2089 1330 niam
2117 1274 2183 1327 de
2212 1280 2361 1327 ea're
2392 1273 2564 1327 nostri
2595 1272 2754 1327 etiam
2782 1271 3052 1335 homines,
3086 1272 3336 1337 nimirum
3364 1272 3521 1329 Joan-

1944 1384 2039 1424 nes
2078 1369 2235 1423 Picus
2266 1366 2687 1430 Mirandulanus,
2729 1364 2928 1420 Paulus
2967 1365 3159 1431 Ritius,
3202 1372 3257 1419 et
3291 1364 3523 1423 Joannes

1944 1461 2183 1529 Capnion
2212 1460 2315 1514 viri
2339 1476 2459 1515 cum
2495 1458 2642 1513 omni
2668 1458 2983 1528 antiquitate
3013 1466 3283 1513 certantes
3312 1457 3531 1519 abunde,

1945 1555 2297 1624 scripserunt,
2338 1552 2468 1606 nihil
2508 1551 2593 1604 hic
2630 1552 2801 1605 dicam
2845 1549 3123 1622 prolixius,
3163 1550 3256 1611 sed
3287 1550 3523 1605 studium

1947 1654 2150 1702 tantum
2195 1660 2370 1699 meum
2412 1652 2467 1698 et
2513 1655 2884 1713 expromptam
2933 1644 3109 1697 omnia
3158 1650 3306 1697 recta
3349 1642 3525 1701 studia

1948 1737 2293 1807 promovendi
2338 1736 2668 1789 voluntatem
2714 1735 2813 1789 tibi
2861 1733 3202 1789 commendo.
3257 1733 3523 1788 Caeterum

254 1840 369 1893 ταῖς
405 1834 535 1904 μιτά
583 1834 737 1891 θείαις
769 1834 918 1906 φησὶν
971 1831 1240 1907 ἐνεργείαις
1286 1830 1504 1900 ἐμαυτὸν
1546 1830 1836 1905 ἀφιέρωσα,

1954 1830 2386 1898 motiesctlmque
2411 1834 2460 1880 te
2487 1826 2723 1890 nomino,
2750 1824 2876 1880 volo
2900 1824 3065 1879 semel
3093 1838 3155 1878 ac
3185 1822 3342 1877 unico
3362 1823 3531 1883 verbo.

256 1922 368 1980 hoc
410 1935 516 1979 est.
566 1922 673 1977 Pili
721 1922 1047 1976 mortalitatis
1098 1922 1380 1992 symbolum
1420 1930 1538 1975 sunt
1585 1936 1604 1975 :
1652 1921 1837 1974 mortui

252 2019 398 2073 enirn
426 2034 543 2070 cum
565 2019 689 2084 sint,
721 2016 921 2069 nullum
955 2013 1148 2067 doloris
1182 2030 1385 2067 sensum
1410 2013 1702 2067 admittunt.
1734 2010 1839 2064 Ad—

253 2119 433 2164 monet
460 2110 621 2179 igitur
644 2120 690 2162 et
716 2108 933 2176 imperat
960 2123 1046 2162 eos
1069 2122 1239 2160 veram
1262 2122 1415 2177 agere
1434 2105 1610 2170 vitam,
1635 2105 1722 2174 qui
1745 2102 1842 2157 Bei

254 2202 545 2255 ministerio
574 2215 683 2254 sese
717 2198 1045 2263 addixerunt,
1075 2198 1305 2265 nihilque
1332 2195 1519 2251 habere
1552 2194 1767 2249 mortale
1793 2202 1844 2249 et

252 2291 483 2362 fetidum
506 2308 527 2347 :
556 2292 692 2363 quod
720 2292 875 2345 etiam
911 2306 1007 2345 nos
1044 2290 1191 2345 docet
1225 2290 1429 2343 divinus
1468 2286 1557 2344 ille
1598 2287 1800 2343 Paulus
1826 2329 1841 2354 ,

1944 1926 2130 1976 omnes
2156 1920 2277 1974 illos
2308 1918 2397 1990 qui
2431 1916 2670 1990 ingenio,
2717 1915 2937 1983 virtute,
2973 1916 3129 1971 bonis
3165 1916 3432 1980 moribus,
3465 1930 3528 1971 ac

1946 2013 2187 2068 ah5oluta
2216 2010 2518 2065 eruditione
2540 2016 2818 2080 praestant,
2843 2007 3198 2079 signiﬁcasse,
3215 2007 3345 2062 Vale
3367 2007 3525 2075 bene,

1948 2104 2026 2158 vir
2056 2103 2295 2158 nobiliss.
2322 2118 2383 2156 ac
2408 2102 2539 2157 mihi
2560 2100 2734 2156 modis
2755 2100 3003 2169 omnibus
3031 2099 3276 2165 amando.
3308 2098 3529 2157 Viennae

1951 2196 2180 2250 Anstria:
2208 2210 2273 2250 ex
2303 2195 2529 2264 collegio
2560 2192 2749 2264 Regio,
2784 2192 2939 2247 Anno
2970 2206 3000 2246 a
3033 2202 3161 2259 nato
3184 2189 3333 2259 Jesu,
3362 2189 3521 2255 1550,

1954 2303 2139 2343 mense
2170 2286 2473 2343 Decembri.

255 2442 3513 2470 ww“

1087 2568 1749 2687 SANCTI
1842 2567 2717 2708 EUCHEBII

1433 2722 1974 2823 LUGDUNENsts
2017 2754 2364 2822 EPISCOPI

645 2938 711 2986 “‘
876 2928 1170 3070 DE
1312 2920 2075 3065 LAUDE
2217 2910 2919 3062 EREMI

622 3166 781 3253 AD
853 3155 1454 3249 HILARIUM
1522 3150 2235 3237 LIRINENSEM
2310 3148 3182 3238 PRESBYTERUM

1219 3331 1739 3421 EPISTOLA
1789 3330 1981 3405 SEU
2038 3332 2212 3405 LIB
2224 3331 2573 3407 ELLUS.

253 3598 492 3656 Donusa
528 3604 728 3664 sancto,
758 3604 806 3651 et
848 3594 1045 3669 mritis
1096 3592 1411 3669 beatissimo,
1437 3601 1486 3646 et
1530 3591 1587 3647 in
1639 3590 1846 3647 Christo
1882 3592 1930 3658 C
1958 3594 2086 3650 est?
2115 3594 2356 3651 Servasti
2395 3608 2528 3666 ergo
2552 3594 2832 3669 charitatis
2862 3593 3113 3663 ordinem
3144 3595 3262 3666 lege
3294 3596 3533 3665 presserit

583 3668 953 3740 gloriosissimo
976 3665 1206 3722 thanto
1228 3664 1555 3721 Ευαιιειιιυε.

338 3785 392 3838 1.
427 3783 617 3851 Magno
645 3789 701 3834 tu
744 3778 964 3849 quidem
1006 3777 1188 3830 animo
1240 3790 1491 3845 egressus
1539 3774 1742 3830 dudum
1789 3775 1859 3832 de

252 3875 433 3931 domo
465 3882 575 3938 tua,
602 3879 659 3927 et
682 3870 752 3925 de
789 3868 1111 3940 cognatione
1138 3876 1248 3933 tua,
1284 3881 1453 3935 usque
1490 3867 1542 3921 in
1572 3880 1722 3922 mare
1748 3881 1860 3921 ma-

249 3984 432 4041 gnum
460 3965 767 4021 recedentia
788 3961 959 4019 eremi
984 3968 1196 4017 secreta
1219 3971 1632 4029 penetraveras;
1658 3960 1862 4030 majore

252 4070 451 4116 tamen
480 4058 678 4112 virtute
715 4054 942 4125 repetita
974 4061 1058 4109 est
1092 4068 1121 4108 a
1168 4063 1220 4106 te
1244 4067 1460 4107 eremus
1486 4066 1644 4123 quam
1672 4053 1858 4122 petita.

254 4157 549 4229 Siquidem
581 4169 704 4210 cum
752 4154 895 4209 hanc
943 4152 1175 4222 primum
1219 4150 1417 4220 hospes
1474 4150 1747 4219 ingressus
1776 4165 1856 4217 es,

247 4250 507 4307 habuisti
536 4249 726 4304 ducem
754 4247 808 4303 et
836 4247 981 4301 velut
1021 4244 1238 4300 itineris
1268 4245 1343 4299 tui
1385 4244 1666 4314 praevium,
1700 4258 1861 4315 quem

253 4343 470 4400 deinde
525 4340 733 4396 militiae
775 4338 1015 4394 caelestis
1064 4338 1413 4406 magistrum;
1456 4350 1685 4405 eumque
1737 4345 1861 4392 tunc

254 4448 515 4501 secutus,
562 4445 617 4491 et
662 4442 919 4504 parentes
965 4430 1298 4501 relinquens,
1351 4438 1633 4500 parentem
1681 4437 1859 4486 tamen

252 4528 609 4600 sequebaris.
632 4527 785 4582 Nunc
804 4542 934 4582 vero
958 4540 1077 4580 cum
1100 4524 1350 4580 eumdem
1380 4524 1604 4578 ascitum
1630 4524 1697 4579 ad
1730 4540 1862 4593 pon-

254 4621 471 4678 tiﬁcale
500 4620 769 4689 fastigium
802 4617 1238 4689 prosequendum
1272 4615 1568 4685 putaveris,
1601 4615 1667 4669 ad
1702 4615 1857 4671 fami-

253 4714 403 4769 liare
428 4718 703 4768 secretum
739 4712 906 4766 eremi
944 4718 999 4765 te
1033 4724 1187 4765 amor
1228 4708 1431 4763 retulit.
1464 4709 1605 4778 Ergo
1633 4723 1773 4763 nunc
1802 4724 1860 4764 es

254 4807 509 4863 nobilior
547 4814 602 4861 et
645 4804 820 4874 major
864 4802 1133 4871 exemplo.
1166 4801 1321 4855 Prius
1349 4800 1490 4855 enim
1522 4816 1645 4856 cum
1676 4801 1860 4857 deser-

253 4911 384 4956 tum
417 4908 651 4967 peteres,
672 4898 960 4951 comitatus
984 4896 1199 4950 fratrem
1229 4894 1532 4960 videbaris;
1566 4910 1706 4950 nunc
1732 4909 1852 4950 cum

1960 3694 2131 3755 ptum,
2160 3688 2336 3757 primo
2365 3686 2530 3743 Deum
2561 3695 2733 3755 tuum,
2760 3688 2883 3743 exin
2912 3688 3216 3757 proximum
3243 3687 3533 3759 diligendo.

2028 3777 2086 3833 2.
2116 3780 2288 3847 Quem
2316 3790 2493 3837 tamen
2521 3796 2623 3853 ego
2649 3782 2763 3837 sola
2792 3783 3065 3852 profectus
3094 3783 3173 3837 tui
3201 3785 3535 3853 contemplae

1961 3871 2108 3928 tione
2158 3872 2242 3946 (ut
2290 3874 2469 3929 animo
2516 3873 2769 3945 conjicio)
2816 3889 2921 3932 nec
2962 3874 3305 3930 adversatum
3356 3876 3535 3933 itineri

1960 3964 2296 4035 consilioque
2323 3976 2414 4022 tuo
2457 3966 2730 4036 existimo,
2764 3965 2862 4023 sed
2893 3966 3147 4033 inusitato
3175 3966 3316 4024 inter
3349 3967 3536 4023 devin-

1961 4066 2076 4111 ctas
2105 4057 2206 4112 sibi
2238 4073 2494 4128 personas
2521 4059 2703 4123 modo,
2735 4058 3015 4116 dimittere
3051 4069 3104 4119 te
3141 4058 3235 4123 ille
3276 4058 3357 4130 (ut
3385 4060 3538 4131 puto)

1962 4164 2066 4206 non
2099 4150 2281 4206 minus
2318 4152 2524 4218 voluit,
2555 4168 2718 4223 quam
2744 4160 2805 4211 tu
2844 4151 3147 4211 discedere.
3178 4152 3362 4225 Diligit
3395 4154 3536 4211 enim

1961 4252 2013 4299 te
2064 4253 2119 4298 et
2162 4244 2254 4299 ille
2300 4246 2527 4299 multum
2569 4245 2844 4311 vicissim,
2890 4245 2950 4302 in
2992 4260 3176 4303 amore
3224 4258 3405 4303 tamen
3448 4258 3537 4303 tuo

1960 4334 2302 4391 commodum
2336 4346 2481 4391 tuum
2515 4337 2820 4403 consuluit;
2850 4352 3083 4409 cumque
3123 4340 3534 4401 afﬂuentissima

1961 4428 2077 4498 ejus
2120 4438 2174 4484 et
2217 4446 2425 4484 summa
2466 4432 2516 4485 in
2549 4441 2602 4487 te
2630 4432 2701 4485 sit
2733 4434 3008 4500 charitas,
3046 4433 3318 4506 fastigium
3361 4444 3537 4491 tamen

1961 4519 2105 4573 illius
2136 4520 2307 4574 tendit
2344 4536 2516 4592 usque
2544 4523 2609 4577 ad
2642 4522 2947 4580 utilitatem.

2033 4614 2084 4668 5.
2117 4612 2183 4667 Ει
2206 4622 2263 4669 tu
2290 4614 2421 4671 licet
2441 4630 2653 4671 omnem
2672 4616 2988 4686 jamdudum
3013 4633 3243 4674 censum
3258 4619 3309 4674 in
3338 4618 3537 4676 Christi

1960 4721 2224 4777 pauperes
2253 4708 2472 4765 Christo
2516 4710 2668 4765 dives
2697 4710 2989 4775 effuderis,
3031 4720 3141 4767 tum
3186 4720 3241 4768 et
3286 4712 3541 4779 praeferas

1960 4799 2085 4856 licet
2133 4802 2292 4856 annis
2334 4803 2634 4872 juvenem,
2683 4804 2928 4859 moribus
2972 4817 3193 4870 senem,
3250 4805 3329 4861 sis
3372 4805 3536 4861 etiam

1960 4893 2175 4964 ingenio
2212 4894 2392 4950 clarus
2418 4936 2434 4961 ,
2486 4896 2664 4950 clarus
2712 4895 2961 4966 eloquio;
2992 4896 3127 4951 nihil
3164 4896 3219 4973 in
3269 4907 3321 4953 te
3360 4906 3541 4951 tamen

254 4993 547 5048 desertum
598 4990 882 5060 repetieris
905 5032 920 5055 ,
961 4989 1120 5044 etiam
1174 4996 1380 5056 patrem
1442 4988 1729 5059 reliquisti.
1786 4988 1855 5044 At
1881 4977 1935 5040 D
1958 4986 2197 5056 primore
2224 4986 2348 5042 loco
2372 4988 2539 5058 magis
2562 4989 2896 5057 suspexerim
2928 4987 3355 5059 dilexerimque,
3379 5002 3543 5058 quam

251 5082 488 5154 qualem
518 5080 693 5148 illum,
721 5080 1121 5150 quantumque?
1146 5087 1345 5150 quanto
1369 5077 1461 5134 tibi
1490 5094 1702 5150 semper
1718 5080 1855 5136 dile-

251 5176 473 5231 ctionis
501 5174 647 5229 cultu
678 5174 1062 5227 observatum?
1091 5188 1249 5244 quam
1296 5171 1554 5242 singulari
1592 5172 1686 5227 tibi
1730 5170 1859 5227 alle-

248 5268 455 5322 ctione
492 5264 833 5320 devinctum?
861 5274 919 5319 ut
947 5265 1100 5333 cujus
1127 5262 1379 5318 charitati
1420 5262 1681 5332 praeferre
1724 5264 1858 5318 nihil

252 5372 488 5430 posses,
523 5359 626 5412 nisi
680 5357 818 5412 forte
864 5358 1035 5412 solam
1086 5359 1253 5413 eremi
1308 5356 1857 5428 charitatem:quam

249 5464 398 5506 cum
428 5448 504 5502 illi
531 5448 679 5516 justo
704 5449 975 5519 praponis
1004 5448 1273 5515 examine,
1304 5448 1614 5519 approbaSti
1640 5448 1863 5521 diligere

254 5550 328 5597 te
354 5554 464 5593 non
490 5537 644 5593 illum
666 5553 879 5609 parum,
901 5541 994 5596 sed
1022 5540 1160 5597 hanc
1180 5542 1412 5613 amplius
1439 5538 1869 5629 aliquid.0sten-

251 5634 407 5689 disti
457 5634 623 5687 etiam
676 5632 769 5688 ille
813 5634 866 5688 in
920 5644 974 5690 te
1001 5638 1197 5692 secreti
1240 5652 1391 5692 amor
1440 5652 1602 5707 quam
1643 5651 1867 5706 magnus

255 5709 470 5791 esset,
516 5726 603 5781 cui
642 5726 805 5781 etiam
850 5730 1114 5785 maximus
1183 5730 1422 5786 cederet.
1481 5731 1581 5799 Qui
1652 5729 1867 5800 quidem

1963 5078 2101 5148 quod
2136 5078 2441 5134 solitudinis
2464 5080 2644 5135 sedem
2668 5079 2748 5135 sic
2767 5080 3091 5149 concupisti.
3116 5080 3270 5136 Unde
3300 5081 3423 5148 quia
3454 5094 3540 5135 me

1963 5173 2294 5242 rcSpondere
2322 5173 2589 5243 copiosius
2614 5173 3024 5243 spatiosissimis
3053 5188 3117 5230 ac
3142 5172 3541 5228 facundissimis

1964 5262 2158 5319 litteris
2206 5264 2312 5319 tuis
2358 5279 2500 5336 stepe
2532 5263 2816 5335 postulas,
2861 5262 3091 5321 sutl‘eras
3134 5263 3409 5334 paulisper
3444 5279 3541 5319 ne-

1966 5371 2122 5413 cesse
2143 5365 2247 5423 est,
2277 5372 2397 5413 cum
2424 5359 2501 5412 sis
2526 5357 2641 5427 ipse
2671 5358 2911 5427 sapiens,
2942 5355 3308 5425 insipientiam
3332 5371 3506 5411 meam
3525 5397 3539 5419 ,

1968 5450 2095 5506 dum
2125 5450 2310 5505 recolo
2340 5450 2713 5505 multimodam
2748 5448 2961 5504 Domini
2991 5448 3218 5521 gratiam
3247 5462 3377 5519 erga
3405 5446 3543 5503 hanc

1966 5546 2137 5614 ipsam
2165 5559 2404 5599 eremum
2436 5543 2687 5599 dilectam
2717 5553 2884 5597 tuam.

2040 5636 2293 5692 Eremum
2324 5652 2452 5707 ergo
2480 5646 2627 5691 recte
2656 5633 3184 5702 incircumscriptum
3232 5635 3327 5691 Dei
3373 5634 3541 5691 nostri

1970 5732 2234 5801 templum
2266 5730 2527 5795 dixerim;
2550 5727 2749 5784 etenim
2779 5740 2938 5797 quem
2961 5733 3167 5787 certum
3197 5736 3279 5783 est
3301 5728 3538 5783 habitare

256 5817 459 5876 eremi
486 5831 659 5885 amor,
687 5818 815 5888 quid
841 5818 895 5874 in
937 5829 991 5885 te
1037 5822 1142 5878 nisi
1184 5823 1276 5878 Dei
1325 5836 1479 5879 amor
1524 5820 1870 5892 appellandus
1974 5823 2034 5881 in
2061 5821 2301 5890 silentio,
2328 5820 2659 5880 credendum
2688 5826 2774 5879 est
2796 5817 3034 5889 gaudere
3063 5829 3293 5877 secreto.
3338 5820 3541 5885 Saepius
