4018 6338
477 336 579 408 705

1453 337 1514 396 8.
1553 331 1879 395 EUCHERII
1914 326 2226 388 EPISCOPI
2263 326 2739 385 LUGDUNENSIS

3630 327 3730 390 70‘

477 480 535 525 te
556 465 670 523 illic
691 464 980 522 videndum
1004 460 1204 520 sanctis
1225 460 1339 515 suis
1364 458 1612 530 praebuit,
1640 464 1697 512 et
1722 451 2050 510 conciliante
2074 449 2129 510 Δ
2154 455 2211 503 et
2252 445 2507 516 operibus
2527 442 2856 500 absolvenda
2900 443 3126 502 terrenis
3150 486 3164 511 ,
3196 444 3458 517 numquid
3485 460 3592 503 non
3617 447 3730 507 avia

479 560 627 627 loco,
652 573 1001 631 congressum
1033 572 1139 611 non
1170 562 1255 611 est
1290 562 1611 623 aspernatus
1637 550 1955 604 humanum.
1994 545 2053 599 In
2085 622 2094 631 _
2157 540 2329 611 petiit,
2360 539 2427 593 ad
2473 538 2904 609 solitudinesque
2932 538 3178 609 confugit
3218 538 3419 610 (Exod.
3470 542 3614 611 xiv)?
3642 557 3733 614 ap-

480 654 693 711 deserto
718 654 914 723 quippe
938 651 1149 721 Moyses
1186 646 1489 718 glorificato
1534 646 1705 701 Deum
1734 642 1886 696 vultu
1929 653 2058 694 con—
2157 634 2584 705 propiuquatura
2628 633 2681 686 in
2733 646 2922 688 eremo
2948 631 3134 703 utique
3178 633 3320 699 Deo,
3364 651 3396 690 a
3430 650 3538 705 quo
3563 636 3737 694 fuerat

479 748 638 818 spicit
690 744 885 817 (Exod.
918 744 1004 813 ιιι)
1039 758 1053 796 :
1098 742 1149 797 in
1181 741 1398 796 deserto
1434 738 1577 793 Elias
1604 737 1813 792 vultum
1854 745 2058 805 pavens
2158 735 2411 796 exempta
2434 725 2681 780 servitio.
2706 725 2984 781 Tendebat
3008 727 3171 797 igitur
3198 727 3266 783 ad
3285 726 3559 784 desertum
3583 730 3737 801 longa

480 856 548 898 ne
589 842 758 896 Deum
804 838 1127 909 conspiciat,
1158 834 1401 891 obvolvit
1425 832 1517 905 (lii
1550 832 1677 902 Reg.
1708 844 1817 895 xtx,
1852 826 1960 899 15).
1993 825 2062 880 Et
2158 826 2413 881 vastitate
2443 822 2710 886 terribile,
2738 820 2921 890 Moyse
2948 819 3103 876 duce.
3134 821 3303 889 Quam
3338 837 3529 893 magna
3560 824 3737 878 multi-

481 936 725 1004 quamvis
763 931 942 986 omnia
975 931 1091 1001 ipse
1133 937 1405 997 tamquam
1447 940 1540 980 sua
1572 925 1851 986 revisitet,
1884 934 2060 991 neque

484 1026 689 1094 uspiam
724 1023 895 1088 desit;
932 1032 1107 1077 tamen
1142 1021 1224 1093 (ut
1252 1020 1521 1075 aestimare
1552 1016 1701 1087 licet)
1730 1013 2062 1086 peculiarius

485 1116 844 1172 visitationem
873 1114 1125 1185 dignatur
1152 1112 1342 1178 eremi,
1369 1119 1424 1167 et
1448 1110 1570 1165 caeli
1593 1116 1882 1164 secretum.

555 1210 607 1263 4.
654 1207 857 1262 Ferunt
906 1206 1188 1277 quemdam
1238 1204 1328 1259 alii
1387 1201 1650 1275 quaerenti
1695 1200 1841 1271 quali
1884 1198 2065 1254 inesse

484 1302 603 1355 ioco
634 1301 801 1356 Deum
833 1300 1104 1365 crederet,
1138 1298 1486 1368 respondisse
1519 1304 1575 1351 ut
1603 1310 1712 1365 quo
1739 1309 1798 1349 se
1839 1292 2069 1347 duceret

489 1395 717 1462 impiger
747 1402 1092 1463 sequeretur.
1122 1391 1256 1446 Tum
1285 1391 1580 1445 comitante
1612 1388 1802 1443 eodem
1822 1427 1835 1450 ,
1869 1384 1933 1438 ad
1962 1385 2067 1438 late

489 1487 723 1557 patentis
768 1486 933 1541 eremi
962 1493 1170 1539 secreta
1191 1484 1426 1538 venisse.
1453 1481 1523 1537 Et
1553 1479 1846 1535 ostendens
1872 1477 2067 1532 solitu-

490 1580 634 1633 dinis
662 1588 829 1633 vastae
858 1591 1154 1641 recessum,
1184 1575 1285 1645 En,
1318 1574 1512 1645 inquit,
1534 1574 1623 1627 ubi
1648 1572 1791 1625 Deus
1820 1578 1924 1624 est.
1958 1568 2072 1623 Nec

490 1670 767 1725 immerito
805 1670 879 1725 ibi
908 1683 1030 1725 esse
1071 1668 1377 1741 promptius
1425 1664 1699 1731 creditur,
1731 1662 1823 1718 ubi
1866 1660 2072 1716 facilius

495 1763 787 1818 invenitur.

2163 918 2293 975 tudo
2322 916 2625 974 dulcedinis
2665 923 2802 980 tuae,
2856 914 3112 970 Domine!
3168 914 3421 971 Eremum
3465 915 3740 986 ingressus

2163 1012 2407 1085 Moyses,
2448 1012 2617 1066 Deum
2649 1008 2876 1064 viderat.
2923 1008 3003 1063 En
3041 1007 3183 1063 redit
3209 1024 3396 1066 rursus
3433 1018 3493 1066 ut
3541 1011 3739 1066 videat.

2164 1106 2283 1178 Ipse
2313 1106 2473 1175 plane
2504 1104 2611 1158 dux
2644 1102 2853 1157 itineris
2880 1101 3137 1172 populum
3178 1117 3331 1157 suum
3372 1103 3633 1158 Dominus
3676 1106 3739 1158 ad

2165 1198 2381 1253 deserta
2404 1196 2668 1261 ducebat;
2693 1194 2745 1248 in
2766 1209 2919 1248 usum
2942 1194 3226 1263 utriusque
3246 1200 3507 1263 temporls
3528 1197 3745 1252 trahens

2166 1290 2439 1344 viantibus
2466 1289 2805 1350 columnam,
2836 1298 2981 1341 nunc
3002 1285 3289 1341 rubentem
3330 1286 3578 1354 ﬂamma,
3610 1303 3747 1343 nunc

2169 1380 2311 1435 nube
2355 1378 2694 1434 candentem.
2730 1375 2900 1431 Dabat
2939 1376 3013 1431 ita
3058 1377 3496 1447 promerentibus
3538 1392 3570 1433 e
3613 1378 3749 1434 celo
3848 1398 3854 1409 ·

2172 1474 2416 1544 signum,
2448 1471 2591 1542 quod
2634 1472 2806 1525 lactea
2848 1469 2990 1525 mole
3016 1477 3321 1539 porrectum
3355 1469 3581 1525 alternis
3618 1471 3750 1525 irra-

2173 1565 2356 1621 diabat
2396 1562 2703 1619 ardoribus.
2744 1560 2958 1616 Intento
3002 1558 3166 1614 Israel
3196 1560 3399 1615 lumine
3425 1560 3751 1630 sequebatur

2176 1659 2412 1725 radium,
2444 1671 2671 1712 corusco
2695 1654 2906 1711 eminus
2929 1654 3050 1724 igne
3065 1652 3398 1719 rutilantem,
3428 1662 3487 1707 ut
3508 1653 3563 1707 in
3585 1654 3754 1710 eremi

2177 1762 2384 1807 secreta
2416 1748 2764 1806 tendentibus
2790 1747 2951 1818 digne
2977 1746 3258 1811 Dominus,
3290 1761 3415 1803 cum
3446 1747 3551 1803 iter
3576 1756 3755 1804 osten-

560 1852 613 1907 5.
644 1852 775 1908 Nam
806 1858 864 1908 et
892 1851 946 1906 in
989 1849 1298 1922 primordiis
1330 1864 1543 1915 rerum,
1577 1863 1697 1903 cum
1727 1846 1906 1903 omnia
1934 1846 2073 1900 Deus
2100 1830 2150 1891 Β
2177 1847 2369 1911 deret,
2400 1847 2584 1901 iumen
2613 1842 2914 1914 praeferret.

495 1944 551 2000 in
572 1944 835 2015 sapientia
862 1944 1087 2009 faceret,
1116 1951 1172 1997 et
1193 1941 1400 2013 singula
1421 1955 1648 2011 quaeque
1669 1938 1864 1994 futuris
1888 1937 2075 1991 usibus

490 2044 615 2106 apta
654 2036 1044 2106 distingueret,
1088 2049 1194 2090 non
1234 2034 1423 2103 utique
1470 2032 1608 2086 hanc
1650 2038 1811 2086 terrae
1866 2039 2073 2099 partem

493 2126 742 2182 inutilem
786 2137 841 2182 et
883 2127 1262 2181 inhonoratam
1292 2124 1529 2189 dimisit;
1582 2123 1677 2178 sed
1727 2126 1937 2177 cuncta'
1966 2136 2075 2175 non

492 2222 664 2291 magis
687 2220 942 2291 praesenti
966 2218 1383 2291 magnificentia,
1405 2232 1569 2287 quam
1593 2215 1755 2271 futuri
1784 2213 2077 2285 praescien-

491 2314 564 2369 tia
610 2328 840 2379 creans,
878 2313 1119 2369 venturis
1159 2321 1239 2384 (ut
1284 2308 1542 2380 arbitror)
1592 2323 1833 2365 eremum
1875 2307 2076 2363 sanctis

493 2404 723 2475 paravit.
774 2403 954 2460 Credo
1004 2403 1089 2459 his
1139 2402 1286 2457 illam
1341 2402 1664 2470 locupletem
1715 2400 1769 2454 in
1813 2398 2076 2454 fructibus

490 2498 681 2564 voluit,
726 2506 781 2554 et
820 2513 920 2569 pro
946 2497 1364 2569 indulgentioris
1389 2505 1598 2551 naturae
1628 2496 1747 2551 vice
1777 2494 1915 2549 hanc
1945 2508 2074 2548 san-

488 2598 701 2646 ctorum
746 2589 877 2646 dare
909 2590 1230 2657 fecundam,
1280 2590 1447 2646 utsic
1490 2590 1908 2659 pinguescerent
1938 2586 2075 2642 lines

420 2738 425 2743 .
490 2680 716 2747 deserti,
742 2692 796 2738 et
821 2698 948 2739 cum
978 2681 1180 2753 rigaret
1204 2682 1273 2739 de
1301 2682 1671 2752 superioribus
1698 2682 1813 2737 suis
1835 2688 2072 2747 montes,

492 2772 832 2829 abundarent
880 2789 1097 2844 quoque
1146 2773 1495 2844 multiplicata
1549 2773 1702 2844 fruge
1750 2772 2072 2837 convalles;

493 2866 855 2937 locorumque
899 2868 1096 2921 damna
1152 2867 1465 2937 suppleret,
1510 2881 1635 2922 cum
1689 2866 2074 2923 habitationem

491 2957 730 3013 sterilem
763 2956 1071 3013 habitatore
1106 2957 1321 3013 ditaret.

563 3048 617 3103 6.
652 3048 942 3104 Possessor
986 3048 1227 3118 paradisi
1269 3058 1325 3104 et
1375 3056 1744 3119 transgressor
1782 3048 2071 3119 praecepti,

490 3154 611 3195 ctnn
643 3140 820 3195 locum
870 3139 1159 3209 voluptatis
1201 3140 1510 3205 habitaret,
1544 3140 1711 3195 lixam
1752 3140 1855 3195 sibi
1896 3154 1924 3193 a
1964 3139 2077 3194 Deo

492 3233 661 3301 legem
712 3247 932 3289 servare
962 3248 1071 3288 non
1115 3234 1311 3305 potuit.
1361 3233 1576 3300 Quanto
1614 3233 1758 3288 enim
1787 3213 2147 3302 iucundiore

492 3324 584 3380 ille
625 3326 1034 3382 ammnitatibus
1061 3326 1244 3395 locus,
1281 3336 1430 3381 tanto
1460 3324 1586 3383 huic
1620 3328 1672 3381 in
1713 3327 1922 3397 lapsum
1952 3342 2076 3396 pro-

495 3416 619 3470 nior
646 3415 768 3471 fuit.
808 3416 959 3472 Unde
980 3432 1089 3472 non
1118 3418 1289 3472 solum
1319 3416 1465 3472 hunc
1497 3418 1706 3487 legibus
1742 3418 1855 3472 suis
1891 3417 2076 3472 subdi-

492 3509 595 3575 dit,
645 3509 739 3564 sed
774 3510 937 3564 etiam
969 3511 1022 3565 in
1054 3525 1152 3565 nos
1190 3525 1361 3581 usque
1400 3526 1557 3565 suum
1595 3509 1747 3565 illum
1796 3509 2073 3564 stimulum

496 3615 644 3657 mors
703 3600 953 3657 tetendit.
1002 3601 1236 3658 Proinde
1285 3616 1527 3657 eremum
1566 3601 1741 3668 colat,
1772 3602 1862 3671 qui
1909 3603 2074 3656 vitam

492 3697 670 3766 cupit;
700 3695 823 3766 quia
849 3695 1050 3752 amoeni
1080 3696 1261 3752 incola
1292 3704 1521 3751 mortem
1552 3697 1779 3767 paravit.
1814 3695 1921 3751 Sed
1965 3696 2074 3766 jam

492 3788 557 3842 ad
587 3789 886 3859 posteriora
928 3789 1094 3845 eremi
1135 3790 1246 3846 Deo
1285 3804 1505 3860 semper
1543 3798 1777 3859 acceptae
1829 3790 2076 3859 exempla

493 3881 795 3936 veniamus.

564 3972 617 4026 7.
651 3972 864 4043 Moyses
887 3986 1011 4029 cum
1038 3973 1239 4044 egisset
1282 3987 1450 4044 pecus
1480 3974 1546 4029 ad
1583 3973 1840 4029 interiora
1872 3972 2075 4030 deserti

493 4072 620 4118 tunc
655 4064 1091 4134 resplendentem
1132 4064 1347 4120 eminus
1387 4065 1555 4121 Deum
1600 4065 1723 4135 igne
1749 4066 1884 4121 vidit
1922 4066 2077 4121 inno-

492 4170 628 4221 cuo;
664 4170 764 4211 nec
804 4156 981 4212 solum
1004 4157 1167 4227 vidit,
1209 4173 1395 4213 verum
1426 4161 1587 4213 etiam
1619 4158 1822 4213 audivit
1851 4159 2079 4228 loquen-

494 4257 624 4303 tem.
667 4247 871 4319 Nempe
900 4256 1031 4304 tunc
1072 4249 1333 4305 Dominus
1361 4264 1482 4305 cum
1528 4250 1686 4319 abjici
1730 4250 1923 4320 pedum
1963 4251 2081 4305 vin-

491 4340 612 4395 cula
645 4352 1049 4409 commoneret,
1092 4350 1332 4398 sanctam
1363 4342 1534 4398 eremi
1583 4351 1784 4399 terram
1839 4357 2079 4413 pronun-

493 4431 683 4500 tiavit,
715 4432 903 4490 dicens
948 4449 963 4488 :
998 4433 1161 4489 Locus
1189 4436 1243 4489 in
1270 4452 1372 4505 quo
1401 4445 1456 4489 tu
1481 4444 1614 4501 stas,
1638 4444 1775 4490 terra
1801 4446 1976 4491 sancta
2005 4447 2079 4491 est

493 4525 691 4593 (Exod.
723 4541 809 4593 ιιι,
845 4526 899 4597 5)
927 4541 942 4592 ;
974 4526 1260 4581 manifesto
1308 4536 1436 4583 tunc
1460 4527 1663 4597 judicio
1695 4530 1948 4582 meritum
1980 4542 2075 4584 oc-

492 4620 619 4674 culti
672 4620 892 4676 honoris
944 4622 1231 4692 expressit.
1283 4621 1610 4678 Conlirmata
1655 4624 1853 4693 quippe
1906 4632 1989 4679 est
2043 4638 2073 4678 a

494 4712 607 4767 Deo
633 4716 891 4768 sanctitas
918 4714 1051 4783 loci,
1080 4716 1367 4773 sanctitate
1402 4717 1727 4782 testimonii;
1760 4718 1813 4771 in
1848 4732 1955 4787 quo
1994 4717 2077 4787 (ut

492 4806 641 4876 reor)
688 4807 850 4862 etiam
896 4807 1027 4863 illud
1078 4809 1285 4879 pariter
1330 4819 1385 4865 et
1426 4810 1666 4865 latenter
1692 4810 1970 4876 enuntiat,
2017 4821 2075 4865 ut

493 4895 761 4951 accedens
789 4896 856 4951 ad
888 4912 1130 4954 eremum
1161 4900 1408 4970 pristinis
1443 4915 1693 4956 curarum
1730 4902 2077 4973 obligationi-

494 4988 596 5045 bus
622 4989 747 5044 vita:
774 5005 834 5046 se
856 4992 1121 5056 absolvat,
1155 5002 1208 5047 et
1230 4994 1598 5048 anterioribus
1628 4995 1858 5051 vinculis
1905 5011 2075 5067 expe—

495 5083 641 5139 ditus
663 5085 899 5151 incedat,
924 5102 991 5141 ne
1020 5087 1197 5142 locum
1228 5089 1449 5158 polluat.
1476 5089 1554 5144 Ibi
1590 5090 1822 5161 primum
1866 5092 2078 5164 Moyses

496 5176 664 5232 divini
714 5178 969 5249 colloquii
1004 5178 1282 5235 familiaris
1310 5182 1600 5237 adhibetur
1636 5185 1937 5253 interpres;
1990 5202 2080 5241 ac-

494 5268 626 5340 cipit
654 5270 837 5335 verba,
873 5285 936 5325 ac
966 5271 1205 5327 vicissim
1239 5272 1437 5339 refert;
1465 5274 1691 5331 dicenda
1723 5276 1998 5347 agendavc
2025 5286 2080 5334 et

497 5371 877 5430 percunctatur
904 5365 1102 5434 pariter
1132 5372 1187 5420 et
1208 5364 1453 5432 docetur,
1495 5381 1557 5422 ac
1593 5377 1778 5422 mutuo
1820 5368 2080 5424 confabu-

498 5451 715 5509 iationis
764 5454 1071 5527 usitatoque
1125 5456 1451 5512 commercio
1506 5473 1627 5512 cum
1676 5460 1797 5515 coeli
1849 5460 2079 5517 Domino

498 5547 914 5603 sermocinatur.
942 5548 1021 5603 ibi
1047 5550 1253 5620 virgam
1285 5550 1511 5605 resumit
1538 5550 1591 5606 in
1614 5566 1777 5621 opera
1803 5554 2078 5623 signorum

500 5648 792 5709 potentem,
810 5641 1191 5713 ingressusque
1213 5657 1456 5698 eremum
1476 5652 1659 5714 pastor
1676 5644 1878 5711 ovium,
1898 5654 2082 5715 pastor

500 5730 568 5784 ab
595 5745 777 5787 eremo
815 5734 1105 5789 revertitur
1135 5735 1475 5804 populorum.

572 5821 622 5875 8.
656 5821 793 5889 Quid
830 5823 1026 5881 deinde
1062 5826 1217 5894 plebs
1257 5827 1349 5883 Dei
1389 5829 1460 5884 ab
1499 5827 1732 5901 Egypto
1769 5830 2077 5901 liberanda,

2248 1943 2302 1997 9.
2351 1940 2490 1997 Huic
2519 1938 2811 1996 identidem
2842 1938 3041 2009 popqu
3078 1951 3260 1994 nonne
3286 1936 3353 1993 ad
3378 1935 3596 1994 deserta
3647 1944 3759 1994 ten-

2176 2036 2325 2092 denti
2355 2035 2569 2105 objecta
2614 2034 2743 2088 invii
2772 2032 2939 2088 maris
2977 2032 3209 2087 claustra
3236 2039 3530 2103 patuerunt
3561 2031 3761 2102 (Exod.

2178 2144 2292 2195 xiv,
2320 2128 2453 2199 22)?
2481 2125 2615 2181 Cum
2634 2126 2777 2181 inter
2795 2132 3100 2195 praeruptos
3121 2126 3361 2195 gurgites
3383 2124 3487 2181 iter
3509 2140 3761 2195 carpens,

2178 2218 2553 2290 pulverulento
2594 2218 2833 2288 vestigiis
2875 2216 3092 2287 agmine
3136 2216 3333 2273 Rubris
3372 2216 3644 2274 littoribus
3684 2218 3763 2273 in¢

2176 2313 2374 2379 cessit:
2429 2319 2813 2381 exstantesque
2856 2309 3119 2366 undarum
3166 2308 3520 2379 pendentium
3551 2320 3765 2366 montes

2176 2406 2247 2462 de
2274 2404 2537 2477 profunda
2577 2403 2721 2459 valle
2746 2401 3048 2474 suspiciens
3069 2442 3084 2469 ,
3115 2400 3195 2458 sic
3216 2410 3401 2457 custos
3431 2402 3614 2472 gentis
3645 2402 3765 2459 freti

2178 2509 2369 2572 stagna
2400 2498 2725 2555 transmisit.

2250 2593 2339 2649 10.
2368 2591 2553 2662 Neque
2571 2591 2627 2645 in
2649 2589 2755 2646 hoc
2767 2596 2976 2645 tantum
2994 2587 3164 2644 divini
3183 2587 3364 2658 operis
3382 2588 3555 2645 virtus
3574 2589 3729 2645 stetit
3753 2607 3764 2642 :

2178 2684 2376 2741 nudata
2406 2697 2638 2753 namque
2666 2694 2883 2737 rursum
2913 2678 3085 2736 reﬂuo
3108 2693 3327 2750 aequore
3353 2680 3634 2750 operiens,
3664 2680 3768 2735 iter

2176 2792 2366 2835 eorum
2395 2792 2518 2835 cum
2545 2778 2701 2831 hoste
2744 2773 2982 2843 delevit,
3020 2781 3296 2843 totumque
3326 2771 3382 2828 in
3409 2772 3632 2829 sedibus
3657 2774 3768 2828 suis

2176 2887 2328 2929 mare
2357 2870 2547 2943 (credo
2575 2884 2643 2925 ne
2674 2869 2743 2924 ab
2770 2882 2957 2924 eremo
2978 2867 3146 2923 Israel
3176 2866 3570 2938 reverteretur)
3599 2880 3768 2936 oppo-

2176 2966 2306 3022 suit.
2329 2964 2714 3035 Aperuitinter
2729 2976 2898 3032 aquas
2926 2962 3094 3028 viam,
3122 2970 3177 3016 et
3193 2959 3541 3019 circumfusis
3570 2958 3769 3015 deinde

2182 3060 2337 3131 aquis
2381 3060 2547 3125 texit,
2605 3069 2661 3112 ut
2704 3057 2979 3113 desertum
3008 3055 3390 3125 expetentibus
3437 3052 3771 3124 patefaceret

2176 3156 2333 3223 itum,
2363 3154 2645 3211 clauderet
2673 3154 2904 3231 reditum
2933 3152 3129 3222 (Exod.
3160 3167 3273 3219 xtv,
3296 3151 3411 3219 27).

2249 3248 2338 3303 11.
2372 3248 2486 3303 Hac
2513 3262 2643 3317 ergo
2668 3246 2857 3317 gratia:
2881 3246 3080 3301 virtute
3106 3244 3302 3299 donata
3328 3256 3461 3314 gens
3488 3241 3615 3304 illa.
3646 3257 3770 3297 cum

2175 3340 2242 3397 ad
2271 3340 2615 3395 solitudinem
2645 3338 2911 3404 tenderet,
2942 3338 3096 3407 plura
3123 3348 3298 3392 tamen
3319 3334 3625 3403 promeruit
3647 3349 3770 3389 cum

2176 3432 2503 3505 possideret.
2537 3431 2650 3487 Illic
2668 3446 2901 3501 namque
2922 3430 3172 3485 eamdem
3200 3429 3478 3499 insperato
3509 3428 3771 3483 Dominus

2178 3524 2444 3580 miraculo
2494 3522 2721 3588 refecit,
2777 3537 2900 3577 cum
2939 3535 3196 3592 percussa
3225 3520 3379 3576 silice
3426 3519 3773 3575 exundantes

2178 3630 2345 3686 aquas
2387 3614 2695 3670 sitientibus
2726 3614 2993 3683 praebuit,
3046 3623 3103 3668 et
3146 3611 3570 3668 abhorrentibus
3624 3613 3773 3665 saxis

2178 3709 2326 3765 rivos
2350 3708 2531 3763 nativo
2562 3706 2712 3761 fonte
2740 3706 3085 3776 depromens,
3117 3704 3327 3759 occulta
3361 3718 3556 3758 manus
3587 3703 3769 3772 impo-

2177 3800 2286 3857 suit
2308 3800 2540 3854 subitam
2560 3798 2850 3854 latentibus
2867 3797 3017 3853 venis
3039 3805 3283 3852 naturam
3306 3794 3505 3865 (Exod.
3528 3811 3662 3859 xm,
3686 3794 3767 3865 6).

2178 3894 2287 3949 Nec
2315 3894 2491 3948 solum
2522 3892 2632 3947 illic
2665 3892 2877 3963 ingesto
2899 3891 3125 3947 ﬂumine
3164 3890 3376 3946 viscera
3410 3889 3577 3945 sicca:
3618 3890 3770 3958 rupis

2178 3982 2403 4050 infudit,
2452 3998 2640 4038 verum
2673 3983 2835 4037 etiam
2865 3980 3158 4037 dulcedine
3188 3980 3526 4052 superindita
3555 3994 3771 4035 amaros

2178 4074 2425 4131 tristibus
2449 4074 2602 4145 aquis
2622 4074 2842 4128 haustus
2868 4072 3129 4143 repressit
3159 4071 3353 4145 (Exod.
3381 4088 3470 4138 xv,
3491 4072 3611 4143 25).
3644 4072 3769 4127 Illas

2178 4167 2363 4224 elicuit
2390 4208 2405 4235 ,
2440 4168 2537 4220 has
2566 4166 2803 4236 placavit
2833 4181 2849 4221 :
2882 4178 2984 4222 nec
3024 4165 3233 4234 majore
3258 4165 3525 4220 miraculo
3551 4179 3583 4221 e
3622 4165 3772 4220 saxis

2177 4273 2346 4329 aquas
2371 4273 2532 4329 quam
2563 4274 2632 4313 ex
2666 4258 2821 4327 aquis
2850 4258 2985 4313 alias
3009 4270 3177 4327 aquas
3196 4256 3456 4312 reddidit.
3480 4255 3769 4326 Obstupuit

2177 4352 2332 4421 plebs
2386 4361 2579 4407 cuncta
2603 4396 2617 4417 ,
2671 4350 2914 4407 caelestis
2945 4348 3057 4405 illic
3095 4347 3281 4404 auxilii
3311 4362 3470 4420 opem
3496 4349 3764 4415 sentiens,

2178 4460 2286 4501 non
2317 4444 2495 4500 minus
2522 4443 2574 4498 in
2604 4443 2691 4500 his
2717 4444 2872 4514 aquis
2901 4457 3021 4514 quae
3047 4451 3203 4497 erant
3230 4455 3391 4511 quam
3422 4442 3477 4497 in
3508 4440 3619 4496 illis
3649 4456 3767 4510 qua:

2182 4537 2423 4594 nondum
2454 4537 2690 4592 fuerant.

2254 4631 2341 4685 12.
2382 4630 2499 4686 Illic
2539 4631 2704 4685 etiam
2754 4629 2896 4685 idem
2940 4628 3169 4700 populus
3210 4628 3506 4684 demissum
3553 4627 3764 4685 crelitns

2179 4723 2360 4779 cibum
2403 4722 2606 4777 albenti
2654 4722 2771 4777 solo
2803 4722 2965 4791 legit,
2999 4736 3120 4776 cum
3152 4736 3184 4777 e
3232 4721 3465 4775 nubibus
3508 4720 3768 4776 Dominus

2178 4829 2369 4884 panem
2400 4814 2637 4884 pluvium
2667 4814 2811 4869 sicco
2844 4813 3017 4869 imbre
3042 4813 3244 4883 dejecit
3273 4812 3473 4883 (Exod.
3504 4828 3615 4879 xvi,
3655 4812 3761 4880 Ν).

2181 4904 2238 4960 In
2292 4905 2639 4960 tabernacula
2671 4912 2726 4959 et
2767 4905 2819 4958 in
2850 4904 3196 4973 circumiecta
3244 4917 3544 4959 castrorum
3574 4918 3765 4959 manna

2182 4999 2441 5066 ninguida
2465 5013 2595 5053 aere
2618 4998 2865 5066 illapsttm
2883 4998 3098 5065 cecidit,
3128 4998 3219 5053 ubi
3239 5012 3429 5067 panem
3453 4999 3763 5068 angelorum

2187 5090 2531 5161 manducavit
2574 5090 2756 5144 homo.
2792 5089 2859 5143 Et
2888 5090 3011 5158 quia
3043 5089 3241 5144 sufficit
3269 5089 3375 5144 diei
3410 5090 3614 5144 malitia
3641 5104 3761 5160 sua,

2185 5182 2561 5251 quotidianum
2595 5181 2775 5235 divina
2803 5180 3130 5252 indulgentia
3161 5182 3361 5236 victum
3384 5182 3633 5248 contulit,
3660 5182 3762 5251 jam

2186 5282 2314 5327 tunc
2344 5272 2461 5342 iege
2492 5272 2804 5341 prmmissa,
2834 5286 2900 5325 ne
2923 5272 2974 5326 in
3016 5272 3312 5327 crastinum
3352 5272 3635 5341 cogitaret.
3682 5270 3765 5326 Sic

2186 5364 2459 5435 quondam
2492 5364 2547 5418 in
2572 5378 2755 5419 eremo
2777 5363 3109 5430 constitutis,
3137 5364 3259 5434 quia
3286 5372 3546 5433 praestare
3570 5362 3761 5418 victum

2186 5468 2397 5517 terrena
2428 5474 2533 5515 non
2566 5466 2814 5530 poterat,
2853 5457 3052 5514 caelum
3083 5458 3443 5513 ministrabat.

2258 5554 2345 5609 15.
2377 5552 2573 5624 Legem
2603 5550 2765 5608 etiam
2796 5559 2851 5607 et
2877 5551 3118 5608 caelestia
3144 5549 3315 5606 edicta
3340 5550 3603 5606 Hebraeus
3625 5549 3759 5606 idem

2184 5646 2442 5716 numquid
2491 5660 2601 5702 non
2646 5645 2815 5700 eremi
2874 5644 3197 5699 inhabltator
3238 5644 3473 5715 accepit,
3506 5652 3616 5698 tum
3643 5658 3758 5699 cum

2185 5740 2438 5812 proprius
2468 5740 2714 5795 admotus
2740 5779 2755 5806 ,
2791 5739 3059 5807 inspicere
3101 5737 3281 5794 divino
3307 5736 3479 5809 digito
3505 5738 3756 5809 impressa

2185 5834 2382 5891 tabulis
2404 5835 2557 5905 signa
2584 5834 2784 5891 meruit
2820 5831 3020 5903 (Exod.
3054 5830 3187 5903 xx)?
3225 5831 3452 5889 eductus
3476 5831 3669 5890 castris
3705 5832 3756 5886 in
