4018 6338
347 337 442 395 705

1479 325 1810 384 EPISTOLA
1852 323 1940 380 DE
1977 321 2208 383 LAUDE
2248 323 2480 384 EREMI.

3494 318 3598 379 706

337 467 619 511 occursum
647 448 879 516 Domini,
902 447 969 503 ad
993 445 1226 503 radicem
1257 447 1455 501 montis
1475 445 1663 500 obvius
1689 440 1916 500 institit?
1944 444 1998 502 Α
2022 457 2184 512 opere
2207 443 2475 511 inclaruit,
2499 456 2657 514 quem
2682 441 2944 512 insignem
2969 453 3110 496 nunc
3133 442 3333 496 scissus
3356 450 3595 515 torrens,

337 546 484 601 Vidit
512 542 759 615 equidem
775 555 972 611 pavore
987 539 1262 610 perculsus
1285 538 1432 592 illum
1446 537 1596 593 Sinai
1624 536 1913 602 verticem,

337 655 497 711 quem
551 649 757 694 terrore
785 636 952 690 multo
989 634 1278 704 conspicua
1325 634 1582 703 majestas
1620 630 1916 687 insederat.

339 730 565 800 Aspexit
608 729 866 784 attonitus
896 735 1132 782 montem
1177 725 1360 797 procul
1418 723 1748 780 interﬂuenti
1801 725 1924 794 igne

343 823 667 888 fumantem;
716 836 874 891 quem
914 819 1111 874 deinde
1141 825 1308 874 totum
1350 818 1454 872 late
1492 817 1662 872 nubes
1712 815 1924 871 densis-

341 920 478 974 sima
499 918 770 974 obtectum
798 914 1094 985 operiebat.
1130 912 1356 982 Expavit
1385 911 1512 966 hinc
1553 911 1802 965 micantia
1829 923 1924 965 ex-

341 1010 549 1082 pressis
573 1011 786 1081 ignibus
805 1008 1034 1080 fulgura,
1059 1008 1374 1086 ettonitrua
1394 1006 1601 1061 crebris
1624 1003 1924 1074 fragoribus

343 1104 516 1157 mixto
545 1102 891 1156 buccinarum
914 1100 1168 1169 clangore
1195 1099 1474 1154 reboantia
1493 1141 1508 1165 ,
1543 1098 1614 1152 ita
1640 1097 1734 1151 filii
1760 1096 1922 1152 Israel

339 1194 468 1247 dum
501 1194 553 1247 in
583 1191 969 1248 solitudinibus
1021 1191 1318 1262 degerent,
1374 1189 1467 1244 Dei
1496 1188 1678 1245 sedem
1708 1188 1920 1255 videre,

341 1300 531 1339 vocem
560 1285 747 1338 audire
778 1292 1113 1338 meruerunt.

416 1383 505 1437 Η.
541 1381 760 1436 Talibus
777 1381 903 1434 olim
925 1378 1300 1448 similibusque
1323 1392 1418 1432 usa
1440 1384 1521 1432 est
1539 1391 1603 1432 ac
1624 1383 1921 1431 sustentata

341 1476 625 1531 miraculis
652 1473 801 1528 natio
832 1474 923 1528 illa
949 1472 1130 1543 (Deut.
1165 1488 1315 1539 xxix,
1345 1473 1425 1540 5),
1458 1486 1578 1526 cum
1611 1470 1808 1524 deserti
1845 1469 1925 1522 in-

336 1568 460 1622 cola
486 1566 611 1632 fuit,
631 1581 749 1620 cum
775 1581 893 1619 eam
923 1565 1211 1619 inusitatus
1229 1563 1382 1618 cibus
1403 1560 1716 1631 repentinus
1744 1570 1919 1630 polus,

341 1656 952 1725 inconsummabilisque
980 1655 1205 1710 vestitus
1253 1653 1454 1720 aleret,
1481 1668 1603 1707 cum
1635 1653 1797 1705 etiam
1832 1650 1921 1704 illa

338 1768 464 1821 quae
485 1752 823 1807 extrinsecus
840 1763 1034 1820 corpus
1052 1747 1383 1811 ambiebant,
1405 1743 1718 1814 infatigabili
1739 1743 1922 1798 habitu

2027 551 2168 591 nunc
2197 538 2445 592 innatans
2475 537 2700 603 ferrum,
2733 551 2874 592 nunc
2902 535 3157 602 redivivi,
3186 552 3328 593 nunc
3379 536 3481 592 olei
3511 537 3598 593 in-

2027 636 2298 682 crementa
2325 628 2595 695 fecerunt;
2627 630 2822 698 quique
2842 638 3117 699 postremo
3135 639 3258 699 post
3290 630 3391 686 alia
3417 646 3601 702 quam-

2026 719 2256 789 plurima
2274 719 2600 788 duplicatam
2631 720 2683 773 in
2704 734 2764 775 se
2791 720 3042 774 virtutem
3072 723 3307 792 magistri
3325 721 3600 780 hocetiam

2027 813 2416 880 comprobavit,
2445 812 2587 882 quod
2612 812 2703 868 ille
2730 821 3006 882 superstes
3036 813 3370 882 defunctum,
3403 817 3490 871 hic
3511 819 3602 872 de-

2026 901 2262 957 functum
2295 903 2639 958 exsuscitavit
2658 904 2766 973 jam
2786 905 3066 961 defunctus
3085 908 3174 978 (IV
3198 907 3326 978 Reg.
3357 925 3413 975 ll,
3441 909 3496 978 4,
3523 910 3601 982 6).

2095 997 2186 1050 :20.
2219 996 2338 1050 Filii
2371 1011 2582 1067 quoque
2613 997 2995 1067 prophetarum
3023 1000 3228 1054 relictis
3258 1001 3481 1057 urbibus
3511 1019 3604 1058 ex-

2028 1089 2843 1160 petebantgeminodeﬂuentem
2862 1091 3005 1147 fonte
3027 1094 3340 1161 Iordanem,
3359 1105 3603 1152 exstrue-

2026 1180 2258 1251 bantque
2281 1182 2332 1235 in
2351 1182 2545 1237 abditis
2569 1185 2909 1239 tabernacula
2926 1196 3131 1240 remoto
3149 1186 3329 1255 juncta
3354 1188 3600 1245 torrenti.

2028 1273 2340 1328 Excubabat
2362 1275 2558 1330 cohors
2581 1286 2762 1331 sancta
2794 1279 2987 1333 secreti
3017 1280 3253 1335 ﬂuminis
3281 1283 3433 1350 ripis,
3458 1284 3604 1336 velut

2025 1368 2344 1438 quibusdam
2374 1383 2562 1438 Sparsa
2610 1371 2856 1424 tentoriis
2883 1412 2898 1435 ,
2941 1379 2995 1426 et
3021 1370 3439 1430 habitationibus
3476 1390 3604 1429 con-

2024 1460 2170 1529 gruis
2191 1463 2401 1531 egregia
2431 1462 2636 1519 indoles
2664 1462 2908 1531 spiritum
2961 1465 3294 1521 custodiebat
3321 1477 3602 1536 paternum

2026 1552 2116 1620 (IV
2154 1553 2281 1625 Reg.
2312 1553 2410 1623 γι).

2096 1646 2187 1701 ‘21.
2211 1648 2346 1714 Quid
2372 1649 2463 1704 ille
2490 1664 2596 1718 quo
2631 1651 2801 1719 major
2832 1651 2970 1707 inter
2996 1661 3151 1707 natos
3182 1653 3464 1730 mulierum
3499 1669 3603 1709 non

2029 1742 2265 1796 surrexit
2304 1742 2481 1813 (Matt.
2530 1744 2641 1814 tu);
2697 1761 2875 1800 nonne
2906 1747 2956 1802 in
3006 1747 3220 1801 deserto
3249 1747 3518 1815 clamans,
3553 1749 3605 1801 in

341 1851 747 1913 permanerent.
799 1840 1068 1911 Quidquid
1097 1854 1284 1895 eorum
1326 1837 1634 1892 necessitati
1682 1837 1922 1889 locorum
1957 1834 1999 1893 Β
2029 1834 2242 1889 deserto
2265 1835 2514 1891 vivebat?
2542 1836 2598 1891 lu
2648 1837 2863 1892 deserto
2890 1839 2956 1892 ab
2985 1839 3085 1893 hoc
3114 1839 3414 1909 baptismus
3444 1840 3608 1896 tradi-

341 1937 619 2005 ingenium
646 1950 754 1990 non
780 1934 1055 2001 attulerat,
1086 1933 1365 1987 manifesta
1394 1930 1487 1985 Dei
1529 1928 1925 1996 magnilicentia

341 2028 685 2096 suggerebat.
712 2025 814 2081 Vix
851 2026 905 2080 in
939 2025 1053 2079 haec
1081 2024 1320 2079 caelestis
1352 2022 1539 2093 gratiae
1569 2021 1705 2075 dona
1737 2034 1930 2090 perve-

341 2124 426 2173 nit
464 2127 776 2173 sauctorum
809 2132 983 2183 unus,
1013 2116 1102 2186 qui
1133 2117 1201 2171 de
1241 2115 1343 2169 hoc
1385 2115 1580 2184 populo
1623 2114 1698 2167 ait
1747 2131 1758 2164 :
1805 2110 1926 2165 Non

337 2211 467 2279 fecit
512 2211 683 2264 taliter
728 2209 866 2262 omni
895 2209 1094 2262 nationi
1125 2207 1242 2278 (Ps.
1273 2223 1470 2273 chvtt,
1500 2206 1615 2276 20).
1664 2205 1924 2273 Specialia

337 2300 594 2367 contulit,
637 2299 876 2354 inaudita
908 2303 1209 2365 concessit,
1239 2315 1362 2354 cum
1389 2299 1586 2353 divinis
1615 2297 1926 2353 muneribus

337 2391 604 2461 pepulum
633 2390 821 2446 refecit
849 2392 901 2445 in
935 2405 1141 2446 eremo.

414 2485 506 2539 15.
551 2484 619 2539 Et
659 2485 776 2538 haec
803 2485 1049 2554 quamvis
1081 2487 1132 2538 in
1168 2485 1394 2554 ﬁguram
1433 2483 1600 2537 nostri
1641 2481 1776 2535 facta
1821 2491 1930 2536 tra-

339 2576 563 2644 dantur,
589 2585 643 2631 et
663 2576 828 2632 facies
852 2577 939 2631 illa
958 2591 1137 2632 rerum
1165 2577 1434 2647 mysteriis
1458 2575 1647 2630 ﬂoreat
1672 2575 1895 2630 occultis
1911 2615 1928 2642 ,

340 2686 643 2741 omnesque
674 2673 728 2725 in
779 2672 962 2742 Moyse
992 2671 1280 2740 baptizati,
1315 2671 1368 2725 in
1399 2670 1575 2736 nube,
1607 2679 1662 2725 et
1701 2670 1754 2724 in
1797 2670 1926 2723 mari

339 2781 525 2821 escam
558 2768 857 2836 spiritalem
891 2767 1267 2834 manducasse,
1300 2776 1482 2836 potum
1515 2765 1811 2834 spiritalem
1850 2762 1926 2817 bi-

341 2861 493 2916 bisse
523 2860 832 2917 referantur
857 2861 902 2925 (I
929 2861 1046 2916 Cor.
1077 2877 1110 2915 x
1136 2902 1151 2928 ,
1179 2861 1236 2931 '2)
1262 2876 1278 2926 ;
1307 2867 1484 2914 tamen
1511 2858 1689 2913 omnia
1723 2857 1835 2911 haec
1858 2856 1926 2909 ita

338 2952 648 3009 futurorum
692 2955 971 3010 continent
1002 2953 1195 3022 fidem,
1231 2963 1290 3008 ut
1318 2962 1592 3023 gestorum
1624 2950 1932 3006 custodiant

342 3046 652 3121 veritatem.
708 3045 1044 3116 Quamquam
1073 3061 1172 3100 nec
1200 3046 1277 3100 sic
1302 3045 1515 3115 quidem
1546 3043 1710 3100 eremi
1755 3042 1931 3096 minor

342 3139 466 3194 laus
517 3148 602 3194 est
626 3181 641 3207 ,
695 3139 906 3194 etiamsi
931 3154 993 3194 ea
1017 3154 1139 3209 quae
1166 3139 1274 3192 illic
1295 3147 1445 3208 gesta
1485 3148 1641 3204 sunt,
1678 3138 1728 3190 in
1754 3150 1930 3190 sacra-

2033 1935 2138 1990 tur,
2184 1926 2234 1980 in
2265 1926 2480 1982 deserto
2520 1931 2831 1997 pmnitenlia
2883 1932 3202 1999 praedicatur
3227 1973 3241 1997 ,
3302 1935 3352 1987 in
3391 1934 3608 1990 deserto

2031 2020 2260 2088 primum
2302 2022 2504 2076 mentio
2553 2025 2702 2093 regni
2731 2025 2968 2080 caelestis
2998 2025 3243 2079 infertur.
3267 2026 3342 2081 Ibi
3375 2028 3489 2083 haec
3522 2028 3609 2085 ille

2029 2110 2370 2165 audientibus
2405 2113 2605 2182 primus
2639 2116 2880 2183 ingessit,
2911 2117 2996 2170 ubi
3027 2116 3140 2171 haec
3160 2117 3318 2172 citius
3364 2119 3609 2176 ambiens

2028 2203 2256 2272 quisque
2279 2208 2592 2272 promeruit.
2620 2207 2727 2263 Nec
2761 2211 3028 2264 immerito
3058 2211 3265 2265 iuturus
3295 2211 3381 2265 hic
3408 2213 3608 2267 arduus

2029 2295 2225 2350 deserti
2260 2296 2546 2362 habitator,
2594 2309 2718 2355 ante
2749 2301 2940 2356 faciem
2973 2303 3185 2358 Domini
3224 2307 3447 2375 angelus
3486 2307 3606 2362 mit-

2030 2387 2179 2454 titur,
2215 2390 2353 2442 viam
2384 2403 2592 2446 reserat
2622 2393 2672 2446 in
2706 2395 2928 2450 caeleste
2957 2410 3204 2464 regnum,
3231 2409 3284 2453 et
3308 2415 3610 2468 praecursor

2029 2487 2083 2534 et
2115 2482 2267 2536 testis
2292 2483 2482 2553 dignus
2508 2485 2597 2554 qui
2628 2484 2842 2540 Patrem
2874 2503 2904 2542 e
2941 2489 3079 2543 coelo
3111 2489 3415 2560 loquentem
3455 2493 3609 2549 audi-

2030 2582 2140 2639 ret,
2184 2575 2376 2629 Filium
2422 2577 2744 2646 baptizando
2790 2580 3141 2650 contingeret.
3187 2583 3444 2653 Spiritum
3487 2599 3609 2641 san-

2030 2675 2172 2722 ctum
2205 2668 2623 2726 descendentem
2657 2673 2882 2727 videret.

2102 2758 2190 2814 22.
2221 2761 2341 2830 Ipse
2373 2778 2585 2832 quoque
2619 2764 2876 2819 Dominus
2901 2780 2962 2820 ac
2990 2768 3245 2822 Salvator
3275 2781 3462 2824 noster
3484 2772 3611 2842 bap-

2033 2853 2229 2908 tizatus
2258 2853 2542 2910 confestim
2574 2858 2657 2928 (ut
2691 2859 2965 2928 Scriptura
2997 2861 3070 2914 ait
3119 2861 3296 2932 [Matt.
3331 2880 3402 2927 iv,
3451 2864 3534 2936 1])
3581 2882 3610 2920 a

2032 2944 2231 3014 Spiritu
2257 2947 2305 3000 in
2335 2947 2602 3003 desertum
2627 2949 2859 3004 ducitur.
2893 2952 3022 3018 Quis
3055 2954 3140 3007 hic
3170 2955 3330 3025 igitur
3367 2967 3450 3012 est
3493 2959 3613 3029 Spi-

2032 3039 2202 3092 ritus?
2234 3039 2514 3095 Cunctatio
2545 3043 2690 3096 nulla
2732 3044 2916 3098 subest
2944 3087 2959 3111 ,
3007 3049 3134 3116 quin
3164 3047 3409 3103 Sanctus.
3458 3051 3611 3118 Quod

2033 3129 2229 3186 deinde
2258 3132 2490 3201 Spiritus
2532 3143 2751 3189 sanctus
2793 3139 3057 3206 pertrahit
3085 3140 3135 3192 in
3186 3142 3492 3211 desertum,
3525 3147 3612 3200 ni-

347 3240 661 3286 mentorum
719 3232 829 3287 sim
866 3231 1208 3286 alliludinem
1259 3230 1564 3285 referenda,
1617 3229 1757 3284 Nihil
1803 3243 1932 3297 ergo
1959 3217 2004 3280 C
2036 3224 2231 3276 miram
2265 3225 2403 3279 istud
2435 3225 2527 3280 ille
2557 3227 2761 3295 dictat,
2806 3228 2947 3283 istud
2993 3230 3085 3284 illc
3137 3238 3325 3288 tacitus
3356 3236 3611 3305 inspirat.

351 3325 545 3395 gratiae
585 3324 894 3394 derogatur,
927 3325 1138 3379 etiamsi
1171 3323 1260 3379 ille
1312 3334 1436 3377 tunc
1460 3331 1629 3376 status
1655 3320 1928 3388 corporis,

349 3427 409 3471 et
432 3418 885 3471 vestimentorum
910 3432 1014 3470 non
1045 3425 1333 3470 consecuta
1359 3414 1632 3483 corruptio
1652 3454 1666 3480 ,
1695 3421 1933 3466 ventura:

347 3509 478 3563 vita:
509 3509 786 3577 specimen
828 3509 1160 3564 detulerunt.
1192 3509 1378 3578 Magna
1409 3523 1640 3577 namque
1677 3508 1779 3561 loci
1810 3522 1933 3576 gra-

349 3603 426 3656 tia
454 3614 567 3671 est,
618 3604 661 3656 si
687 3602 871 3672 quales
899 3603 1021 3658 illos
1050 3602 1345 3656 beatissimi
1377 3601 1560 3656 saeculi
1589 3601 1813 3656 felicitas
1843 3602 1936 3654 ha-

349 3695 531 3760 bebit,
566 3695 699 3750 tales
729 3697 784 3750 in
817 3694 919 3750 hoc
944 3692 1054 3764 jam
1085 3695 1219 3750 istos
1245 3710 1459 3750 eremus
1499 3695 1710 3750 habeat.

428 3788 516 3842 16.
546 3788 682 3854 Quid
705 3831 720 3856 ,
753 3787 894 3858 quod
924 3788 1019 3840 filii
1050 3787 1215 3840 Israel
1246 3786 1310 3840 ad
1343 3786 1489 3841 illam
1521 3786 1936 3841 desiderabilem

353 3888 556 3935 terram
584 3894 690 3934 non
721 3880 820 3933 nisi
851 3879 1184 3932 habitatione
1225 3877 1393 3932 eremi
1426 3880 1829 3947 pervenerunt?
1875 3879 1937 3931 Et

355 3981 415 4025 ut
433 3985 568 4040 gens
598 3971 789 4026 eadem
815 3970 1116 4040 possideret
1148 3977 1330 4037 postea
1360 3970 1502 4023 illam
1533 3970 1669 4023 lacte
1692 3979 1746 4024 et
1775 3969 1937 4023 melle

355 4067 686 4123 manantem,
711 4057 858 4126 prius
885 4055 1023 4109 hanc
1048 4055 1253 4108 aridam
1278 4054 1647 4124 incultamque
1674 4054 1932 4123 possedit.

356 4149 552 4204 Totum
577 4163 791 4218 semper
817 4148 884 4202 ad
907 4162 1088 4202 veram
1114 4147 1339 4216 patriam
1368 4148 1533 4201 eremi
1571 4147 1938 4201 mansionibus

357 4244 461 4297 iter
486 4242 759 4312 panditur.
793 4240 1006 4294 Habitet
1032 4239 1437 4294 inhabitabilem
1469 4249 1688 4306 terram,
1712 4240 1801 4309 qui
1824 4240 1942 4293 vult

359 4337 541 4391 videre
580 4335 719 4390 bona
748 4334 961 4388 Domini
995 4335 1045 4387 in
1082 4344 1219 4388 terra
1251 4331 1578 4398 viventium;
1625 4333 1694 4386 sit
1743 4334 1938 4402 hospes

363 4430 546 4498 hujus,
574 4429 664 4498 qui
693 4427 827 4482 civis
856 4443 977 4482 esse
1006 4425 1284 4480 contendit
1311 4424 1474 4479 illius.

433 4524 518 4576 17.
554 4522 660 4576 Sed
690 4531 748 4575 ut
791 4521 906 4575 haec
954 4519 1294 4589 relinquam,
1344 4518 1511 4572 David
1557 4520 1669 4588 ipse
1719 4518 1937 4572 insidias

2036 3316 2197 3384 fitque
2225 3331 2440 3372 eremus
2464 3317 2686 3387 Spiritui
2728 3330 2914 3373 sancto
2963 3325 3268 3390 suggerenti
3300 3327 3458 3396 digna
3490 3345 3614 3398 sng-
3641 3344 3644 3346 ·

2032 3409 2224 3476 gestio.
2249 3410 2476 3478 Mystico
2506 3427 2634 3481 ergo
2654 3411 2878 3467 flumine
2907 3415 3134 3482 infusus,
3174 3418 3301 3471 nihil
3332 3419 3434 3472 sibi
3469 3424 3614 3488 prius

2033 3501 2302 3568 agendum
2340 3513 2508 3571 putat,
2561 3520 2717 3573 quam
2770 3515 2827 3558 ut
2858 3506 2923 3560 ad
2956 3517 3163 3562 secreta
3195 3511 3499 3564 contendat.
3551 3513 3618 3565 Et

2033 3600 2212 3648 tamen
2242 3594 2330 3648 ille
2361 3595 2762 3650 sanctificantes
2790 3612 3005 3666 semper
3032 3614 3200 3668 aquas
3229 3609 3353 3655 tunc
3383 3601 3617 3656 sanctifi-

2034 3695 2279 3751 caverat,
2311 3701 2408 3742 nec
2454 3689 2657 3756 peccati
2701 3687 2974 3744 hominem
3022 3700 3278 3761 purgatus
3323 3693 3614 3762 abluerat;

2039 3787 2311 3846 peccatum
2337 3779 2480 3833 enim
2511 3780 2600 3834 ille
2633 3795 2808 3850 neque
2849 3781 3078 3850 fecerat,
3112 3799 3287 3853 neque
3312 3786 3614 3852 metuebat;

2037 3880 2090 3923 et
2115 3872 2278 3924 eremi
2312 3880 2486 3926 tamen
2520 3888 2703 3927 amore
2737 3874 3025 3943 flagrabat,
3074 3885 3234 3945 atque
3271 3878 3322 3931 in
3368 3879 3618 3936 omnibus

2036 3961 2290 4016 salutaris
2315 3973 2520 4017 'auctor
2565 3966 2838 4034 exempli,
2891 3966 3029 4020 hanc
3064 3983 3168 4020 non
3200 3968 3415 4038 dignam
3465 3971 3619 4027 nobis

2039 4053 2404 4108 desiderabat.
2439 4055 2568 4122 Quae
2599 4057 2643 4110 si
2676 4061 2852 4111 vmiva
2881 4059 2989 4111 Deo
3015 4058 3083 4112 ab
3108 4060 3381 4118 erroribus
3413 4061 3581 4116 libero
3602 4105 3617 4129 ,

2040 4156 2240 4212 quanto
2269 4148 2437 4216 magis
2482 4152 2784 4203 necessaria
2815 4149 3018 4203 homini
3047 4151 3321 4206 erroribus
3353 4153 3620 4209 obnoxio?

2038 4233 2094 4289 Si
2125 4237 2288 4304 petita
2339 4255 2446 4293 non
2477 4239 2842 4311 delinquenti,
2869 4251 3071 4312 quanto
3101 4245 3273 4312 magis
3315 4247 3620 4316 exoptanda

2040 4329 2304 4396 peccanti.

2109 4421 2198 4476 25.
2228 4422 2301 4476 lbi
2345 4423 2504 4478 etiam
2551 4425 2602 4478 in
2635 4424 2947 4481 famulatum
2979 4427 3214 4492 Domini,
3263 4429 3622 4489 remotiscir.

2042 4517 2537 4584 cumstrepentibus
2565 4517 2757 4587 turbis,
2783 4520 2940 4573 tacita
2972 4519 3136 4573 divini
3161 4520 3360 4588 vigoris
3383 4522 3623 4578 ministe~

364 4617 505 4684 regis
532 4613 714 4668 infesti
745 4630 849 4667 non
880 4613 981 4665 nisi
1007 4627 1127 4666 cum
1157 4611 1429 4666 desertum
1456 4620 1739 4679 expeteret
1767 4611 1939 4665 evasit
1965 4590 2017 4651 Ῑ)
2044 4609 2120 4662 ria
2170 4609 2504 4679 succedunt,
2545 4620 2598 4664 et
2644 4612 2696 4664 in
2737 4627 2921 4666 eremo
2961 4615 3318 4681 constitutus,
3356 4625 3623 4684 tamquam

365 4707 408 4776 (l
439 4707 570 4778 Reg.
602 4708 758 4775 xxm)
803 4723 818 4760 :
851 4707 939 4776 qui
971 4708 1024 4759 in
1066 4706 1310 4759 ldumma:
1336 4704 1670 4759 ariditatibus
1697 4719 1938 4759 commo-

365 4807 549 4864 ratus,
605 4805 714 4851 toto
746 4797 1028 4850 Dominum
1056 4796 1220 4850 corde
1264 4795 1520 4860 sitiebat,
1562 4806 1618 4848 ut
1657 4795 1847 4850 sitiens
1886 4797 1939 4849 in

365 4893 580 4946 deserto
609 4899 664 4946 et
691 4892 742 4945 in
776 4889 922 4944 invio
958 4899 1012 4944 et
1047 4890 1306 4958 inaquoso
1333 4931 1347 4955 ,
1379 4897 1492 4943 tum
1519 4889 1733 4943 demum
1773 4903 1940 4959 appa-

365 4994 509 5040 reret
532 4985 642 5039 Deo
666 4985 716 5038 in
739 4992 944 5050 sancto,
975 4997 1036 5036 ac
1062 4981 1318 5050 deinceps
1341 4980 1433 5036 Dei
1457 4981 1710 5036 virtutem
1742 4983 1942 5050 pariter

366 5085 419 5129 et
447 5077 673 5146 gloriam
704 5083 921 5131 sanctus
952 5075 1178 5128 videret.
1489 5123 1493 5128 .

435 5171 524 5225 18.
583 5170 728 5223 Elias
781 5169 1249 5238 vero,maximus
1303 5179 1635 5225 secretorum
1691 5171 1944 5236 colonus;

366 5263 556 5319 caelum
583 5263 846 5318 imbribus
871 5262 1085 5329 clausit,
1122 5262 1334 5332 ignibus
1375 5264 1668 5333 reseravit,
1700 5265 1945 5320 ministra

366 5356 491 5410 alite
548 5355 728 5409 cibum
780 5354 1049 5423 sumpsit,
1098 5353 1204 5408 fixa
1246 5356 1578 5424 mortisjura
1628 5358 1943 5423 revocavit,

366 5446 658 5501 Iordanem
684 5446 964 5502 dividuum
984 5447 1282 5515 interrupto
1304 5461 1461 5500 amne
1486 5449 1730 5502 transivit
1749 5451 1944 5503 ctelum

367 5541 576 5595 ardenti
632 5554 793 5595 curru
842 5548 1028 5610 raptus
1077 5538 1319 5595 ascendit
1358 5539 1447 5613 (111
1475 5539 1604 5612 Reg.
1636 5557 1784 5608 xvn,
1841 5544 1942 5609 I8;

369 5633 434 5689 IV
466 5634 599 5704 Reg.
639 5631 721 5704 tt).

437 5723 524 5779 19.
571 5723 708 5791 Quid
737 5726 929 5781 deinde
958 5724 1211 5793 Elisasus,
1245 5735 1584 5781 consectator
1631 5729 1754 5782 vitae
1784 5726 1943 5797 hujus

368 5828 523 5892 atque
559 5817 806 5878 virtutis?
837 5834 1016 5877 nonne
1067 5818 1291 5892 perinde
1330 5820 1511 5876 divino
1555 5821 1936 5880 miraculorum

2039 4702 2147 4771 jam
2181 4701 2234 4755 in
2261 4703 2456 4757 cmlum
2485 4713 2751 4773 revectus,
2781 4708 3176 4761 occurrentium
3206 4710 3471 4777 excipitur
3501 4710 3624 4763 offi-

2045 4800 2140 4854 ciis
2189 4801 2500 4870 angelorum
2535 4801 2712 4872 (Malt.
2770 4819 2841 4864 tv.
2886 4806 2996 4872 11).
3043 4805 3115 4860 lbi
3161 4816 3286 4862 tunc
3333 4816 3624 4862 tentantem

2045 4903 2186 4947 notae
2235 4893 2366 4946 artis
2418 4893 2626 4948 insidiis
2664 4894 2873 4950 hostem
2918 4898 3062 4952 illum
3110 4899 3312 4969 antiqui
3367 4902 3626 4970 temporis

2046 4984 2376 5049 confutavit,
2426 4988 2997 5058 supplantatoremque
3028 4993 3228 5046 veteris
3259 4993 3428 5046 Adam
3459 5009 3626 5049 novus

2048 5075 2216 5130 Adam
2243 5076 2459 5145 repulit.
2489 5077 2533 5132 Ο
2563 5078 2681 5133 laus
2705 5094 2895 5149 magna
2924 5080 3158 5146 deserti,
3185 5091 3239 5135 ut
3266 5083 3511 5139 diabolus
3537 5086 3626 5153 qui

2047 5170 2250 5224 vicerat
2278 5171 2328 5223 in
2354 5173 2621 5240 paradiso,
2651 5173 2705 5227 in
2732 5189 2918 5228 eremo
2939 5177 3269 5230 vinceretur!

2118 5261 2207 5315 24.
2244 5262 2499 5317 Desertus
2529 5265 2689 5318 etiam
2716 5264 2866 5319 locus
2898 5265 2986 5320 ille
3016 5277 3129 5320 erat
3162 5267 3214 5319 in
3257 5280 3362 5335 quo
3384 5266 3627 5321 Salvator

2049 5362 2234 5409 noster
2272 5353 2510 5424 quinque
2557 5357 2798 5411 virorum
2830 5357 2997 5411 millia
3043 5357 3266 5427 panibus
3309 5357 3546 5427 quinque
3576 5367 3629 5414 ct

2049 5448 2282 5516 piscibus
2340 5459 2547 5502 tantum
2597 5450 2808 5503 duobus
2860 5451 3043 5516 pavit,
3095 5449 3348 5516 satiavit,
3396 5449 3629 5518 explevit

2049 5541 2241 5608 (Marc.
2293 5542 2431 5611 vui).
2480 5541 2706 5610 Semper
2749 5543 2801 5596 in
2846 5541 3100 5609 deserto,
3135 5555 3270 5610 pane
3310 5541 3470 5597 Jesus
3503 5558 3629 5598 suos

2047 5635 2240 5702 pascit.
2281 5633 2403 5688 Suis
2432 5634 2740 5702 prmtulerat
2781 5632 2909 5687 olim
2941 5648 3135 5686 manna
3181 5633 3346 5688 divini
3393 5635 3630 5690 muneris

2049 5731 2230 5798 fidem,
2275 5747 2417 5785 nunc.
2449 5729 2707 5800 fragmina
2737 5728 3039 5783 retulerunt
3076 5746 3090 5782 :
3141 5729 3438 5799 eodemque
3469 5731 3629 5785 mira-

2047 5825 2170 5882 culo
2221 5826 2394 5881 victus
2449 5833 2502 5880 ut
2536 5833 2660 5878 tunc
2700 5821 3066 5880 esurientibus
3095 5821 3333 5885 decidit.
3378 5823 3448 5879 ita
3491 5837 3632 5884 nunc
