4018 6338
435 284 536 347 707

1405 278 1466 340 S.
1505 271 1837 346 meum
1870 269 2185 336 EPISGOPI
2217 269 2701 335 LUGDUNENSIS

3591 276 3714 337 708

433 399 771 458 reticentibus
791 393 1226 458 crevit.'Cunctis
1252 397 1408 455 dono
1427 411 1527 454 suo
1554 396 1732 466 epulae
1760 388 2094 468 auctiori-‘A
2117 386 2242 444 dam
2265 432 2284 459 ,
2334 388 2431 446 sed
2455 396 2512 446 et
2539 404 2680 444 nunc
2703 387 2832 457 alit;
2859 394 2919 446 et
2951 387 3076 446 illos
3111 388 3674 461 ,quadreginta‘snnis
3691 434 3711 463 ,

434 491 532 548 bus
561 492 790 561 majores
824 493 1034 546 fuerunt
1065 488 1220 554 cibis,
1255 503 1416 556 quam
1445 485 1660 543 fuerant
1691 485 1852 540 illatae
1876 497 2025 544 con-,

435 587 607 641 viviis.
645 584 904 650 Descrtis,
937 583 1182 649 inquam,
1215 565 1444 634 desertis
1468 587 1738 633 tantorum
1769 591 1912 632 nunc
1941 574 2017 632 si-

433 693 660 748 gnorum
707 689 895 728 causas
920 672 1108 727 demus
1127 712 1140 734 ,
1168 686 1270 728 nec
1300 670 1470 725 virtus
1500 669 1802 743 potentiam
1833 666 2018 723 decla-

433 777 605 824 rasset
632 767 674 821 si
707 765 978 819 habuisset
1007 765 1155 819 locus
1184 764 1416 834 capiam.

503 859 590 913 25.
648 860 714 914 Et
760 868 888 914 tunc
943 859 1198 912 Dominus
1248 857 1404 912 Jesus
1449 855 1516 912 ad
1565 853 1762 911 excelsi
1814 851 2018 908 montis

436 945 724 1009 remotiora
751 953 995 1020 secessit,
1022 966 1142 1006 cum
1179 951 1346 1006 tribus
1375 958 1581 1004 tantum
1618 947 1720 1003 sibi
1761 943 2018 1014 adhibitis

437 1045 620 1100 electis
649 1044 864 1098 insolita
886 1044 1127 1099 claritate
1157 1044 1335 1099 vultus
1364 1043 1601 1108 effulsit;
1628 1041 1720 1111 qui
1762 1053 1886 1094 cum
1929 1051 2019 1092 as-

436 1147 701 1208 sumptum
721 1139 895 1208 palam
924 1138 1194 1194 hominem
1219 1137 1518 1208 praeferret,
1547 1133 1882 1190 declaranda:
1904 1145 2018 1186 ma-

436 1230 641 1302 jesratis
661 1230 914 1285 indicium
929 1231 1153 1285 secretis
1169 1229 1419 1285 credidit.
1446 1227 1520 1284 lbi
1545 1238 1668 1282 tunc
1686 1226 1776 1282 ille
1802 1233 2020 1295 aposto-

436 1321 608 1376 lorum
640 1323 902 1378 maximus
934 1339 948 1374 :
978 1321 1181 1376 Bonum
1211 1331 1317 1376 erat
1339 1362 1354 1386 ,
1384 1321 1596 1390 inquit,
1644 1335 1738 1373 nos
1786 1317 1871 1372 hic
1914 1333 2021 1371 esse

440 1407 619 1482 (Matt.
648 1429 788 1481 xvn,
828 1415 884 1483 4)
914 1429 929 1480 ;
977 1414 1232 1467 adamans
1261 1412 1471 1467 scilicet
1491 1409 1916 1481 magnitudinem
1947 1407 2022 1463 si-

437 1507 548 1576 gni,
581 1507 632 1560 in
660 1508 960 1562 remotione
992 1505 1216 1561 deserti.

510 1597 602 1653 26.
631 1598 773 1653 Idem
820 1613 1031 1668 quoque
1061 1596 1318 1651 Dominus
1347 1595 1504 1651 Jesus
1533 1595 1614 1666 (ut
1644 1592 1920 1663 scribitur)
1967 1593 2018 1647 in

439 1691 712 1745 desertum
764 1691 938 1744 locum
993 1690 1141 1756 ibat,
1192 1688 1372 1759 ibique
1395 1689 1585 1742 orabat
1620 1687 1774 1762 (Luc.
1807 1701 1859 1752 v,
1895 1682 2021 1753 16)?

2117 479 2218 537 bos
2247 497 2376 538 vero
2406 497 2682 552 quousque
2713 481 2836 537 anni
2877 491 3052 537 erunt.

2185 574 2274 632 50.
2306 574 2498 629 Merito
2529 576 2667 630 hanc
2697 575 2927 632 Sanctus
2955 574 3144 628 divino
3193 574 3320 642 igne
3359 591 3668 634 succensus
3694 618 3713 644 .

2114 666 2304 723 relicta
2334 666 2466 722 sede
2518 667 2753 737 propria,
2801 666 2990 722 sedem
3022 666 3205 736 legat:
3250 669 3444 723 merito
3481 672 3714 740 propin-

2115 758 2260 828 quis,
2286 759 2411 813 tiliis
2433 743 2855 828 parentibusque
2882 768 3191 827 praeponat,
3216 774 3551 830 suorumque
3579 776 3709 817 om-

2115 852 2265 906 nium
2288 852 2621 907 commercio
2651 862 2816 907 emat.
2847 850 3040 924 Merito
3074 851 3189 906 haec
3227 852 3519 920 genitalem
3547 853 3714 910 dese-

2115 942 2362 999 rentibus
2387 943 2620 1013 patriam
2640 942 2989 1020 temporaria:
3012 944 3197 1012 patriae
3214 958 3411 998 nomen
3434 944 3709 1014 obtineat,

2116 1051 2148 1093 a
2176 1052 2279 1108 qua
2312 1051 2420 1090 non
2452 1047 2652 1102 metus,
2685 1051 2794 1091 non
2822 1035 3155 1091 desiderium
3176 1074 3191 1102 ,
3237 1051 3346 1090 non
3400 1036 3665 1105 gaudium
3689 1077 3707 1104 ,

2117 1144 2225 1185 non
2251 1144 2459 1188 maeror
2489 1138 2728 1184 revocet.
2758 1128 2954 1186 Merito
2983 1128 3142 1198 plane
3167 1129 3548 1184 universorum
3569 1127 3710 1184 affe-

2116 1229 2299 1276 ctuum
2332 1221 2449 1274 sola
2477 1220 2547 1275 sit
2587 1220 2839 1290 pretium.

2190 1314 2280 1370 51.
2320 1313 2454 1380 Ouis
2484 1314 2628 1368 enim
2657 1328 2981 1370 enumerare
3027 1313 3290 1368 beneficia
3337 1314 3510 1368 eremi
3538 1313 3710 1384 digne

2119 1414 2302 1477 queat,
2337 1405 2665 1476 virtutisque
2713 1405 3002 1460 commoda
3035 1405 3396 1461 habitantium
3428 1406 3479 1462 in
3509 1407 3617 1461 ea?
3651 1407 3710 1461 In

2120 1499 2326 1554 mundo
2373 1499 2561 1568 positi,
2596 1498 2830 1568 quodam
2860 1499 3021 1554 modo
3061 1507 3216 1553 extra
3262 1499 3526 1554 mundum
3554 1515 3712 1555 rece-

2119 1594 2275 1662 dunt,
2301 1595 2352 1647 in
2385 1592 2753 1648 solitudinibus
2785 1593 2868 1665 (ut
2890 1593 2968 1646 ait
3011 1593 3332 1664 Apostolus)
3374 1604 3624 1660 errantes,
3655 1595 3711 1647 in

2123 1688 2379 1742 montibus
2404 1728 2420 1753 ,
2451 1696 2497 1741 et
2523 1686 2809 1758 speluncis,
2861 1696 2907 1740 et
2959 1687 3009 1739 in
3057 1688 3285 1742 cavernis
3329 1698 3476 1742 terra:
3503 1687 3709 1759 (Hebr.

438 1784 613 1840 Locus
639 1799 769 1854 ergo
797 1782 888 1838 ille
932 1784 1041 1854 jam
1093 1793 1317 1837 vocetur
1345 1780 1606 1836 orationis
1633 1780 1816 1846 locus,
1859 1793 2017 1849 quem
2050 1770 2096 1830 B
2124 1795 2214 1848 ιι,
2248 1779 2358 1848 58).
2413 1777 2524 1833 Nec
2578 1777 2852 1832 immerito
2892 1777 3119 1847 dignum
3171 1779 3365 1832 talibus
3407 1779 3712 1847 Apostolus

439 1876 713 1932 exorando
742 1875 908 1930 Deum
927 1918 941 1940 ,
967 1876 1214 1930 idoneum
1249 1876 1386 1928 Deus
1416 1883 1602 1927 auctor
1631 1872 1888 1938 oatendit,
1917 1870 2015 1924 do-

441 1968 659 2038 cuitque
715 1967 856 2023 unde
906 1966 1110 2021 facilius
1165 1965 1333 2020 nubes
1362 1963 1692 2019 bumiliantis
1737 1978 1797 2018 se
1847 1962 2018 2018 oratio

440 2067 768 2128 penetraret,
793 2058 972 2127 adjuta
999 2058 1140 2124 loco,
1161 2061 1285 2127 quia
1308 2057 1567 2111 honorata
1591 2065 1801 2111 secreto
1826 2072 1839 2108 :
1860 2066 2020 2126 atque

438 2151 556 2220 ipse
583 2151 690 2205 illic
715 2151 918 2204 orando
940 2165 1061 2204 cum
1089 2158 1318 2220 peteret,
1341 2149 1734 2205 demonstravit
1755 2148 1847 2203 ubi
1866 2163 2021 2203 orare

437 2255 536 2296 nos
556 2241 736 2310 vellet,
762 2257 880 2296 cum
911 2249 1208 2310 peteretur.

507 2333 596 2388 27.
626 2335 763 2402 Quid
792 2350 937 2390 nunc
966 2349 1095 2402 ergo
1124 2334 1384 2389 Joannem
1403 2373 1420 2398 ,
1447 2332 1843 2402 Macariumque
1872 2346 2022 2388 com-

439 2443 757 2494 memorem,
786 2427 1029 2497 aliosque
1051 2426 1355 2496 complures
1379 2467 1394 2492 ,
1422 2441 1651 2496 quorum
1681 2425 2022 2480 conversatio

441 2523 566 2578 dum
612 2523 665 2577 in
719 2521 949 2578 desertis
980 2531 1083 2586 est,
1113 2521 1166 2576 in
1195 2521 1354 2578 ctelis
1379 2519 1522 2576 faeta
1551 2519 1669 2576 est?
1714 2520 2020 2590 Appmpin-

440 2621 741 2682 quaverunt
783 2615 862 2669 illi
911 2624 1117 2669 tantum
1163 2613 1392 2670 Domino
1429 2624 1686 2684 quantum
1730 2611 2024 2682 appropin-

439 2723 606 2780 quare
653 2708 764 2763 Deo
809 2709 1076 2763 hominem
1105 2707 1187 2762 fas
1219 2707 1464 2773 sinebat,
1507 2705 1838 2776 admissique
1896 2713 2022 2760 sunt

439 2803 493 2857 in
523 2803 827 2858 divinarum
872 2817 1035 2873 Opera
1080 2817 1258 2856 rerum
1301 2809 1560 2872 quantum
1599 2815 1764 2856 carne
1793 2798 2022 2854 circum-

439 2896 593 2952 datos
619 2897 816 2954 licebat
844 2897 1076 2951 admitti.
1105 2895 1294 2952 Fixam
1317 2895 1372 2951 in
1398 2909 1631 2966 superna
1655 2903 1887 2950 mentem
1911 2907 2020 2948 cte-

439 2987 661 3042 lestibus
687 2988 1031 3042 inseruerunt
1047 2987 1293 3056 secretis,
1315 2985 1403 3042 hic
1428 2987 1776 3042 comitantem
1796 2987 2020 3056 gratiam

440 3089 532 3135 aut
585 3080 1001 3135 revelationibus
1052 3082 1258 3148 tacitis,
1313 3089 1404 3135 aut
1457 3079 1814 3136 clamantibus
1853 3079 2020 3149 signis

441 3161 818 3245 protulerunt,
850 3183 905 3229 et
941 3173 1268 3245 suffragante
1291 3183 1504 3230 secreto
1529 3189 1699 3245 usque
1728 3174 1781 3228 in
1810 3173 1860 3228 id
1899 3188 2024 3242 pro-

441 3265 583 3321 vecti
610 3277 765 3336 sunt,
813 3275 873 3320 ut
901 3277 1098 3321 terram
1131 3276 1257 3321 tunc
1292 3265 1511 3336 quidem
1541 3280 1769 3334 corpore
1814 3265 2025 3320 contin-

441 3371 663 3430 gerent,
694 3359 887 3415 coelum
913 3374 1041 3414 vero
1066 3359 1257 3430 spiritu
1282 3358 1392 3428 jam
1424 3357 1784 3428 possiderent.

510 3453 604 3508 28.
631 3452 742 3507 lloc
779 3453 940 3522 igitur
965 3452 1132 3507 eremi
1166 3450 1528 3506 habitaculum
1576 3450 1753 3504 dicam
1784 3464 1889 3504 non
1921 3449 2024 3504 im-

442 3546 638 3601 merito
670 3545 957 3616 quamdam
985 3543 1111 3600 fidei
1137 3544 1320 3600 sedem
1338 3586 1354 3612 ,
1380 3542 1594 3598 virtutis
1621 3557 1821 3609 arcam,
1849 3541 2024 3597 chari-

444 3639 570 3692 tatis
598 3638 915 3705 sacrarium,
949 3639 1163 3708 pietatis
1207 3637 1555 3705 thesaurum,
1589 3636 1814 3706 juSIitia:
1845 3649 2027 3706 prom-

443 3734 733 3802 ptuarium.
764 3730 896 3786 Nam
927 3734 1068 3786 sicut
1107 3731 1162 3785 in
1195 3745 1388 3802 magna
1415 3731 1576 3786 domo
1608 3730 1842 3800 pretiosa
1872 3743 2022 3798 qua:-

443 3841 549 3896 que
578 3825 822 3878 claustris
852 3824 1134 3892 obsignata
1160 3824 1212 3878 in
1243 3823 1466 3878 remotis
1498 3821 1785 3887 habentur,
1812 3819 1886 3874 ita
1913 3835 2030 3874 ma-

443 3919 749 3990 gnificentia
803 3919 889 3974 illa
928 3927 1239 3974 sanctorum
1269 3919 1573 3973 abditorum
1611 3931 1798 3972 eremo
1819 3957 1834 3983 ,
1863 3931 2023 3986 quam

447 4009 853 4065 difficultatibus
885 4011 996 4065 suis
1028 4020 1216 4065 natura
1236 4009 1540 4076 obseravit,
1571 4007 1858 4077 deponitur
1884 4005 2026 4060 intra

445 4102 712 4174 quoddam
741 4103 998 4157 conclave
1024 4102 1222 4158 deserti
1245 4143 1260 4168 ,
1293 4116 1359 4156 ne
1384 4099 1812 4156 conversationis
1837 4098 2028 4152 buma-

443 4211 528 4252 nte
576 4211 674 4250 usu
727 4197 1016 4252 abolescet.
1062 4198 1309 4266 Aptequo
1357 4210 1386 4250 a
1419 4195 1602 4249 mundi
1654 4193 1880 4248 Domino
1910 4193 2027 4247 hzec

442 4289 676 4359 pretiosa
703 4290 1005 4345 divitiarum
1027 4289 1294 4357 supellex,
1321 4293 1375 4343 in
1402 4289 1492 4344 illa
1516 4288 1804 4343 mundana:
1834 4288 2026 4346 domus

441 4391 596 4454 parte
627 4398 733 4436 non
772 4383 942 4437 solum
970 4382 1239 4446 conditur,
1290 4398 1478 4438 verum
1505 4384 1703 4450 etiam,
1733 4396 1854 4436 cum
1898 4396 2026 4436 usus

444 4482 548 4541 est,
582 4491 648 4528 ex
678 4476 968 4532 reconditis
1000 4477 1284 4544 promitur.

513 4567 605 4622 29.
637 4565 758 4620 Fuit
781 4566 906 4620 olim
933 4582 1057 4636 erga
1088 4582 1324 4622 cremum
1351 4581 1479 4621 cura
1506 4566 1700 4621 divina:
1730 4565 2024 4621 Providen~
2049 4534 2104 4598 Β

447 4660 535 4718 tia:
581 4673 787 4712 summa
813 4667 866 4712 et
896 4659 1132 4714 maxima
1153 4698 1168 4723 ,
1209 4659 1304 4713 sed
1335 4674 1401 4712 ne
1432 4673 1573 4713 nunc
1608 4657 1823 4728 quidem
1862 4671 2023 4726 parva

446 4761 550 4806 est.
579 4750 711 4804 Nam
737 4758 791 4804 et
831 4765 971 4804 nunc
991 4765 1113 4804 cum
1138 4750 1316 4826 eremi
1347 4750 1536 4805 incolis
1564 4750 1738 4804 victus
1768 4748 2024 4804 divinitus

444 4845 716 4911 insperata
766 4841 1078 4910 supervenit
1124 4843 1400 4911 largitate,
1443 4841 1569 4910 quid
1615 4842 1762 4897 aliud
1792 4857 1952 4910 quam
1991 4855 2024 4896 θ

442 4935 579 4989 caelo
620 4934 798 5003 lapsus
848 4932 1072 4988 deﬂuit?
1112 4932 1320 4988 Habent
1359 4944 1410 4988 et
1449 4935 1535 4988 isti
1564 4935 1616 4989 in
1667 4937 1766 4990 hac
1811 4935 2026 4990 munifi-

443 5028 619 5081 centia
652 5043 804 5081 suum
836 5041 1048 5091 manna,
1075 5042 1172 5082 nec
1200 5027 1376 5083 minus
1407 5028 1489 5083 his
1517 5027 1774 5101 Dominus
1818 5029 2021 5084 brachii

441 5124 523 5175 sui
565 5137 734 5192 opere
761 5130 972 5176 secreto
1007 5122 1315 5177 alimoniam
1365 5124 1569 5193 spargit
1612 5137 1678 5178 ex
1705 5123 1907 5177 abdito.
1954 5121 2025 5176 Et

441 5230 563 5269 cum
605 5215 842 5270 silicibus
883 5213 1139 5286 perfossis
1188 5216 1405 5270 tandem
1447 5216 1632 5271 divino
1673 5231 1896 5270 munere
1936 5229 2023 5269 re-

445 5309 776 5380 spondentes
807 5324 837 5364 e
865 5309 1008 5365 saxis
1036 5325 1187 5381 aqua:
1217 5312 1510 5380 proﬂuunt,
1538 5311 1662 5382 quid
1688 5309 1830 5364 aliud
1860 5325 2020 5379 quam

441 5406 591 5460 velut
631 5405 802 5477 Moysi
849 5403 1012 5475 virga:
1061 5405 1171 5461 ictu
1225 5419 1475 5475 percussa
1521 5417 1655 5473 rupe
1700 5403 2022 5473 emergunt?

444 5493 897 5554 Vestnnentorum
920 5495 1146 5568 perinde
1174 5497 1386 5551 habitus
1411 5496 1464 5550 in
1481 5497 1649 5551 eremi
1667 5498 1915 5552 vastitate
1929 5496 2025 5551 de-

441 5591 715 5662 gentibus,
740 5607 884 5646 nunc
904 5606 1115 5660 quoque
1136 5606 1263 5645 ecce
1293 5604 1399 5644 non
1430 5588 1631 5657 deﬂcit,
1667 5589 1759 5658 qui
1785 5589 1910 5644 dum
1935 5589 2026 5660 ju-

443 5690 583 5760 giter
605 5687 838 5757 gratuito
859 5685 1038 5742 divina
1064 5684 1372 5753 provisione
1396 5683 1635 5738 succedit
1652 5737 1665 5752 ,
1692 5683 1876 5750 utique
1904 5696 2026 5737 suc-

442 5780 684 5839 cedendo
710 5787 910 5836 manet.
931 5777 1082 5835 Aluit
1105 5777 1359 5835 Dominus
1375 5779 1431 5835 itt
1458 5778 1672 5835 deserto
1697 5789 1827 5834 suos
1848 5790 2016 5844 quon-

2122 1884 2282 1944 negat
2309 1887 2430 1928 esse
2457 1870 2748 1937 mundum,
2781 1871 2874 1940 qui
2899 1870 3065 1925 alieni
3108 1880 3238 1926 sunt
3282 1871 3350 1926 ab
3397 1871 3494 1926 illo
3519 1871 3711 1941 reipu-

2125 1967 2278 2021 blicae
2309 1965 2560 2019 humanae
2611 1965 2872 2032 tumultu,
2926 1964 3171 2034 sepositi,
3203 1965 3391 2034 quieti,
3443 1965 3713 2030 silentes;

2123 2072 2225 2112 nec
2252 2057 2427 2127 magis
2473 2055 2673 2112 absunt
2702 2071 2736 2112 a
2766 2055 3049 2112 voluntate
3081 2057 3342 2126 peccandi
3383 2071 3548 2127 quam
3573 2072 3607 2112 ι
3631 2056 3715 2114 fa-

2122 2151 2266 2206 culta
2277 2159 2349 2205 te.

2198 2245 2288 2300 32.
2319 2242 2465 2298 Clari
2511 2243 2654 2313 apud
2678 2251 2895 2298 veteres
2921 2243 3109 2299 saeculi
3138 2242 3302 2312 hujus
3327 2243 3429 2300 viri
3447 2283 3464 2306 .
3509 2242 3715 2300 defati-

2123 2338 2232 2407 gati
2267 2336 2550 2391 laboribus
2576 2337 2920 2405 negotiorum
2943 2351 3192 2402 suorum,
3225 2339 3278 2392 in
3305 2336 3714 2406 philosophiam

2123 2443 2186 2484 se
2223 2437 2504 2498 tamquam
2539 2429 2592 2482 in
2631 2426 2850 2483 domum
2893 2444 3047 2484 suam
3091 2428 3453 2498 recipiebant.
3501 2431 3715 2498 Quanto

2125 2522 2409 2593 pulchrius
2437 2521 2503 2577 ad
2534 2521 2648 2577 hare
2697 2522 3161 2578 manifestissimae.
3205 2524 3496 2594 sapientia:
3534 2526 3714 2583 studia

2125 2614 2425 2686 divertuut,
2460 2615 3006 2687 magnificentiusque
3046 2617 3114 2672 ad
3166 2618 3524 2675 solitudinum
3551 2620 3718 2678 liber-

2127 2716 2296 2763 tatem
2325 2716 2381 2762 et
2408 2707 2752 2766 desertorum
2793 2718 3008 2765 secreta
3055 2710 3351 2776 secedunt,
3382 2720 3442 2766 ut
3467 2711 3715 2782 philoso-

2123 2802 2266 2874 phiae
2297 2810 2507 2858 tantum
2541 2786 2818 2871 vacantes,
2845 2804 2900 2858 in
2932 2803 3084 2860 illius
3115 2804 3714 2864 eremideambulacris

2128 2894 2311 2968 [Vulg.
2345 2893 2643 2966 vastitate],
2669 2905 2942 2964 tamquam
2975 2895 3030 2951 in
3064 2898 3176 2951 suis
3202 2898 3524 2967 gymnasiis,
3551 2914 3717 2955 exer-

2126 2989 2532 3056 ceantur?Ubi,
2549 3004 2756 3061 quaeso,
2774 2990 3024 3060 liberius,
3053 3005 3215 3061 quam
3247 2992 3304 3046 in
3329 2991 3537 3064 deserti
3564 2992 3716 3050 babi-

2127 3083 2331 3136 tatione
2348 3092 2597 3136 servetur
2613 3080 2863 3138 Pascha?
2889 3081 2999 3138 Sed
3028 3084 3321 3138 virtutibus
3343 3093 3399 3139 et
3427 3087 3714 3140 continea-

2127 3177 2231 3230 tia:
2265 3175 2624 3241 continentia,
2650 3176 2893 3245 inquam,
2915 3191 3038 3246 quae
3060 3176 3330 3232 velutalia
3353 3176 3604 3247 quaedam
3631 3186 3716 3234 est

2126 3270 2308 3324 cordis
2346 3285 2584 3325 eremus.
2613 3268 2750 3324 Nam
2781 3280 2838 3324 et
2885 3270 3105 3341 Moyses
3134 3271 3496 3343 quadraginta
3541 3275 3714 3328 conti-

2128 3375 2265 3414 nuos
2287 3374 2347 3414 se
2379 3360 2431 3414 in
2455 3374 2644 3416 eremo
2672 3358 2788 3415 dies
2811 3358 3013 3428 (Exod.
3039 3375 3192 3429 xxiv,
3225 3361 3340 3431 l8),
3379 3361 3714 3432 totidemque

2127 3461 2250 3524 post
2271 3467 2327 3506 se
2357 3452 2469 3507 illic
2515 3451 2666 3508 Elias
2696 3451 2788 3524 (Ill
2811 3452 3091 3523 Reg..xu,
3130 3453 3192 3523 8)
3215 3452 3430 3522 jejunio
3445 3452 3716 3510 deditzet

2127 3555 2358 3617 uterque
2391 3546 2468 3602 ibi
2492 3546 2728 3604 inediam
2760 3544 2902 3609 ultra
2929 3545 3152 3602 humani
3181 3544 3406 3602 etl’ectus
3437 3548 3582 3602 vires
3619 3562 3713 3604 ex-

2127 3639 2320 3696 tendit.
2356 3639 2560 3696 Deinde
2583 3650 2643 3697 et
2679 3638 2940 3698 Dominus
2965 3680 2981 3704 ,
3030 3639 3208 3707 idem,
3259 3639 3356 3695 sed
3401 3641 3456 3694 in
3495 3639 3712 3696 deserto

2129 3733 2477 3790 abstinentiae
2510 3743 2727 3802 tempus
2753 3732 2937 3803 exegit
2969 3730 3187 3804 (Matth.
3212 3748 3284 3796 tv,
3315 3730 3395 3800 2).
3428 3730 3541 3786 Nec
3578 3744 3714 3799 prae-

2128 3835 2278 3882 terea
2305 3841 2531 3895 usquam
2562 3824 2796 3896 legimus
2821 3826 2993 3894 spatia
3019 3823 3216 3880 eadem
3244 3831 3442 3878 exacta
3469 3822 3677 3892 jejunio
3689 3839 3707 3885 ,ε

2132 3927 2192 3974 ut
2217 3918 2513 3989 putandum
2541 3917 2633 3984 sit,
2661 3919 2896 3988 aliquem
2925 3917 3088 3972 tribui
3119 3932 3214 3986 per
3241 3915 3535 3971 Dominum
3581 3916 3708 3971 locis

2105 4011 2242 4072 illis
2269 4012 2432 4068 etiam
2460 4011 2724 4081 vigorem.

2200 4103 2290 4158 5'5.
2326 4101 2453 4168 Ubi,
2482 4117 2689 4171 qumso,
2715 4100 2890 4170 magis
2919 4116 3137 4167 vacare,
3169 4109 3224 4155 et
3260 4115 3424 4170 quam
3446 4099 3618 4156 dulcis
3641 4101 3706 4155 sit

2129 4195 2412 4262 Dominus,
2460 4193 2650 4250 videre
2677 4194 2979 4262 contingit?
3012 4194 3107 4249 Ubi
3153 4195 3462 4262 promptior
3492 4191 3559 4248 ad
3591 4208 3705 4261 per-

2129 4287 2418 4344 fectionem
2449 4286 2796 4353 tendentibus
2835 4288 2923 4342 via
2957 4287 3239 4356 panditur?
3283 4289 3384 4344 Ubi
3412 4291 3585 4358 major
3608 4289 3704 4342 vir-

2130 4381 2330 4436 tutibus
2379 4395 2603 4451 campus
2645 4381 2930 4451 aperitur?
2961 4379 3063 4435 Ubi
3116 4380 3332 4435 facilius
3385 4381 3585 4435 mentis
3609 4421 3623 4446 ,
3653 4390 3705 4434 ut

2132 4476 2300 4546 possit
2331 4475 2781 4545 circumspicere,
2813 4474 3099 4530 custodia?
3130 4473 3228 4529 Ubi
3262 4474 3484 4546 liberior
3512 4472 3703 4537 cordis,

2131 4580 2192 4625 ut
2220 4570 2332 4624 Deo
2359 4568 2635 4624 inhaerere
2651 4577 2851 4632 certet,
2886 4567 3139 4632 intentio,
3187 4583 3348 4636 quam
3391 4567 3504 4621 illis
3530 4569 3708 4636 utique

2129 4665 2382 4731 secretis,
2411 4664 2464 4718 in
2493 4663 2689 4734 quibus
2718 4663 2885 4717 Deum
2913 4676 3026 4716 non
3049 4662 3502 4717 soluminvenire
3531 4675 3709 4732 prom-

2131 4767 2277 4828 ptum
2307 4769 2409 4823 εει,
2438 4773 2628 4813 verum
2659 4755 2823 4812 etiam
2852 4755 3194 4811 custodire?

2199 4849 2290 4904 Si.
2325 4848 2389 4902 Et
2410 4849 2660 4918 quamvis
2690 4862 2838 4917 saepe
2861 4848 2916 4902 in
2946 4862 3142 4903 eremo
3187 4849 3366 4903 tenuis
3400 4847 3503 4902 soli
3537 4847 3708 4917 pulvis

2131 4950 2404 5005 occurrat,
2434 4954 2700 5009 nusquam
2730 4949 2910 4994 tamen
2943 4939 3152 4994 firmius
3195 4940 3537 5009 Evangelia:
3569 4939 3710 4993 illius

2131 5033 2328 5087 domus
2359 5031 2702 5086 fundamenta
2722 5030 2997 5100 iaciuntur
3015 5030 3232 5102 (Matth.
3268 5047 3361 5096 vn,
3384 5031 3502 5100 Ἡ).
3539 5030 3594 5084 In
3612 5029 3711 5085 illis

2130 5127 2256 5182 licet
2281 5126 2477 5196 aliquis
2508 5126 2816 5182 consistere
2845 5127 3027 5180 arenis
3069 5125 3238 5194 velit,
3273 5139 3613 5194 nequaquam
3638 5134 3713 5178 ta-

2130 5235 2254 5275 men
2283 5233 2449 5290 super
2477 5231 2673 5274 arenas
2716 5217 2937 5273 domum
2964 5218 3235 5272 construit
3259 5235 3272 5270 :
3307 5231 3572 5286 nusquam
3603 5229 3710 5270 me-

2129 5315 2210 5385 gis
2239 5327 2400 5384 quam
2431 5313 2545 5367 illic
2569 5325 2730 5381 supra
2761 5320 2970 5381 petram
3021 5311 3336 5380 praedictum
3381 5311 3510 5364 illud
3540 5309 3708 5365 adifi-

2129 5408 2272 5464 ciutn
2293 5406 2613 5471 collocatur,
2633 5403 2780 5475 quod
2801 5402 3064 5459 immobili
3082 5403 3380 5459 stabilitate
3402 5401 3706 5467 fundatum,

2126 5500 2451 5556 inconcussa
2481 5498 2623 5554 mole
2670 5496 2926 5553 durabit:
2959 5504 3016 5550 ut
3057 5503 3314 5566 tempore
3338 5494 3705 5564 ingruentium

2127 5593 2516 5665 procellarum,
2547 5605 2656 5646 non
2682 5589 2938 5646 ﬂantibus
2963 5589 3165 5656 ventis,
3188 5602 3294 5642 non
3317 5587 3579 5643 immissis
3601 5597 3710 5643 ter-

2128 5687 2379 5742 rentibus
2396 5683 2707 5740 subruetur.
2744 5681 2931 5746 Itaque
2976 5680 3308 5736 habitatores
3339 5678 3544 5736 delet-ti
3581 5679 3712 5735 talia

2126 5779 2233 5840 sibi
2248 5776 2503 5846 cdiﬂeia,
2528 5776 2628 5834 sed
2647 5775 2705 5832 in
2731 5774 2990 5832 cordibus
3010 5773 3308 5832 fabricant:
3334 5772 3420 5833 itii
3442 5773 3546 5845 qui
3565 5785 3726 5832 ινιτ
