4018 6338
208 257 298 320 709

1320 245 1654 309 EPISTOLA
1690 243 1783 305 DE
1814 241 2052 309 LAUDE
2090 245 2327 305 suam.

3338 254 3441 313 710

206 389 277 448 ω
301 372 419 429 imis
436 377 714 444 appetunt,
736 370 829 442 qui
857 366 1074 427 excelsa
1112 363 1424 423 humilitate
1454 371 1760 430 sectantur,
1787 361 1843 423 Δ
1866 360 2084 432 chorus,
2107 374 2159 422 et
2184 380 2283 436 per
2307 364 2453 423 illam
2473 365 2642 423 Iacob
2667 366 2867 422 scalam
2891 378 3013 425 com
3023 376 3284 434 meamet,
3312 387 3437 427 ere-

205 466 400 530 desides
421 473 585 536 atque
612 465 958 521 immemores
985 471 1352 531 terrenorum,
1389 459 1461 515 ob
1491 475 1640 531 spem
1666 473 1761 514 vo-

204 576 407 635 tumque
427 560 749 617 cmleSIium.
774 559 874 628 Qui
898 556 1318 631 abjiciunt,dum
1340 569 1499 626 egere
1527 553 1756 619 malunt,

204 656 437 721 divitias,
468 668 629 723 egere
658 652 947 715 festinant,
980 649 1109 703 dum
1147 662 1268 703 esse
1318 646 1511 701 divites
1555 658 1763 700 concuti

202 750 438 822 piscunt;
469 743 556 800 die
582 758 646 799 ac
676 749 834 798 nocte
861 741 1060 797 labore
1098 738 1404 810 vigiliisque
1446 736 1753 802 decertant,

201 852 251 899 ut
289 838 701 909 apprehendant
732 836 852 890 vitae
892 833 1033 889 illius
1066 832 1385 905 principium
1411 870 1425 897 ,
1469 829 1620 903 cujus
1650 844 1758 885 non

200 933 461 992 invenient
482 940 810 986 extremum.
843 925 934 981 Sic
962 935 1213 981 materno
1235 939 1447 980 eremus
1478 923 1600 977 sinu
1625 936 1760 977 con-

200 1028 318 1081 tinet
360 1021 483 1077 illos
525 1016 846 1075 teternitatis
886 1015 1189 1072 rectissime
1219 1028 1442 1083 avaros,
1475 1014 1612 1069 bene
1639 1027 1761 1082 pro-

200 1116 338 1186 digos
359 1112 639 1170 brevitatis
658 1128 672 1177 ;
688 1110 990 1166 incuriosos
1011 1107 1291 1178 praesentis
1308 1105 1567 1176 temporis
1581 1114 1761 1160 certos

200 1208 346 1267 futuri
388 1225 402 1263 :
444 1216 499 1263 et
528 1220 627 1277 per
656 1204 760 1260 hoc
802 1211 1165 1273 assequuntur
1201 1208 1257 1256 ut
1298 1200 1352 1256 in
1405 1214 1542 1273 quos
1583 1213 1759 1254 saecu-

198 1299 355 1357 lorum
390 1298 523 1353 fines
565 1295 947 1360 decurrerunt,
993 1290 1073 1346 his
1114 1290 1308 1346 saecula
1342 1289 1464 1346 sine
1490 1288 1597 1343 fine
1629 1303 1763 1343 con-

198 1394 409 1464 tingant.

257 1485 340 1541 55.
368 1482 602 1537 Fervent
626 1473 700 1536 ibi
718 1476 1037 1546 conscriptae
1062 1472 1339 1529 interioris
1359 1472 1597 1526 hominis
1612 1470 1759 1525 salu-

197 1578 353 1634 briter
377 1577 544 1644 leges,
571 1584 624 1628 et
644 1570 836 1626 aaterni
859 1568 1037 1623 saeculi
1060 1567 1182 1636 jura
1208 1564 1479 1620 subtilius.
1508 1562 1623 1618 Non
1646 1562 1763 1617 illic

197 1671 417 1727 humana
466 1666 752 1721 criminum
815 1661 1221 1726 facinorumque
1279 1658 1598 1726 praescripta
1654 1655 1760 1709 vim

1858 471 2006 512 mum
2037 458 2341 527 frequentia
2389 459 2585 515 abditae
2628 460 2953 518 visitationis
2980 462 3251 523 illustrant
3279 463 3435 533 (Gen.

1858 565 2045 615 xxvnt,
2076 549 2202 621 12);
2232 566 2297 606 ac
2330 567 2395 608 ne
2421 553 2475 608 in
2504 568 2699 607 vanum
2728 554 2952 624 vigilent
2991 555 3087 624 qui
3127 559 3439 613 custodiunt

1858 642 2156 709 civitatem,
2206 644 2526 713 peculiarius
2559 644 2782 701 Christo
2808 658 3213 716 pmpugnatore
3264 652 3440 705 muni-

1862 745 1968 803 tur,
1992 736 2082 807 qui
2116 746 2384 807 tamquam
2432 752 2704 794 murorum
2753 739 2993 809 objecta,
3027 742 3098 796 ita
3129 743 3298 797 eremi
3324 758 3438 797 am-

1860 830 1974 889 bitu
2022 831 2206 886 hostes
2247 842 2378 888 suos
2416 833 2722 899 submovet,
2752 843 2812 889 ut
2853 835 3103 905 adoptiva
3152 836 3261 890 Deo
3304 852 3440 907 gens

1859 936 2120 997 quantum
2151 926 2343 982 secreti
2393 927 2583 996 spatiis
2609 929 2852 995 exposita
2880 967 2895 993 ,
2943 934 3152 984 tantum
3196 928 3440 985 hostibus

1859 1018 1973 1075 suis
2020 1020 2198 1077 clausa
2239 1019 2329 1074 sit.
2363 1018 2421 1074 In
2449 1019 2541 1074 illo
2566 1034 2778 1089 quoque
2804 1021 3027 1076 meridie
3075 1038 3306 1091 sponsus
3352 1039 3439 1079 re-

1861 1113 2023 1168 cubat
2062 1130 2077 1167 :
2130 1113 2575 1181 habitatoresque
2604 1112 2823 1178 deserti,
2867 1115 3131 1169 charitate
3175 1118 3439 1172 vulnerati

1860 1206 2295 1273 contemplantur
2310 1220 2434 1260 eum
2452 1205 2735 1261 dicentes:
2766 1205 3065 1261 Invenimus
3093 1224 3240 1279 quem
3270 1210 3440 1283 diligit

1860 1298 2036 1352 anima
2058 1307 2268 1353 nostra:
2292 1296 2575 1355 tenebimus
2598 1314 2717 1355 eum
2736 1309 2783 1355 et
2804 1316 2907 1355 non
2924 1300 3235 1355 dimittantur
3261 1301 3437 1373 (Cant.

1861 1405 1943 1458 ιιι,
1974 1390 2052 1461 4).

1933 1483 2023 1539 59.
2077 1481 2194 1537 Non
2234 1491 2319 1539 est
2362 1481 2755 1540 infructuosum
2786 1483 2866 1552 (ut
2904 1484 3189 1555 creditur),
3220 1500 3325 1539 non
3358 1495 3442 1542 est

1864 1572 1998 1628 illud
2028 1574 2213 1629 sterile
2236 1573 2404 1630 eremi
2426 1575 2625 1637 solum,
2655 1590 2755 1629 nec
2780 1573 3062 1630 infecunda
3090 1576 3289 1630 arentis
3314 1592 3442 1631 saxa

1866 1665 2087 1721 deserti.
2131 1665 2245 1720 Illic
2274 1665 2555 1734 multiplex
2603 1680 2850 1735 germen,
2880 1676 2935 1721 et
2961 1677 3217 1721 centenos
3260 1668 3439 1723 accola

196 1778 331 1822 suam
358 1768 635 1829 resonant,
668 1771 767 1812 nec
790 1770 849 1810 se
872 1752 1081 1809 ultricia
1105 1750 1413 1821 capitalium
1437 1750 1757 1803 delictorum

1872 1756 2074 1813 fructus
2096 1757 2363 1813 recondit.
2388 1757 2505 1812 Non
2545 1756 2702 1812 facile
2744 1756 2853 1813 illic
2878 1759 3021 1827 jacta
3051 1760 3257 1814 semina
3286 1774 3443 1815 secus

194 1857 296 1928 jura
321 1860 575 1909 exerunt.
614 1848 722 1904 Cor
772 1845 875 1902 nisi
924 1844 1270 1914 purissimum
1321 1840 1583 1910 indigenae
1616 1842 1759 1909 leges

196 1949 386 2004 faciunt
412 1960 595 2010 reum;
625 1952 785 2011 atque
815 1940 929 2010 ipse
952 1938 1097 1993 omni
1125 1935 1325 1999 studio,
1358 1935 1551 1989 mentis
1582 1944 1761 1987 motus

196 2039 431 2103 interior,
467 2038 608 2091 intra
634 2032 860 2104 justitite
903 2030 1162 2085 terminos
1197 2035 1511 2082 coercetur:
1541 2025 1758 2081 eodem-

194 2147 286 2205 que
320 2146 385 2187 se
419 2129 602 2198 judice
649 2126 735 2182 vel
788 2124 988 2181 levium
1048 2122 1440 2192 cogitationum
1498 2117 1758 2189 principia

198 2225 512 2293 plectuntur.
542 2218 699 2290 Apud
727 2217 861 2272 alios
916 2215 1113 2271 malum
1160 2214 1230 2267 sit
1276 2212 1474 2267 malum
1529 2209 1759 2277 fecisse,

194 2317 321 2388 apud
347 2316 452 2370 hos
482 2328 609 2369 vero
642 2313 837 2367 malum
865 2320 948 2365 est
972 2309 1170 2363 bonum
1200 2322 1307 2361 non
1340 2305 1553 2361 fecisse.

255 2409 336 2464 56.
394 2408 499 2464 Sed
530 2406 798 2479 quomodo
846 2421 946 2474 ego
995 2404 1193 2475 possim
1246 2400 1764 2456 commemoratione

192 2499 336 2573 digna
367 2501 626 2556 interiora
654 2497 825 2554 eremi
863 2498 1107 2551 instituta
1140 2492 1428 2548 venerari?
1460 2491 1610 2545 Nunc
1632 2506 1764 2545 vero

195 2594 313 2649 illud
346 2593 544 2648 tacitus
576 2590 853 2662 praeterire
890 2604 995 2643 non
1028 2600 1247 2658 possum
1294 2583 1437 2654 quod
1470 2584 1523 2638 in
1557 2583 1766 2636 habita-

195 2686 395 2742 toribus
421 2685 537 2754 ejus
558 2684 637 2738 vis
666 2683 751 2737 illa
781 2682 996 2736 virtutis
1017 2695 1176 2750 quam
1198 2678 1509 2731 abscondita
1533 2675 1759 2740 cunctis,

193 2791 321 2846 pene
362 2787 473 2830 tam
506 2785 627 2830 nota
659 2782 759 2829 est.
812 2773 946 2828 Nam
993 2787 1113 2826 cum
1163 2786 1222 2825 se
1269 2773 1451 2837 utique
1480 2769 1530 2821 in
1560 2776 1764 2822 remota

193 2868 433 2939 abigunt,
467 2867 747 2932 mundum,
782 2865 1176 2933 humanumque
1226 2860 1557 2916 consortium
1610 2873 1766 2927 repu-

194 2961 423 3025 dientes,
454 2961 625 3015 occuli
656 2959 869 3029 quidem
897 2957 1157 3028 gestiunt,
1193 2950 1440 3008 meritum
1470 2958 1647 3005 tamen
1677 2964 1765 3003 oc-

192 3053 370 3109 culere
425 3067 528 3106 non
560 3059 802 3121 possunt.
859 3049 1125 3116 Quantum
1172 3060 1230 3100 se
1275 3058 1465 3099 eorum
1500 3040 1767 3096 introrsus

194 3147 293 3216 agit
340 3146 483 3210 vita,
536 3116 742 3197 tantum
774 3155 833 3197 se
864 3138 1004 3195 foras
1036 3138 1260 3208 proripit
1302 3137 1503 3206 gloria;
1548 3134 1655 3189 Deo
1688 3134 1767 3205 (ut
1792 3116 1836 3179 Ο

193 3238 451 3307 arbitror)
496 3238 564 3291 ita
597 3238 736 3290 inter
765 3245 1051 3304 utrumque
1100 3232 1448 3295 moderante,
1499 3239 1557 3283 ιιι
1597 3229 1767 3283 incola

195 3332 355 3386 eremi
411 3345 525 3384 suae
573 3328 737 3382 lateat
786 3327 1004 3394 saeculo,
1053 3334 1107 3380 et
1161 3340 1263 3378 non
1309 3324 1471 3377 lateat
1499 3320 1767 3390 exemplo.

196 3422 317 3477 Haec
344 3423 568 3476 lucerna
596 3429 700 3484 est,
728 3435 845 3489 qua:
877 3419 1183 3472 universum
1220 3412 1529 3484 reSplendet
1558 3413 1770 3478 orbem,

194 3529 350 3581 supra
396 3514 566 3567 eremi
616 3509 998 3565 candelabrum
1046 3511 1259 3563 locata:
1307 3508 1431 3562 hinc
1457 3523 1515 3562 se
1545 3505 1775 3576 flagran-

198 3605 464 3659 tissimum
489 3605 668 3659 lumen
696 3619 791 3672 per
815 3603 1095 3656 tenebrosa
1119 3601 1300 3654 mundi
1328 3601 1563 3654 membra
1581 3597 1775 3652 diffun-

196 3699 287 3753 dit.
323 3700 457 3754 llaec
482 3706 566 3753 est
588 3698 782 3753 civitas
813 3712 933 3767 quae
962 3695 1214 3749 abscondi
1244 3710 1347 3749 non
1392 3703 1567 3762 potest
1593 3693 1645 3747 in
1675 3693 1773 3747 de-

195 3792 319 3845 serti
349 3803 537 3844 monte
562 3796 901 3851 constructa,
944 3803 1064 3855 quae
1104 3788 1332 3855 imagine
1358 3802 1452 3840 sua
1496 3787 1774 3841 caelestem

194 3880 501 3937 Jerusalem
543 3879 703 3935 terris
732 3879 896 3933 dedit.
950 3879 1181 3933 Proinde
1211 3878 1254 3932 si
1283 3878 1399 3948 quis
1441 3880 1492 3933 in
1538 3878 1778 3934 tenebris

196 3982 292 4039 est,
323 3974 459 4027 huic
479 3972 663 4026 lumini
695 3972 1108 4040 appropinquet,
1141 3979 1195 4024 ut
1225 3971 1426 4023 videat:
1453 3970 1496 4023 si
1527 3969 1645 4039 quis
1669 3969 1775 4025 dis-

191 4068 412 4121 crimini
446 4078 608 4135 patet,
639 4066 702 4119 ad
730 4066 865 4119 hanc
888 4066 1158 4119 civitatem
1185 4065 1400 4128 tendat,
1432 4076 1486 4118 ut
1511 4075 1656 4120 tutus
1683 4068 1773 4120 sit.

261 4159 351 4213 57.
389 4157 443 4213 Ο
474 4174 629 4225 quam
649 4155 899 4225 iocunda:
925 4167 1046 4211 sunt
1069 4155 1375 4210 sitientibus
1400 4156 1587 4223 Deum,
1613 4157 1776 4211 etiam

189 4249 363 4305 devia:
395 4250 507 4303 illis
538 4249 761 4302 saltibus
808 4250 1151 4302 solitudines!
1201 4264 1359 4315 quam
1401 4262 1611 4301 alumna
1653 4256 1779 4300 sunt

190 4343 567 4415 quaerentibus
595 4343 867 4397 Christum
900 4343 989 4395 illa
1022 4350 1250 4407 secreta,
1296 4357 1413 4411 quae
1462 4341 1619 4411 longe
1646 4339 1778 4395 late-

187 4452 291 4507 que
325 4446 530 4491 natura
555 4436 853 4490 excubante
883 4445 1124 4504 porrecta
1171 4434 1332 4487 sunt!
1374 4432 1541 4488 Silent
1573 4434 1773 4487 omnia.

188 4525 438 4583 Tuncin
472 4528 637 4581 Deum
668 4543 821 4581 suum
863 4526 983 4580 laeta
1033 4542 1184 4580 mens
1218 4526 1532 4596 quibusdam
1580 4524 1777 4579 silentii

184 4619 437 4675 stimulis
458 4621 742 4685 excitatur,
800 4628 927 4673 tunc
980 4616 1338 4673 iueifabilibus
1379 4627 1654 4686 vegetatur
1683 4633 1780 4672 ex-

184 4715 465 4767 cessibus.
496 4711 687 4767 Nullus
710 4713 1095 4779 interstrepens
1124 4710 1237 4764 illic
1268 4724 1431 4763 sonus
1452 4753 1465 4775 ,
1496 4710 1642 4763 nulla
1675 4711 1780 4766 nisi

184 4803 329 4860 forte
355 4822 485 4860 cum
515 4803 626 4858 Deo
654 4820 754 4858 vox
796 4812 900 4860 est.
937 4802 1097 4859 Solus
1130 4804 1217 4856 ille
1262 4802 1546 4855 admodum
1594 4802 1778 4856 suavis

181 4900 406 4951 sonitus
438 4896 713 4950 silentium
746 4904 969 4949 secreta:
998 4894 1245 4948 stationis
1268 4894 1577 4958 intervenit,
1608 4894 1776 4948 inter-

180 4990 471 5061 pellatque
522 4990 672 5043 illum
724 4988 946 5059 placidae
1008 4988 1201 5057 quietis
1256 4996 1453 5042 statum
1520 4989 1778 5057 strepitus

180 5087 373 5154 quiete
423 5083 665 5149 dulcior,
707 5091 762 5138 et
788 5093 1003 5137 sanctus
1045 5082 1452 5136 modestissimae
1489 5096 1782 5136 c0nversa-

181 5176 352 5231 tionis
407 5175 692 5231 tumultus.
747 5172 895 5229 Tunc
935 5172 1149 5244 hymnis
1194 5190 1356 5229 suave
1402 5174 1781 5230 resonantibus

175 5270 413 5325 excelsa
446 5267 560 5338 ipsa
582 5268 851 5323 ferventes
877 5266 1025 5319 chori
1059 5265 1291 5334 pulsant,
1317 5274 1480 5335 atque
1511 5265 1563 5320 in
1584 5267 1778 5322 cmlum

176 5378 287 5416 non
345 5361 540 5415 minus
577 5374 716 5430 pene
759 5358 978 5414 vocibus
1018 5372 1176 5429 quam
1217 5358 1547 5413 orationibus
1590 5374 1780 5429 perve-

173 5466 358 5509 lHllJl'.

244 5549 349 5604 38.
409 5544 621 5603 Fremit
657 5546 853 5602 frustra
898 5554 1026 5600 tunc
1071 5544 1501 5602 circumveniens
1528 5546 1783 5602 adversa-

168 5641 315 5707 rius,
352 5650 638 5711 tamquam
668 5640 806 5693 intra
837 5639 1017 5695 caulas
1060 5641 1249 5696 ovibus
1291 5642 1453 5712 septis
1485 5641 1659 5712 lupus.
1686 5641 1782 5696 ln-

171 5733 309 5791 visit
368 5748 516 5791 sane
568 5734 805 5804 spatiosa
864 5734 1064 5792 deserti
1115 5734 1413 5793 innantium
1465 5736 1779 5807 angelorum

1861 1849 2002 1905 viam
2030 1850 2305 1918 decidunt,
2354 1866 2473 1920 quae
2500 1850 2748 1906 volucres
2795 1851 3115 1908 absumant:
3144 1868 3244 1908 nec
3266 1854 3318 1908 in
3350 1869 3440 1923 pe-

1861 1950 2006 1997 trosa
2054 1941 2215 1997 facile
2244 1942 2576 2009 dilabuntur,
2627 1956 2749 2011 qua:
2780 1958 2883 1998 non
2908 1943 3157 1999 habentia
3205 1945 3440 2000 altitudi-

1863 2050 1988 2089 nem
2022 2042 2204 2100 terrai,
2250 2044 2500 2101 aestuent,
2533 2042 2588 2090 et
2610 2046 2900 2093 arescant:
2940 2052 3114 2106 neque
3144 2038 3197 2091 in
3237 2039 3441 2104 spineta

1862 2126 2019 2181 facile
2049 2126 2281 2196 fugiunt,
2306 2141 2428 2196 qua
2451 2129 2564 2196 jam
2609 2127 2805 2182 adultis
2834 2128 3082 2184 sentibus
3124 2128 3439 2184 obruantur.

1864 2219 2028 2276 Uberi
2057 2220 2166 2277 illic
2201 2235 2433 2276 messem
2458 2230 2721 2290 proventu
2750 2221 2978 2277 colonus
3007 2232 3172 2279 metet
3196 2241 3210 2277 :
3244 2224 3441 2293 produn

1864 2310 2007 2367 citur
2033 2312 2086 2365 in
2107 2311 2191 2365 his
2211 2312 2357 2369 saxis
2378 2326 2533 2383 seges
2556 2312 2665 2379 illa,
2687 2328 2782 2382 per
2808 2328 2967 2383 quam
2991 2315 3148 2370 etiam
3177 2330 3299 2370 ossa
3329 2317 3441 2384 pin-

1864 2412 2147 2474 guescunt.
2177 2405 2451 2460 invenitur
2484 2405 2647 2462 etiam
2681 2406 2794 2461 illic
2832 2408 2985 2475 panis
3035 2408 3206 2472 vivus,
3246 2410 3336 2477 qui
3377 2410 3442 2463 de

1863 2497 2003 2551 caelo
2025 2497 2322 2552 descendit.
2355 2497 2655 2566 Erumpunt
2685 2498 2735 2551 in
2761 2498 2868 2555 illis
2898 2500 3118 2568 rupibus
3164 2500 3337 2556 fontes
3365 2502 3442 2555 ir-

1865 2589 2026 2658 rigui,
2050 2597 2105 2643 et
2128 2604 2281 2658 aqua:
2308 2589 2460 2653 vivae,
2486 2604 2605 2657 quae
2626 2604 2730 2644 non
2753 2591 3010 2646 satiandis
3037 2591 3231 2656 solum,
3256 2608 3440 2647 verum

1866 2682 2027 2734 etiam
2057 2690 2280 2751 possunt
2306 2680 2558 2737 sufficere
2586 2680 2878 2741 salvandis.
2925 2682 3021 2736 Hic
3051 2674 3322 2737 interioris
3344 2685 3441 2737 ho-

1868 2772 2028 2826 minis
2077 2780 2286 2843 pratum
2318 2770 2504 2844 [γυιρ.
2538 2770 2743 2842 pastus]
2772 2781 2825 2826 et
2856 2772 3123 2841 voluptas,
3151 2773 3236 2827 hic
3274 2774 3442 2828 incul-

1868 2872 1979 2917 tum
2013 2862 2311 2928 desertum,
2355 2862 2465 2917 illic
2491 2862 2626 2917 mira
2654 2863 2966 2917 arnmnitate
2998 2864 3297 2932 jucundum
3330 2873 3441 2930 est;

1868 2956 2162 3028 eademque
2189 2957 2431 3027 corporis
2460 2966 2544 3013 est
2571 2971 2806 3023 aremus,
2837 2957 3032 3011 anima:
3070 2958 3369 3026 paradisus.

1941 3049 2029 3104 40.
2061 3048 2216 3103 Nulla
2233 3048 2343 3118 jam
2366 3049 2611 3119 quamvis
2642 3047 2830 3103 fertilis
2861 3050 3041 3114 tellus,
3092 3060 3249 3105 terra:
3273 3054 3441 3107 eremi

1870 3155 1929 3195 se
1950 3143 2361 3210 comparatione
2382 3141 2687 3210 jactaverit.
2714 3140 2810 3195 Est
2835 3149 2977 3197 terra
3000 3143 3176 3211 aliqua
3207 3142 3445 3211 frugibus

1870 3234 2037 3288 ditis?
2070 3234 2121 3288 in
2176 3234 2277 3289 hac
2324 3234 2557 3288 maxime
2598 3234 2832 3288 nascitur
2880 3233 3205 3288 frumentum
3270 3234 3443 3301 illud,

1870 3325 2010 3395 quod
2039 3326 2341 3380 esurientes
2382 3326 2539 3395 adipe
2570 3340 2669 3379 suo
2712 3325 2885 3378 satiat.
2932 3324 3027 3378 Est
3061 3325 3163 3378 alia
3207 3325 3445 3394 gravidis

1871 3422 1990 3477 lata
2018 3420 2258 3475 vinetis?
2290 3420 2341 3473 in
2374 3420 2472 3472 hac
2503 3419 2729 3472 maxime
2778 3417 3045 3486 profertur
3072 3418 3257 3472 vinum
3290 3418 3443 3483 illud,

1871 3514 2012 3586 quod
2043 3514 2180 3570 bene
2234 3512 2469 3567 lmtiticat
2514 3527 2607 3565 cor
2660 3511 2909 3565 hominis.
2947 3510 3042 3564 Est
3092 3511 3195 3565 alia
3235 3512 3445 3579 pascuis

1873 3604 2165 3676 praestans?
2201 3605 2251 3660 in
2282 3604 2386 3660 hac
2431 3604 2783 3658 saluberrime
2811 3612 3037 3672 pascunt
3062 3618 3192 3657 oves
3222 3604 3350 3669 illae,
3383 3604 3450 3658 de

1871 3701 2065 3771 quibus
2096 3699 2313 3765 dicitur,
2355 3698 2513 3751 Pasce
2544 3713 2657 3750 oves
2687 3711 2823 3749 meas
2847 3696 3027 3766 (Joan.
3060 3711 3171 3761 xxi,
3210 3694 3318 3764 17).
3352 3694 3450 3749 Est

1873 3792 1977 3847 alia
2006 3792 2225 3853 floribus
2256 3792 2392 3860 picta
2426 3790 2819 3847 vernantibus?
2868 3792 2923 3843 in
2968 3789 3067 3844 hac
3095 3790 3327 3843 maxime
3358 3804 3449 3843 ve-

1875 3902 1967 3942 rus
2011 3887 2100 3940 ille
2148 3886 2249 3939 flos
2299 3884 2473 3951 campi
2524 3893 2579 3938 et
2632 3883 2800 3959 lilium
2842 3883 3167 3937 convallium
3198 3884 3447 3951 refulget.

1875 3978 2158 4035 Postremo
2180 3974 2282 4032 alia
2310 3987 2391 4031 est
2415 3975 2716 4045 speciosius
2745 3975 3022 4029 exsultans
3059 3974 3310 4036 metallis,
3344 3972 3451 4028 alia

1877 4087 2005 4127 vero
2027 4087 2156 4126 auro
2183 4087 2278 4125 suo
2310 4072 2447 4123 fulva
2477 4070 2592 4124 est?
2619 4070 2670 4122 in
2698 4068 2796 4121 hac
2824 4068 2955 4123 varii
2986 4066 3217 4136 lapidum
3248 4066 3447 4119 micant

1876 4164 2120 4220 vibrante
2153 4165 2267 4217 luce
2298 4162 2558 4231 fulgores.
2595 4161 2668 4214 ita
2718 4170 2856 4215 lcrra
2901 4161 3013 4213 lucc
3040 4142 3264 4228 Singulis
3295 4158 3451 4212 terris

1878 4258 2049 4326 major
2088 4256 2152 4310 ad
2183 4256 2410 4323 singula,
2440 4269 2628 4308 omnes
2671 4253 2827 4322 longe
2858 4252 3113 4321 praecedit
3144 4251 3298 4305 bonis
3337 4265 3451 4304 om-

1877 4350 2059 4407 nibus.
2762 4390 2765 4393 .

1950 4442 2038 4497 ιι.
2072 4441 2235 4496 Recte
2281 4454 2411 4508 ergo
2440 4447 2493 4493 tu
2526 4437 2755 4497 verenda
2802 4437 2959 4493 tellus
3000 4436 3213 4493 Sanctis
3264 4445 3358 4491 aut
3399 4436 3455 4493 in

1882 4541 1933 4587 te
1956 4533 2166 4602 positis,
2210 4542 2307 4587 aut
2352 4547 2459 4585 non
2493 4530 2679 4599 procul
2712 4543 2740 4581 a
2774 4538 2823 4582 te
2848 4528 3093 4593 remotis,
3126 4537 3216 4581 aut
3244 4526 3452 4581 habita-

1881 4627 2004 4681 bilis
2044 4626 2265 4691 dudutn,
2310 4635 2401 4680 aut
2442 4623 2812 4680 desiderabilis
2850 4622 3101 4677 exstitisti
3137 4638 3150 4677 ε
3182 4622 3303 4691 quia
3358 4637 3455 4691 pro

1881 4720 2149 4776 universis
2180 4718 2337 4773 bonis
2365 4720 2503 4772 illius
2533 4732 2590 4771 es
2618 4714 2809 4770 fertilis
2840 4715 2891 4768 in
2921 4729 3023 4785 qua
3051 4714 3316 4768 habentur
3343 4715 3455 4767 uni-

1881 4827 2053 4867 versa.
2087 4810 2164 4865 Tu
2197 4810 2458 4865 cultorem
2491 4808 2654 4871 hunc,
2699 4807 2790 4876 qui
2820 4818 2971 4860 suam
3003 4814 3200 4859 terram
3232 4820 3337 4859 non
3365 4806 3455 4874 qui

1883 4914 2027 4959 tuam
2086 4903 2322 4967 excolat,
2374 4900 2627 4971 requiris.
2659 4899 2736 4954 Tu
2768 4898 3180 4953 inhabitantium
3230 4906 3283 4953 te
3314 4898 3457 4951 vitiis

1885 4994 2124 5061 sterilis,
2177 5004 2231 5048 tu
2270 4992 2495 5049 fecunda
2551 4990 2858 5047 virtutibus.
2918 4990 3084 5044 Tuam
3138 4990 3457 5059 quicumque

1885 5095 2194 5142 sanctorum
2239 5084 2659 5143 familiaritatem
2700 5081 2966 5152 quaesivit,
3013 5080 3179 5136 Deum
3226 5079 3455 5147 reperit:

1884 5178 2161 5234 Christum
2191 5180 2243 5232 in
2270 5185 2347 5244 te,
2377 5176 2620 5245 quisquis
2643 5186 2693 5229 te
2722 5174 2911 5243 coluit,
2956 5172 3179 5228 invenit.
3221 5170 3337 5241 Ipse
3368 5172 3457 5240 qui

1888 5269 2114 5333 habitat,
2149 5270 2375 5325 Domino
2423 5269 2724 5324 habitatore
2755 5267 2985 5323 laetatur.
3019 5265 3161 5320 Idem
3194 5264 3309 5333 ipse
3351 5273 3454 5331 est,

1888 5372 1945 5418 et
1970 5378 2249 5433 possessor
2291 5373 2433 5423 tuus,
2470 5369 2527 5417 et
2555 5360 2735 5416 divina
2786 5358 3079 5428 possessio.
3138 5357 3311 5411 Tuum
3364 5356 3457 5425 qui

1889 5471 1997 5511 non
2028 5455 2225 5525 refugit
2255 5452 2643 5519 habitaculum,
2673 5452 2845 5509 factus
2891 5458 2979 5506 est
3022 5448 3137 5518 ipse
3175 5446 3270 5501 Dei
3325 5457 3458 5500 tem-

1889 5550 2059 5701 pus:
2082 5640 2345 5714 Equidem
2368 5640 2579 5697 cunctis
2599 5636 2768 5694 eremi
2792 5633 2931 5692 locis
2954 5647 3075 5705 qua
3096 5632 3309 5704 piorum
3336 5632 3458 5689 illu-

1889 5739 2158 5799 minantur
2186 5750 2437 5805 secessu,
2474 5730 2838 5794 reuerentiam
2863 5726 3063 5797 dom
3088 5725 3365 5799 παῦρα
3381 5733 3467 5782 tae
