  <div class='ocr_page' id='page_1' title='image "/cluster/home/n/w/nwhite01/storage/ocr_20150623/50/hvd.32044015471550/361.png"; bbox 0 0 4018 6338; ppageno 0'>
   <div class='ocr_carea' id='block_1_1' title="bbox 621 296 718 357">
    <p class='ocr_par' dir='ltr' id='par_1_1' title="bbox 621 296 718 357">
     <span class='ocr_line' id='line_1_1' title="bbox 621 296 718 357; baseline -0.01 0"><span class='ocrx_word' id='word_1_1' title='bbox 621 296 718 357; x_wconf 78' lang='lat' dir='ltr'><strong>7H</strong></span> 
     </span>
    </p>
   </div>
   <div class='ocr_carea' id='block_1_2' title="bbox 1610 291 3799 373">
    <p class='ocr_par' dir='ltr' id='par_1_2' title="bbox 1610 291 3799 373">
     <span class='ocr_line' id='line_1_2' title="bbox 1610 291 3799 373; baseline 0.003 -20"><span class='ocrx_word' id='word_1_2' title='bbox 1610 296 1670 353; x_wconf 88' lang='lat' dir='ltr'><strong>S.</strong></span> <span class='ocrx_word' id='word_1_3' title='bbox 1712 291 2038 353; x_wconf 79' lang='lat' dir='ltr'><strong>EUCHERII</strong></span> <span class='ocrx_word' id='word_1_4' title='bbox 2077 292 2381 353; x_wconf 82' lang='lat' dir='ltr'><strong>EPISCOPI</strong></span> <span class='ocrx_word' id='word_1_5' title='bbox 2419 291 2906 353; x_wconf 80' lang='lat' dir='ltr'><strong>LUGDUNENSIS</strong></span> <span class='ocrx_word' id='word_1_6' title='bbox 3721 309 3799 373; x_wconf 74' lang='lat' dir='ltr'><strong>&#39;m</strong></span> 
     </span>
    </p>
   </div>
   <div class='ocr_carea' id='block_1_3' title="bbox 620 411 3798 492">
    <p class='ocr_par' dir='ltr' id='par_1_3' title="bbox 620 411 3798 492">
     <span class='ocr_line' id='line_1_3' title="bbox 620 411 3798 492; baseline 0 -14"><span class='ocrx_word' id='word_1_7' title='bbox 620 434 741 478; x_wconf 86' lang='lat' dir='ltr'><strong>men</strong></span> <span class='ocrx_word' id='word_1_8' title='bbox 778 418 1018 476; x_wconf 81' lang='lat' dir='ltr'><strong>Lirinum</strong></span> <span class='ocrx_word' id='word_1_9' title='bbox 1065 416 1252 491; x_wconf 72' lang='grc' dir='ltr'><strong>[ναις.</strong></span> <span class='ocrx_word' id='word_1_10' title='bbox 1295 411 1567 485; x_wconf 84' lang='lat' dir='ltr'><strong>Lerinam]</strong></span> <span class='ocrx_word' id='word_1_11' title='bbox 1598 429 1774 469; x_wconf 83' lang='lat' dir='ltr'><strong>meam</strong></span> <span class='ocrx_word' id='word_1_12' title='bbox 1811 414 2017 470; x_wconf 81' lang='lat' dir='ltr'><strong>honore</strong></span> <span class='ocrx_word' id='word_1_13' title='bbox 2046 429 2195 469; x_wconf 92' lang='lat' dir='ltr'><strong>com-</strong></span> <span class='ocrx_word' id='word_1_14' title='bbox 2223 421 2274 483; x_wconf 76' lang='grc' dir='ltr'>Α</span> <span class='ocrx_word' id='word_1_15' title='bbox 2302 432 2448 484; x_wconf 93' lang='lat' dir='ltr'><strong>eum,</strong></span> <span class='ocrx_word' id='word_1_16' title='bbox 2478 425 2683 473; x_wconf 89' lang='lat' dir='ltr'><strong>tantum</strong></span> <span class='ocrx_word' id='word_1_17' title='bbox 2707 432 2871 487; x_wconf 87' lang='lat' dir='ltr'><strong>quem</strong></span> <span class='ocrx_word' id='word_1_18' title='bbox 2892 414 3067 470; x_wconf 90' lang='lat' dir='ltr'><strong>solum</strong></span> <span class='ocrx_word' id='word_1_19' title='bbox 3091 412 3798 492; x_wconf 70' lang='lat' dir='ltr'><strong>desiderantesconcupiscunt,</strong></span> 
     </span>
    </p>
   </div>
   <div class='ocr_carea' id='block_1_4' title="bbox 620 504 2198 583">
    <p class='ocr_par' dir='ltr' id='par_1_4' title="bbox 620 504 2198 583">
     <span class='ocr_line' id='line_1_4' title="bbox 620 504 2198 583; baseline -0.006 -14"><span class='ocrx_word' id='word_1_20' title='bbox 620 513 1024 583; x_wconf 75' lang='lat' dir='ltr'><strong>plecteus,quaa</strong></span> <span class='ocrx_word' id='word_1_21' title='bbox 1058 507 1345 580; x_wconf 77' lang='lat' dir='ltr'><strong>procellosi</strong></span> <span class='ocrx_word' id='word_1_22' title='bbox 1394 505 1689 576; x_wconf 89' lang='lat' dir='ltr'><strong>naufragiis</strong></span> <span class='ocrx_word' id='word_1_23' title='bbox 1741 506 1929 561; x_wconf 90' lang='lat' dir='ltr'><strong>mundi</strong></span> <span class='ocrx_word' id='word_1_24' title='bbox 1969 504 2198 572; x_wconf 78' lang='lat' dir='ltr'><strong>effusos,</strong></span> 
     </span>
    </p>
   </div>
   <div class='ocr_carea' id='block_1_5' title="bbox 620 597 2200 676">
    <p class='ocr_par' dir='ltr' id='par_1_5' title="bbox 620 597 2200 676">
     <span class='ocr_line' id='line_1_5' title="bbox 620 597 2200 676; baseline -0.006 -16"><span class='ocrx_word' id='word_1_25' title='bbox 620 604 877 676; x_wconf 75' lang='lat' dir='ltr'><strong>piissimis</strong></span> <span class='ocrx_word' id='word_1_26' title='bbox 932 600 1073 657; x_wconf 84' lang='lat' dir='ltr'><strong>ulnis</strong></span> <span class='ocrx_word' id='word_1_27' title='bbox 1118 607 1359 671; x_wconf 83' lang='lat' dir='ltr'><strong>receth</strong></span> <span class='ocrx_word' id='word_1_28' title='bbox 1393 598 1675 654; x_wconf 79' lang='lat' dir='ltr'><strong>venientes</strong></span> <span class='ocrx_word' id='word_1_29' title='bbox 1708 616 1720 651; x_wconf 89' lang='lat'><strong>:</strong></span> <span class='ocrx_word' id='word_1_30' title='bbox 1773 598 1841 653; x_wconf 92' lang='lat' dir='ltr'><strong>ab</strong></span> <span class='ocrx_word' id='word_1_31' title='bbox 1882 598 1978 653; x_wconf 92' lang='lat' dir='ltr'><strong>illo</strong></span> <span class='ocrx_word' id='word_1_32' title='bbox 2017 597 2200 652; x_wconf 68' lang='lat' dir='ltr'><strong>smculi</strong></span> 
     </span>
    </p>
   </div>
   <div class='ocr_carea' id='block_1_6' title="bbox 622 692 2201 769">
    <p class='ocr_par' dir='ltr' id='par_1_6' title="bbox 622 692 2201 769">
     <span class='ocr_line' id='line_1_6' title="bbox 622 692 2201 769; baseline -0.004 -16"><span class='ocrx_word' id='word_1_33' title='bbox 622 698 909 769; x_wconf 76' lang='lat' dir='ltr'><strong>ﬂagrantes</strong></span> <span class='ocrx_word' id='word_1_34' title='bbox 938 704 1097 760; x_wconf 65' lang='lat' dir='ltr'><strong>aestu,</strong></span> <span class='ocrx_word' id='word_1_35' title='bbox 1125 692 1322 749; x_wconf 84' lang='lat' dir='ltr'><strong>blande</strong></span> <span class='ocrx_word' id='word_1_36' title='bbox 1348 692 1643 748; x_wconf 74' lang='lat' dir='ltr'><strong>introducit</strong></span> <span class='ocrx_word' id='word_1_37' title='bbox 1680 692 1785 748; x_wconf 91' lang='lat' dir='ltr'><strong>sub</strong></span> <span class='ocrx_word' id='word_1_38' title='bbox 1806 692 2025 747; x_wconf 85' lang='lat' dir='ltr'><strong>umbras</strong></span> <span class='ocrx_word' id='word_1_39' title='bbox 2055 706 2201 757; x_wconf 88' lang='lat' dir='ltr'><strong>suas,</strong></span> 
     </span>
    </p>
   </div>
   <div class='ocr_carea' id='block_1_7' title="bbox 623 785 2203 860">
    <p class='ocr_par' dir='ltr' id='par_1_7' title="bbox 623 785 2203 860">
     <span class='ocr_line' id='line_1_7' title="bbox 623 785 2203 860; baseline -0.005 -13"><span class='ocrx_word' id='word_1_40' title='bbox 623 803 681 847; x_wconf 94' lang='lat' dir='ltr'><strong>ut</strong></span> <span class='ocrx_word' id='word_1_41' title='bbox 726 791 834 846; x_wconf 91' lang='lat' dir='ltr'><strong>illic</strong></span> <span class='ocrx_word' id='word_1_42' title='bbox 877 789 1125 860; x_wconf 76' lang='lat' dir='ltr'><strong>spiritum</strong></span> <span class='ocrx_word' id='word_1_43' title='bbox 1175 787 1275 843; x_wconf 86' lang='lat' dir='ltr'><strong>sub</strong></span> <span class='ocrx_word' id='word_1_44' title='bbox 1324 787 1415 842; x_wconf 90' lang='lat' dir='ltr'><strong>illa</strong></span> <span class='ocrx_word' id='word_1_45' title='bbox 1456 785 1717 843; x_wconf 87' lang='lat' dir='ltr'><strong>interiore</strong></span> <span class='ocrx_word' id='word_1_46' title='bbox 1758 786 1967 841; x_wconf 88' lang='lat' dir='ltr'><strong>Domini</strong></span> <span class='ocrx_word' id='word_1_47' title='bbox 2017 787 2203 840; x_wconf 88' lang='lat' dir='ltr'><strong>umbra</strong></span> 
     </span>
    </p>
   </div>
   <div class='ocr_carea' id='block_1_8' title="bbox 621 879 2207 953">
    <p class='ocr_par' dir='ltr' id='par_1_8' title="bbox 621 879 2207 953">
     <span class='ocr_line' id='line_1_8' title="bbox 621 879 2207 953; baseline -0.004 -14"><span class='ocrx_word' id='word_1_48' title='bbox 621 883 804 940; x_wconf 78' lang='lat' dir='ltr'><strong>anheli</strong></span> <span class='ocrx_word' id='word_1_49' title='bbox 831 890 1129 939; x_wconf 88' lang='lat' dir='ltr'><strong>resumant.</strong></span> <span class='ocrx_word' id='word_1_50' title='bbox 1158 881 1327 953; x_wconf 85' lang='lat' dir='ltr'><strong>Aquis</strong></span> <span class='ocrx_word' id='word_1_51' title='bbox 1358 888 1593 947; x_wconf 86' lang='lat' dir='ltr'><strong>scatens,</strong></span> <span class='ocrx_word' id='word_1_52' title='bbox 1648 880 1832 936; x_wconf 85' lang='lat' dir='ltr'><strong>herbis</strong></span> <span class='ocrx_word' id='word_1_53' title='bbox 1857 880 2064 945; x_wconf 81' lang='lat' dir='ltr'><strong>virens,</strong></span> <span class='ocrx_word' id='word_1_54' title='bbox 2084 879 2207 933; x_wconf 84' lang='lat' dir='ltr'><strong>viti-</strong></span> 
     </span>
    </p>
   </div>
   <div class='ocr_carea' id='block_1_9' title="bbox 624 968 2207 1042">
    <p class='ocr_par' dir='ltr' id='par_1_9' title="bbox 624 968 2207 1042">
     <span class='ocr_line' id='line_1_9' title="bbox 624 968 2207 1042; baseline -0.004 -11"><span class='ocrx_word' id='word_1_55' title='bbox 624 976 727 1031; x_wconf 89' lang='lat' dir='ltr'><strong>hus</strong></span> <span class='ocrx_word' id='word_1_56' title='bbox 750 975 1013 1041; x_wconf 84' lang='lat' dir='ltr'><strong>renitens,</strong></span> <span class='ocrx_word' id='word_1_57' title='bbox 1058 973 1260 1029; x_wconf 81' lang='lat' dir='ltr'><strong>visibus</strong></span> <span class='ocrx_word' id='word_1_58' title='bbox 1290 972 1653 1041; x_wconf 90' lang='lat' dir='ltr'><strong>odoribusque</strong></span> <span class='ocrx_word' id='word_1_59' title='bbox 1686 971 1943 1042; x_wconf 84' lang='lat' dir='ltr'><strong>jucunda,</strong></span> <span class='ocrx_word' id='word_1_60' title='bbox 1995 968 2207 1041; x_wconf 86' lang='lat' dir='ltr'><strong>paradi-</strong></span> 
     </span>
    </p>
   </div>
   <div class='ocr_carea' id='block_1_10' title="bbox 624 1062 2209 1138">
    <p class='ocr_par' dir='ltr' id='par_1_10' title="bbox 624 1062 2209 1138">
     <span class='ocr_line' id='line_1_10' title="bbox 624 1062 2209 1138; baseline -0.005 -15"><span class='ocrx_word' id='word_1_61' title='bbox 624 1084 742 1123; x_wconf 90' lang='lat' dir='ltr'><strong>sum</strong></span> <span class='ocrx_word' id='word_1_62' title='bbox 775 1065 1181 1138; x_wconf 83' lang='lat' dir='ltr'><strong>possidentibus</strong></span> <span class='ocrx_word' id='word_1_63' title='bbox 1210 1080 1271 1121; x_wconf 86' lang='lat' dir='ltr'><strong>se</strong></span> <span class='ocrx_word' id='word_1_64' title='bbox 1298 1065 1539 1120; x_wconf 77' lang='lat' dir='ltr'><strong>exhibet.</strong></span> <span class='ocrx_word' id='word_1_65' title='bbox 1564 1064 1729 1134; x_wconf 91' lang='lat' dir='ltr'><strong>Digna</strong></span> <span class='ocrx_word' id='word_1_66' title='bbox 1752 1080 1871 1135; x_wconf 84' lang='lat' dir='ltr'><strong>quae</strong></span> <span class='ocrx_word' id='word_1_67' title='bbox 1894 1062 2209 1119; x_wconf 63' lang='lat' dir='ltr'><strong>caelestibus</strong></span> 
     </span>
    </p>
   </div>
   <div class='ocr_carea' id='block_1_11' title="bbox 625 1156 2209 1229">
    <p class='ocr_par' dir='ltr' id='par_1_11' title="bbox 625 1156 2209 1229">
     <span class='ocr_line' id='line_1_11' title="bbox 625 1156 2209 1229; baseline -0.004 -13"><span class='ocrx_word' id='word_1_68' title='bbox 625 1160 926 1229; x_wconf 87' lang='lat' dir='ltr'><strong>disciplinis</strong></span> <span class='ocrx_word' id='word_1_69' title='bbox 954 1159 1229 1214; x_wconf 82' lang='lat' dir='ltr'><strong>Honorato</strong></span> <span class='ocrx_word' id='word_1_70' title='bbox 1256 1166 1476 1213; x_wconf 86' lang='lat' dir='ltr'><strong>auctore</strong></span> <span class='ocrx_word' id='word_1_71' title='bbox 1509 1156 1727 1212; x_wconf 88' lang='lat' dir='ltr'><strong>fundata</strong></span> <span class='ocrx_word' id='word_1_72' title='bbox 1760 1158 1852 1223; x_wconf 91' lang='lat' dir='ltr'><strong>sit,</strong></span> <span class='ocrx_word' id='word_1_73' title='bbox 1897 1171 2016 1227; x_wconf 67' lang='lat' dir='ltr'><strong>quae</strong></span> <span class='ocrx_word' id='word_1_74' title='bbox 2046 1156 2209 1211; x_wconf 85' lang='lat' dir='ltr'><strong>tantis</strong></span> 
     </span>
    </p>
   </div>
   <div class='ocr_carea' id='block_1_12' title="bbox 626 1250 2210 1320">
    <p class='ocr_par' dir='ltr' id='par_1_12' title="bbox 626 1250 2210 1320">
     <span class='ocr_line' id='line_1_12' title="bbox 626 1250 2210 1320; baseline -0.004 -9"><span class='ocrx_word' id='word_1_75' title='bbox 626 1256 891 1311; x_wconf 88' lang='lat' dir='ltr'><strong>institutis</strong></span> <span class='ocrx_word' id='word_1_76' title='bbox 910 1264 1116 1309; x_wconf 86' lang='lat' dir='ltr'><strong>tantum</strong></span> <span class='ocrx_word' id='word_1_77' title='bbox 1142 1260 1298 1308; x_wconf 89' lang='lat' dir='ltr'><strong>nacta</strong></span> <span class='ocrx_word' id='word_1_78' title='bbox 1326 1252 1396 1307; x_wconf 87' lang='lat' dir='ltr'><strong>sit</strong></span> <span class='ocrx_word' id='word_1_79' title='bbox 1418 1252 1653 1316; x_wconf 87' lang='lat' dir='ltr'><strong>Patrem,</strong></span> <span class='ocrx_word' id='word_1_80' title='bbox 1680 1250 1960 1320; x_wconf 87' lang='lat' dir='ltr'><strong>apostolici</strong></span> <span class='ocrx_word' id='word_1_81' title='bbox 1988 1250 2210 1320; x_wconf 89' lang='lat' dir='ltr'><strong>spiritus</strong></span> 
     </span>
    </p>
   </div>
   <div class='ocr_carea' id='block_1_13' title="bbox 628 1341 2209 1417">
    <p class='ocr_par' dir='ltr' id='par_1_13' title="bbox 628 1341 2209 1417">
     <span class='ocr_line' id='line_1_13' title="bbox 628 1341 2209 1417; baseline -0.004 -16"><span class='ocrx_word' id='word_1_82' title='bbox 628 1348 814 1417; x_wconf 78' lang='lat' dir='ltr'><strong>vigore</strong></span> <span class='ocrx_word' id='word_1_83' title='bbox 835 1354 893 1401; x_wconf 89' lang='lat' dir='ltr'><strong>et</strong></span> <span class='ocrx_word' id='word_1_84' title='bbox 923 1344 1101 1400; x_wconf 86' lang='lat' dir='ltr'><strong>vultus</strong></span> <span class='ocrx_word' id='word_1_85' title='bbox 1133 1345 1337 1399; x_wconf 93' lang='lat' dir='ltr'><strong>honore</strong></span> <span class='ocrx_word' id='word_1_86' title='bbox 1375 1343 1695 1398; x_wconf 84' lang='lat' dir='ltr'><strong>radiantem.</strong></span> <span class='ocrx_word' id='word_1_87' title='bbox 1728 1341 1895 1412; x_wconf 89' lang='lat' dir='ltr'><strong>Digna</strong></span> <span class='ocrx_word' id='word_1_88' title='bbox 1912 1357 2031 1411; x_wconf 75' lang='lat' dir='ltr'><strong>qua:</strong></span> <span class='ocrx_word' id='word_1_89' title='bbox 2060 1342 2209 1396; x_wconf 91' lang='lat' dir='ltr'><strong>illum</strong></span> 
     </span>
    </p>
   </div>
   <div class='ocr_carea' id='block_1_14' title="bbox 628 1434 2210 1509">
    <p class='ocr_par' dir='ltr' id='par_1_14' title="bbox 628 1434 2210 1509">
     <span class='ocr_line' id='line_1_14' title="bbox 628 1434 2210 1509; baseline -0.004 -14"><span class='ocrx_word' id='word_1_90' title='bbox 628 1440 949 1509; x_wconf 89' lang='lat' dir='ltr'><strong>suscipiens,</strong></span> <span class='ocrx_word' id='word_1_91' title='bbox 983 1438 1057 1493; x_wconf 91' lang='lat' dir='ltr'><strong>ita</strong></span> <span class='ocrx_word' id='word_1_92' title='bbox 1086 1438 1363 1494; x_wconf 89' lang='lat' dir='ltr'><strong>emitteret</strong></span> <span class='ocrx_word' id='word_1_93' title='bbox 1390 1435 1564 1508; x_wconf 85' lang='lat' dir='ltr'><strong>[Port.</strong></span> <span class='ocrx_word' id='word_1_94' title='bbox 1588 1436 1705 1490; x_wconf 88' lang='lat' dir='ltr'><strong>cod.</strong></span> <span class='ocrx_word' id='word_1_95' title='bbox 1736 1434 2019 1506; x_wconf 89' lang='lat' dir='ltr'><strong>eniteret]:</strong></span> <span class='ocrx_word' id='word_1_96' title='bbox 2052 1435 2210 1506; x_wconf 89' lang='lat' dir='ltr'><strong>digna</strong></span> 
     </span>
    </p>
   </div>
   <div class='ocr_carea' id='block_1_15' title="bbox 629 1528 2213 1604">
    <p class='ocr_par' dir='ltr' id='par_1_15' title="bbox 629 1528 2213 1604">
     <span class='ocr_line' id='line_1_15' title="bbox 629 1528 2213 1604; baseline -0.003 -16"><span class='ocrx_word' id='word_1_97' title='bbox 629 1549 748 1604; x_wconf 81' lang='lat' dir='ltr'><strong>quae</strong></span> <span class='ocrx_word' id='word_1_98' title='bbox 792 1532 1271 1603; x_wconf 62' lang='lat' dir='ltr'><strong>praestantissimos</strong></span> <span class='ocrx_word' id='word_1_99' title='bbox 1309 1532 1419 1585; x_wconf 87' lang='lat' dir='ltr'><strong>alat</strong></span> <span class='ocrx_word' id='word_1_100' title='bbox 1465 1530 1778 1597; x_wconf 89' lang='lat' dir='ltr'><strong>monachos,</strong></span> <span class='ocrx_word' id='word_1_101' title='bbox 1806 1540 1863 1585; x_wconf 93' lang='lat' dir='ltr'><strong>et</strong></span> <span class='ocrx_word' id='word_1_102' title='bbox 1899 1528 2213 1584; x_wconf 83' lang='lat' dir='ltr'><strong>ambiendus</strong></span> 
     </span>
    </p>
   </div>
   <div class='ocr_carea' id='block_1_16' title="bbox 632 1621 2214 1693">
    <p class='ocr_par' dir='ltr' id='par_1_16' title="bbox 632 1621 2214 1693">
     <span class='ocr_line' id='line_1_16' title="bbox 632 1621 2214 1693; baseline -0.003 -15"><span class='ocrx_word' id='word_1_103' title='bbox 632 1622 871 1693; x_wconf 90' lang='lat' dir='ltr'><strong>proferat</strong></span> <span class='ocrx_word' id='word_1_104' title='bbox 893 1622 1228 1678; x_wconf 86' lang='lat' dir='ltr'><strong>sacerdotes.</strong></span> <span class='ocrx_word' id='word_1_105' title='bbox 1261 1622 1388 1677; x_wconf 75' lang='lat' dir='ltr'><strong>Haec</strong></span> <span class='ocrx_word' id='word_1_106' title='bbox 1411 1637 1553 1676; x_wconf 91' lang='lat' dir='ltr'><strong>nunc</strong></span> <span class='ocrx_word' id='word_1_107' title='bbox 1578 1635 1955 1678; x_wconf 89' lang='lat' dir='ltr'><strong>successorem</strong></span> <span class='ocrx_word' id='word_1_108' title='bbox 1987 1621 2103 1691; x_wconf 85' lang='lat' dir='ltr'><strong>ejus</strong></span> <span class='ocrx_word' id='word_1_109' title='bbox 2131 1629 2214 1675; x_wconf 87' lang='lat' dir='ltr'><strong>te-</strong></span> 
     </span>
    </p>
   </div>
   <div class='ocr_carea' id='block_1_17' title="bbox 631 1714 2211 1784">
    <p class='ocr_par' dir='ltr' id='par_1_17' title="bbox 631 1714 2211 1784">
     <span class='ocr_line' id='line_1_17' title="bbox 631 1714 2211 1784; baseline -0.002 -14"><span class='ocrx_word' id='word_1_110' title='bbox 631 1723 763 1783; x_wconf 90' lang='lat' dir='ltr'><strong>net,</strong></span> <span class='ocrx_word' id='word_1_111' title='bbox 802 1714 1091 1770; x_wconf 85' lang='lat' dir='ltr'><strong>Maximum</strong></span> <span class='ocrx_word' id='word_1_112' title='bbox 1122 1714 1373 1780; x_wconf 89' lang='lat' dir='ltr'><strong>nomine;</strong></span> <span class='ocrx_word' id='word_1_113' title='bbox 1406 1714 1646 1780; x_wconf 90' lang='lat' dir='ltr'><strong>clarum,</strong></span> <span class='ocrx_word' id='word_1_114' title='bbox 1699 1714 1820 1784; x_wconf 90' lang='lat' dir='ltr'><strong>quia</strong></span> <span class='ocrx_word' id='word_1_115' title='bbox 1861 1722 1983 1783; x_wconf 90' lang='lat' dir='ltr'><strong>post</strong></span> <span class='ocrx_word' id='word_1_116' title='bbox 2037 1714 2211 1782; x_wconf 91' lang='lat' dir='ltr'><strong>ipsum</strong></span> 
     </span>
    </p>
   </div>
   <div class='ocr_carea' id='block_1_18' title="bbox 2307 504 3801 589">
    <p class='ocr_par' dir='ltr' id='par_1_18' title="bbox 2307 504 3801 589">
     <span class='ocr_line' id='line_1_18' title="bbox 2307 504 3801 589; baseline -0.001 -23"><span class='ocrx_word' id='word_1_117' title='bbox 2307 511 2441 566; x_wconf 90' lang='lat' dir='ltr'><strong>Dum</strong></span> <span class='ocrx_word' id='word_1_118' title='bbox 2468 509 2677 564; x_wconf 88' lang='lat' dir='ltr'><strong>beatam</strong></span> <span class='ocrx_word' id='word_1_119' title='bbox 2708 514 2955 575; x_wconf 69' lang='lat' dir='ltr'><strong>quaerunt</strong></span> <span class='ocrx_word' id='word_1_120' title='bbox 2974 504 3164 571; x_wconf 83' lang='lat' dir='ltr'><strong>vitam,</strong></span> <span class='ocrx_word' id='word_1_121' title='bbox 3196 504 3401 561; x_wconf 85' lang='lat' dir='ltr'><strong>beatam</strong></span> <span class='ocrx_word' id='word_1_122' title='bbox 3424 521 3597 578; x_wconf 83' lang='lat' dir='ltr'><strong>agunt;</strong></span> <span class='ocrx_word' id='word_1_123' title='bbox 3625 528 3801 589; x_wconf 73' lang='lat' dir='ltr'><strong>eamque</strong></span> 
     </span>
    </p>
   </div>
   <div class='ocr_carea' id='block_1_19' title="bbox 2306 599 3802 681">
    <p class='ocr_par' dir='ltr' id='par_1_19' title="bbox 2306 599 3802 681">
     <span class='ocr_line' id='line_1_19' title="bbox 2306 599 3802 681; baseline 0.005 -24"><span class='ocrx_word' id='word_1_124' title='bbox 2306 611 2362 657; x_wconf 89' lang='lat' dir='ltr'><strong>et</strong></span> <span class='ocrx_word' id='word_1_125' title='bbox 2388 602 2513 657; x_wconf 91' lang='lat' dir='ltr'><strong>dum</strong></span> <span class='ocrx_word' id='word_1_126' title='bbox 2547 600 2723 655; x_wconf 89' lang='lat' dir='ltr'><strong>adhuc</strong></span> <span class='ocrx_word' id='word_1_127' title='bbox 2754 599 3018 665; x_wconf 87' lang='lat' dir='ltr'><strong>ambiunt,</strong></span> <span class='ocrx_word' id='word_1_128' title='bbox 3063 599 3175 667; x_wconf 88' lang='lat' dir='ltr'><strong>jam</strong></span> <span class='ocrx_word' id='word_1_129' title='bbox 3232 614 3628 671; x_wconf 90' lang='lat' dir='ltr'><strong>consequuntur.</strong></span> <span class='ocrx_word' id='word_1_130' title='bbox 3667 608 3802 681; x_wconf 78' lang='lat' dir='ltr'><strong>Itaque</strong></span> 
     </span>
    </p>
   </div>
   <div class='ocr_carea' id='block_1_20' title="bbox 2306 692 3802 768">
    <p class='ocr_par' dir='ltr' id='par_1_20' title="bbox 2306 692 3802 768">
     <span class='ocr_line' id='line_1_20' title="bbox 2306 692 3802 768; baseline 0.003 -17"><span class='ocrx_word' id='word_1_131' title='bbox 2306 703 2499 767; x_wconf 92' lang='lat' dir='ltr'><strong>optant</strong></span> <span class='ocrx_word' id='word_1_132' title='bbox 2522 710 2551 748; x_wconf 91' lang='lat' dir='ltr'><strong>a</strong></span> <span class='ocrx_word' id='word_1_133' title='bbox 2584 692 2955 764; x_wconf 88' lang='lat' dir='ltr'><strong>peccatoribus</strong></span> <span class='ocrx_word' id='word_1_134' title='bbox 2981 692 3406 762; x_wconf 82' lang='lat' dir='ltr'><strong>segregari‘ljam</strong></span> <span class='ocrx_word' id='word_1_135' title='bbox 3432 692 3665 768; x_wconf 77' lang='lat' dir='ltr'><strong>segregati</strong></span> <span class='ocrx_word' id='word_1_136' title='bbox 3692 715 3802 761; x_wconf 86' lang='lat' dir='ltr'><strong>sunt.</strong></span> 
     </span>
    </p>
   </div>
   <div class='ocr_carea' id='block_1_21' title="bbox 2306 784 3802 858">
    <p class='ocr_par' dir='ltr' id='par_1_21' title="bbox 2306 784 3802 858">
     <span class='ocr_line' id='line_1_21' title="bbox 2306 784 3802 858; baseline 0.003 -13"><span class='ocrx_word' id='word_1_137' title='bbox 2306 790 2520 845; x_wconf 87' lang='lat' dir='ltr'><strong>Castam</strong></span> <span class='ocrx_word' id='word_1_138' title='bbox 2545 787 2825 858; x_wconf 89' lang='lat' dir='ltr'><strong>possidere</strong></span> <span class='ocrx_word' id='word_1_139' title='bbox 2852 787 3019 840; x_wconf 85' lang='lat' dir='ltr'><strong>vitam</strong></span> <span class='ocrx_word' id='word_1_140' title='bbox 3048 784 3281 839; x_wconf 78' lang='lat' dir='ltr'><strong>volunt?</strong></span> <span class='ocrx_word' id='word_1_141' title='bbox 3305 787 3585 855; x_wconf 87' lang='lat' dir='ltr'><strong>possident.</strong></span> <span class='ocrx_word' id='word_1_142' title='bbox 3614 791 3802 851; x_wconf 85' lang='lat' dir='ltr'><strong>Omnein</strong></span> 
     </span>
    </p>
   </div>
   <div class='ocr_carea' id='block_1_22' title="bbox 2311 879 3807 951">
    <p class='ocr_par' dir='ltr' id='par_1_22' title="bbox 2311 879 3807 951">
     <span class='ocr_line' id='line_1_22' title="bbox 2311 879 3807 951; baseline -0.003 -11"><span class='ocrx_word' id='word_1_143' title='bbox 2311 883 2408 940; x_wconf 89' lang='lat' dir='ltr'><strong>Dei</strong></span> <span class='ocrx_word' id='word_1_144' title='bbox 2440 881 2686 938; x_wconf 89' lang='lat' dir='ltr'><strong>laudibus</strong></span> <span class='ocrx_word' id='word_1_145' title='bbox 2716 891 2932 951; x_wconf 89' lang='lat' dir='ltr'><strong>tempus</strong></span> <span class='ocrx_word' id='word_1_146' title='bbox 2954 879 3152 935; x_wconf 87' lang='lat' dir='ltr'><strong>habere</strong></span> <span class='ocrx_word' id='word_1_147' title='bbox 3174 881 3450 935; x_wconf 77' lang='lat' dir='ltr'><strong>ambiunt?</strong></span> <span class='ocrx_word' id='word_1_148' title='bbox 3475 882 3669 940; x_wconf 88' lang='lat' dir='ltr'><strong>habent.</strong></span> <span class='ocrx_word' id='word_1_149' title='bbox 3697 888 3807 946; x_wconf 53' lang='lat' dir='ltr'><strong>nasi.</strong></span> 
     </span>
    </p>
   </div>
   <div class='ocr_carea' id='block_1_23' title="bbox 2309 973 3806 1045">
    <p class='ocr_par' dir='ltr' id='par_1_23' title="bbox 2309 973 3806 1045">
     <span class='ocr_line' id='line_1_23' title="bbox 2309 973 3806 1045; baseline 0.003 -14"><span class='ocrx_word' id='word_1_150' title='bbox 2309 975 2501 1031; x_wconf 87' lang='lat' dir='ltr'><strong>derant</strong></span> <span class='ocrx_word' id='word_1_151' title='bbox 2526 975 2761 1045; x_wconf 83' lang='lat' dir='ltr'><strong>gaudere</strong></span> <span class='ocrx_word' id='word_1_152' title='bbox 2788 981 3103 1029; x_wconf 88' lang='lat' dir='ltr'><strong>sanctorum</strong></span> <span class='ocrx_word' id='word_1_153' title='bbox 3133 973 3401 1027; x_wconf 72' lang='lat' dir='ltr'><strong>cmtibus?</strong></span> <span class='ocrx_word' id='word_1_154' title='bbox 3446 976 3671 1043; x_wconf 86' lang='lat' dir='ltr'><strong>gaudent.</strong></span> <span class='ocrx_word' id='word_1_155' title='bbox 3694 979 3806 1036; x_wconf 88' lang='lat' dir='ltr'><strong>Chri-</strong></span> 
     </span>
    </p>
   </div>
   <div class='ocr_carea' id='block_1_24' title="bbox 2311 1064 3807 1138">
    <p class='ocr_par' dir='ltr' id='par_1_24' title="bbox 2311 1064 3807 1138">
     <span class='ocr_line' id='line_1_24' title="bbox 2311 1064 3807 1138; baseline 0.002 -14"><span class='ocrx_word' id='word_1_156' title='bbox 2311 1079 2396 1125; x_wconf 91' lang='lat' dir='ltr'><strong>sto</strong></span> <span class='ocrx_word' id='word_1_157' title='bbox 2424 1069 2525 1123; x_wconf 84' lang='lat' dir='ltr'><strong>lrui</strong></span> <span class='ocrx_word' id='word_1_158' title='bbox 2556 1068 2813 1138; x_wconf 82' lang='lat' dir='ltr'><strong>cupiunt?</strong></span> <span class='ocrx_word' id='word_1_159' title='bbox 2837 1064 3056 1122; x_wconf 84' lang='lat' dir='ltr'><strong>Christo</strong></span> <span class='ocrx_word' id='word_1_160' title='bbox 3084 1066 3355 1120; x_wconf 90' lang='lat' dir='ltr'><strong>fruuntur.</strong></span> <span class='ocrx_word' id='word_1_161' title='bbox 3384 1065 3546 1122; x_wconf 82' lang='lat' dir='ltr'><strong>Vitam</strong></span> <span class='ocrx_word' id='word_1_162' title='bbox 3567 1071 3704 1124; x_wconf 83' lang='lat' dir='ltr'><strong>eremi</strong></span> <span class='ocrx_word' id='word_1_163' title='bbox 3728 1073 3807 1128; x_wconf 82' lang='lat' dir='ltr'><strong>adi-</strong></span> 
     </span>
    </p>
   </div>
   <div class='ocr_carea' id='block_1_25' title="bbox 2310 1156 3808 1233">
    <p class='ocr_par' dir='ltr' id='par_1_25' title="bbox 2310 1156 3808 1233">
     <span class='ocr_line' id='line_1_25' title="bbox 2310 1156 3808 1233; baseline 0.001 -16"><span class='ocrx_word' id='word_1_164' title='bbox 2310 1161 2443 1233; x_wconf 86' lang='lat' dir='ltr'><strong>pisci</strong></span> <span class='ocrx_word' id='word_1_165' title='bbox 2470 1160 2741 1231; x_wconf 80' lang='lat' dir='ltr'><strong>gestiunt?</strong></span> <span class='ocrx_word' id='word_1_166' title='bbox 2764 1158 2931 1215; x_wconf 92' lang='lat' dir='ltr'><strong>corde</strong></span> <span class='ocrx_word' id='word_1_167' title='bbox 2960 1157 3359 1228; x_wconf 84' lang='lat' dir='ltr'><strong>adipiscuntur.</strong></span> <span class='ocrx_word' id='word_1_168' title='bbox 3410 1156 3481 1213; x_wconf 84' lang='lat' dir='ltr'><strong>Ita</strong></span> <span class='ocrx_word' id='word_1_169' title='bbox 3514 1174 3600 1228; x_wconf 92' lang='lat' dir='ltr'><strong>per</strong></span> <span class='ocrx_word' id='word_1_170' title='bbox 3632 1162 3808 1232; x_wconf 83' lang='lat' dir='ltr'><strong>largissi-</strong></span> 
     </span>
    </p>
   </div>
   <div class='ocr_carea' id='block_1_26' title="bbox 2313 1249 3806 1324">
    <p class='ocr_par' dir='ltr' id='par_1_26' title="bbox 2313 1249 3806 1324">
     <span class='ocr_line' id='line_1_26' title="bbox 2313 1249 3806 1324; baseline 0.001 -14"><span class='ocrx_word' id='word_1_171' title='bbox 2313 1270 2453 1310; x_wconf 92' lang='lat' dir='ltr'><strong>mam</strong></span> <span class='ocrx_word' id='word_1_172' title='bbox 2497 1253 2727 1324; x_wconf 88' lang='lat' dir='ltr'><strong>gratiam</strong></span> <span class='ocrx_word' id='word_1_173' title='bbox 2755 1250 2977 1315; x_wconf 88' lang='lat' dir='ltr'><strong>Christi,</strong></span> <span class='ocrx_word' id='word_1_174' title='bbox 3023 1250 3191 1305; x_wconf 90' lang='lat' dir='ltr'><strong>multa</strong></span> <span class='ocrx_word' id='word_1_175' title='bbox 3219 1265 3284 1305; x_wconf 86' lang='lat' dir='ltr'><strong>ex</strong></span> <span class='ocrx_word' id='word_1_176' title='bbox 3315 1249 3396 1304; x_wconf 90' lang='lat' dir='ltr'><strong>his</strong></span> <span class='ocrx_word' id='word_1_177' title='bbox 3422 1266 3536 1320; x_wconf 72' lang='lat' dir='ltr'><strong>qua:</strong></span> <span class='ocrx_word' id='word_1_178' title='bbox 3561 1252 3608 1305; x_wconf 94' lang='lat' dir='ltr'><strong>in</strong></span> <span class='ocrx_word' id='word_1_179' title='bbox 3635 1255 3806 1311; x_wconf 82' lang='lat' dir='ltr'><strong>futurum</strong></span> 
     </span>
    </p>
   </div>
   <div class='ocr_carea' id='block_1_27' title="bbox 2312 1343 3808 1418">
    <p class='ocr_par' dir='ltr' id='par_1_27' title="bbox 2312 1343 3808 1418">
     <span class='ocr_line' id='line_1_27' title="bbox 2312 1343 3808 1418; baseline 0 -16"><span class='ocrx_word' id='word_1_180' title='bbox 2312 1356 2591 1418; x_wconf 82' lang='lat' dir='ltr'><strong>exoptant,</strong></span> <span class='ocrx_word' id='word_1_181' title='bbox 2636 1345 2688 1400; x_wconf 96' lang='lat' dir='ltr'><strong>in</strong></span> <span class='ocrx_word' id='word_1_182' title='bbox 2736 1343 3153 1415; x_wconf 60' lang='lat' dir='ltr'><strong>praesentiarum</strong></span> <span class='ocrx_word' id='word_1_183' title='bbox 3212 1352 3501 1398; x_wconf 89' lang='lat' dir='ltr'><strong>merentur.</strong></span> <span class='ocrx_word' id='word_1_184' title='bbox 3545 1344 3660 1398; x_wconf 82' lang='lat' dir='ltr'><strong>Rem</strong></span> <span class='ocrx_word' id='word_1_185' title='bbox 3693 1361 3808 1415; x_wconf 86' lang='lat' dir='ltr'><strong>porro</strong></span> 
     </span>
    </p>
   </div>
   <div class='ocr_carea' id='block_1_28' title="bbox 2307 1433 3809 1510">
    <p class='ocr_par' dir='ltr' id='par_1_28' title="bbox 2307 1433 3809 1510">
     <span class='ocr_line' id='line_1_28' title="bbox 2307 1433 3809 1510; baseline -0.002 -17"><span class='ocrx_word' id='word_1_186' title='bbox 2307 1440 2418 1510; x_wconf 90' lang='lat' dir='ltr'><strong>jam</strong></span> <span class='ocrx_word' id='word_1_187' title='bbox 2450 1439 2689 1507; x_wconf 89' lang='lat' dir='ltr'><strong>capiunt,</strong></span> <span class='ocrx_word' id='word_1_188' title='bbox 2716 1436 2847 1491; x_wconf 91' lang='lat' dir='ltr'><strong>dum</strong></span> <span class='ocrx_word' id='word_1_189' title='bbox 2876 1450 3028 1505; x_wconf 77' lang='lat' dir='ltr'><strong>Spem</strong></span> <span class='ocrx_word' id='word_1_190' title='bbox 3058 1443 3379 1504; x_wconf 86' lang='lat' dir='ltr'><strong>sequuntur.</strong></span> <span class='ocrx_word' id='word_1_191' title='bbox 3404 1433 3599 1488; x_wconf 83' lang='lat' dir='ltr'><strong>Habent</strong></span> <span class='ocrx_word' id='word_1_192' title='bbox 3622 1452 3705 1490; x_wconf 89' lang='lat' dir='ltr'><strong>non</strong></span> <span class='ocrx_word' id='word_1_193' title='bbox 3724 1452 3809 1506; x_wconf 79' lang='lat' dir='ltr'><strong>par-</strong></span> 
     </span>
    </p>
   </div>
   <div class='ocr_carea' id='block_1_29' title="bbox 2314 1525 3809 1602">
    <p class='ocr_par' dir='ltr' id='par_1_29' title="bbox 2314 1525 3809 1602">
     <span class='ocr_line' id='line_1_29' title="bbox 2314 1525 3809 1602; baseline -0.001 -15"><span class='ocrx_word' id='word_1_194' title='bbox 2314 1550 2464 1602; x_wconf 88' lang='lat' dir='ltr'><strong>vum,</strong></span> <span class='ocrx_word' id='word_1_195' title='bbox 2497 1532 2661 1588; x_wconf 90' lang='lat' dir='ltr'><strong>etiam</strong></span> <span class='ocrx_word' id='word_1_196' title='bbox 2689 1531 2873 1585; x_wconf 89' lang='lat' dir='ltr'><strong>labore</strong></span> <span class='ocrx_word' id='word_1_197' title='bbox 2911 1529 3032 1599; x_wconf 89' lang='lat' dir='ltr'><strong>ipso</strong></span> <span class='ocrx_word' id='word_1_198' title='bbox 3065 1527 3330 1598; x_wconf 88' lang='lat' dir='ltr'><strong>premium</strong></span> <span class='ocrx_word' id='word_1_199' title='bbox 3353 1525 3561 1594; x_wconf 90' lang='lat' dir='ltr'><strong>laboris,</strong></span> <span class='ocrx_word' id='word_1_200' title='bbox 3589 1528 3691 1597; x_wconf 90' lang='lat' dir='ltr'><strong>quia</strong></span> <span class='ocrx_word' id='word_1_201' title='bbox 3712 1544 3809 1598; x_wconf 84' lang='lat' dir='ltr'><strong>pene</strong></span> 
     </span>
    </p>
   </div>
   <div class='ocr_carea' id='block_1_30' title="bbox 2312 1619 3383 1696">
    <p class='ocr_par' dir='ltr' id='par_1_30' title="bbox 2312 1619 3383 1696">
     <span class='ocr_line' id='line_1_30' title="bbox 2312 1619 3383 1696; baseline -0.008 -15"><span class='ocrx_word' id='word_1_202' title='bbox 2312 1626 2423 1696; x_wconf 88' lang='lat' dir='ltr'><strong>jam</strong></span> <span class='ocrx_word' id='word_1_203' title='bbox 2458 1627 2511 1680; x_wconf 86' lang='lat' dir='ltr'><strong>in</strong></span> <span class='ocrx_word' id='word_1_204' title='bbox 2544 1639 2709 1694; x_wconf 91' lang='lat' dir='ltr'><strong>opere</strong></span> <span class='ocrx_word' id='word_1_205' title='bbox 2728 1630 2833 1687; x_wconf 90' lang='lat' dir='ltr'><strong>est,</strong></span> <span class='ocrx_word' id='word_1_206' title='bbox 2859 1620 3001 1692; x_wconf 92' lang='lat' dir='ltr'><strong>quod</strong></span> <span class='ocrx_word' id='word_1_207' title='bbox 3030 1634 3240 1674; x_wconf 88' lang='lat' dir='ltr'><strong>merces</strong></span> <span class='ocrx_word' id='word_1_208' title='bbox 3264 1619 3383 1672; x_wconf 90' lang='lat' dir='ltr'><strong>erit.</strong></span> 
     </span>
    </p>
   </div>
   <div class='ocr_carea' id='block_1_31' title="bbox 2386 1709 3810 1780">
    <p class='ocr_par' dir='ltr' id='par_1_31' title="bbox 2386 1709 3810 1780">
     <span class='ocr_line' id='line_1_31' title="bbox 2386 1709 3810 1780; baseline -0.004 -9"><span class='ocrx_word' id='word_1_209' title='bbox 2386 1718 2478 1771; x_wconf 73' lang='lat' dir='ltr'><strong>N.</strong></span> <span class='ocrx_word' id='word_1_210' title='bbox 2510 1716 2711 1771; x_wconf 85' lang='lat' dir='ltr'><strong>Horum</strong></span> <span class='ocrx_word' id='word_1_211' title='bbox 2746 1724 2826 1780; x_wconf 91' lang='lat' dir='ltr'><strong>tu,</strong></span> <span class='ocrx_word' id='word_1_212' title='bbox 2856 1712 2929 1769; x_wconf 89' lang='lat' dir='ltr'><strong>mi</strong></span> <span class='ocrx_word' id='word_1_213' title='bbox 2971 1712 3139 1767; x_wconf 84' lang='lat' dir='ltr'><strong>Hilari</strong></span> <span class='ocrx_word' id='word_1_214' title='bbox 3183 1709 3515 1773; x_wconf 80' lang='lat' dir='ltr'><strong>cliarissime,</strong></span> <span class='ocrx_word' id='word_1_215' title='bbox 3542 1709 3739 1765; x_wconf 83' lang='lat' dir='ltr'><strong>redditus</strong></span> <span class='ocrx_word' id='word_1_216' title='bbox 3758 1712 3810 1766; x_wconf 83' lang='lat' dir='ltr'><strong>in-</strong></span> 
     </span>
    </p>
   </div>
   <div class='ocr_carea' id='block_1_32' title="bbox 634 1802 3809 1881">
    <p class='ocr_par' dir='ltr' id='par_1_32' title="bbox 634 1802 3809 1881">
     <span class='ocr_line' id='line_1_32' title="bbox 634 1802 3809 1881; baseline -0.003 -14"><span class='ocrx_word' id='word_1_217' title='bbox 634 1806 833 1861; x_wconf 68' lang='lat' dir='ltr'><strong>meruit</strong></span> <span class='ocrx_word' id='word_1_218' title='bbox 855 1805 1073 1861; x_wconf 76' lang='lat' dir='ltr'><strong>adSCiri-</strong></span> <span class='ocrx_word' id='word_1_219' title='bbox 1108 1805 1233 1859; x_wconf 65' lang='lat'><strong>“32¢</strong></span> <span class='ocrx_word' id='word_1_220' title='bbox 1269 1804 1551 1861; x_wconf 64' lang='lat' dir='ltr'><strong>reverendi</strong></span> <span class='ocrx_word' id='word_1_221' title='bbox 1596 1804 1835 1860; x_wconf 76' lang='lat' dir='ltr'><strong>nominis</strong></span> <span class='ocrx_word' id='word_1_222' title='bbox 1865 1807 2096 1875; x_wconf 80' lang='lat' dir='ltr'><strong>Lupum,</strong></span> <span class='ocrx_word' id='word_1_223' title='bbox 2124 1804 2214 1877; x_wconf 82' lang='lat' dir='ltr'><strong>qui</strong></span> <span class='ocrx_word' id='word_1_224' title='bbox 2244 1808 2293 1869; x_wconf 89' lang='lat' dir='ltr'><strong>B</strong></span> <span class='ocrx_word' id='word_1_225' title='bbox 2319 1819 2605 1881; x_wconf 90' lang='lat' dir='ltr'><strong>sertusque</strong></span> <span class='ocrx_word' id='word_1_226' title='bbox 2634 1806 2932 1871; x_wconf 89' lang='lat' dir='ltr'><strong>consortio,</strong></span> <span class='ocrx_word' id='word_1_227' title='bbox 2957 1805 3247 1876; x_wconf 90' lang='lat' dir='ltr'><strong>plurimum</strong></span> <span class='ocrx_word' id='word_1_228' title='bbox 3275 1802 3391 1869; x_wconf 91' lang='lat' dir='ltr'><strong>tibi,</strong></span> <span class='ocrx_word' id='word_1_229' title='bbox 3416 1802 3675 1871; x_wconf 91' lang='lat' dir='ltr'><strong>plurimum</strong></span> <span class='ocrx_word' id='word_1_230' title='bbox 3696 1805 3809 1859; x_wconf 82' lang='lat' dir='ltr'><strong>etiam</strong></span> 
     </span>
    </p>
   </div>
   <div class='ocr_carea' id='block_1_33' title="bbox 632 1895 2212 1967">
    <p class='ocr_par' dir='ltr' id='par_1_33' title="bbox 632 1895 2212 1967">
     <span class='ocr_line' id='line_1_33' title="bbox 632 1895 2212 1967; baseline -0.002 -14"><span class='ocrx_word' id='word_1_231' title='bbox 632 1898 794 1953; x_wconf 90' lang='lat' dir='ltr'><strong>nobis</strong></span> <span class='ocrx_word' id='word_1_232' title='bbox 822 1898 968 1953; x_wconf 89' lang='lat' dir='ltr'><strong>illum</strong></span> <span class='ocrx_word' id='word_1_233' title='bbox 1003 1913 1070 1953; x_wconf 82' lang='lat' dir='ltr'><strong>ex</strong></span> <span class='ocrx_word' id='word_1_234' title='bbox 1100 1897 1243 1953; x_wconf 92' lang='lat' dir='ltr'><strong>tribu</strong></span> <span class='ocrx_word' id='word_1_235' title='bbox 1287 1897 1565 1967; x_wconf 91' lang='lat' dir='ltr'><strong>Benjamin</strong></span> <span class='ocrx_word' id='word_1_236' title='bbox 1605 1897 1790 1965; x_wconf 91' lang='lat' dir='ltr'><strong>lupum</strong></span> <span class='ocrx_word' id='word_1_237' title='bbox 1837 1897 2040 1952; x_wconf 91' lang='lat' dir='ltr'><strong>retulit.</strong></span> <span class='ocrx_word' id='word_1_238' title='bbox 2088 1895 2212 1950; x_wconf 69' lang='lat' dir='ltr'><strong>Haec</strong></span> 
     </span>
    </p>
   </div>
   <div class='ocr_carea' id='block_1_34' title="bbox 632 1988 2210 2061">
    <p class='ocr_par' dir='ltr' id='par_1_34' title="bbox 632 1988 2210 2061">
     <span class='ocr_line' id='line_1_34' title="bbox 632 1988 2210 2061; baseline -0.003 -16"><span class='ocrx_word' id='word_1_239' title='bbox 632 1990 822 2046; x_wconf 88' lang='lat' dir='ltr'><strong>habuit</strong></span> <span class='ocrx_word' id='word_1_240' title='bbox 846 2005 1161 2061; x_wconf 88' lang='lat' dir='ltr'><strong>germanum</strong></span> <span class='ocrx_word' id='word_1_241' title='bbox 1186 1989 1307 2059; x_wconf 87' lang='lat' dir='ltr'><strong>ejus</strong></span> <span class='ocrx_word' id='word_1_242' title='bbox 1327 1988 1689 2057; x_wconf 82' lang='lat' dir='ltr'><strong>Vincentium,</strong></span> <span class='ocrx_word' id='word_1_243' title='bbox 1710 1991 1925 2045; x_wconf 86' lang='lat' dir='ltr'><strong>interno</strong></span> <span class='ocrx_word' id='word_1_244' title='bbox 1946 2003 2210 2059; x_wconf 85' lang='lat' dir='ltr'><strong>gemmam</strong></span> 
     </span>
    </p>
   </div>
   <div class='ocr_carea' id='block_1_35' title="bbox 630 2079 2212 2152">
    <p class='ocr_par' dir='ltr' id='par_1_35' title="bbox 630 2079 2212 2152">
     <span class='ocr_line' id='line_1_35' title="bbox 630 2079 2212 2152; baseline -0.002 -17"><span class='ocrx_word' id='word_1_245' title='bbox 630 2082 919 2152; x_wconf 86' lang='lat' dir='ltr'><strong>splendore</strong></span> <span class='ocrx_word' id='word_1_246' title='bbox 965 2079 1331 2151; x_wconf 84' lang='lat' dir='ltr'><strong>perspicuam.</strong></span> <span class='ocrx_word' id='word_1_247' title='bbox 1382 2080 1507 2135; x_wconf 74' lang='lat' dir='ltr'><strong>Haec</strong></span> <span class='ocrx_word' id='word_1_248' title='bbox 1556 2080 1800 2150; x_wconf 90' lang='lat' dir='ltr'><strong>possidet</strong></span> <span class='ocrx_word' id='word_1_249' title='bbox 1845 2079 2212 2135; x_wconf 86' lang='lat' dir='ltr'><strong>venerabilem</strong></span> 
     </span>
    </p>
   </div>
   <div class='ocr_carea' id='block_1_36' title="bbox 629 2170 2214 2243">
    <p class='ocr_par' dir='ltr' id='par_1_36' title="bbox 629 2170 2214 2243">
     <span class='ocr_line' id='line_1_36' title="bbox 629 2170 2214 2243; baseline 0 -16"><span class='ocrx_word' id='word_1_250' title='bbox 629 2175 894 2243; x_wconf 83' lang='lat' dir='ltr'><strong>gravitate</strong></span> <span class='ocrx_word' id='word_1_251' title='bbox 922 2170 1269 2242; x_wconf 89' lang='lat' dir='ltr'><strong>Caprasium,</strong></span> <span class='ocrx_word' id='word_1_252' title='bbox 1296 2172 1573 2228; x_wconf 81' lang='lat' dir='ltr'><strong>veteribus</strong></span> <span class='ocrx_word' id='word_1_253' title='bbox 1601 2172 1805 2227; x_wconf 87' lang='lat' dir='ltr'><strong>sanctis</strong></span> <span class='ocrx_word' id='word_1_254' title='bbox 1848 2186 2052 2243; x_wconf 92' lang='lat' dir='ltr'><strong>parem.</strong></span> <span class='ocrx_word' id='word_1_255' title='bbox 2088 2172 2214 2227; x_wconf 74' lang='lat' dir='ltr'><strong>Hmc</strong></span> 
     </span>
    </p>
   </div>
   <div class='ocr_carea' id='block_1_37' title="bbox 633 2264 2216 2335">
    <p class='ocr_par' dir='ltr' id='par_1_37' title="bbox 633 2264 2216 2335">
     <span class='ocr_line' id='line_1_37' title="bbox 633 2264 2216 2335; baseline 0.001 -18"><span class='ocrx_word' id='word_1_256' title='bbox 633 2280 774 2318; x_wconf 88' lang='lat' dir='ltr'><strong>nunc</strong></span> <span class='ocrx_word' id='word_1_257' title='bbox 817 2264 978 2319; x_wconf 89' lang='lat' dir='ltr'><strong>habet</strong></span> <span class='ocrx_word' id='word_1_258' title='bbox 1016 2273 1234 2320; x_wconf 89' lang='lat' dir='ltr'><strong>sanctos</strong></span> <span class='ocrx_word' id='word_1_259' title='bbox 1264 2278 1425 2319; x_wconf 87' lang='lat' dir='ltr'><strong>senes</strong></span> <span class='ocrx_word' id='word_1_260' title='bbox 1458 2265 1601 2331; x_wconf 86' lang='lat' dir='ltr'><strong>illos,</strong></span> <span class='ocrx_word' id='word_1_261' title='bbox 1654 2267 1743 2335; x_wconf 90' lang='lat' dir='ltr'><strong>qui</strong></span> <span class='ocrx_word' id='word_1_262' title='bbox 1790 2264 1979 2321; x_wconf 88' lang='lat' dir='ltr'><strong>divisis</strong></span> <span class='ocrx_word' id='word_1_263' title='bbox 2006 2264 2216 2320; x_wconf 88' lang='lat' dir='ltr'><strong>cellulis</strong></span> 
     </span>
    </p>
   </div>
   <div class='ocr_carea' id='block_1_38' title="bbox 634 2356 1915 2427">
    <p class='ocr_par' dir='ltr' id='par_1_38' title="bbox 634 2356 1915 2427">
     <span class='ocr_line' id='line_1_38' title="bbox 634 2356 1915 2427; baseline 0 -16"><span class='ocrx_word' id='word_1_264' title='bbox 634 2356 913 2427; x_wconf 61' lang='lat' dir='ltr'><strong>[Egyptius</strong></span> <span class='ocrx_word' id='word_1_265' title='bbox 942 2356 1132 2413; x_wconf 86' lang='lat' dir='ltr'><strong>Patres</strong></span> <span class='ocrx_word' id='word_1_266' title='bbox 1163 2357 1333 2413; x_wconf 86' lang='lat' dir='ltr'><strong>Gallis</strong></span> <span class='ocrx_word' id='word_1_267' title='bbox 1361 2360 1564 2412; x_wconf 91' lang='lat' dir='ltr'><strong>nostris</strong></span> <span class='ocrx_word' id='word_1_268' title='bbox 1594 2358 1915 2414; x_wconf 88' lang='lat' dir='ltr'><strong>intulerunt.</strong></span> 
     </span>
    </p>
   </div>
   <div class='ocr_carea' id='block_1_39' title="bbox 703 2447 2214 2520">
    <p class='ocr_par' dir='ltr' id='par_1_39' title="bbox 703 2447 2214 2520">
     <span class='ocr_line' id='line_1_39' title="bbox 703 2447 2214 2520; baseline 0.002 -17"><span class='ocrx_word' id='word_1_269' title='bbox 703 2447 795 2504; x_wconf 75' lang='grc'><strong>45.</strong></span> <span class='ocrx_word' id='word_1_270' title='bbox 827 2449 975 2517; x_wconf 86' lang='lat' dir='ltr'><strong>Quos</strong></span> <span class='ocrx_word' id='word_1_271' title='bbox 1013 2464 1113 2520; x_wconf 90' lang='lat' dir='ltr'><strong>ego</strong></span> <span class='ocrx_word' id='word_1_272' title='bbox 1153 2449 1281 2516; x_wconf 90' lang='lat' dir='ltr'><strong>illic,</strong></span> <span class='ocrx_word' id='word_1_273' title='bbox 1318 2449 1447 2504; x_wconf 83' lang='lat' dir='ltr'><strong>Jesu</strong></span> <span class='ocrx_word' id='word_1_274' title='bbox 1481 2450 1642 2517; x_wconf 92' lang='lat' dir='ltr'><strong>bone,</strong></span> <span class='ocrx_word' id='word_1_275' title='bbox 1675 2459 1987 2505; x_wconf 88' lang='lat' dir='ltr'><strong>sanctorum</strong></span> <span class='ocrx_word' id='word_1_276' title='bbox 2010 2460 2214 2517; x_wconf 73' lang='lat' dir='ltr'><strong>ccetus,</strong></span> 
     </span>
    </p>
   </div>
   <div class='ocr_carea' id='block_1_40' title="bbox 634 2541 2215 2615">
    <p class='ocr_par' dir='ltr' id='par_1_40' title="bbox 634 2541 2215 2615">
     <span class='ocr_line' id='line_1_40' title="bbox 634 2541 2215 2615; baseline 0.004 -20"><span class='ocrx_word' id='word_1_277' title='bbox 634 2550 1044 2612; x_wconf 84' lang='lat' dir='ltr'><strong>conventusque</strong></span> <span class='ocrx_word' id='word_1_278' title='bbox 1065 2541 1172 2597; x_wconf 91' lang='lat' dir='ltr'><strong>vidi</strong></span> <span class='ocrx_word' id='word_1_279' title='bbox 1196 2544 1211 2598; x_wconf 85' lang='lat'><strong>!</strong></span> <span class='ocrx_word' id='word_1_280' title='bbox 1261 2541 1502 2598; x_wconf 89' lang='lat' dir='ltr'><strong>Pretiosa</strong></span> <span class='ocrx_word' id='word_1_281' title='bbox 1536 2543 1589 2598; x_wconf 92' lang='lat' dir='ltr'><strong>in</strong></span> <span class='ocrx_word' id='word_1_282' title='bbox 1616 2542 1701 2599; x_wconf 90' lang='lat' dir='ltr'><strong>his</strong></span> <span class='ocrx_word' id='word_1_283' title='bbox 1730 2545 1883 2599; x_wconf 85' lang='lat' dir='ltr'><strong>suavi</strong></span> <span class='ocrx_word' id='word_1_284' title='bbox 1913 2545 2215 2615; x_wconf 87' lang='lat' dir='ltr'><strong>unguedine</strong></span> 
     </span>
    </p>
   </div>
   <div class='ocr_carea' id='block_1_41' title="bbox 634 2633 2213 2706">
    <p class='ocr_par' dir='ltr' id='par_1_41' title="bbox 634 2633 2213 2706">
     <span class='ocr_line' id='line_1_41' title="bbox 634 2633 2213 2706; baseline 0.003 -19"><span class='ocrx_word' id='word_1_285' title='bbox 634 2634 963 2688; x_wconf 90' lang='lat' dir='ltr'><strong>alabastrum</strong></span> <span class='ocrx_word' id='word_1_286' title='bbox 994 2633 1307 2703; x_wconf 86' lang='lat' dir='ltr'><strong>fragrabant</strong></span> <span class='ocrx_word' id='word_1_287' title='bbox 1335 2652 1347 2686; x_wconf 91' lang='lat'><strong>:</strong></span> <span class='ocrx_word' id='word_1_288' title='bbox 1395 2634 1641 2704; x_wconf 86' lang='lat' dir='ltr'><strong>spirabat</strong></span> <span class='ocrx_word' id='word_1_289' title='bbox 1669 2636 1870 2706; x_wconf 88' lang='lat' dir='ltr'><strong>passim</strong></span> <span class='ocrx_word' id='word_1_290' title='bbox 1907 2636 2043 2691; x_wconf 90' lang='lat' dir='ltr'><strong>odor</strong></span> <span class='ocrx_word' id='word_1_291' title='bbox 2071 2637 2213 2691; x_wconf 64' lang='lat' dir='ltr'><strong>vitae.</strong></span> 
     </span>
    </p>
   </div>
   <div class='ocr_carea' id='block_1_42' title="bbox 633 2725 2214 2799">
    <p class='ocr_par' dir='ltr' id='par_1_42' title="bbox 633 2725 2214 2799">
     <span class='ocr_line' id='line_1_42' title="bbox 633 2725 2214 2799; baseline 0.002 -19"><span class='ocrx_word' id='word_1_292' title='bbox 633 2725 915 2781; x_wconf 90' lang='lat' dir='ltr'><strong>lnterioris</strong></span> <span class='ocrx_word' id='word_1_293' title='bbox 946 2726 1178 2781; x_wconf 90' lang='lat' dir='ltr'><strong>hominis</strong></span> <span class='ocrx_word' id='word_1_294' title='bbox 1208 2725 1427 2794; x_wconf 81' lang='lat' dir='ltr'><strong>faciem,</strong></span> <span class='ocrx_word' id='word_1_295' title='bbox 1460 2728 1747 2783; x_wconf 80' lang='lat' dir='ltr'><strong>exterioris</strong></span> <span class='ocrx_word' id='word_1_296' title='bbox 1786 2727 1970 2783; x_wconf 87' lang='lat' dir='ltr'><strong>habitu</strong></span> <span class='ocrx_word' id='word_1_297' title='bbox 2014 2728 2214 2799; x_wconf 60' lang='lat' dir='ltr'><strong>praefe-</strong></span> 
     </span>
    </p>
   </div>
   <div class='ocr_carea' id='block_1_43' title="bbox 633 2817 2218 2891">
    <p class='ocr_par' dir='ltr' id='par_1_43' title="bbox 633 2817 2218 2891">
     <span class='ocr_line' id='line_1_43' title="bbox 633 2817 2218 2891; baseline 0.003 -20"><span class='ocrx_word' id='word_1_298' title='bbox 633 2817 858 2872; x_wconf 86' lang='lat' dir='ltr'><strong>rebant:</strong></span> <span class='ocrx_word' id='word_1_299' title='bbox 888 2818 1169 2873; x_wconf 90' lang='lat' dir='ltr'><strong>constricti</strong></span> <span class='ocrx_word' id='word_1_300' title='bbox 1190 2819 1479 2888; x_wconf 88' lang='lat' dir='ltr'><strong>charitate,</strong></span> <span class='ocrx_word' id='word_1_301' title='bbox 1514 2820 1816 2875; x_wconf 90' lang='lat' dir='ltr'><strong>humilitate</strong></span> <span class='ocrx_word' id='word_1_302' title='bbox 1834 2820 2051 2891; x_wconf 91' lang='lat' dir='ltr'><strong>dejecti,</strong></span> <span class='ocrx_word' id='word_1_303' title='bbox 2081 2824 2218 2875; x_wconf 86' lang='lat' dir='ltr'><strong>mol-</strong></span> 
     </span>
    </p>
   </div>
   <div class='ocr_carea' id='block_1_44' title="bbox 634 2910 2215 2981">
    <p class='ocr_par' dir='ltr' id='par_1_44' title="bbox 634 2910 2215 2981">
     <span class='ocr_line' id='line_1_44' title="bbox 634 2910 2215 2981; baseline 0.001 -18"><span class='ocrx_word' id='word_1_304' title='bbox 634 2910 821 2965; x_wconf 85' lang='lat' dir='ltr'><strong>lissitni</strong></span> <span class='ocrx_word' id='word_1_305' title='bbox 867 2910 1092 2980; x_wconf 88' lang='lat' dir='ltr'><strong>pietate,</strong></span> <span class='ocrx_word' id='word_1_306' title='bbox 1145 2910 1441 2966; x_wconf 83' lang='lat' dir='ltr'><strong>firmissimi</strong></span> <span class='ocrx_word' id='word_1_307' title='bbox 1468 2912 1521 2965; x_wconf 93' lang='lat' dir='ltr'><strong>in</strong></span> <span class='ocrx_word' id='word_1_308' title='bbox 1551 2926 1670 2981; x_wconf 89' lang='lat' dir='ltr'><strong>spe,</strong></span> <span class='ocrx_word' id='word_1_309' title='bbox 1703 2913 1918 2967; x_wconf 91' lang='lat' dir='ltr'><strong>incessu</strong></span> <span class='ocrx_word' id='word_1_310' title='bbox 1960 2912 2215 2977; x_wconf 88' lang='lat' dir='ltr'><strong>modesti,</strong></span> 
     </span>
    </p>
   </div>
   <div class='ocr_carea' id='block_1_45' title="bbox 631 3003 2217 3077">
    <p class='ocr_par' dir='ltr' id='par_1_45' title="bbox 631 3003 2217 3077">
     <span class='ocr_line' id='line_1_45' title="bbox 631 3003 2217 3077; baseline 0.003 -20"><span class='ocrx_word' id='word_1_311' title='bbox 631 3003 935 3058; x_wconf 85' lang='lat' dir='ltr'><strong>obedientia</strong></span> <span class='ocrx_word' id='word_1_312' title='bbox 963 3005 1078 3071; x_wconf 89' lang='lat' dir='ltr'><strong>citi,</strong></span> <span class='ocrx_word' id='word_1_313' title='bbox 1108 3019 1341 3059; x_wconf 90' lang='lat' dir='ltr'><strong>occursu</strong></span> <span class='ocrx_word' id='word_1_314' title='bbox 1372 3005 1542 3072; x_wconf 90' lang='lat' dir='ltr'><strong>taciti,</strong></span> <span class='ocrx_word' id='word_1_315' title='bbox 1576 3006 1727 3060; x_wconf 88' lang='lat' dir='ltr'><strong>vultu</strong></span> <span class='ocrx_word' id='word_1_316' title='bbox 1753 3007 1961 3072; x_wconf 88' lang='lat' dir='ltr'><strong>sereni;</strong></span> <span class='ocrx_word' id='word_1_317' title='bbox 1994 3021 2217 3077; x_wconf 88' lang='lat' dir='ltr'><strong>prorsus</strong></span> 
     </span>
    </p>
   </div>
   <div class='ocr_carea' id='block_1_46' title="bbox 631 3096 2214 3170">
    <p class='ocr_par' dir='ltr' id='par_1_46' title="bbox 631 3096 2214 3170">
     <span class='ocr_line' id='line_1_46' title="bbox 631 3096 2214 3170; baseline 0.004 -21"><span class='ocrx_word' id='word_1_318' title='bbox 631 3096 743 3165; x_wconf 88' lang='lat' dir='ltr'><strong>ipsa</strong></span> <span class='ocrx_word' id='word_1_319' title='bbox 769 3098 1013 3165; x_wconf 89' lang='lat' dir='ltr'><strong>protinus</strong></span> <span class='ocrx_word' id='word_1_320' title='bbox 1042 3098 1499 3168; x_wconf 86' lang='lat' dir='ltr'><strong>contemplatione</strong></span> <span class='ocrx_word' id='word_1_321' title='bbox 1521 3100 1777 3169; x_wconf 66' lang='lat' dir='ltr'><strong>angelicae</strong></span> <span class='ocrx_word' id='word_1_322' title='bbox 1800 3100 2001 3170; x_wconf 90' lang='lat' dir='ltr'><strong>quietis</strong></span> <span class='ocrx_word' id='word_1_323' title='bbox 2023 3114 2214 3170; x_wconf 85' lang='lat' dir='ltr'><strong>agmen</strong></span> 
     </span>
    </p>
   </div>
   <div class='ocr_carea' id='block_1_47' title="bbox 2318 1896 3812 1971">
    <p class='ocr_par' dir='ltr' id='par_1_47' title="bbox 2318 1896 3812 1971">
     <span class='ocr_line' id='line_1_47' title="bbox 2318 1896 3812 1971; baseline -0.005 -10"><span class='ocrx_word' id='word_1_324' title='bbox 2318 1905 2426 1961; x_wconf 91' lang='lat' dir='ltr'><strong>illis</strong></span> <span class='ocrx_word' id='word_1_325' title='bbox 2454 1903 2758 1969; x_wconf 91' lang='lat' dir='ltr'><strong>contulisti,</strong></span> <span class='ocrx_word' id='word_1_326' title='bbox 2795 1902 2888 1971; x_wconf 93' lang='lat' dir='ltr'><strong>qui</strong></span> <span class='ocrx_word' id='word_1_327' title='bbox 2914 1916 3055 1955; x_wconf 91' lang='lat' dir='ltr'><strong>nunc</strong></span> <span class='ocrx_word' id='word_1_328' title='bbox 3085 1914 3182 1969; x_wconf 92' lang='lat' dir='ltr'><strong>pro</strong></span> <span class='ocrx_word' id='word_1_329' title='bbox 3203 1898 3379 1954; x_wconf 87' lang='lat' dir='ltr'><strong>reditu</strong></span> <span class='ocrx_word' id='word_1_330' title='bbox 3403 1906 3490 1951; x_wconf 92' lang='lat' dir='ltr'><strong>tuo</strong></span> <span class='ocrx_word' id='word_1_331' title='bbox 3528 1896 3667 1951; x_wconf 85' lang='lat' dir='ltr'><strong>alacri</strong></span> <span class='ocrx_word' id='word_1_332' title='bbox 3685 1900 3812 1954; x_wconf 83' lang='lat' dir='ltr'><strong>exsul-</strong></span> 
     </span>
    </p>
   </div>
   <div class='ocr_carea' id='block_1_48' title="bbox 2319 1990 3811 2065">
    <p class='ocr_par' dir='ltr' id='par_1_48' title="bbox 2319 1990 3811 2065">
     <span class='ocr_line' id='line_1_48' title="bbox 2319 1990 3811 2065; baseline -0.004 -14"><span class='ocrx_word' id='word_1_333' title='bbox 2319 1996 2520 2051; x_wconf 88' lang='lat' dir='ltr'><strong>tatione</strong></span> <span class='ocrx_word' id='word_1_334' title='bbox 2564 1996 2834 2050; x_wconf 66' lang='lat' dir='ltr'><strong>laetantur.</strong></span> <span class='ocrx_word' id='word_1_335' title='bbox 2895 1992 3032 2048; x_wconf 88' lang='lat' dir='ltr'><strong>Cum</strong></span> <span class='ocrx_word' id='word_1_336' title='bbox 3086 1990 3196 2065; x_wconf 59' lang='lat' dir='ltr'><strong>his,</strong></span> <span class='ocrx_word' id='word_1_337' title='bbox 3249 1990 3503 2055; x_wconf 91' lang='lat' dir='ltr'><strong>obsecro,</strong></span> <span class='ocrx_word' id='word_1_338' title='bbox 3550 2000 3811 2059; x_wconf 87' lang='lat' dir='ltr'><strong>peccatorum</strong></span> 
     </span>
    </p>
   </div>
   <div class='ocr_carea' id='block_1_49' title="bbox 2318 2083 3814 2154">
    <p class='ocr_par' dir='ltr' id='par_1_49' title="bbox 2318 2083 3814 2154">
     <span class='ocr_line' id='line_1_49' title="bbox 2318 2083 3814 2154; baseline -0.003 -12"><span class='ocrx_word' id='word_1_339' title='bbox 2318 2103 2588 2154; x_wconf 88' lang='lat' dir='ltr'><strong>meorum,</strong></span> <span class='ocrx_word' id='word_1_340' title='bbox 2622 2085 3139 2154; x_wconf 88' lang='lat' dir='ltr'><strong>intercessionisque</strong></span> <span class='ocrx_word' id='word_1_341' title='bbox 3173 2083 3485 2138; x_wconf 89' lang='lat' dir='ltr'><strong>memoriam</strong></span> <span class='ocrx_word' id='word_1_342' title='bbox 3526 2098 3584 2138; x_wconf 91' lang='lat' dir='ltr'><strong>ne</strong></span> <span class='ocrx_word' id='word_1_343' title='bbox 3608 2084 3814 2138; x_wconf 82' lang='lat' dir='ltr'><strong>oblittera-</strong></span> 
     </span>
    </p>
   </div>
   <div class='ocr_carea' id='block_1_50' title="bbox 2319 2174 3813 2246">
    <p class='ocr_par' dir='ltr' id='par_1_50' title="bbox 2319 2174 3813 2246">
     <span class='ocr_line' id='line_1_50' title="bbox 2319 2174 3813 2246; baseline -0.003 -13"><span class='ocrx_word' id='word_1_344' title='bbox 2319 2181 2493 2246; x_wconf 85' lang='lat' dir='ltr'><strong>veris;</strong></span> <span class='ocrx_word' id='word_1_345' title='bbox 2526 2195 2647 2235; x_wconf 92' lang='lat' dir='ltr'><strong>cum</strong></span> <span class='ocrx_word' id='word_1_346' title='bbox 2676 2178 2782 2243; x_wconf 90' lang='lat' dir='ltr'><strong>his,</strong></span> <span class='ocrx_word' id='word_1_347' title='bbox 2809 2176 3048 2246; x_wconf 88' lang='lat' dir='ltr'><strong>inquam,</strong></span> <span class='ocrx_word' id='word_1_348' title='bbox 3074 2174 3277 2244; x_wconf 87' lang='lat' dir='ltr'><strong>quibus</strong></span> <span class='ocrx_word' id='word_1_349' title='bbox 3325 2174 3501 2228; x_wconf 89' lang='lat' dir='ltr'><strong>nescio</strong></span> <span class='ocrx_word' id='word_1_350' title='bbox 3528 2190 3586 2229; x_wconf 90' lang='lat' dir='ltr'><strong>an</strong></span> <span class='ocrx_word' id='word_1_351' title='bbox 3612 2174 3703 2243; x_wconf 88' lang='lat' dir='ltr'><strong>ipse</strong></span> <span class='ocrx_word' id='word_1_352' title='bbox 3726 2190 3813 2244; x_wconf 81' lang='lat' dir='ltr'><strong>gau-</strong></span> 
     </span>
    </p>
   </div>
   <div class='ocr_carea' id='block_1_51' title="bbox 2319 2268 3814 2345">
    <p class='ocr_par' dir='ltr' id='par_1_51' title="bbox 2319 2268 3814 2345">
     <span class='ocr_line' id='line_1_51' title="bbox 2319 2268 3814 2345; baseline -0.005 -14"><span class='ocrx_word' id='word_1_353' title='bbox 2319 2276 2393 2331; x_wconf 90' lang='lat' dir='ltr'><strong>dii</strong></span> <span class='ocrx_word' id='word_1_354' title='bbox 2423 2275 2544 2345; x_wconf 91' lang='lat' dir='ltr'><strong>plus</strong></span> <span class='ocrx_word' id='word_1_355' title='bbox 2574 2272 2840 2341; x_wconf 88' lang='lat' dir='ltr'><strong>attuleris,</strong></span> <span class='ocrx_word' id='word_1_356' title='bbox 2881 2288 2950 2326; x_wconf 89' lang='lat' dir='ltr'><strong>an</strong></span> <span class='ocrx_word' id='word_1_357' title='bbox 2980 2271 3155 2338; x_wconf 88' lang='lat' dir='ltr'><strong>majus</strong></span> <span class='ocrx_word' id='word_1_358' title='bbox 3202 2270 3495 2324; x_wconf 88' lang='lat' dir='ltr'><strong>inveneris.</strong></span> <span class='ocrx_word' id='word_1_359' title='bbox 3522 2268 3598 2323; x_wconf 84' lang='lat' dir='ltr'><strong>Tu</strong></span> <span class='ocrx_word' id='word_1_360' title='bbox 3623 2284 3733 2323; x_wconf 90' lang='lat' dir='ltr'><strong>nunc</strong></span> <span class='ocrx_word' id='word_1_361' title='bbox 3752 2284 3814 2323; x_wconf 73' lang='lat' dir='ltr'><strong>ve-</strong></span> 
     </span>
    </p>
   </div>
   <div class='ocr_carea' id='block_1_52' title="bbox 2319 2359 3816 2434">
    <p class='ocr_par' dir='ltr' id='par_1_52' title="bbox 2319 2359 3816 2434">
     <span class='ocr_line' id='line_1_52' title="bbox 2319 2359 3816 2434; baseline -0.008 -11"><span class='ocrx_word' id='word_1_362' title='bbox 2319 2368 2435 2423; x_wconf 89' lang='lat' dir='ltr'><strong>rior</strong></span> <span class='ocrx_word' id='word_1_363' title='bbox 2460 2364 2645 2431; x_wconf 90' lang='lat' dir='ltr'><strong>Israel,</strong></span> <span class='ocrx_word' id='word_1_364' title='bbox 2676 2366 2768 2434; x_wconf 92' lang='lat' dir='ltr'><strong>qui</strong></span> <span class='ocrx_word' id='word_1_365' title='bbox 2797 2364 2962 2419; x_wconf 87' lang='lat' dir='ltr'><strong>corde</strong></span> <span class='ocrx_word' id='word_1_366' title='bbox 2985 2362 3152 2417; x_wconf 92' lang='lat' dir='ltr'><strong>Deum</strong></span> <span class='ocrx_word' id='word_1_367' title='bbox 3185 2360 3508 2431; x_wconf 88' lang='lat' dir='ltr'><strong>conspicari,</strong></span> <span class='ocrx_word' id='word_1_368' title='bbox 3533 2359 3592 2414; x_wconf 90' lang='lat' dir='ltr'><strong>ab</strong></span> <span class='ocrx_word' id='word_1_369' title='bbox 3619 2359 3816 2430; x_wconf 66' lang='lat' dir='ltr'><strong>Egyptii:</strong></span> 
     </span>
    </p>
   </div>
   <div class='ocr_carea' id='block_1_53' title="bbox 2321 2450 3816 2523">
    <p class='ocr_par' dir='ltr' id='par_1_53' title="bbox 2321 2450 3816 2523">
     <span class='ocr_line' id='line_1_53' title="bbox 2321 2450 3816 2523; baseline -0.007 -10"><span class='ocrx_word' id='word_1_370' title='bbox 2321 2459 2505 2513; x_wconf 65' lang='lat' dir='ltr'><strong>saeculi</strong></span> <span class='ocrx_word' id='word_1_371' title='bbox 2538 2456 2776 2512; x_wconf 89' lang='lat' dir='ltr'><strong>tenebris</strong></span> <span class='ocrx_word' id='word_1_372' title='bbox 2806 2455 3009 2510; x_wconf 91' lang='lat' dir='ltr'><strong>dudum</strong></span> <span class='ocrx_word' id='word_1_373' title='bbox 3053 2453 3365 2523; x_wconf 78' lang='lat' dir='ltr'><strong>expeditus,</strong></span> <span class='ocrx_word' id='word_1_374' title='bbox 3406 2450 3677 2506; x_wconf 84' lang='lat' dir='ltr'><strong>salutiferas</strong></span> <span class='ocrx_word' id='word_1_375' title='bbox 3700 2466 3816 2521; x_wconf 70' lang='lat' dir='ltr'><strong>aqua:</strong></span> 
     </span>
    </p>
   </div>
   <div class='ocr_carea' id='block_1_54' title="bbox 2320 2544 3812 2615">
    <p class='ocr_par' dir='ltr' id='par_1_54' title="bbox 2320 2544 3812 2615">
     <span class='ocr_line' id='line_1_54' title="bbox 2320 2544 3812 2615; baseline -0.006 -11"><span class='ocrx_word' id='word_1_376' title='bbox 2320 2550 2609 2604; x_wconf 91' lang='lat' dir='ltr'><strong>submerso</strong></span> <span class='ocrx_word' id='word_1_377' title='bbox 2632 2548 2788 2602; x_wconf 90' lang='lat' dir='ltr'><strong>hoste</strong></span> <span class='ocrx_word' id='word_1_378' title='bbox 2814 2557 3207 2615; x_wconf 89' lang='lat' dir='ltr'><strong>transgressus,</strong></span> <span class='ocrx_word' id='word_1_379' title='bbox 3263 2544 3315 2598; x_wconf 93' lang='lat' dir='ltr'><strong>in</strong></span> <span class='ocrx_word' id='word_1_380' title='bbox 3362 2544 3565 2599; x_wconf 87' lang='lat' dir='ltr'><strong>deserto</strong></span> <span class='ocrx_word' id='word_1_381' title='bbox 3597 2558 3812 2597; x_wconf 85' lang='lat' dir='ltr'><strong>accensum</strong></span> 
     </span>
    </p>
   </div>
   <div class='ocr_carea' id='block_1_55' title="bbox 2321 2636 3818 2712">
    <p class='ocr_par' dir='ltr' id='par_1_55' title="bbox 2321 2636 3818 2712">
     <span class='ocr_line' id='line_1_55' title="bbox 2321 2636 3818 2712; baseline -0.007 -15"><span class='ocrx_word' id='word_1_382' title='bbox 2321 2643 2444 2698; x_wconf 87' lang='lat' dir='ltr'><strong>fidei</strong></span> <span class='ocrx_word' id='word_1_383' title='bbox 2497 2642 2674 2712; x_wconf 91' lang='lat' dir='ltr'><strong>ignem</strong></span> <span class='ocrx_word' id='word_1_384' title='bbox 2705 2649 2951 2703; x_wconf 81' lang='lat' dir='ltr'><strong>secutus,</strong></span> <span class='ocrx_word' id='word_1_385' title='bbox 2996 2654 3175 2693; x_wconf 84' lang='lat' dir='ltr'><strong>amara</strong></span> <span class='ocrx_word' id='word_1_386' title='bbox 3220 2638 3512 2707; x_wconf 88' lang='lat' dir='ltr'><strong>quondam,</strong></span> <span class='ocrx_word' id='word_1_387' title='bbox 3557 2651 3637 2707; x_wconf 87' lang='lat' dir='ltr'><strong>per</strong></span> <span class='ocrx_word' id='word_1_388' title='bbox 3674 2636 3818 2704; x_wconf 78' lang='lat' dir='ltr'><strong>lignum</strong></span> 
     </span>
    </p>
   </div>
   <div class='ocr_carea' id='block_1_56' title="bbox 2320 2728 3817 2800">
    <p class='ocr_par' dir='ltr' id='par_1_56' title="bbox 2320 2728 3817 2800">
     <span class='ocr_line' id='line_1_56' title="bbox 2320 2728 3817 2800; baseline -0.01 -8"><span class='ocrx_word' id='word_1_389' title='bbox 2320 2736 2499 2792; x_wconf 90' lang='lat' dir='ltr'><strong>crucis</strong></span> <span class='ocrx_word' id='word_1_390' title='bbox 2554 2733 2731 2789; x_wconf 87' lang='lat' dir='ltr'><strong>dulcia</strong></span> <span class='ocrx_word' id='word_1_391' title='bbox 2774 2747 2917 2787; x_wconf 69' lang='lat' dir='ltr'><strong>nunc.</strong></span> <span class='ocrx_word' id='word_1_392' title='bbox 2965 2731 3239 2800; x_wconf 87' lang='lat' dir='ltr'><strong>experiris</strong></span> <span class='ocrx_word' id='word_1_393' title='bbox 3274 2750 3284 2783; x_wconf 92' lang='lat'>:</span> <span class='ocrx_word' id='word_1_394' title='bbox 3340 2730 3579 2785; x_wconf 84' lang='lat' dir='ltr'><strong>salientes</strong></span> <span class='ocrx_word' id='word_1_395' title='bbox 3620 2728 3664 2781; x_wconf 92' lang='lat' dir='ltr'><strong>in</strong></span> <span class='ocrx_word' id='word_1_396' title='bbox 3703 2728 3817 2779; x_wconf 80' lang='lat' dir='ltr'><strong>vitam</strong></span> 
     </span>
    </p>
   </div>
   <div class='ocr_carea' id='block_1_57' title="bbox 2321 2818 3818 2895">
    <p class='ocr_par' dir='ltr' id='par_1_57' title="bbox 2321 2818 3818 2895">
     <span class='ocr_line' id='line_1_57' title="bbox 2321 2818 3818 2895; baseline -0.01 -11"><span class='ocrx_word' id='word_1_397' title='bbox 2321 2837 2579 2883; x_wconf 66' lang='lat' dir='ltr'><strong>aeternam</strong></span> <span class='ocrx_word' id='word_1_398' title='bbox 2608 2840 2775 2895; x_wconf 90' lang='lat' dir='ltr'><strong>aquas</strong></span> <span class='ocrx_word' id='word_1_399' title='bbox 2799 2840 2826 2877; x_wconf 89' lang='lat' dir='ltr'><strong>a</strong></span> <span class='ocrx_word' id='word_1_400' title='bbox 2853 2823 3077 2879; x_wconf 86' lang='lat' dir='ltr'><strong>Christo</strong></span> <span class='ocrx_word' id='word_1_401' title='bbox 3104 2822 3304 2889; x_wconf 86' lang='lat' dir='ltr'><strong>trahis,</strong></span> <span class='ocrx_word' id='word_1_402' title='bbox 3336 2823 3587 2875; x_wconf 90' lang='lat' dir='ltr'><strong>internum</strong></span> <span class='ocrx_word' id='word_1_403' title='bbox 3614 2818 3818 2873; x_wconf 87' lang='lat' dir='ltr'><strong>hominem</strong></span> 
     </span>
    </p>
   </div>
   <div class='ocr_carea' id='block_1_58' title="bbox 2323 2909 3819 2989">
    <p class='ocr_par' dir='ltr' id='par_1_58' title="bbox 2323 2909 3819 2989">
     <span class='ocr_line' id='line_1_58' title="bbox 2323 2909 3819 2989; baseline -0.008 -16"><span class='ocrx_word' id='word_1_404' title='bbox 2323 2933 2560 2989; x_wconf 89' lang='lat' dir='ltr'><strong>superno</strong></span> <span class='ocrx_word' id='word_1_405' title='bbox 2590 2931 2728 2985; x_wconf 88' lang='lat' dir='ltr'><strong>pane</strong></span> <span class='ocrx_word' id='word_1_406' title='bbox 2759 2916 2974 2986; x_wconf 84' lang='lat' dir='ltr'><strong>pascis;</strong></span> <span class='ocrx_word' id='word_1_407' title='bbox 3020 2914 3073 2969; x_wconf 88' lang='lat' dir='ltr'><strong>in</strong></span> <span class='ocrx_word' id='word_1_408' title='bbox 3107 2914 3403 2982; x_wconf 78' lang='lat' dir='ltr'><strong>Evangelia</strong></span> <span class='ocrx_word' id='word_1_409' title='bbox 3445 2910 3606 2966; x_wconf 88' lang='lat' dir='ltr'><strong>throni</strong></span> <span class='ocrx_word' id='word_1_410' title='bbox 3633 2911 3693 2965; x_wconf 88' lang='lat' dir='ltr'><strong>tui</strong></span> <span class='ocrx_word' id='word_1_411' title='bbox 3726 2909 3819 2961; x_wconf 78' lang='lat' dir='ltr'><strong>divi-</strong></span> 
     </span>
    </p>
   </div>
   <div class='ocr_carea' id='block_1_59' title="bbox 2322 2993 3821 3081">
    <p class='ocr_par' dir='ltr' id='par_1_59' title="bbox 2322 2993 3821 3081">
     <span class='ocr_line' id='line_1_59' title="bbox 2322 2993 3821 3081; baseline -0.01 -13"><span class='ocrx_word' id='word_1_412' title='bbox 2322 3029 2445 3068; x_wconf 90' lang='lat' dir='ltr'><strong>nam</strong></span> <span class='ocrx_word' id='word_1_413' title='bbox 2472 3012 2674 3081; x_wconf 90' lang='lat' dir='ltr'><strong>accipis</strong></span> <span class='ocrx_word' id='word_1_414' title='bbox 2694 3025 2883 3066; x_wconf 91' lang='lat' dir='ltr'><strong>vocem</strong></span> <span class='ocrx_word' id='word_1_415' title='bbox 2906 3008 3123 3081; x_wconf 81' lang='lat' dir='ltr'><strong>(Matth.</strong></span> <span class='ocrx_word' id='word_1_416' title='bbox 3147 3023 3265 3075; x_wconf 72' lang='lat' dir='ltr'><strong>xxx,</strong></span> <span class='ocrx_word' id='word_1_417' title='bbox 3299 3006 3414 3077; x_wconf 71' lang='lat'><strong>28).</strong></span> <span class='ocrx_word' id='word_1_418' title='bbox 3443 2993 3536 3071; x_wconf 83' lang='lat' dir='ltr'><strong>Qui</strong></span> <span class='ocrx_word' id='word_1_419' title='bbox 3564 3019 3663 3059; x_wconf 88' lang='lat' dir='ltr'><strong>eum</strong></span> <span class='ocrx_word' id='word_1_420' title='bbox 3702 3001 3821 3055; x_wconf 84' lang='lat' dir='ltr'><strong>lsrael</strong></span> 
     </span>
    </p>
   </div>
   <div class='ocr_carea' id='block_1_60' title="bbox 2322 3092 3821 3167">
    <p class='ocr_par' dir='ltr' id='par_1_60' title="bbox 2322 3092 3821 3167">
     <span class='ocr_line' id='line_1_60' title="bbox 2322 3092 3821 3167; baseline -0.01 -8"><span class='ocrx_word' id='word_1_421' title='bbox 2322 3105 2376 3160; x_wconf 94' lang='lat' dir='ltr'><strong>in</strong></span> <span class='ocrx_word' id='word_1_422' title='bbox 2408 3117 2593 3158; x_wconf 90' lang='lat' dir='ltr'><strong>eremo</strong></span> <span class='ocrx_word' id='word_1_423' title='bbox 2621 3103 2996 3167; x_wconf 88' lang='lat' dir='ltr'><strong>commoraris,</strong></span> <span class='ocrx_word' id='word_1_424' title='bbox 3026 3114 3150 3154; x_wconf 90' lang='lat' dir='ltr'><strong>cum</strong></span> <span class='ocrx_word' id='word_1_425' title='bbox 3193 3098 3329 3154; x_wconf 82' lang='lat' dir='ltr'><strong>Jesu</strong></span> <span class='ocrx_word' id='word_1_426' title='bbox 3371 3106 3562 3151; x_wconf 89' lang='lat' dir='ltr'><strong>terram</strong></span> <span class='ocrx_word' id='word_1_427' title='bbox 3601 3092 3821 3163; x_wconf 79' lang='lat' dir='ltr'><strong>repromit-</strong></span> 
     </span>
    </p>
   </div>
   <div class='ocr_carea' id='block_1_61' title="bbox 632 3188 3821 3261">
    <p class='ocr_par' dir='ltr' id='par_1_61' title="bbox 632 3188 3821 3261">
     <span class='ocr_line' id='line_1_61' title="bbox 632 3188 3821 3261; baseline -0.002 -18"><span class='ocrx_word' id='word_1_428' title='bbox 632 3188 940 3243; x_wconf 87' lang='lat' dir='ltr'><strong>ostendunt.</strong></span> <span class='ocrx_word' id='word_1_429' title='bbox 972 3188 1114 3243; x_wconf 85' lang='lat' dir='ltr'><strong>Nihil</strong></span> <span class='ocrx_word' id='word_1_430' title='bbox 1136 3190 1551 3261; x_wconf 87' lang='lat' dir='ltr'><strong>concupiscunt,</strong></span> <span class='ocrx_word' id='word_1_431' title='bbox 1586 3193 1718 3247; x_wconf 89' lang='lat' dir='ltr'><strong>nihil</strong></span> <span class='ocrx_word' id='word_1_432' title='bbox 1766 3192 2076 3249; x_wconf 87' lang='lat' dir='ltr'><strong>desiderant</strong></span> <span class='ocrx_word' id='word_1_433' title='bbox 2108 3194 2213 3249; x_wconf 82' lang='lat' dir='ltr'><strong>nisi</strong></span> <span class='ocrx_word' id='word_1_434' title='bbox 2240 3189 2286 3253; x_wconf 88' lang='lat' dir='ltr'><strong>C</strong></span> <span class='ocrx_word' id='word_1_435' title='bbox 2319 3198 2490 3254; x_wconf 88' lang='lat' dir='ltr'><strong>sionis</strong></span> <span class='ocrx_word' id='word_1_436' title='bbox 2522 3196 2778 3252; x_wconf 66' lang='lat' dir='ltr'><strong>intrabis.</strong></span> <span class='ocrx_word' id='word_1_437' title='bbox 2806 3194 2939 3251; x_wconf 90' lang='lat' dir='ltr'><strong>Vale</strong></span> <span class='ocrx_word' id='word_1_438' title='bbox 2962 3194 3016 3249; x_wconf 89' lang='lat' dir='ltr'><strong>in</strong></span> <span class='ocrx_word' id='word_1_439' title='bbox 3046 3192 3269 3248; x_wconf 88' lang='lat' dir='ltr'><strong>Christo</strong></span> <span class='ocrx_word' id='word_1_440' title='bbox 3292 3191 3415 3247; x_wconf 82' lang='lat' dir='ltr'><strong>Jesu</strong></span> <span class='ocrx_word' id='word_1_441' title='bbox 3436 3188 3645 3244; x_wconf 84' lang='lat' dir='ltr'><strong>Domino</strong></span> <span class='ocrx_word' id='word_1_442' title='bbox 3670 3192 3821 3239; x_wconf 86' lang='lat' dir='ltr'><strong>nostro.</strong></span> 
     </span>
    </p>
   </div>
   <div class='ocr_carea' id='block_1_62' title="bbox 634 3299 1867 3325">
    <p class='ocr_par' dir='ltr' id='par_1_62' title="bbox 634 3299 1867 3325">
     <span class='ocr_line' id='line_1_62' title="bbox 634 3299 1867 3325; baseline -0.002 -10"><span class='ocrx_word' id='word_1_443' title='bbox 634 3299 1867 3325; x_wconf 69' lang='lat'><strong>———————————_</strong></span> 
     </span>
    </p>
   </div>
   <div class='ocr_carea' id='block_1_63' title="bbox 1872 3300 3802 3331">
    <p class='ocr_par' dir='ltr' id='par_1_63' title="bbox 1872 3300 3802 3331">
     <span class='ocr_line' id='line_1_63' title="bbox 1872 3300 3802 3331; baseline -0.002 -14"><span class='ocrx_word' id='word_1_444' title='bbox 1872 3300 3802 3331; x_wconf 73' lang='lat'><strong>___________________________.</strong></span> 
     </span>
    </p>
   </div>
   <div class='ocr_carea' id='block_1_64' title="bbox 1459 3385 3082 3503">
    <p class='ocr_par' dir='ltr' id='par_1_64' title="bbox 1459 3385 3082 3503">
     <span class='ocr_line' id='line_1_64' title="bbox 1459 3385 3082 3503; baseline -0.001 -4"><span class='ocrx_word' id='word_1_445' title='bbox 1459 3385 2163 3502; x_wconf 61' lang='grc' dir='ltr'><strong>θωνα-ιιι</strong></span> <span class='ocrx_word' id='word_1_446' title='bbox 2198 3388 3082 3503; x_wconf 71' lang='lat' dir='ltr'><strong>EUCHEBII</strong></span> 
     </span>
    </p>
   </div>
   <div class='ocr_carea' id='block_1_65' title="bbox 1796 3580 2737 3644">
    <p class='ocr_par' dir='ltr' id='par_1_65' title="bbox 1796 3580 2737 3644">
     <span class='ocr_line' id='line_1_65' title="bbox 1796 3580 2737 3644; baseline -0.001 -2"><span class='ocrx_word' id='word_1_447' title='bbox 1796 3580 2341 3644; x_wconf 86' lang='lat' dir='ltr'><strong>LUGDUNENSIS</strong></span> <span class='ocrx_word' id='word_1_448' title='bbox 2384 3580 2737 3643; x_wconf 81' lang='lat' dir='ltr'><strong>EPISCOPI</strong></span> 
     </span>
    </p>
   </div>
   <div class='ocr_carea' id='block_1_66' title="bbox 1078 3732 3459 3890">
    <p class='ocr_par' dir='ltr' id='par_1_66' title="bbox 1078 3732 3459 3890">
     <span class='ocr_line' id='line_1_66' title="bbox 1078 3732 3459 3890; baseline -0.002 -10"><span class='ocrx_word' id='word_1_449' title='bbox 1078 3734 2041 3890; x_wconf 87' lang='lat' dir='ltr'><strong>EPISTOLA</strong></span> <span class='ocrx_word' id='word_1_450' title='bbox 2138 3742 2532 3885; x_wconf 81' lang='lat' dir='ltr'><strong>PAR</strong></span> <span class='ocrx_word' id='word_1_451' title='bbox 2554 3732 3459 3883; x_wconf 65' lang='lat' dir='ltr'><strong>[ENETIFCA</strong></span> 
     </span>
    </p>
   </div>
   <div class='ocr_carea' id='block_1_67' title="bbox 1375 3936 3146 4065">
    <p class='ocr_par' dir='ltr' id='par_1_67' title="bbox 1375 3936 3146 4065">
     <span class='ocr_line' id='line_1_67' title="bbox 1375 3936 3146 4065; baseline -0.001 -6"><span class='ocrx_word' id='word_1_452' title='bbox 1375 3978 1532 4059; x_wconf 87' lang='lat' dir='ltr'><strong>AD</strong></span> <span class='ocrx_word' id='word_1_453' title='bbox 1607 3977 2393 4065; x_wconf 80' lang='lat' dir='ltr'><strong>VALERIANUM</strong></span> <span class='ocrx_word' id='word_1_454' title='bbox 2469 3976 3146 4061; x_wconf 87' lang='lat' dir='ltr'><strong>COGNATUM</strong></span> 
     </span>
    </p>
   </div>
   <div class='ocr_carea' id='block_1_68' title="bbox 638 4148 3721 4229">
    <p class='ocr_par' dir='ltr' id='par_1_68' title="bbox 638 4148 3721 4229">
     <span class='ocr_line' id='line_1_68' title="bbox 638 4148 3721 4229; baseline -0.001 -7"><span class='ocrx_word' id='word_1_455' title='bbox 638 4150 784 4223; x_wconf 86' lang='lat' dir='ltr'><strong>DE</strong></span> <span class='ocrx_word' id='word_1_456' title='bbox 861 4149 1537 4224; x_wconf 86' lang='lat' dir='ltr'><strong>CONTEMPTU</strong></span> <span class='ocrx_word' id='word_1_457' title='bbox 1612 4153 1968 4229; x_wconf 87' lang='lat' dir='ltr'><strong>MUNDI</strong></span> <span class='ocrx_word' id='word_1_458' title='bbox 2046 4158 2189 4227; x_wconf 89' lang='lat' dir='ltr'><strong>ET</strong></span> <span class='ocrx_word' id='word_1_459' title='bbox 2275 4151 2881 4228; x_wconf 67' lang='lat' dir='ltr'><strong>Sx‘ECULARIS</strong></span> <span class='ocrx_word' id='word_1_460' title='bbox 2954 4148 3721 4225; x_wconf 62' lang='lat' dir='ltr'><strong>PHILOSOPHIIE.</strong></span> 
     </span>
    </p>
   </div>
   <div class='ocr_carea' id='block_1_69' title="bbox 704 4392 2211 4465">
    <p class='ocr_par' dir='ltr' id='par_1_69' title="bbox 704 4392 2211 4465">
     <span class='ocr_line' id='line_1_69' title="bbox 704 4392 2211 4465; baseline 0.001 -20"><span class='ocrx_word' id='word_1_461' title='bbox 704 4392 849 4448; x_wconf 88' lang='lat' dir='ltr'><strong>Bene</strong></span> <span class='ocrx_word' id='word_1_462' title='bbox 902 4392 1191 4463; x_wconf 87' lang='lat' dir='ltr'><strong>alligantur</strong></span> <span class='ocrx_word' id='word_1_463' title='bbox 1246 4393 1459 4448; x_wconf 89' lang='lat' dir='ltr'><strong>vinculo</strong></span> <span class='ocrx_word' id='word_1_464' title='bbox 1508 4395 1803 4464; x_wconf 87' lang='lat' dir='ltr'><strong>sanguinis,</strong></span> <span class='ocrx_word' id='word_1_465' title='bbox 1854 4395 1944 4465; x_wconf 90' lang='lat' dir='ltr'><strong>qui</strong></span> <span class='ocrx_word' id='word_1_466' title='bbox 1994 4396 2211 4450; x_wconf 88' lang='lat' dir='ltr'><strong>vinculo</strong></span> 
     </span>
    </p>
   </div>
   <div class='ocr_carea' id='block_1_70' title="bbox 631 4483 2209 4555">
    <p class='ocr_par' dir='ltr' id='par_1_70' title="bbox 631 4483 2209 4555">
     <span class='ocr_line' id='line_1_70' title="bbox 631 4483 2209 4555; baseline 0.003 -19"><span class='ocrx_word' id='word_1_467' title='bbox 631 4483 1009 4537; x_wconf 78' lang='lat' dir='ltr'><strong>consociantur</strong></span> <span class='ocrx_word' id='word_1_468' title='bbox 1039 4484 1259 4538; x_wconf 89' lang='lat' dir='ltr'><strong>amoris.</strong></span> <span class='ocrx_word' id='word_1_469' title='bbox 1289 4484 1377 4539; x_wconf 91' lang='lat' dir='ltr'><strong>Sic</strong></span> <span class='ocrx_word' id='word_1_470' title='bbox 1404 4492 1458 4537; x_wconf 91' lang='lat' dir='ltr'><strong>et</strong></span> <span class='ocrx_word' id='word_1_471' title='bbox 1487 4484 1642 4539; x_wconf 92' lang='lat' dir='ltr'><strong>nobis</strong></span> <span class='ocrx_word' id='word_1_472' title='bbox 1664 4500 1875 4555; x_wconf 89' lang='lat' dir='ltr'><strong>quoque</strong></span> <span class='ocrx_word' id='word_1_473' title='bbox 1924 4485 2209 4541; x_wconf 89' lang='lat' dir='ltr'><strong>admodum</strong></span> 
     </span>
    </p>
   </div>
   <div class='ocr_carea' id='block_1_71' title="bbox 634 4573 2209 4649">
    <p class='ocr_par' dir='ltr' id='par_1_71' title="bbox 634 4573 2209 4649">
     <span class='ocr_line' id='line_1_71' title="bbox 634 4573 2209 4649; baseline 0.004 -23"><span class='ocrx_word' id='word_1_474' title='bbox 634 4574 875 4641; x_wconf 88' lang='lat' dir='ltr'><strong>gloriari,</strong></span> <span class='ocrx_word' id='word_1_475' title='bbox 926 4589 1025 4643; x_wconf 92' lang='lat' dir='ltr'><strong>pro</strong></span> <span class='ocrx_word' id='word_1_476' title='bbox 1072 4573 1173 4629; x_wconf 87' lang='lat' dir='ltr'><strong>hoc</strong></span> <span class='ocrx_word' id='word_1_477' title='bbox 1226 4575 1343 4644; x_wconf 90' lang='lat' dir='ltr'><strong>ipso</strong></span> <span class='ocrx_word' id='word_1_478' title='bbox 1371 4576 1466 4630; x_wconf 92' lang='lat' dir='ltr'><strong>Dei</strong></span> <span class='ocrx_word' id='word_1_479' title='bbox 1505 4593 1729 4633; x_wconf 90' lang='lat' dir='ltr'><strong>munere</strong></span> <span class='ocrx_word' id='word_1_480' title='bbox 1758 4579 1904 4643; x_wconf 91' lang='lat' dir='ltr'><strong>licet,</strong></span> <span class='ocrx_word' id='word_1_481' title='bbox 1933 4594 2068 4649; x_wconf 92' lang='lat' dir='ltr'><strong>quos</strong></span> <span class='ocrx_word' id='word_1_482' title='bbox 2091 4593 2209 4648; x_wconf 88' lang='lat' dir='ltr'><strong>per-</strong></span> 
     </span>
    </p>
   </div>
   <div class='ocr_carea' id='block_1_72' title="bbox 632 4664 2209 4739">
    <p class='ocr_par' dir='ltr' id='par_1_72' title="bbox 632 4664 2209 4739">
     <span class='ocr_line' id='line_1_72' title="bbox 632 4664 2209 4739; baseline 0.004 -21"><span class='ocrx_word' id='word_1_483' title='bbox 632 4664 757 4719; x_wconf 91' lang='lat' dir='ltr'><strong>inde</strong></span> <span class='ocrx_word' id='word_1_484' title='bbox 785 4664 1019 4719; x_wconf 89' lang='lat' dir='ltr'><strong>cbaritas</strong></span> <span class='ocrx_word' id='word_1_485' title='bbox 1041 4673 1097 4720; x_wconf 90' lang='lat' dir='ltr'><strong>ut</strong></span> <span class='ocrx_word' id='word_1_486' title='bbox 1127 4665 1498 4737; x_wconf 89' lang='lat' dir='ltr'><strong>propinquitas</strong></span> <span class='ocrx_word' id='word_1_487' title='bbox 1528 4669 1718 4738; x_wconf 89' lang='lat' dir='ltr'><strong>nectit,</strong></span> <span class='ocrx_word' id='word_1_488' title='bbox 1751 4679 2133 4739; x_wconf 88' lang='lat' dir='ltr'><strong>coarctantque</strong></span> <span class='ocrx_word' id='word_1_489' title='bbox 2159 4671 2209 4725; x_wconf 94' lang='lat' dir='ltr'><strong>in</strong></span> 
     </span>
    </p>
   </div>
   <div class='ocr_carea' id='block_1_73' title="bbox 635 4755 2211 4831">
    <p class='ocr_par' dir='ltr' id='par_1_73' title="bbox 635 4755 2211 4831">
     <span class='ocr_line' id='line_1_73' title="bbox 635 4755 2211 4831; baseline 0.006 -23"><span class='ocrx_word' id='word_1_490' title='bbox 635 4771 796 4809; x_wconf 89' lang='lat' dir='ltr'><strong>unum</strong></span> <span class='ocrx_word' id='word_1_491' title='bbox 818 4755 1068 4811; x_wconf 78' lang='lat' dir='ltr'><strong>aﬂ&#39;ectum</strong></span> <span class='ocrx_word' id='word_1_492' title='bbox 1107 4757 1226 4812; x_wconf 71' lang='lat' dir='ltr'><strong>dum</strong></span> <span class='ocrx_word' id='word_1_493' title='bbox 1249 4760 1697 4825; x_wconf 87' lang='lat' dir='ltr'><strong>necessitudines,</strong></span> <span class='ocrx_word' id='word_1_494' title='bbox 1729 4776 1952 4831; x_wconf 85' lang='lat' dir='ltr'><strong>quarum</strong></span> <span class='ocrx_word' id='word_1_495' title='bbox 1986 4762 2211 4817; x_wconf 90' lang='lat' dir='ltr'><strong>alteram</strong></span> 
     </span>
    </p>
   </div>
   <div class='ocr_carea' id='block_1_74' title="bbox 2320 4394 3823 4466">
    <p class='ocr_par' dir='ltr' id='par_1_74' title="bbox 2320 4394 3823 4466">
     <span class='ocr_line' id='line_1_74' title="bbox 2320 4394 3823 4466; baseline -0.005 -19"><span class='ocrx_word' id='word_1_496' title='bbox 2320 4395 2553 4449; x_wconf 89' lang='lat' dir='ltr'><strong>tutioncs</strong></span> <span class='ocrx_word' id='word_1_497' title='bbox 2606 4394 2803 4450; x_wconf 92' lang='lat' dir='ltr'><strong>docent</strong></span> <span class='ocrx_word' id='word_1_498' title='bbox 2858 4395 3167 4464; x_wconf 65' lang='lat' dir='ltr'><strong>praevenisti</strong></span> <span class='ocrx_word' id='word_1_499' title='bbox 3228 4396 3281 4450; x_wconf 91' lang='lat' dir='ltr'><strong>in</strong></span> <span class='ocrx_word' id='word_1_500' title='bbox 3337 4394 3575 4466; x_wconf 88' lang='lat' dir='ltr'><strong>plurimis</strong></span> <span class='ocrx_word' id='word_1_501' title='bbox 3608 4401 3823 4462; x_wconf 64' lang='lat' dir='ltr'><strong>praecoqua</strong></span> 
     </span>
    </p>
   </div>
   <div class='ocr_carea' id='block_1_75' title="bbox 2323 4478 3825 4556">
    <p class='ocr_par' dir='ltr' id='par_1_75' title="bbox 2323 4478 3825 4556">
     <span class='ocr_line' id='line_1_75' title="bbox 2323 4478 3825 4556; baseline -0.006 -17"><span class='ocrx_word' id='word_1_502' title='bbox 2323 4499 2531 4540; x_wconf 89' lang='lat' dir='ltr'><strong>morum</strong></span> <span class='ocrx_word' id='word_1_503' title='bbox 2561 4483 2834 4551; x_wconf 80' lang='lat' dir='ltr'><strong>felicitate,</strong></span> <span class='ocrx_word' id='word_1_504' title='bbox 2869 4496 2926 4539; x_wconf 89' lang='lat' dir='ltr'><strong>ut</strong></span> <span class='ocrx_word' id='word_1_505' title='bbox 2950 4486 3079 4539; x_wconf 88' lang='lat' dir='ltr'><strong>mihi</strong></span> <span class='ocrx_word' id='word_1_506' title='bbox 3100 4486 3338 4541; x_wconf 83' lang='lat' dir='ltr'><strong>videaris</strong></span> <span class='ocrx_word' id='word_1_507' title='bbox 3365 4486 3596 4556; x_wconf 70' lang='lat' dir='ltr'><strong>qumdam</strong></span> <span class='ocrx_word' id='word_1_508' title='bbox 3618 4478 3825 4548; x_wconf 66' lang='lat' dir='ltr'><strong>religionis</strong></span> 
     </span>
    </p>
   </div>
   <div class='ocr_carea' id='block_1_76' title="bbox 2321 4567 3825 4648">
    <p class='ocr_par' dir='ltr' id='par_1_76' title="bbox 2321 4567 3825 4648">
     <span class='ocr_line' id='line_1_76' title="bbox 2321 4567 3825 4648; baseline -0.003 -19"><span class='ocrx_word' id='word_1_509' title='bbox 2321 4575 2497 4629; x_wconf 80' lang='lat' dir='ltr'><strong>officia</strong></span> <span class='ocrx_word' id='word_1_510' title='bbox 2526 4578 2675 4645; x_wconf 90' lang='lat' dir='ltr'><strong>quasi</strong></span> <span class='ocrx_word' id='word_1_511' title='bbox 2708 4593 2804 4646; x_wconf 92' lang='lat' dir='ltr'><strong>per</strong></span> <span class='ocrx_word' id='word_1_512' title='bbox 2846 4576 3122 4647; x_wconf 86' lang='lat' dir='ltr'><strong>providam</strong></span> <span class='ocrx_word' id='word_1_513' title='bbox 3151 4592 3446 4648; x_wconf 88' lang='lat' dir='ltr'><strong>occupasse</strong></span> <span class='ocrx_word' id='word_1_514' title='bbox 3480 4586 3714 4633; x_wconf 89' lang='lat' dir='ltr'><strong>naturam,</strong></span> <span class='ocrx_word' id='word_1_515' title='bbox 3754 4567 3825 4621; x_wconf 84' lang='lat' dir='ltr'><strong>Do-</strong></span> 
     </span>
    </p>
   </div>
   <div class='ocr_carea' id='block_1_77' title="bbox 2322 4662 3823 4739">
    <p class='ocr_par' dir='ltr' id='par_1_77' title="bbox 2322 4662 3823 4739">
     <span class='ocr_line' id='line_1_77' title="bbox 2322 4662 3823 4739; baseline -0.006 -18"><span class='ocrx_word' id='word_1_516' title='bbox 2322 4669 2451 4721; x_wconf 91' lang='lat' dir='ltr'><strong>mini</strong></span> <span class='ocrx_word' id='word_1_517' title='bbox 2477 4683 2538 4721; x_wconf 91' lang='lat' dir='ltr'><strong>ac</strong></span> <span class='ocrx_word' id='word_1_518' title='bbox 2561 4668 2653 4723; x_wconf 91' lang='lat' dir='ltr'><strong>Dei</strong></span> <span class='ocrx_word' id='word_1_519' title='bbox 2684 4668 2853 4723; x_wconf 88' lang='lat' dir='ltr'><strong>nostri</strong></span> <span class='ocrx_word' id='word_1_520' title='bbox 2890 4669 2999 4737; x_wconf 89' lang='lat' dir='ltr'><strong>jam</strong></span> <span class='ocrx_word' id='word_1_521' title='bbox 3052 4670 3104 4723; x_wconf 93' lang='lat' dir='ltr'><strong>in</strong></span> <span class='ocrx_word' id='word_1_522' title='bbox 3153 4670 3254 4723; x_wconf 86' lang='lat' dir='ltr'><strong>hoc</strong></span> <span class='ocrx_word' id='word_1_523' title='bbox 3285 4685 3411 4739; x_wconf 87' lang='lat' dir='ltr'><strong>erga</strong></span> <span class='ocrx_word' id='word_1_524' title='bbox 3449 4676 3499 4722; x_wconf 87' lang='lat' dir='ltr'><strong>te</strong></span> <span class='ocrx_word' id='word_1_525' title='bbox 3539 4662 3823 4733; x_wconf 78' lang='lat' dir='ltr'><strong>indulgentia:</strong></span> 
     </span>
    </p>
   </div>
   <div class='ocr_carea' id='block_1_78' title="bbox 2324 4760 3823 4832">
    <p class='ocr_par' dir='ltr' id='par_1_78' title="bbox 2324 4760 3823 4832">
     <span class='ocr_line' id='line_1_78' title="bbox 2324 4760 3823 4832; baseline -0.007 -17"><span class='ocrx_word' id='word_1_526' title='bbox 2324 4761 2477 4829; x_wconf 90' lang='lat' dir='ltr'><strong>cujus</strong></span> <span class='ocrx_word' id='word_1_527' title='bbox 2497 4764 2666 4831; x_wconf 89' lang='lat' dir='ltr'><strong>gratia</strong></span> <span class='ocrx_word' id='word_1_528' title='bbox 2698 4772 2781 4817; x_wconf 91' lang='lat' dir='ltr'><strong>est</strong></span> <span class='ocrx_word' id='word_1_529' title='bbox 2809 4762 2951 4832; x_wconf 91' lang='lat' dir='ltr'><strong>quod</strong></span> <span class='ocrx_word' id='word_1_530' title='bbox 2986 4763 3163 4817; x_wconf 81' lang='lat' dir='ltr'><strong>divina</strong></span> <span class='ocrx_word' id='word_1_531' title='bbox 3191 4764 3242 4817; x_wconf 92' lang='lat' dir='ltr'><strong>in</strong></span> <span class='ocrx_word' id='word_1_532' title='bbox 3270 4772 3325 4818; x_wconf 91' lang='lat' dir='ltr'><strong>te</strong></span> <span class='ocrx_word' id='word_1_533' title='bbox 3356 4762 3589 4817; x_wconf 79' lang='lat' dir='ltr'><strong>doctrina</strong></span> <span class='ocrx_word' id='word_1_534' title='bbox 3627 4760 3739 4812; x_wconf 90' lang='lat' dir='ltr'><strong>bona</strong></span> <span class='ocrx_word' id='word_1_535' title='bbox 3758 4764 3823 4807; x_wconf 81' lang='lat' dir='ltr'><strong>sua</strong></span> 
     </span>
    </p>
   </div>
   <div class='ocr_carea' id='block_1_79' title="bbox 632 4824 3827 4923">
    <p class='ocr_par' dir='ltr' id='par_1_79' title="bbox 632 4824 3827 4923">
     <span class='ocr_line' id='line_1_79' title="bbox 632 4824 3827 4923; baseline 0.001 -24"><span class='ocrx_word' id='word_1_536' title='bbox 632 4862 659 4900; x_wconf 90' lang='lat' dir='ltr'><strong>a</strong></span> <span class='ocrx_word' id='word_1_537' title='bbox 691 4849 999 4916; x_wconf 89' lang='lat' dir='ltr'><strong>parentibus</strong></span> <span class='ocrx_word' id='word_1_538' title='bbox 1027 4849 1206 4904; x_wconf 90' lang='lat' dir='ltr'><strong>carnis</strong></span> <span class='ocrx_word' id='word_1_539' title='bbox 1229 4859 1430 4905; x_wconf 74' lang='lat' dir='ltr'><strong>nostra:</strong></span> <span class='ocrx_word' id='word_1_540' title='bbox 1452 4853 1779 4921; x_wconf 87' lang='lat' dir='ltr'><strong>accepimus,</strong></span> <span class='ocrx_word' id='word_1_541' title='bbox 1805 4854 2034 4909; x_wconf 91' lang='lat' dir='ltr'><strong>alteram</strong></span> <span class='ocrx_word' id='word_1_542' title='bbox 2066 4870 2093 4907; x_wconf 89' lang='lat' dir='ltr'><strong>a</strong></span> <span class='ocrx_word' id='word_1_543' title='bbox 2118 4870 2215 4909; x_wconf 86' lang='lat' dir='ltr'><strong>no—</strong></span> <span class='ocrx_word' id='word_1_544' title='bbox 2243 4824 2294 4884; x_wconf 79' lang='lat' dir='ltr'><strong>D</strong></span> <span class='ocrx_word' id='word_1_545' title='bbox 2323 4866 2418 4921; x_wconf 90' lang='lat' dir='ltr'><strong>pro</strong></span> <span class='ocrx_word' id='word_1_546' title='bbox 2448 4862 2598 4920; x_wconf 82' lang='lat' dir='ltr'><strong>parte</strong></span> <span class='ocrx_word' id='word_1_547' title='bbox 2622 4853 2861 4909; x_wconf 87' lang='lat' dir='ltr'><strong>invenire</strong></span> <span class='ocrx_word' id='word_1_548' title='bbox 2882 4862 3078 4923; x_wconf 91' lang='lat' dir='ltr'><strong>potest,</strong></span> <span class='ocrx_word' id='word_1_549' title='bbox 3112 4868 3207 4923; x_wconf 92' lang='lat' dir='ltr'><strong>pro</strong></span> <span class='ocrx_word' id='word_1_550' title='bbox 3238 4864 3392 4923; x_wconf 86' lang='lat' dir='ltr'><strong>parte</strong></span> <span class='ocrx_word' id='word_1_551' title='bbox 3410 4852 3660 4907; x_wconf 81' lang='lat' dir='ltr'><strong>conferre.</strong></span> <span class='ocrx_word' id='word_1_552' title='bbox 3685 4847 3827 4913; x_wconf 66' lang='grc' dir='ltr'><strong>ρυθω-</strong></span> 
     </span>
    </p>
   </div>
   <div class='ocr_carea' id='block_1_80' title="bbox 634 4938 2218 5018">
    <p class='ocr_par' dir='ltr' id='par_1_80' title="bbox 634 4938 2218 5018">
     <span class='ocr_line' id='line_1_80' title="bbox 634 4938 2218 5018; baseline 0.006 -25"><span class='ocrx_word' id='word_1_553' title='bbox 634 4938 717 4994; x_wconf 89' lang='lat' dir='ltr'><strong>bis</strong></span> <span class='ocrx_word' id='word_1_554' title='bbox 741 4941 1087 5010; x_wconf 90' lang='lat' dir='ltr'><strong>sumpsimus.</strong></span> <span class='ocrx_word' id='word_1_555' title='bbox 1116 4941 1400 4998; x_wconf 88' lang='lat' dir='ltr'><strong>Geminum</strong></span> <span class='ocrx_word' id='word_1_556' title='bbox 1433 4944 1536 4999; x_wconf 88' lang='lat' dir='ltr'><strong>hoc</strong></span> <span class='ocrx_word' id='word_1_557' title='bbox 1585 4946 1875 5013; x_wconf 87' lang='lat' dir='ltr'><strong>vinculum,</strong></span> <span class='ocrx_word' id='word_1_558' title='bbox 1907 4961 2017 5017; x_wconf 91' lang='lat' dir='ltr'><strong>quo</strong></span> <span class='ocrx_word' id='word_1_559' title='bbox 2063 4947 2218 5018; x_wconf 91' lang='lat' dir='ltr'><strong>(con-</strong></span> 
     </span>
    </p>
   </div>
   <div class='ocr_carea' id='block_1_81' title="bbox 635 5030 2219 5108">
    <p class='ocr_par' dir='ltr' id='par_1_81' title="bbox 635 5030 2219 5108">
     <span class='ocr_line' id='line_1_81' title="bbox 635 5030 2219 5108; baseline 0.004 -24"><span class='ocrx_word' id='word_1_560' title='bbox 635 5030 1032 5087; x_wconf 65' lang='lat' dir='ltr'><strong>faederantibus</strong></span> <span class='ocrx_word' id='word_1_561' title='bbox 1058 5048 1157 5087; x_wconf 89' lang='lat' dir='ltr'><strong>nos</strong></span> <span class='ocrx_word' id='word_1_562' title='bbox 1183 5034 1309 5089; x_wconf 89' lang='lat' dir='ltr'><strong>hinc</strong></span> <span class='ocrx_word' id='word_1_563' title='bbox 1332 5050 1555 5104; x_wconf 89' lang='lat' dir='ltr'><strong>genere,</strong></span> <span class='ocrx_word' id='word_1_564' title='bbox 1591 5037 1717 5091; x_wconf 91' lang='lat' dir='ltr'><strong>hinc</strong></span> <span class='ocrx_word' id='word_1_565' title='bbox 1745 5037 2058 5108; x_wconf 91' lang='lat' dir='ltr'><strong>dilectione)</strong></span> <span class='ocrx_word' id='word_1_566' title='bbox 2089 5052 2219 5093; x_wconf 88' lang='lat' dir='ltr'><strong>con-</strong></span> 
     </span>
    </p>
   </div>
   <div class='ocr_carea' id='block_1_82' title="bbox 635 5122 2217 5195">
    <p class='ocr_par' dir='ltr' id='par_1_82' title="bbox 635 5122 2217 5195">
     <span class='ocr_line' id='line_1_82' title="bbox 635 5122 2217 5195; baseline 0.006 -18"><span class='ocrx_word' id='word_1_567' title='bbox 635 5123 923 5190; x_wconf 90' lang='lat' dir='ltr'><strong>nectimur,</strong></span> <span class='ocrx_word' id='word_1_568' title='bbox 956 5122 1074 5179; x_wconf 62' lang='lat' dir='ltr'><strong>haec</strong></span> <span class='ocrx_word' id='word_1_569' title='bbox 1103 5140 1190 5181; x_wconf 90' lang='lat' dir='ltr'><strong>me</strong></span> <span class='ocrx_word' id='word_1_570' title='bbox 1226 5127 1387 5195; x_wconf 92' lang='lat' dir='ltr'><strong>paulo</strong></span> <span class='ocrx_word' id='word_1_571' title='bbox 1418 5127 1577 5184; x_wconf 89' lang='lat' dir='ltr'><strong>latius</strong></span> <span class='ocrx_word' id='word_1_572' title='bbox 1626 5129 1693 5183; x_wconf 90' lang='lat' dir='ltr'><strong>ad</strong></span> <span class='ocrx_word' id='word_1_573' title='bbox 1741 5141 1793 5185; x_wconf 90' lang='lat' dir='ltr'><strong>te</strong></span> <span class='ocrx_word' id='word_1_574' title='bbox 1819 5146 2046 5186; x_wconf 89' lang='lat' dir='ltr'><strong>exarare</strong></span> <span class='ocrx_word' id='word_1_575' title='bbox 2066 5146 2217 5187; x_wconf 84' lang='lat' dir='ltr'><strong>com-</strong></span> 
     </span>
    </p>
   </div>
   <div class='ocr_carea' id='block_1_83' title="bbox 636 5214 2217 5283">
    <p class='ocr_par' dir='ltr' id='par_1_83' title="bbox 636 5214 2217 5283">
     <span class='ocr_line' id='line_1_83' title="bbox 636 5214 2217 5283; baseline 0.007 -16"><span class='ocrx_word' id='word_1_576' title='bbox 636 5214 788 5283; x_wconf 92' lang='lat' dir='ltr'><strong>pulit,</strong></span> <span class='ocrx_word' id='word_1_577' title='bbox 840 5222 900 5269; x_wconf 89' lang='lat' dir='ltr'><strong>ut</strong></span> <span class='ocrx_word' id='word_1_578' title='bbox 939 5217 1375 5274; x_wconf 88' lang='lat' dir='ltr'><strong>commendarem</strong></span> <span class='ocrx_word' id='word_1_579' title='bbox 1408 5221 1589 5275; x_wconf 89' lang='lat' dir='ltr'><strong>animo</strong></span> <span class='ocrx_word' id='word_1_580' title='bbox 1630 5236 1721 5275; x_wconf 90' lang='lat' dir='ltr'><strong>tuo</strong></span> <span class='ocrx_word' id='word_1_581' title='bbox 1769 5237 1984 5277; x_wconf 89' lang='lat' dir='ltr'><strong>causam</strong></span> <span class='ocrx_word' id='word_1_582' title='bbox 2023 5225 2217 5279; x_wconf 72' lang='lat' dir='ltr'><strong>animae</strong></span> 
     </span>
    </p>
   </div>
   <div class='ocr_carea' id='block_1_84' title="bbox 636 5309 2212 5379">
    <p class='ocr_par' dir='ltr' id='par_1_84' title="bbox 636 5309 2212 5379">
     <span class='ocr_line' id='line_1_84' title="bbox 636 5309 2212 5379; baseline 0.007 -19"><span class='ocrx_word' id='word_1_583' title='bbox 636 5316 758 5373; x_wconf 69' lang='lat' dir='ltr'><strong>tuae,</strong></span> <span class='ocrx_word' id='word_1_584' title='bbox 791 5322 1083 5378; x_wconf 90' lang='lat' dir='ltr'><strong>veramque</strong></span> <span class='ocrx_word' id='word_1_585' title='bbox 1124 5309 1272 5364; x_wconf 91' lang='lat' dir='ltr'><strong>illam</strong></span> <span class='ocrx_word' id='word_1_586' title='bbox 1320 5311 1739 5379; x_wconf 90' lang='lat' dir='ltr'><strong>beatitudinem,</strong></span> <span class='ocrx_word' id='word_1_587' title='bbox 1792 5324 1846 5369; x_wconf 90' lang='lat' dir='ltr'><strong>et</strong></span> <span class='ocrx_word' id='word_1_588' title='bbox 1893 5325 2212 5371; x_wconf 81' lang='lat' dir='ltr'><strong>:eternarum</strong></span> 
     </span>
    </p>
   </div>
   <div class='ocr_carea' id='block_1_85' title="bbox 636 5406 2215 5473">
    <p class='ocr_par' dir='ltr' id='par_1_85' title="bbox 636 5406 2215 5473">
     <span class='ocr_line' id='line_1_85' title="bbox 636 5406 2215 5473; baseline 0.006 -19"><span class='ocrx_word' id='word_1_589' title='bbox 636 5414 820 5455; x_wconf 89' lang='lat' dir='ltr'><strong>rerum</strong></span> <span class='ocrx_word' id='word_1_590' title='bbox 860 5416 1133 5472; x_wconf 86' lang='lat' dir='ltr'><strong>capacem,</strong></span> <span class='ocrx_word' id='word_1_591' title='bbox 1183 5417 1317 5472; x_wconf 91' lang='lat' dir='ltr'><strong>opus</strong></span> <span class='ocrx_word' id='word_1_592' title='bbox 1364 5414 1562 5459; x_wconf 68' lang='lat' dir='ltr'><strong>nostra:</strong></span> <span class='ocrx_word' id='word_1_593' title='bbox 1604 5406 1955 5473; x_wconf 86' lang='lat' dir='ltr'><strong>professionis</strong></span> <span class='ocrx_word' id='word_1_594' title='bbox 2000 5422 2215 5463; x_wconf 88' lang='lat' dir='ltr'><strong>assere-</strong></span> 
     </span>
    </p>
   </div>
   <div class='ocr_carea' id='block_1_86' title="bbox 637 5490 2219 5565">
    <p class='ocr_par' dir='ltr' id='par_1_86' title="bbox 637 5490 2219 5565">
     <span class='ocr_line' id='line_1_86' title="bbox 637 5490 2219 5565; baseline 0.006 -21"><span class='ocrx_word' id='word_1_595' title='bbox 637 5505 773 5545; x_wconf 87' lang='lat' dir='ltr'><strong>rem.</strong></span> <span class='ocrx_word' id='word_1_596' title='bbox 802 5490 936 5546; x_wconf 85' lang='lat' dir='ltr'><strong>Nam</strong></span> <span class='ocrx_word' id='word_1_597' title='bbox 962 5506 1086 5547; x_wconf 85' lang='lat' dir='ltr'><strong>cum</strong></span> <span class='ocrx_word' id='word_1_598' title='bbox 1126 5501 1179 5548; x_wconf 89' lang='lat' dir='ltr'><strong>te</strong></span> <span class='ocrx_word' id='word_1_599' title='bbox 1207 5508 1361 5564; x_wconf 74' lang='lat' dir='ltr'><strong>aeque</strong></span> <span class='ocrx_word' id='word_1_600' title='bbox 1387 5510 1450 5549; x_wconf 89' lang='lat' dir='ltr'><strong>ac</strong></span> <span class='ocrx_word' id='word_1_601' title='bbox 1480 5511 1566 5550; x_wconf 90' lang='lat' dir='ltr'><strong>me</strong></span> <span class='ocrx_word' id='word_1_602' title='bbox 1593 5497 1834 5565; x_wconf 85' lang='lat' dir='ltr'><strong>diligam,</strong></span> <span class='ocrx_word' id='word_1_603' title='bbox 1888 5513 2112 5555; x_wconf 91' lang='lat' dir='ltr'><strong>necesse</strong></span> <span class='ocrx_word' id='word_1_604' title='bbox 2136 5508 2219 5553; x_wconf 87' lang='lat' dir='ltr'><strong>est</strong></span> 
     </span>
    </p>
   </div>
   <div class='ocr_carea' id='block_1_87' title="bbox 638 5589 2216 5663">
    <p class='ocr_par' dir='ltr' id='par_1_87' title="bbox 638 5589 2216 5663">
     <span class='ocr_line' id='line_1_87' title="bbox 638 5589 2216 5663; baseline 0.006 -23"><span class='ocrx_word' id='word_1_605' title='bbox 638 5594 695 5640; x_wconf 91' lang='lat' dir='ltr'><strong>ut</strong></span> <span class='ocrx_word' id='word_1_606' title='bbox 720 5602 991 5642; x_wconf 89' lang='lat' dir='ltr'><strong>summum</strong></span> <span class='ocrx_word' id='word_1_607' title='bbox 1015 5589 1214 5643; x_wconf 88' lang='lat' dir='ltr'><strong>bonum</strong></span> <span class='ocrx_word' id='word_1_608' title='bbox 1233 5590 1444 5658; x_wconf 89' lang='lat' dir='ltr'><strong>assequi</strong></span> <span class='ocrx_word' id='word_1_609' title='bbox 1473 5598 1545 5653; x_wconf 89' lang='lat' dir='ltr'><strong>te,</strong></span> <span class='ocrx_word' id='word_1_610' title='bbox 1567 5598 1834 5659; x_wconf 80' lang='lat' dir='ltr'><strong>tamquam</strong></span> <span class='ocrx_word' id='word_1_611' title='bbox 1860 5607 1944 5646; x_wconf 90' lang='lat' dir='ltr'><strong>me</strong></span> <span class='ocrx_word' id='word_1_612' title='bbox 1963 5594 2216 5663; x_wconf 90' lang='lat' dir='ltr'><strong>alterum,</strong></span> 
     </span>
    </p>
   </div>
   <div class='ocr_carea' id='block_1_88' title="bbox 638 5677 2219 5754">
    <p class='ocr_par' dir='ltr' id='par_1_88' title="bbox 638 5677 2219 5754">
     <span class='ocr_line' id='line_1_88' title="bbox 638 5677 2219 5754; baseline 0.007 -23"><span class='ocrx_word' id='word_1_613' title='bbox 638 5679 868 5747; x_wconf 88' lang='lat' dir='ltr'><strong>cupiam.</strong></span> <span class='ocrx_word' id='word_1_614' title='bbox 899 5677 969 5732; x_wconf 87' lang='lat' dir='ltr'><strong>Et</strong></span> <span class='ocrx_word' id='word_1_615' title='bbox 997 5678 1215 5749; x_wconf 87' lang='lat' dir='ltr'><strong>quidem</strong></span> <span class='ocrx_word' id='word_1_616' title='bbox 1259 5694 1288 5733; x_wconf 92' lang='lat' dir='ltr'><strong>a</strong></span> <span class='ocrx_word' id='word_1_617' title='bbox 1327 5680 1662 5749; x_wconf 88' lang='lat' dir='ltr'><strong>professione</strong></span> <span class='ocrx_word' id='word_1_618' title='bbox 1691 5682 1813 5735; x_wconf 72' lang='lat' dir='ltr'><strong>vita:</strong></span> <span class='ocrx_word' id='word_1_619' title='bbox 1857 5694 2076 5752; x_wconf 70' lang='lat' dir='ltr'><strong>sanctae,</strong></span> <span class='ocrx_word' id='word_1_620' title='bbox 2130 5688 2219 5754; x_wconf 92' lang='lat' dir='ltr'><strong>pio</strong></span> 
     </span>
    </p>
   </div>
   <div class='ocr_carea' id='block_1_89' title="bbox 640 5769 2224 5846">
    <p class='ocr_par' dir='ltr' id='par_1_89' title="bbox 640 5769 2224 5846">
     <span class='ocr_line' id='line_1_89' title="bbox 640 5769 2224 5846; baseline 0.006 -18"><span class='ocrx_word' id='word_1_621' title='bbox 640 5770 802 5828; x_wconf 81' lang='lat' dir='ltr'><strong>etiam</strong></span> <span class='ocrx_word' id='word_1_622' title='bbox 828 5782 937 5831; x_wconf 79' lang='lat' dir='ltr'><strong>non</strong></span> <span class='ocrx_word' id='word_1_623' title='bbox 959 5769 1220 5829; x_wconf 80' lang='lat' dir='ltr'><strong>abborres</strong></span> <span class='ocrx_word' id='word_1_624' title='bbox 1247 5769 1489 5844; x_wconf 84' lang='lat' dir='ltr'><strong>ingenio,</strong></span> <span class='ocrx_word' id='word_1_625' title='bbox 1518 5770 1611 5845; x_wconf 89' lang='lat' dir='ltr'><strong>qui</strong></span> <span class='ocrx_word' id='word_1_626' title='bbox 1639 5785 1703 5831; x_wconf 86' lang='lat' dir='ltr'><strong>ea</strong></span> <span class='ocrx_word' id='word_1_627' title='bbox 1728 5786 1849 5846; x_wconf 72' lang='lat' dir='ltr'><strong>qua:</strong></span> <span class='ocrx_word' id='word_1_628' title='bbox 1874 5788 2047 5833; x_wconf 61' lang='lat' dir='ltr'><strong>sacra:</strong></span> <span class='ocrx_word' id='word_1_629' title='bbox 2069 5777 2224 5838; x_wconf 86' lang='lat' dir='ltr'><strong>iusti-</strong></span> 
     </span>
    </p>
   </div>
   <div class='ocr_carea' id='block_1_90' title="bbox 2320 4945 3828 5015">
    <p class='ocr_par' dir='ltr' id='par_1_90' title="bbox 2320 4945 3828 5015">
     <span class='ocr_line' id='line_1_90' title="bbox 2320 4945 3828 5015; baseline -0.005 -18"><span class='ocrx_word' id='word_1_630' title='bbox 2320 4945 2398 4998; x_wconf 89' lang='lat' dir='ltr'><strong>vis</strong></span> <span class='ocrx_word' id='word_1_631' title='bbox 2429 4953 2608 5001; x_wconf 88' lang='lat' dir='ltr'><strong>autem</strong></span> <span class='ocrx_word' id='word_1_632' title='bbox 2636 4945 2687 4998; x_wconf 93' lang='lat' dir='ltr'><strong>in</strong></span> <span class='ocrx_word' id='word_1_633' title='bbox 2716 4945 2980 5001; x_wconf 76' lang='lat' dir='ltr'><strong>maximos</strong></span> <span class='ocrx_word' id='word_1_634' title='bbox 3006 4945 3194 5000; x_wconf 87' lang='lat' dir='ltr'><strong>saeculi</strong></span> <span class='ocrx_word' id='word_1_635' title='bbox 3220 4946 3400 5015; x_wconf 89' lang='lat' dir='ltr'><strong>apices</strong></span> <span class='ocrx_word' id='word_1_636' title='bbox 3428 4956 3575 5015; x_wconf 87' lang='lat' dir='ltr'><strong>patre</strong></span> <span class='ocrx_word' id='word_1_637' title='bbox 3602 4946 3828 5003; x_wconf 81' lang='lat' dir='ltr'><strong>soceroque</strong></span> 
     </span>
    </p>
   </div>
   <div class='ocr_carea' id='block_1_91' title="bbox 2321 5035 3830 5111">
    <p class='ocr_par' dir='ltr' id='par_1_91' title="bbox 2321 5035 3830 5111">
     <span class='ocr_line' id='line_1_91' title="bbox 2321 5035 3830 5111; baseline -0.004 -20"><span class='ocrx_word' id='word_1_638' title='bbox 2321 5037 2516 5103; x_wconf 89' lang='lat' dir='ltr'><strong>elatus,</strong></span> <span class='ocrx_word' id='word_1_639' title='bbox 2548 5038 2849 5093; x_wconf 89' lang='lat' dir='ltr'><strong>illustribus</strong></span> <span class='ocrx_word' id='word_1_640' title='bbox 2892 5055 2956 5094; x_wconf 81' lang='lat' dir='ltr'><strong>ex</strong></span> <span class='ocrx_word' id='word_1_641' title='bbox 2996 5049 3223 5111; x_wconf 90' lang='lat' dir='ltr'><strong>utroque</strong></span> <span class='ocrx_word' id='word_1_642' title='bbox 3265 5040 3433 5093; x_wconf 89' lang='lat' dir='ltr'><strong>titulis</strong></span> <span class='ocrx_word' id='word_1_643' title='bbox 3466 5035 3719 5094; x_wconf 82' lang='lat' dir='ltr'><strong>atnbiaris;</strong></span> <span class='ocrx_word' id='word_1_644' title='bbox 3762 5040 3830 5093; x_wconf 75' lang='lat' dir='ltr'><strong>ego</strong></span> 
     </span>
    </p>
   </div>
   <div class='ocr_carea' id='block_1_92' title="bbox 2322 5128 3829 5203">
    <p class='ocr_par' dir='ltr' id='par_1_92' title="bbox 2322 5128 3829 5203">
     <span class='ocr_line' id='line_1_92' title="bbox 2322 5128 3829 5203; baseline -0.011 -18"><span class='ocrx_word' id='word_1_645' title='bbox 2322 5141 2501 5187; x_wconf 90' lang='lat' dir='ltr'><strong>tamen</strong></span> <span class='ocrx_word' id='word_1_646' title='bbox 2534 5132 2692 5202; x_wconf 87' lang='lat' dir='ltr'><strong>longe</strong></span> <span class='ocrx_word' id='word_1_647' title='bbox 2724 5134 3021 5203; x_wconf 90' lang='lat' dir='ltr'><strong>superioris</strong></span> <span class='ocrx_word' id='word_1_648' title='bbox 3050 5135 3102 5188; x_wconf 96' lang='lat' dir='ltr'><strong>in</strong></span> <span class='ocrx_word' id='word_1_649' title='bbox 3133 5143 3186 5190; x_wconf 91' lang='lat' dir='ltr'><strong>te</strong></span> <span class='ocrx_word' id='word_1_650' title='bbox 3210 5133 3430 5188; x_wconf 88' lang='lat' dir='ltr'><strong>honoris</strong></span> <span class='ocrx_word' id='word_1_651' title='bbox 3470 5128 3661 5198; x_wconf 78' lang='lat' dir='ltr'><strong>fastigia</strong></span> <span class='ocrx_word' id='word_1_652' title='bbox 3682 5134 3829 5177; x_wconf 71' lang='lat' dir='ltr'><strong>concu-</strong></span> 
     </span>
    </p>
   </div>
   <div class='ocr_carea' id='block_1_93' title="bbox 2322 5215 3829 5293">
    <p class='ocr_par' dir='ltr' id='par_1_93' title="bbox 2322 5215 3829 5293">
     <span class='ocr_line' id='line_1_93' title="bbox 2322 5215 3829 5293; baseline -0.005 -17"><span class='ocrx_word' id='word_1_653' title='bbox 2322 5224 2504 5292; x_wconf 84' lang='lat' dir='ltr'><strong>pisco;</strong></span> <span class='ocrx_word' id='word_1_654' title='bbox 2534 5232 2691 5293; x_wconf 89' lang='lat' dir='ltr'><strong>teque</strong></span> <span class='ocrx_word' id='word_1_655' title='bbox 2732 5240 2835 5279; x_wconf 89' lang='lat' dir='ltr'><strong>non</strong></span> <span class='ocrx_word' id='word_1_656' title='bbox 2861 5224 2925 5279; x_wconf 93' lang='lat' dir='ltr'><strong>ad</strong></span> <span class='ocrx_word' id='word_1_657' title='bbox 2953 5234 3313 5292; x_wconf 88' lang='lat' dir='ltr'><strong>terrenarum,</strong></span> <span class='ocrx_word' id='word_1_658' title='bbox 3349 5223 3441 5279; x_wconf 90' lang='lat' dir='ltr'><strong>sed</strong></span> <span class='ocrx_word' id='word_1_659' title='bbox 3474 5223 3534 5277; x_wconf 90' lang='lat' dir='ltr'><strong>ad</strong></span> <span class='ocrx_word' id='word_1_660' title='bbox 3566 5215 3829 5275; x_wconf 64' lang='lat' dir='ltr'><strong>caelestium;</strong></span> 
     </span>
    </p>
   </div>
   <div class='ocr_carea' id='block_1_94' title="bbox 2324 5314 3829 5385">
    <p class='ocr_par' dir='ltr' id='par_1_94' title="bbox 2324 5314 3829 5385">
     <span class='ocr_line' id='line_1_94' title="bbox 2324 5314 3829 5385; baseline -0.009 -16"><span class='ocrx_word' id='word_1_661' title='bbox 2324 5331 2421 5370; x_wconf 89' lang='lat' dir='ltr'><strong>nec</strong></span> <span class='ocrx_word' id='word_1_662' title='bbox 2450 5316 2515 5369; x_wconf 93' lang='lat' dir='ltr'><strong>ad</strong></span> <span class='ocrx_word' id='word_1_663' title='bbox 2549 5316 2751 5383; x_wconf 60' lang='lat' dir='ltr'><strong>saeculi,</strong></span> <span class='ocrx_word' id='word_1_664' title='bbox 2802 5317 2895 5372; x_wconf 93' lang='lat' dir='ltr'><strong>sed</strong></span> <span class='ocrx_word' id='word_1_665' title='bbox 2930 5317 2996 5371; x_wconf 85' lang='lat' dir='ltr'><strong>ad</strong></span> <span class='ocrx_word' id='word_1_666' title='bbox 3029 5318 3351 5373; x_wconf 62' lang='lat' dir='ltr'><strong>saeculorum</strong></span> <span class='ocrx_word' id='word_1_667' title='bbox 3385 5316 3696 5385; x_wconf 69' lang='lat' dir='ltr'><strong>dignitatem,</strong></span> <span class='ocrx_word' id='word_1_668' title='bbox 3720 5314 3829 5357; x_wconf 77' lang='lat' dir='ltr'><strong>voco.</strong></span> 
     </span>
    </p>
   </div>
   <div class='ocr_carea' id='block_1_95' title="bbox 2321 5403 3833 5479">
    <p class='ocr_par' dir='ltr' id='par_1_95' title="bbox 2321 5403 3833 5479">
     <span class='ocr_line' id='line_1_95' title="bbox 2321 5403 3833 5479; baseline -0.011 -16"><span class='ocrx_word' id='word_1_669' title='bbox 2321 5407 2484 5463; x_wconf 86' lang='lat' dir='ltr'><strong>Certa</strong></span> <span class='ocrx_word' id='word_1_670' title='bbox 2513 5407 2709 5478; x_wconf 91' lang='lat' dir='ltr'><strong>quippe</strong></span> <span class='ocrx_word' id='word_1_671' title='bbox 2737 5419 2789 5463; x_wconf 89' lang='lat' dir='ltr'><strong>et</strong></span> <span class='ocrx_word' id='word_1_672' title='bbox 2812 5409 3247 5465; x_wconf 90' lang='lat' dir='ltr'><strong>inoblitterabilis</strong></span> <span class='ocrx_word' id='word_1_673' title='bbox 3276 5410 3393 5463; x_wconf 69' lang='lat' dir='ltr'><strong>lucc</strong></span> <span class='ocrx_word' id='word_1_674' title='bbox 3420 5409 3579 5479; x_wconf 90' lang='lat' dir='ltr'><strong>gloria</strong></span> <span class='ocrx_word' id='word_1_675' title='bbox 3606 5414 3694 5465; x_wconf 88' lang='lat' dir='ltr'><strong>est,</strong></span> <span class='ocrx_word' id='word_1_676' title='bbox 3720 5403 3833 5452; x_wconf 68' lang='lat' dir='ltr'><strong>ater-</strong></span> 
     </span>
    </p>
   </div>
   <div class='ocr_carea' id='block_1_96' title="bbox 2325 5486 3829 5572">
    <p class='ocr_par' dir='ltr' id='par_1_96' title="bbox 2325 5486 3829 5572">
     <span class='ocr_line' id='line_1_96' title="bbox 2325 5486 3829 5572; baseline -0.007 -17"><span class='ocrx_word' id='word_1_677' title='bbox 2325 5500 2492 5555; x_wconf 89' lang='lat' dir='ltr'><strong>nitate</strong></span> <span class='ocrx_word' id='word_1_678' title='bbox 2514 5500 2754 5570; x_wconf 86' lang='lat' dir='ltr'><strong>gloriari.</strong></span> <span class='ocrx_word' id='word_1_679' title='bbox 2788 5500 3000 5571; x_wconf 86' lang='lat' dir='ltr'><strong>Loquar</strong></span> <span class='ocrx_word' id='word_1_680' title='bbox 3031 5518 3159 5572; x_wconf 91' lang='lat' dir='ltr'><strong>ergo</strong></span> <span class='ocrx_word' id='word_1_681' title='bbox 3187 5501 3324 5572; x_wconf 90' lang='lat' dir='ltr'><strong>apud</strong></span> <span class='ocrx_word' id='word_1_682' title='bbox 3366 5511 3416 5554; x_wconf 91' lang='lat' dir='ltr'><strong>te</strong></span> <span class='ocrx_word' id='word_1_683' title='bbox 3447 5514 3549 5554; x_wconf 90' lang='lat' dir='ltr'><strong>non</strong></span> <span class='ocrx_word' id='word_1_684' title='bbox 3578 5486 3829 5565; x_wconf 80' lang='lat' dir='ltr'><strong>sapientiam</strong></span> 
     </span>
    </p>
   </div>
   <div class='ocr_carea' id='block_1_97' title="bbox 2324 5586 3833 5666">
    <p class='ocr_par' dir='ltr' id='par_1_97' title="bbox 2324 5586 3833 5666">
     <span class='ocr_line' id='line_1_97' title="bbox 2324 5586 3833 5666; baseline -0.008 -17"><span class='ocrx_word' id='word_1_685' title='bbox 2324 5594 2485 5664; x_wconf 88' lang='lat' dir='ltr'><strong>hujus</strong></span> <span class='ocrx_word' id='word_1_686' title='bbox 2512 5595 2721 5661; x_wconf 64' lang='lat' dir='ltr'><strong>saeculi,</strong></span> <span class='ocrx_word' id='word_1_687' title='bbox 2745 5594 2839 5650; x_wconf 91' lang='lat' dir='ltr'><strong>sed</strong></span> <span class='ocrx_word' id='word_1_688' title='bbox 2865 5596 3009 5650; x_wconf 90' lang='lat' dir='ltr'><strong>illam</strong></span> <span class='ocrx_word' id='word_1_689' title='bbox 3038 5597 3353 5666; x_wconf 88' lang='lat' dir='ltr'><strong>sapientiam</strong></span> <span class='ocrx_word' id='word_1_690' title='bbox 3374 5607 3636 5655; x_wconf 87' lang='lat' dir='ltr'><strong>arcanam,</strong></span> <span class='ocrx_word' id='word_1_691' title='bbox 3663 5586 3833 5641; x_wconf 81' lang='lat' dir='ltr'><strong>abscon-</strong></span> 
     </span>
    </p>
   </div>
   <div class='ocr_carea' id='block_1_98' title="bbox 2325 5673 3835 5758">
    <p class='ocr_par' dir='ltr' id='par_1_98' title="bbox 2325 5673 3835 5758">
     <span class='ocr_line' id='line_1_98' title="bbox 2325 5673 3835 5758; baseline -0.006 -17"><span class='ocrx_word' id='word_1_692' title='bbox 2325 5687 2516 5754; x_wconf 89' lang='lat' dir='ltr'><strong>ditam,</strong></span> <span class='ocrx_word' id='word_1_693' title='bbox 2548 5703 2707 5758; x_wconf 90' lang='lat' dir='ltr'><strong>quam</strong></span> <span class='ocrx_word' id='word_1_694' title='bbox 2740 5688 3146 5758; x_wconf 65' lang='lat' dir='ltr'><strong>praedestinavit</strong></span> <span class='ocrx_word' id='word_1_695' title='bbox 3176 5691 3311 5746; x_wconf 89' lang='lat' dir='ltr'><strong>Deus</strong></span> <span class='ocrx_word' id='word_1_696' title='bbox 3338 5696 3465 5743; x_wconf 89' lang='lat' dir='ltr'><strong>ante</strong></span> <span class='ocrx_word' id='word_1_697' title='bbox 3486 5683 3662 5741; x_wconf 78' lang='lat' dir='ltr'><strong>smcula</strong></span> <span class='ocrx_word' id='word_1_698' title='bbox 3691 5682 3730 5733; x_wconf 89' lang='lat' dir='ltr'><strong>in</strong></span> <span class='ocrx_word' id='word_1_699' title='bbox 3753 5673 3835 5744; x_wconf 80' lang='lat' dir='ltr'><strong>glo-</strong></span> 
     </span>
    </p>
   </div>
   <div class='ocr_carea' id='block_1_99' title="bbox 2325 5764 3927 5859">
    <p class='ocr_par' dir='ltr' id='par_1_99' title="bbox 2325 5764 3927 5859">
     <span class='ocr_line' id='line_1_99' title="bbox 2325 5764 3927 5859; baseline -0.007 -22"><span class='ocrx_word' id='word_1_700' title='bbox 2325 5780 2464 5840; x_wconf 85' lang='lat' dir='ltr'><strong>riam</strong></span> <span class='ocrx_word' id='word_1_701' title='bbox 2489 5790 2730 5841; x_wconf 82' lang='lat' dir='ltr'><strong>uostram</strong></span> <span class='ocrx_word' id='word_1_702' title='bbox 2760 5781 2807 5855; x_wconf 86' lang='grc' dir='ltr'>(ι</span> <span class='ocrx_word' id='word_1_703' title='bbox 2838 5781 2956 5842; x_wconf 84' lang='lat' dir='ltr'><strong>Cor.</strong></span> <span class='ocrx_word' id='word_1_704' title='bbox 2983 5782 3066 5859; x_wconf 82' lang='grc' dir='ltr'><strong>ιι).</strong></span> <span class='ocrx_word' id='word_1_705' title='bbox 3092 5781 3303 5858; x_wconf 86' lang='lat' dir='ltr'><strong>Loquar</strong></span> <span class='ocrx_word' id='word_1_706' title='bbox 3330 5790 3504 5841; x_wconf 87' lang='lat' dir='ltr'><strong>tecum</strong></span> <span class='ocrx_word' id='word_1_707' title='bbox 3530 5775 3685 5839; x_wconf 87' lang='lat' dir='ltr'><strong>multo</strong></span> <span class='ocrx_word' id='word_1_708' title='bbox 3704 5764 3837 5830; x_wconf 84' lang='lat' dir='ltr'><strong>studio</strong></span> <span class='ocrx_word' id='word_1_709' title='bbox 3926 5856 3927 5859; x_wconf 12' lang='grc' dir='ltr'><strong>η</strong></span> 
     </span>
    </p>
   </div>
  </div>
