4018 6338
221 284 306 344 113

878 279 1212 338 EPISTOLA
1251 275 1715 332 ΡΑΒᾸΞΝΕΤΙΟΑ
1757 275 1798 330 Α

1915 276 2343 334 VALERIANUM
2385 276 2783 334 COGNATUM.

3344 285 3451 345 τη

218 399 297 463 tui,
329 395 433 450 mei
458 394 748 448 admodum
796 407 984 462 parum
1031 391 1310 460 proVidus,
1343 389 1434 458 qui
1474 388 1592 457 plus
1631 388 1684 441 in
1728 396 1780 441 te
1805 395 1858 448 Α
1883 388 2045 442 modo
2075 391 2336 446 interesse
2383 401 2538 460 putet
2567 393 2906 459 beatitudini,
2961 408 3082 448 cum
3129 393 3269 447 desit
3309 415 3470 450 ut...”

215 491 326 560 quid
354 489 538 554 velim,
569 502 726 557 quam
759 486 810 540 in
836 502 921 539 me
941 485 1069 554 quid
1099 485 1322 553 possim,
1351 483 1709 536 consideravi.

276 582 510 636 Primum
543 580 770 633 instituti
801 589 959 647 atque
990 579 1045 631 in
1076 578 1250 631 lucem
1281 575 1409 630 editi
1440 574 1670 630 hominis
1709 575 1787 629 of-

213 676 381 728 ﬁcium
405 683 505 725 εει.
543 673 612 724 mi
659 669 944 724 Valeriane
992 668 1332 732 cbarissime,
1384 666 1656 736 proprium
1689 680 1785 720 co-

213 779 461 835 gnoscere
488 774 784 826 auctorem,
814 761 1197 829 cognitumque
1242 759 1556 825 suscipere;
1599 757 1788 820 vitam-

214 873 329 928 que,
362 857 413 910 id
445 865 548 921 est,
580 855 821 909 divinum
872 853 1103 917 donum,
1163 852 1216 905 in
1266 851 1506 905 divinum
1551 849 1788 904 ofﬁcium

213 954 348 1009 cultu
360 966 518 1020 mque
540 950 804 1004 conferre.
826 947 891 1002 Ut
922 948 1057 1017 quod
1080 945 1175 1000 Dei
1199 962 1404 1000 munere
1434 946 1670 1014 sumpsit,
1697 943 1791 997 Dei

213 1046 470 1100 denatione
493 1051 904 1106 consummatur,
936 1051 1096 1109 atque
1126 1040 1177 1094 id
1206 1039 1348 1107 quod
1389 1039 1456 1093 ab
1486 1037 1677 1092 eodem
1713 1037 1790 1091 in-

213 1140 399 1208 dignus
421 1138 583 1206 cepit,
613 1136 787 1190 eidem
811 1134 1083 1206 subjectus
1105 1132 1403 1201 impendat.
1432 1131 1572 1187 Sana
1597 1129 1792 1200 quippe

214 1231 460 1299 Opinione
491 1230 722 1299 agimur,
756 1236 813 1279 ut
860 1226 1082 1281 eductos
1133 1239 1231 1278 nos
1273 1223 1507 1278 sicutab
1539 1223 1677 1291 ipso,
1720 1222 1791 1275 ita

212 1322 310 1391 ipsi
335 1321 682 1374 arbitremur.
716 1317 870 1375 Unde
911 1317 1002 1372 ille
1034 1317 1192 1385 plane
1231 1316 1626 1385 magniﬁceque
1674 1329 1794 1384 per-

215 1413 363 1483 spicit
385 1411 655 1467 Creatoris
685 1411 854 1464 nostri
897 1411 948 1463 in
995 1409 1299 1479 effingenda
1333 1408 1552 1462 homine
1578 1415 1795 1460 senten-

215 1508 359 1570 tiam,
392 1505 637 1574 quisquis
667 1504 737 1557 ita
768 1503 1038 1572 intelligit,
1071 1501 1213 1571 quod
1245 1515 1343 1555 nos
1373 1511 1425 1554 et
1454 1500 1569 1569 ipse
1594 1508 1648 1553 et
1693 1498 1794 1553 sibi

214 1596 354 1653 fecit.
383 1596 658 1664 Optimum
690 1594 884 1650 deinde
905 1604 987 1648 est
1017 1607 1198 1647 curam
1231 1591 1577 1661 principalem
1603 1589 1794 1644 animae

213 1689 524 1758 impendere
550 1697 606 1743 ut
629 1703 748 1758 qua:
771 1687 1005 1741 utilitate
1026 1686 1176 1756 prior
1195 1696 1300 1752 est,
1326 1700 1434 1739 non
1459 1684 1526 1738 sit
1549 1685 1793 1738 conside-

1889 480 2088 534 saluti?
2119 481 2371 552 [ndigens
2401 485 2547 546 vitae,
2582 485 2720 538 unde
2752 486 3026 538 abundare
3076 485 3215 541 felici
3245 499 3350 541 vita
3384 504 3476 557 ρο-

1888 573 2038 627 test?
2069 576 2175 629 Aut
2202 576 2328 644 quid
2354 579 2594 644 prodest,
2627 581 2669 631 si
2703 578 2920 647 adjiciat
2944 581 3100 645 cibis,
3135 596 3240 634 non
3275 583 3478 638 habens

1888 663 2034 719 unde
2063 668 2452 722 consulendum
2490 680 2574 724 est
2603 670 2830 724 animae?
2871 671 2947 725 De
2986 686 3088 740 qua
3122 683 3178 727 et
3224 674 3480 731 Dominus

1891 765 2077 809 noster
2097 756 2253 811 Jesus
2273 758 2521 813 Christus
2557 763 2662 814 ait:
2689 762 2827 825 Quid
2866 766 2998 816 enim
3032 765 3236 832 prodest
3261 766 3477 834 homini,

1891 851 1936 904 si
1963 853 2212 906 mundum
2238 856 2526 907 universum
2559 856 2802 922 lucretur,
2835 861 3021 914 animus
3045 877 3160 916 vero
3184 878 3291 916 suae
3320 865 3482 918 detri-

1892 954 2116 996 mentum
2139 947 2364 1012 patiatur
2387 947 2602 1019 (Matth.
2631 951 2768 1019 xvi)?
2793 950 3022 1006 Proinde
3039 969 3146 1008 non
3180 966 3357 1024 potest
3376 955 3480 1009 ulla

1893 1038 2197 1107 compendii
2226 1054 2385 1094 causa
2430 1044 2750 1110 consistere,
2781 1045 2825 1097 si
2856 1057 3065 1101 constet
3094 1050 3286 1102 anima:
3318 1052 3484 1105 inter-

1893 1131 2078 1184 venire
2105 1131 2465 1200 dispendium.
2486 1134 2586 1189 Ubi
2619 1136 2806 1190 salutis
2827 1138 3079 1194 damnum
3106 1153 3208 1208 est,
3245 1142 3352 1197 illic
3382 1144 3484 1198 uti-

1894 1223 2127 1291 quejam
2161 1223 2365 1278 lucrum
2385 1226 2594 1280 nullum
2627 1239 2739 1293 est;
2772 1245 2879 1298 quo
2906 1233 3044 1285 enim
3071 1235 3280 1288 lucrum
3307 1237 3486 1305 capia-

1895 1319 2006 1378 tur,
2039 1313 2139 1366 nisi
2163 1315 2410 1382 capiendi
2437 1319 2597 1372 sedes
2628 1319 2948 1375 inconcussa
2977 1325 3264 1378 servetur?
3308 1329 3487 1394 Atque

1895 1404 2094 1459 idcirco
2115 1407 2182 1460 ad
2212 1408 2344 1462 illud
2373 1410 2577 1464 lucrum
2623 1428 2835 1479 verum,
2865 1416 2931 1468 ad
2966 1416 3094 1469 illud
3121 1426 3366 1471 sanctum
3396 1435 3487 1472 ex-

1896 1500 2298 1570 petendumque
2343 1508 2729 1560 commercium
2770 1508 3154 1579 dum,tempus
3197 1520 3308 1575 est,
3357 1528 3490 1582 pro—

1896 1604 2150 1659 peremus
2181 1590 2326 1662 (Gal.
2361 1596 2456 1664 vi).

1969 1680 2170 1737 Parere
2195 1696 2419 1752 possunt
2445 1695 2703 1742 aeternam
2735 1690 2899 1745 vitam
2927 1695 3081 1761 pauci
3111 1695 3260 1758 dies;
3291 1697 3382 1764 qui
3416 1706 3492 1751 ta-

214 1783 420 1837 ratione
455 1781 739 1849 posterior.
757 1779 966 1834 Primas
983 1779 1121 1848 apud
1147 1793 1246 1834 nos
1273 1792 1452 1842 curas,
1480 1793 1599 1846 quae
1629 1777 1799 1844 prima
1827 1769 1877 1829 B
1903 1787 2027 1826 men
2040 1773 2180 1844 dies,
2207 1777 2418 1831 etiamsi
2440 1778 2662 1833 illmsant
2686 1790 2848 1852 atque
2870 1786 3342 1842 incontaminatam
3370 1790 3493 1845 vita:

215 1871 503 1938 habentur,
533 1871 845 1936 obtineant,
895 1884 1238 1939 summasque
1268 1861 1374 1924 Sibi
1423 1869 1800 1925 sollicitudinis

215 1975 392 2035 partes
416 1965 582 2029 salus,
615 1980 735 2034 quae
761 1977 970 2019 summa
994 1971 1098 2028 est,
1127 1961 1392 2017 vendicet.
1429 1963 1556 2017 Hzee
1586 1976 1684 2016 nos
1709 1976 1800 2015 oc-

214 2063 371 2124 cupet
403 2056 454 2109 in
487 2056 796 2124 praesidium
835 2070 898 2109 ac
926 2055 1146 2108 tutelam
1177 2055 1281 2122 sui,
1337 2055 1446 2123 jam
1489 2069 1594 2108 non
1644 2054 1803 2123 plane

215 2150 408 2218 prima,
430 2151 526 2205 sed
551 2150 685 2203 sola.
716 2148 906 2204 Omnia
941 2149 1121 2204 vincat
1142 2163 1207 2204 eo
1236 2149 1435 2214 studio,
1467 2164 1571 2218 quo
1603 2163 1802 2218 praece-

213 2241 283 2295 dit
311 2243 515 2295 omnia.
571 2240 847 2296 Summam
903 2240 1163 2295 debemus
1207 2241 1604 2295 observantiam
1668 2240 1798 2307 Deo,

214 2335 409 2389 animae
436 2333 634 2390 deinde
673 2335 1004 2389 maximam:
1031 2344 1191 2404 atque
1219 2334 1289 2388 ita
1321 2344 1497 2388 tamen
1529 2331 1670 2387 istud
1698 2343 1800 2398 est,

214 2438 265 2482 ut
290 2443 420 2483 cum
451 2439 737 2498 utrumque
767 2429 1091 2498 praecipuum
1117 2428 1208 2490 sit,
1254 2427 1532 2481 observari
1573 2426 1802 2482 alterum

210 2521 323 2576 sine
377 2522 550 2579 altero
576 2534 912 2590 nequaquam
945 2533 1108 2587 posse
1158 2518 1426 2575 videatur.
1456 2518 1532 2572 lta
1560 2517 1805 2589 quisquis

211 2611 322 2668 Deo
355 2613 704 2681 satisfecerit,
730 2614 923 2667 animae
952 2626 1176 2666 necesse
1200 2621 1284 2667 est
1306 2613 1416 2681 jam
1440 2611 1801 2677 consuluerit;

209 2717 261 2763 et
288 2721 508 2770 rursus,
541 2707 630 2775 qui
682 2706 875 2759 animae
906 2703 1282 2769 consuluerit,
1315 2718 1539 2759 necesse
1569 2714 1651 2758 εει
1697 2705 1806 2758 Ι)εο

212 2801 314 2867 jam
344 2798 696 2853 satisfecerit.
727 2796 817 2852 Sic
841 2795 909 2851 de
930 2811 1142 2850 summo
1172 2795 1312 2864 apud
1345 2810 1441 2849 nos
1471 2805 1697 2864 utroque
1720 2809 1807 2849 res

212 2891 535 2959 transigitur
560 2889 675 2943 utili
701 2898 890 2943 coacta
919 2887 1271 2957 compendio;
1315 2897 1374 2942 ut
1403 2888 1448 2942 si
1495 2887 1616 2957 quis
1642 2903 1806 2941 unum

212 2983 407 3037 sedulo
425 2982 754 3050 impleverit,
771 2987 1058 3048 utrumque
1081 2978 1391 3040 contulerit.
1414 2978 1535 3049 quia
1551 2978 1806 3034 ineffabili

210 3075 550 3146 benignitate
592 3075 794 3138 divina,
845 3075 958 3142 ipsa
991 3074 1194 3127 utilitas
1225 3073 1283 3127 ﬁt
1321 3073 1416 3128 Dei
1457 3074 1804 3128 sacrificium.

1902 1862 2290 1921 beatitudinem
2318 1870 2696 1938 possiderent;
2724 1885 2923 1941 tamen,
2951 1878 3074 1946 quia
3104 1879 3260 1947 pauci
3287 1890 3491 1949 essent,

1906 1970 2073 2023 parvo
2103 1958 2406 2013 mstitnandi
2437 1970 2612 2015 erant.
2641 1961 2787 2017 Nihil
2816 1965 2958 2020 enim
2989 1977 3074 2022 est
3117 1983 3367 2040 magnum
3409 1987 3491 2041 re,

1904 2049 2046 2116 quod
2080 2065 2305 2117 parvum
2351 2061 2633 2121 tempore;
2665 2071 2765 2111 nec
2787 2058 2961 2128 longis
2989 2060 3243 2117 dilatatur
3261 2065 3492 2133 gaudiis,

1904 2141 2162 2211 quidquid
2195 2154 2342 2201 arcto
2373 2147 2480 2201 ﬁne
2517 2150 2875 2206 concluditur.
2935 2153 3159 2209 Brevem
3205 2157 3493 2217 utilitatem

1905 2236 2091 2290 saeculi
2137 2237 2292 2292 istius
2323 2239 2506 2296 brevia
2549 2242 2749 2300 habent
2801 2248 3104 2302 commoda.
3162 2248 3330 2306 Rec‘le
3366 2267 3495 2322 ergo

1905 2328 2067 2382 etiam
2094 2330 2235 2385 bono
2263 2323 2612 2390 brevis'vitaa
2663 2346 2933 2406 perpetua:
2971 2341 3093 2396 vitae
3146 2347 3496 2400 commodum

1906 2424 2327 2490 przeponendum
2359 2428 2665 2494 videretur;
2708 2431 2830 2499 quia
2864 2431 2952 2485 illa
2983 2444 3129 2489 esset
3157 2439 3493 2506 temporalis,

1906 2512 2024 2567 hare
2053 2525 2255 2570 aeterna
2285 2517 2555 2585 felicitas;
2587 2522 2711 2589 quia
2741 2523 2928 2591 fragile
2956 2535 3098 2579 esset
3127 2525 3377 2582 brevibus
3405 2528 3499 2583 bo-

1914 2603 1992 2659 nis
2043 2608 2277 2674 perfrui,
2324 2618 2495 2663 tutum
2561 2613 2794 2680 gaudere
2841 2617 3136 2683 perpetuis.
3184 2617 3334 2674 Nunc
3374 2638 3504 2676 vero

1906 2707 2107 2752 aeterna
2136 2701 2245 2754 vita
2276 2701 2590 2758 beatissima
2618 2714 2720 2760 est.
2753 2706 2885 2760 Nam
2915 2709 3040 2776 quid
3060 2709 3270 2766 felicius
3297 2724 3503 2770 aeterna

1906 2788 2014 2842 vita
2046 2789 2154 2844 dici
2186 2793 2401 2860 potest?
2430 2794 2556 2849 Hice
2587 2811 2716 2850 vero
2748 2797 2945 2867 brevis,
2980 2802 3049 2854 ita
3071 2802 3410 2872 brevissittta,
3446 2818 3504 2862 ut

1910 2881 2405 2950 :erumuosissima;
2439 2901 2556 2953 quae
2583 2887 2819 2957 undique
2849 2891 3313 2950 circumstantium
3351 2898 3502 2954 dolo-

1909 2984 2028 3024 rum
2054 2975 2690 3045 urgeturineommodis;
2735 2991 2790 3034 et
2836 2981 3212 3042 deﬁcientibus
3251 2988 3506 3060 fatigatur

1912 3064 2092 3132 malis,
2125 3066 2253 3120 dum
2284 3069 2644 3124 accidentiqu
2671 3071 2906 3140 jactatur
2935 3075 3163 3145 injuriis.
3195 3079 3330 3145 Quid
3358 3085 3502 3138 enim

211 3168 417 3222 Multus
444 3166 658 3236 corpori
680 3165 1017 3221 curationum
1049 3179 1174 3218 usus
1195 3164 1553 3232 impenditur;
1584 3165 1808 3218 multum
1839 3146 1886 3210 C
1917 3163 2022 3208 tam
2059 3156 2301 3225 infidum,
2345 3168 2451 3212 tam
2499 3163 2726 3229 varium,
2781 3172 2888 3218 tam
2920 3167 3315 3238 calamitosum,
3344 3189 3505 3241 quam

210 3259 338 3314 huic
370 3274 553 3328 opera:
583 3259 637 3312 in
664 3273 812 3327 spem
839 3256 1063 3311 medelte
1086 3255 1257 3328 [Fort.
1285 3257 1337 3309 in
1361 3256 1593 3326 speciem
1626 3255 1810 3311 mede—

211 3352 300 3425 lae]
329 3351 812 3420 datur.Numquid
846 3349 1167 3404 medicinam
1197 3349 1375 3403 anima
1407 3363 1515 3402 non
1544 3348 1813 3404 meretur?

211 3442 282 3499 Et
313 3446 361 3498 si
409 3443 555 3496 varia
605 3442 821 3511 corpori
859 3440 1057 3494 auxilia
1099 3439 1278 3494 studio
1328 3439 1542 3494 tuendae
1571 3439 1814 3493 sanitatis

213 3535 572 3600 adhibentur,
607 3534 685 3588 fas
714 3548 821 3587 non
850 3541 933 3586 est
963 3541 1142 3586 tamen
1175 3531 1408 3585 animam
1452 3532 1598 3586 velut
1625 3531 1813 3586 exclu-

212 3642 331 3682 sam
353 3628 568 3697 jacere,
598 3636 650 3681 et
681 3625 833 3695 quasi
870 3625 1169 3694 neglectam
1204 3625 1407 3679 morbis
1447 3625 1559 3679 suis
1602 3624 1811 3678 intabe-

211 3734 399 3780 scere,
430 3728 590 3788 atque
617 3733 775 3772 unam
807 3732 837 3770 a
868 3717 1100 3786 propriis
1129 3717 1382 3772 remediis
1411 3716 1678 3784 exsulare,
1718 3717 1817 3769 im-

213 3828 303 3867 mo
334 3828 476 3867 vere
517 3813 667 3882 plura
711 3811 905 3865 animze
941 3809 1268 3866 conferenda
1306 3819 1452 3876 sunt,
1501 3811 1547 3865 si
1600 3809 1816 3880 corpori

212 3915 364 3960 tanta
400 3915 746 3974 praestantur.

281 3998 454 4061 Nam,
489 3998 536 4051 si
566 4006 712 4051 recte
739 3997 957 4067 quidam
996 4011 1212 4050 carnem
1237 3995 1376 4051 hanc
1401 3995 1682 4062 famulam,
1705 3999 1821 4050 ani-

211 4103 363 4144 mam
396 4105 531 4143 vero
556 4089 830 4143 dominam
860 4104 980 4143 esse
1011 4089 1300 4154 dixerunt;
1335 4103 1439 4143 non
1472 4099 1685 4158 oportet
1726 4106 1820 4158 po-

215 4184 463 4237 steriore
493 4182 614 4236 loco
643 4195 741 4235 nos
770 4181 1047 4235 dominam
1079 4195 1304 4250 ponere,
1336 4196 1400 4235 ac
1438 4181 1689 4235 famulam
1719 4181 1822 4235 ini-

210 4293 327 4346 quo
355 4276 488 4345 jure
517 4274 792 4343 praeferre.
814 4274 1008 4328 Merito
1034 4273 1210 4342 poscit
1234 4273 1408 4327 studia
1451 4274 1653 4342 majora
1696 4289 1819 4343 pars

212 4368 447 4428 melior,
477 4365 599 4434 quia
627 4364 774 4419 omni
804 4363 960 4418 nobis
988 4380 1117 4418 cura
1149 4364 1276 4418 illuc
1301 4365 1690 4433 respiciendum
1714 4374 1817 4429 est,

212 4462 308 4517 ubi
334 4459 660 4516 substantia:
684 4468 880 4514 nostrae
903 4459 1268 4526 abundantior
1296 4457 1527 4528 dignitas
1556 4457 1818 4513 constitit.

1915 3247 2040 3302 vitae
2062 3248 2216 3303 istius
2244 3263 2435 3305 cursus
2463 3253 2578 3305 est?
2608 3253 2739 3320 Quae
2768 3257 2923 3324 plena
2962 3258 3169 3315 laboris
3207 3271 3308 3329 est,
3344 3265 3504 3335 plena

1915 3339 2316 3408 sollicitudinis,
2349 3342 2508 3411 plena
2536 3358 2812 3412 curarum,
2840 3347 3076 3416 ipsorum
3104 3367 3319 3422 quoque
3350 3357 3508 3424 plena

1915 3428 2319 3497 discriminum;
2338 3443 2393 3487 et
2423 3450 2518 3504 per
2537 3437 2800 3506 ancipites
2823 3438 3080 3495 distracta
3103 3457 3282 3512 casus,
3305 3446 3363 3502 ﬁt
3394 3464 3511 3504 cor-

1917 3525 2066 3592 poris
2093 3527 2471 3582 vexationihus
2514 3527 2774 3599 inquieta,
2802 3532 2966 3588 animi
3006 3538 3294 3606 angoribus
3320 3544 3504 3610 anxia,

1917 3616 2284 3685 periculorum
2320 3621 2621 3676 turbinibus
2646 3623 2871 3679 incerta.
2901 3627 3029 3692 Quae
3057 3631 3241 3700 utique
3279 3635 3506 3703 utilitas,

1917 3722 2038 3776 quae
2064 3711 2224 3778 ratio,
2259 3725 2364 3765 non
2395 3714 2572 3781 expeti
2601 3714 2740 3768 bona
2781 3724 3003 3782 aeterna,
3037 3722 3188 3790 sequi
3224 3733 3500 3794 tempora-

1918 3799 2010 3866 lia,
2038 3803 2198 3857 etiam
2248 3805 2420 3858 mala?
2464 3807 2653 3862 Nonne
2680 3808 2854 3876 vides,
2892 3819 2949 3865 ut
2995 3812 3158 3868 etiam
3192 3814 3246 3868 in
3275 3817 3376 3873 hac
3401 3821 3510 3879 vita

1920 3897 2147 3966 quisque
2178 3898 2653 3967 providus,locutn
2671 3910 2762 3956 aut
2785 3918 2993 3972 agrum,
3017 3906 3068 3959 in
3093 3921 3199 3976 quo
3228 3908 3424 3965 diutius
3449 3928 3511 3968 se

1921 3997 2379 4044 commoraturum
2414 4001 2585 4060 putat,
2627 3995 2860 4063 copiosis
2887 3995 2941 4049 iu
2989 4013 3143 4052 usum
3173 4004 3370 4056 sarciat
3408 4007 3507 4060 im-

1925 4083 2168 4150 pendiis?
2192 4093 2246 4138 et
2275 4083 2362 4138 ubi
2392 4100 2559 4153 parvo
2583 4087 2702 4154 quis
2727 4088 2829 4142 erit
2858 4097 3120 4158 tempore,
3170 4109 3330 4162 parva
3377 4111 3508 4166 pro-

1923 4175 2109 4241 videt;
2137 4177 2224 4231 ubi
2251 4179 2487 4246 majore,
2520 4180 2723 4250 majora
2757 4184 3043 4251 procurat?
3077 4183 3237 4239 Nobis
3269 4203 3508 4257 quoque,

1923 4267 2050 4335 quia
2082 4268 2134 4321 in
2183 4270 2585 4337 praesentiarum
2634 4273 3010 4330 brevissimum
3053 4278 3313 4346 angustiis
3358 4295 3511 4337 coar-

1926 4361 2196 4416 ctantibus
2216 4372 2429 4432 tempus
2448 4373 2551 4430 est,
2577 4365 2629 4420 in
2653 4365 2835 4422 futuro
2858 4369 3057 4424 saecula
3083 4381 3266 4434 erunt,
3291 4388 3483 4443 compe

1929 4455 2166 4509 tentibus
2190 4457 2360 4525 copiis
2389 4459 2554 4513 vitam
2583 4474 2944 4529 exaugeamus
2976 4473 3259 4536 aeternam,
3281 4481 3507 4537 compe-

213 4557 546 4627 Congruum
564 4570 666 4608 non
690 4563 792 4620 est,
809 4553 862 4607 in
878 4553 978 4607 hoc
997 4553 1203 4608 honore
1225 4561 1424 4606 nostra:
1445 4551 1824 4606 sollicitudinis
1849 4530 1905 4591 Ῑ)
1932 4550 2170 4604 tentibus
2192 4551 2520 4606 instruamus
2542 4555 2790 4623 exiguam
2816 4596 2830 4619 ,
2863 4570 2930 4610 ne
2954 4559 3265 4626 provisione
3296 4575 3513 4629 perver-

211 4663 344 4703 eam
386 4661 488 4700 nos
510 4644 776 4712 subjicere
806 4645 993 4714 pejori.
1032 4644 1171 4698 Caro
1199 4643 1462 4712 siquidem
1493 4643 1746 4709 proclivis
1769 4643 1822 4698 in

212 4739 384 4803 vitia,
409 4738 476 4790 ad
505 4748 701 4791 terram
727 4749 848 4801 nos,
879 4745 1152 4804 tamquam
1177 4736 1228 4788 in
1260 4733 1522 4804 originem
1541 4749 1713 4796 suam,
1741 4749 1826 4789 re-

213 4843 395 4888 vocat
421 4827 579 4892 (Cen.
603 4833 750 4898 vm):
786 4829 900 4882 haec
921 4844 1051 4883 vero
1073 4829 1294 4883 veniens
1312 4842 1344 4881 a
1367 4837 1516 4897 patre
1537 4829 1821 4893 luminum,

213 4926 372 4982 sicut
409 4926 535 4979 ferri
561 4922 771 4992 ignibus
793 4937 909 4976 mos
933 4931 1037 4987 est,
1064 4923 1118 4976 in
1149 4922 1427 4992 superiora
1458 4922 1664 4976 nititur.
1699 4922 1826 4976 Haec

212 5019 271 5073 in
311 5018 483 5072 nobis
517 5017 693 5084 imago
721 5015 837 5076 Dei,
873 5015 975 5069 hoc
1003 5015 1297 5084 pretiosum
1331 5023 1413 5069 est
1442 5014 1607 5070 divini
1633 5030 1831 5071 .mune-

212 5113 298 5166 ris
367 5109 584 5179 pignus.
639 5107 790 5160 lianc
821 5106 966 5161 omni
1009 5121 1132 5175 ope,
1183 5105 1321 5159 hanc
1358 5107 1583 5159 summis
1624 5106 1832 5161 viribus

214 5215 527 5266 tueamur;
561 5201 700 5255 hanc
728 5200 773 5254 si
806 5200 1064 5269 regimus,
1096 5209 1150 5254 et
1176 5214 1580 5265 conservamus,
1617 5199 1710 5253 Dei
1739 5201 1832 5254 de-

211 5298 478 5368 positum
511 5305 725 5349 tuemur
753 5293 772 5362 (
799 5292 842 5346 ll
890 5292 1027 5346 Tim.
1059 5308 1074 5346 l
1106 5292 1147 5362 ).
1194 5293 1325 5361 Quis
1355 5294 1688 5358 exstruendi,
1731 5293 1835 5348 nisi

211 5407 357 5448 cum
394 5388 742 5443 fundamenta
769 5386 987 5455 jeceris,
1032 5388 1182 5440 locus
1225 5387 1350 5440 est?
1390 5386 1836 5455 Supertediﬁcare

210 5492 474 5538 exteras
496 5480 756 5534 utilitates
781 5478 1074 5534 destinanti
1112 5478 1257 5532 salus
1283 5478 1686 5532 fundamentum
1730 5486 1832 5533 est.

211 5574 513 5633 Caeterum
543 5574 817 5645 quomodo
846 5574 1110 5642 quispiam
1142 5574 1418 5642 sequentia
1451 5573 1631 5637 addat,
1664 5576 1707 5628 si
1737 5589 1839 5630 nec

209 5669 422 5740 prima
449 5665 792 5736 possederit?
824 5663 977 5720 Unde
1003 5665 1408 5720 succedentium
1435 5665 1719 5734 augebitur
1761 5666 1841 5719 in-

210 5757 566 5821 crementis,
598 5757 642 5810 si
672 5756 1003 5810 anteriorum
1054 5755 1334 5812 deiiciatur
1374 5755 1650 5818 exordiis?
1694 5756 1842 5828 Quo-

539 5847 815 5912 ΡΑι-ιοι..
846 5847 919 5914 Ι..-

1929 4655 2010 4707 sa,
2040 4643 2414 4712 impendamus
2442 4645 2589 4700 brevi
2620 4649 2852 4715 tempori
2884 4663 3066 4703 curam
3111 4653 3424 4720 maximam,
3462 4664 3516 4710 et

1931 4735 2170 4788 maximo
2193 4737 2419 4802 tempori
2453 4750 2637 4790 curam
2669 4736 2910 4793 brevem.

2000 4828 2179 4896 Atque
2205 4825 2346 4880 baud
2372 4829 2483 4882 scio
2503 4828 2570 4882 ad
2601 4827 2740 4883 hanc
2772 4829 3135 4885 beatissimam
3171 4836 3330 4887 vitam
3372 4837 3515 4903 quod

1931 4918 2262 4986 compellere
2288 4934 2388 4974 nos
2408 4918 2557 4974 ocius
2587 4930 2680 4976 aut
2709 4921 2982 4977 efﬁcacius
3008 4924 3232 4992 debeat;
3281 4942 3348 4980 an
3402 4927 3519 4996 ipsa

1935 5009 2131 5066 futurae
2160 5012 2283 5066 vita:
2308 5013 2614 5077 commoda,
2645 5029 2765 5084 quae
2798 5016 3218 5083 promittuntur;
3271 5035 3338 5073 an
3382 5035 3518 5089 pra:-

1937 5105 2106 5159 sentis
2133 5105 2632 5173 vitteincommoda,
2666 5121 2787 5175 quae
2817 5107 3118 5163 videantur.
3153 5110 3282 5164 lude
3311 5127 3408 5166 nos
3431 5113 3521 5166 illa

1937 5198 2286 5254 blandissime
2315 5209 2628 5268 provocant,
2653 5199 2779 5255 hinc
2803 5204 2903 5255 Ista
2935 5203 3291 5257 vehementer
3340 5214 3522 5257 extur-

1938 5290 2088 5344 bant.
2121 5290 2375 5356 Proinde,
2405 5306 2527 5345 cum
2559 5291 2612 5345 in
2638 5292 2920 5347 meliorem
2955 5305 3161 5362 partem
3192 5293 3356 5348 etiam
3399 5310 3522 5364 pes~

1937 5385 2073 5440 sima
2098 5384 2484 5453 suﬁ‘ragentur,
2515 5384 2560 5440 si
2583 5385 2740 5440 bonis
2783 5400 2891 5440 non
2923 5387 3194 5452 illicimur,
3232 5388 3385 5442 malis
3426 5405 3525 5443 ex-

1940 5476 2244 5532 trudamur.
2280 5477 2360 5530 Ad
2387 5475 2787 5532 incitamentum
2815 5477 3121 5546 meliorum,
3155 5480 3356 5547 Optima
3379 5479 3526 5534 dete-

1943 5568 2178 5624 rioribus
2206 5569 2520 5635 concinunt,
2547 5579 2601 5624 et
2638 5571 2693 5624 in
2721 5568 2967 5624 eamdem
2998 5571 3280 5624 utilitatem
3315 5571 3526 5628 diversa

1945 5672 2293 5718 concurrunt.
2322 5662 2475 5727 Nam,
2501 5661 2628 5715 dum
2656 5663 2757 5714 alia
2782 5675 2882 5714 nos
2912 5661 3159 5728 invitant,
3184 5661 3288 5716 alia
3325 5662 3524 5730 fugant,

1895 5816 1898 5820 ,
1948 5759 2001 5814 in
2031 5755 2227 5815 melius
2257 5765 2481 5828 utraque
2502 5768 2600 5812 nos
2641 5753 2960 5814 sollicitant.
3011 5753 3144 5809 Nam
3166 5755 3213 5810 si
3251 5753 3529 5821 hominum

2966 5848 3049 5911 23
