4018 6338
593 277 698 342 719
776 257 781 260 ’

1590 280 1651 337 S.
1693 278 2020 339 EUCllERll
2059 277 2363 337 EPISCOPI
2403 278 2885 342 LUGDUNENSIS

3773 298 3863 357 720

592 405 763 475 plum,
798 398 997 469 ingenti
1027 393 1299 467 quondam
1342 394 1656 450 divitiarum
1699 410 1865 451 censu
1917 394 2272 455 uberrimoA
2299 397 2533 452 trahunt.
2578 398 2659 455 llli
2688 399 2904 470 quidem
2947 397 3141 456 affectu
3185 401 3407 473 absunt,
3450 405 3550 463 sed
3578 406 3674 467 ille
3715 411 3863 472 domi.

588 490 907 560 eloquentia:
940 487 1124 554 fonte;
1159 489 1229 542 ita
1260 488 1314 542 in
1341 489 1665 543 sententiam
1710 497 1952 542 nostram
1982 501 2180 556 propo-

584 584 859 652 situmque
910 580 1178 649 migravit,
1234 589 1293 633 ut
1354 580 1516 635 etiam
1590 591 1817 635 cunctas
1879 580 2177 635 admodum

584 676 769 732 mundi
800 686 981 745 partes
1008 673 1226 744 eloquio
1249 674 1611 745 operibusque
1650 675 1994 745 resperserit.
2026 673 2179 727 llila-

582 771 699 825 rius
746 784 938 838 nuper,
982 778 1035 822 et
1082 770 1135 822 in
1179 767 1328 823 Italia
1388 785 1532 825 nunc
1578 770 1807 824 antistes
1863 768 2178 833 Petronius,

582 862 743 917 ambo
773 877 837 918 ex
870 862 959 916 illa
982 861 1314 931 plenissima,
1342 871 1399 917 ut
1428 864 1600 929 aiunt,
1625 862 1913 917 mundanae
1945 870 2181 932 potesta-

585 958 653 1013 tis
679 958 827 1023 sede,
857 973 997 1011 unus
1023 956 1073 1011 in
1100 956 1399 1026 religionis,
1421 957 1557 1012 alius
1579 956 1634 1012 in
1658 956 1948 1013 sacerdotii
1982 969 2184 1037 nomen

582 1049 850 1106 ascendit.
895 1050 958 1102 Et
1004 1047 1217 1119 quando
1258 1048 1590 1103 clarissimos
1632 1049 1900 1112 facundia,
1950 1047 2183 1102 Firmia-

583 1158 736 1207 num,
769 1141 1071 1207 Minutium,
1102 1140 1433 1214 Cyprianum
1456 1184 1471 1208 ,
1517 1141 1777 1197 Hilarium
1821 1141 1950 1213 [Pro
1982 1140 2186 1195 Hilario

579 1238 929 1309 reponendum
955 1237 1159 1292 Erasm.
1188 1248 1359 1292 censet
1389 1235 1700 1309 Evagrium]
1729 1236 1990 1292 Joannem
2021 1235 2187 1309 [Sane

587 1330 1085 1406 Chrysostomum],
1118 1331 1495 1397 Ambrosium,
1526 1348 1592 1387 ex
1640 1332 1733 1386 illo
1768 1330 2040 1385 volumine
2082 1346 2185 1383 nu-

585 1426 919 1482 merositatis
942 1424 1227 1481 evolvam?
1245 1424 1527 1491 Dixerant,
1547 1424 1733 1489 credo,
1751 1433 1805 1478 et
1826 1422 1879 1476 hi
1902 1423 2026 1491 sibi,
2045 1420 2188 1492 quod

584 1520 804 1590 quidam
840 1527 1085 1574 nostrum
1116 1518 1215 1586 ait,
1248 1533 1371 1573 cum
1402 1533 1461 1573 se
1506 1534 1533 1570 a
1567 1518 1769 1573 smculo
1802 1517 1856 1571 in
1890 1516 2027 1569 hanc
2059 1515 2189 1571 bea-

580 1611 779 1667 liorem
820 1612 1019 1677 vitam,
1068 1612 1170 1665 hoc
1215 1610 1361 1667 velut
1389 1610 1612 1666 stimulo
1654 1609 1997 1666 concitaret:
2030 1609 2186 1663 dixe~

590 1715 735 1770 rant,
769 1704 954 1771 credo,
980 1702 1121 1769 Quid
1152 1702 1255 1758 hoc
1283 1704 1397 1756 est?
1428 1702 1662 1773 Surgunt
1691 1700 1910 1765 indocti,
1938 1711 1985 1753 et
2005 1700 2188 1753 caelum

2287 502 2418 545 natu
2454 492 2645 547 adest:
2692 494 2766 548 lta
2808 494 2952 565 quod
2992 497 3355 564 improvidum
3397 510 3452 556 et
3490 502 3863 565 inennsultissi-

2289 600 2433 640 mum
2462 594 2565 653 est,
2595 597 2845 642 errantes
2872 590 3061 658 clausi,
3093 592 3279 648 vivunt
3309 605 3458 649 extra
3490 599 3861 658 consideratio-

2288 693 2409 732 nem
2439 678 2670 744 Domini,
2695 692 2748 737 et
2770 682 2909 738 intra
2946 695 3290 754 potestatem.
3327 688 3394 744 Et
3422 690 3469 745 si
3513 695 3862 768 unusquisque

2286 769 2356 825 de
2386 770 2508 841 fuga
2542 772 2797 828 famulum
2830 776 3027 832 minaci
3056 778 3309 850 indagine
3346 792 3609 848 sectatur,
3653 800 3862 859 eumque

2287 862 2650 920 declinantem
2678 881 2736 922 se
2758 867 2899 937 juris
2922 871 3004 924 sui
3030 883 3271 929 assertor
3294 874 3628 947 insequitur;
3663 895 3754 933 cur
3774 898 3862 939 non

2288 956 2354 1010 de
2385 960 2675 1029 semetipso
2705 962 2919 1017 caelesti
2967 962 3199 1022 Domino
3223 967 3313 1036 jus
3350 983 3505 1024 suum
3537 972 3740 1037 reddit,
3769 990 3861 1031 ser-

2286 1048 2547 1122 vitutique
2575 1056 2970 1124 quamprimum
2999 1073 3059 1114 se
3091 1059 3145 1113 in
3181 1058 3497 1117 famulatum
3540 1064 3663 1133 ejus
3693 1069 3862 1123 volun-

2290 1144 2425 1197 taria
2456 1144 2731 1201 oblatione
2763 1148 2933 1214 dedit,
2970 1165 3158 1221 :equus
3188 1156 3374 1225 utique
3406 1166 3514 1211 tam
3551 1158 3679 1227 sibi,
3728 1176 3861 1231 quam

2289 1235 2343 1289 in
2372 1252 2431 1291 se
2462 1239 2698 1295 arbiter?
2726 1241 2837 1297 Cur
2874 1244 2927 1297 in
2966 1248 3319 1313 praesentium
3360 1265 3541 1305 rerum
3578 1252 3863 1314 oblectabili

2290 1328 2573 1400 deligimur
2607 1336 2860 1405 aspectu?
2908 1338 3018 1392 Cur
3058 1341 3124 1394 iis
3182 1344 3522 1400 tantumlibet
3590 1345 3861 1419 incubare,

2289 1439 2410 1494 qua:
2441 1426 2751 1482 cernimus?
2780 1429 3053 1500 Numquid
3083 1432 3379 1491 luminibus
3416 1437 3534 1493 istis
3566 1448 3770 1496 tantum
3798 1446 3863 1497 vi-

2290 1519 2485 1586 vimus,
2508 1522 2755 1577 autsolos
2770 1520 2944 1594 [Fort.
2961 1526 3114 1599 solis]
3134 1528 3187 1582 in
3204 1544 3359 1586 usum
3374 1540 3651 1601 gestamus
3664 1536 3865 1593 oculos?

2361 1612 2606 1667 Vivimus
2635 1631 2851 1685 quoque
2890 1627 2944 1673 et
2972 1620 3215 1688 auribus,
3260 1633 3316 1677 ut
3360 1626 3637 1695 possimus
3677 1627 3863 1687 inhiare

2292 1705 2591 1773 promissis.
2624 1706 2797 1777 Magni
2826 1724 2947 1779 nos,
2972 1726 3071 1781 per
3095 1712 3233 1771 hanc
3259 1731 3473 1786 quoque
3498 1724 3748 1793 corporis
3763 1740 3863 1795 par-

575 1798 822 1862 rapiunt,
848 1807 893 1850 et
920 1812 1010 1850 nos
1032 1812 1149 1848 cum
1177 1794 1426 1848 doctrinis
1454 1797 1663 1861 nostris,
1693 1810 1806 1847 ecce
1838 1792 1923 1845 ubi
1957 1793 2010 1846 in
2038 1808 2193 1846 carne
2222 1787 2267 1845 Β
2298 1803 2426 1860 tem,
2458 1795 2684 1852 affectus
2717 1800 2959 1855 trahunt.
2990 1803 3123 1871 Quae
3145 1809 3501 1877 spondentur,
3534 1829 3655 1883 qua:
3691 1817 3863 1887 pradi-

580 1889 874 1943 uolutamur
921 1896 969 1939 et
1014 1887 1263 1957 sanguine
1291 1883 1508 1956 (Matth.
1543 1884 1657 1956 xl)?
1699 1884 1960 1939 Dixerant
1999 1883 2137 1938 istud
2162 1882 2188 1936 ?

581 1988 641 2035 et
669 1979 870 2034 idcirco
900 1978 1001 2048 ipsi
1031 1986 1217 2047 postea
1240 1978 1350 2031 vim
1378 1977 1679 2030 intulerunt
1710 1991 1899 2046 regno.

657 2069 889 2125 Prolatis
919 2085 985 2124 ex
1018 2081 1188 2138 parte,
1228 2084 1364 2138 quos
1397 2069 1569 2137 major
1600 2068 1721 2139 fidei
1775 2078 1974 2122 nostra:
2007 2066 2186 2121 fervor

580 2162 792 2224 habuit.
823 2161 1008 2216 saeculi
1035 2160 1399 2231 philoSOphia,
1421 2160 1756 2229 eloquentia,
1782 2159 2185 2228 honoribusque

576 2255 915 2325 perfunctos,
953 2253 1019 2308 ad
1048 2256 1192 2323 ipsos
1218 2252 1327 2323 jam
1377 2268 1531 2324 reges
1561 2268 1613 2307 et
1647 2252 1781 2307 illud
1809 2263 1970 2323 caput
2000 2251 2185 2306 mundi

578 2349 820 2404 veniam.
861 2346 1046 2417 Neque
1095 2361 1239 2401 nunc
1284 2346 1791 2401 commemorandos
1832 2344 2030 2415 putabo
2069 2360 2187 2398 om-

570 2455 678 2496 nes
707 2440 1017 2508 superiores
1047 2439 1170 2493 illos
1190 2437 1439 2509 religioni
1474 2439 1719 2502 devotos,
1743 2449 1793 2492 et
1820 2438 1982 2507 regite
2008 2438 2183 2506 digni-

574 2537 710 2592 tatis
739 2538 918 2591 viros:
950 2535 1122 2590 solum
1155 2534 1289 2589 mihi
1321 2535 1580 2604 insignes,
1628 2532 1793 2587 David
1838 2533 2059 2602 pietate,
2091 2533 2186 2589 Jo-

572 2629 694 2685 sias
725 2627 846 2693 (ide,
884 2626 1145 2682 Ezechias
1174 2624 1501 2692 humilitate,
1534 2640 1597 2680 ex
1634 2624 1893 2679 memoria
1920 2640 2185 2679 veneran-

574 2719 775 2773 dorum
827 2724 1144 2787 promentur
1202 2716 1499 2770 annalium.
1558 2714 1812 2769 Nonnulli
1862 2730 2072 2786 quoque
2115 2731 2183 2771 ex

572 2810 974 2868 recentioribus
1013 2808 1358 2874 exstiterunt,
1398 2822 1560 2878 atque
1603 2808 1704 2863 hac
1741 2822 1923 2862 nosua
1970 2816 2180 2877 tempe-

569 2914 718 2962 state
740 2904 1032 2975 principes,
1062 2902 1155 2972 qui
1186 2902 1254 2957 ad
1284 2902 1614 2969 agnitionem
1644 2900 1761 2956 veri
1792 2904 1934 2972 regis
1961 2904 2183 2971 prapius

566 3005 963 3065 accesseram,
1021 3010 1400 3063 summumque
1454 2996 1603 3050 illum
1675 2994 2020 3049 dominorum
2076 2996 2184 3049 Do-

569 3090 787 3145 .minum
806 3102 1023 3144 summa
1053 3086 1235 3143 cordis
1270 3086 1598 3142 contritione
1628 3086 1865 3141 confessi
1904 3096 2060 3153 sunt;
2094 3097 2177 3141 at-

2290 1898 2503 1951 cantur,
2535 1887 2873 1947 ferventibus
2901 1894 3066 1959 votis,
3110 1898 3437 1957 instantibus
3475 1904 3765 1963 desideriis
3786 1924 3863 1965 ex-

2288 1988 2616 2049 spectemus.
2651 1981 2838 2040 Fidem
2874 1987 3262 2055 promissorum
3298 1992 3472 2050 fidelis
3506 1996 3620 2064 ille,
3656 1999 3749 2055 ille
3782 2016 3862 2056 au-

2287 2080 2406 2126 ctor
2432 2071 2687 2128 inculcat.
2722 2075 3040 2134 Ambiamus
3064 2082 3132 2136 ad
3171 2084 3373 2153 optima
3396 2103 3516 2157 qua:
3538 2091 3861 2159 pollicentur.

2287 2162 2620 2234 Quamquam
2648 2168 2694 2222 si
2728 2169 2828 2237 ipsi
2852 2187 3067 2242 quoque.
3096 2175 3292 2242 oculis,
3318 2178 3461 2236 bene
3487 2192 3543 2237 et
3574 2184 3776 2242 utiliter
3800 2188 3863 2242 uti

2288 2254 2556 2326 volumus,
2591 2274 2688 2329 per
2718 2261 2850 2316 istos
2880 2267 3043 2320 etiam
3077 2267 3132 2321 in
3163 2268 3400 2326 futurum
3425 2274 3726 2345 cupiditate
3753 2294 3863 2334 ma-

2284 2364 2391 2419 gna
2419 2367 2485 2405 ex
2518 2362 2671 2421 parte
2711 2367 3020 2426 raptamur:
3054 2360 3099 2415 si
3130 2362 3574 2437 admirationem,
3622 2387 3781 2442 quam
3806 2389 3863 2429 ex

2288 2445 2471 2500 mundi
2523 2452 2985 2521 contemplatione
3030 2457 3312 2526 capimus,
3358 2471 3774 2533 retorqueamus
3818 2469 3862 2523 in

2288 2536 2460 2606 ipsum
2495 2547 2658 2595 tanta:
2688 2544 2956 2605 machinae
2985 2556 3283 2605 auctorem.
3316 2555 3425 2608 Aut
3466 2556 3513 2608 si
3551 2557 3863 2627 cogitemus,

2286 2640 2517 2696 quantus
2558 2632 2610 2686 in
2661 2643 2937 2702 posterum
2969 2639 3231 2708 splendor
3261 2642 3419 2712 lueis,
3464 2649 3636 2716 possit
3665 2650 3865 2707 lumini-

2288 2724 2390 2779 bus
2420 2742 2743 2796 occurrere;
2775 2746 2897 2787 cum
2922 2749 2981 2789 se
3008 2751 3151 2793 nunc
3180 2746 3363 2796 tantus
3394 2741 3637 2801 insinuet
3662 2762 3677 2801 :
3709 2746 3863 2815 Quam

2287 2820 2569 2889 magnifica
2609 2820 2833 2893 fulgebit
2885 2830 3161 2898 perpetuis
3198 2831 3370 2887 forma
3415 2837 3612 2905 rebus,
3653 2854 3772 2895 cum
3804 2842 3865 2897 sit

2287 2926 2428 2965 nunc
2478 2922 2584 2968 tam
2628 2918 2872 2985 speciosa
2918 2923 3195 2989 perituris.
3227 2925 3341 2981 Non
3391 2944 3526 3000 ergo
3566 2944 3776 3002 oportet
3819 2938 3866 2991 in

2284 3002 2609 3060 deteriorem
2654 3023 2752 3062 nos
2781 3021 3009 3082 partem,
3047 3014 3226 3071 officia
3275 3016 3575 3079 sollicitare
3609 3026 3865 3082 membro.

2284 3110 2431 3161 rum,
2464 3101 2749 3156 commode
2778 3105 2959 3171 potius
2986 3107 3042 3161 in
3072 3118 3366 3183 utramque
3402 3123 3773 3187 Emperentur
3796 3122 3866 3176 vi-

2780 3162 2793 3171 _
3201 3162 3363 3183 ,ηπ
3405 3162 3763 3187 --..-,..-......

566 3191 781 3240 lentam
805 3182 1002 3237 divinze
1029 3181 1301 3249 majeStati
1322 3181 1707 3243 reverentiam,
1743 3179 1911 3235 etiam
1941 3190 2173 3250 uterque
2201 3162 2249 3228 (ἶ
2280 3196 2417 3255 tam;
2442 3192 2627 3263 sicque
2656 3198 2962 3254 custodiant
2993 3207 3331 3274 temporarias
3352 3224 3537 3275 usum,
3570 3222 3631 3267 ut
3658 3224 3865 3269 aeterna:

559 3289 741 3334 sexus
761 3290 829 3331 ex
849 3274 973 3330 aula
1003 3273 1267 3330 exhibuit.
1302 3273 1365 3328 Hi
1388 3274 1567 3343 potius
1597 3273 1801 3341 idonei,
1835 3281 1895 3327 ut
1915 3272 2172 3339 arbitror,

560 3369 646 3425 ad
670 3367 1031 3424 :emulandum
1072 3374 1462 3437 proponantur,
1499 3381 1728 3437 quorum
1762 3365 2014 3434 exempla
2053 3379 2177 3421 cum

560 3459 813 3515 :babeant
844 3458 915 3514 de
942 3457 1138 3514 futuris
1177 3456 1431 3526 salutem,
1467 3457 1671 3514 habent
1716 3457 1783 3513 de
1816 3457 2176 3527 praesentibus

556 3551 975 3608 auctoritatem.

651 3642 839 3699 Cernis
868 3651 926 3697 ut
968 3641 1129 3697 etiam
1160 3642 1277 3697 dies
1313 3652 1477 3712 atque
1520 3642 1673 3709 anni,
1722 3651 1779 3700 et
1815 3654 2009 3699 cuncta
2059 3644 2177 3701 haec

553 3741 891 3794 -ornameuta
914 3734 1058 3799 eteli,
1091 3733 1183 3789 Dei
1214 3733 1435 3790 verbum
1467 3735 1889 3806 mandatumque
1922 3735 2176 3806 infatiga-

559 3824 671 3881 bili
702 3823 1079 3880 observatione
1120 3834 1475 3892 conservent,
1512 3835 2027 3899 przeceptorumque
2055 3827 2174 3898 ejus

554 3917 881 3974 custodiant
908 3919 1178 3973 irremissa
1215 3919 1336 3988 lege
1366 3918 1704 3976 famulatum.
1739 3920 2017 3992 Numqttid
2048 3940 2171 3992 nos,

554 4024 802 4080 quorum
837 4009 938 4064 ista
968 4010 1151 4065 usibus
1188 4009 1441 4065 fabricata
1486 4023 1644 4078 sunt,
1678 4029 1909 4084 quorum
1949 4016 2170 4072 lumini-

552 4100 676 4157 .bus
702 4101 905 4171 ingesta
937 4113 1087 4168 sunt,
1111 4102 1415 4158 caelestium
1445 4105 1821 4161 mandatorum
1845 4123 1953 4163 non
1977 4110 2170 4178 nescii,

550 4207 675 4249 .uec
702 4192 897 4249 divinae
925 4194 1220 4249 voluntatis
1256 4195 1468 4265 ignari,
1503 4208 1835 4267 praeceptum
1878 4200 1973 4257 Dei
2007 4203 2172 4259 surda

571 4298 704 4341 aure
732 4285 1121 4341 transibimus?
1158 4285 1225 4341 Et
1276 4287 1361 4341 his
1397 4289 1617 4358 quidem
1666 4292 1941 4361 praedictis
1984 4295 2174 4351 mundi

570 4377 939 4445 adminiculis,
971 4378 1099 4448 quid
1122 4378 1175 4433 in
1205 4379 1404 4435 saecula
1446 4381 1820 4451 observarent,
1852 4388 2022 4443 semel
2056 4388 2173 4458 jus-

554 4482 695 4523 .sum
744 4478 865 4525 est:
898 4470 1054 4525 nobis
1084 4485 1217 4526 vero
1260 4479 1342 4527 tot
1380 4474 1743 4530 voluminibus
1789 4477 1987 4534 divinze
2035 4480 2173 4550 legis

556 4562 840 4618 iterantur
870 4563 1119 4633 imperia,
1152 4562 1219 4619 ad
1246 4563 1360 4619 hzec
1388 4567 1607 4631 saltem,
1634 4569 1782 4638 quod
1815 4570 2021 4627 homini
2065 4574 2169 4643 ipsi

556 4653 893 4716 attributum
932 4665 1036 4722 est,
1087 4656 1349 4712 voluntati
1390 4660 1626 4713 auctoris
1665 4676 1875 4731 parere,
1922 4679 2166 4735 praecep-

563 4749 752 4818 tisque
777 4749 893 4817 ejus
920 4762 1113 4804 vacare
1133 4749 1305 4805 discat
1320 4750 1486 4822 :{quia
1504 4768 1665 4810 omne
1695 4756 1861 4823 istud,
1883 4774 2011 4814 cum
2032 4775 2169 4830 prae-

560 4841 674 4897 bet
713 4841 1097 4909 ministerium,
1144 4852 1368 4914 pratstat
1408 4848 1741 4917 exemplum.
1781 4851 1851 4906 Et
1880 4860 2087 4922 tamen,
2120 4855 2169 4912 si

554 4933 667 5003 ιιιυί
698 4934 765 4987 ad
815 4945 1089 4991 auctorem
1129 4951 1287 4992 suum
1321 4938 1502 4995 redire
1532 4942 1743 5008 nolunt,
1795 4961 1919 4999 num
1966 4947 2167 5004 idcirco

554 5024 862 5082 A-Dominum
891 5042 1048 5083 suum
1076 5028 1249 5085 vitare
1278 5032 1522 5100 possint?
1550 5036 1658 5090 Aut
1685 5054 1791 5104 quo
1815 5040 2073 5110 suppetit,
2104 5049 2167 5097 ut

554 5114 798 5186 :fugiant,
846 5119 938 5190 qui
985 5136 1018 5177 a
1069 5122 1182 5178 Deo
1222 5139 1283 5179 se
1332 5128 1632 5184 avertunt?
1674 5130 1927 5199 Audiant,
1977 5146 2165 5193 sancte

556 5206 766 5274 .David,
799 5212 1022 5268 audiant
1060 5222 1111 5269 te
1152 5214 1462 5274 dicentem:
1491 5221 1604 5285 Quo
1630 5222 1715 5275 ibo
1744 5240 1776 5275 a
1807 5222 2009 5291 Spiritu
2046 5235 2159 5297 tuo,

572 5311 619 5355 et
641 5318 674 5355 a
702 5304 837 5372 facie
864 5313 953 5359 tua
979 5322 1079 5378 quo
1111 5309 1349 5380 fugiam?
1379 5311 1440 5366 Si
1469 5313 1746 5367 ascendero
1783 5315 1837 5369 in
1859 5317 2064 5385 caelum,
2104 5328 2163 5373 tu

556 5390 682 5446 lillic
709 5409 801 5448 es:
828 5396 874 5450 si
893 5397 1202 5456 descendero
1232 5403 1286 5457 in
1315 5403 1591 5475 infernum,
1622 5405 1746 5461 ades
1770 5422 1790 5464 :
1813 5409 1857 5461 si
1896 5426 2160 5483 sumpsero

553 5500 768 5555 .‘peunas
783 5503 922 5543 meas
943 5490 1197 5558 diluculo,
1217 5504 1263 5546 et
1282 5494 1628 5550 inhabitavero
1650 5498 1702 5551 in
1719 5501 1957 5555 extremis
1977 5505 2153 5574 maris,

572 5574 726 5629 etiam
744 5577 811 5631 ibi
828 5595 1009 5634 manus
1029 5589 1119 5634 tua
1141 5581 1358 5637 deducet
1371 5600 1469 5648 me,
1487 5588 1728 5643 ettenebit
1745 5607 1821 5644 me
1833 5593 2043 5649 dextera
2067 5605 2157 5651 tua

564 5659 697 5733 (Ps.
728 5669 1009 5741 cxxxvm).
1046 5669 1188 5743 Ergo
1234 5672 1311 5726 illi
1357 5673 1526 5729 velint
1576 5678 1767 5745 nolint,
1820 5696 1879 5738 se
1924 5682 2154 5741 Domino

564 5753 961 5821 universitatis.
987 5769 1044 5816 et
1070 5761 1117 5816 si
1147 5763 1424 5821 voluntate
1448 5765 1717 5836 auferunt,
1740 5769 1865 5839 jure
1886 5790 1995 5833 non
2023 5776 2154 5835 sub-

2278 3298 2386 3339 non
2417 3285 2672 3355 abjiciant
2698 3291 3082 3353 ministerium.
3108 3298 3262 3366 Quod
3289 3303 3334 3356 si
3368 3318 3469 3358 nos
3492 3306 3595 3360 ista
3628 3309 3866 3364 avocatio

2277 3386 2437 3445 atque
2465 3393 2620 3434 amor
2643 3382 2812 3449 juvat,
2848 3395 2903 3440 et
2929 3389 3105 3456 ipsum
3142 3405 3363 3448 sensum
3393 3396 3688 3454 oblectatio
3724 3401 3864 3457 solli-

2276 3466 2425 3531 citat,
2464 3477 2547 3524 est
2576 3472 2734 3541 plane
2759 3474 2850 3532 hic
2872 3492 3027 3533 amor
3056 3495 3280 3538 summa:
3312 3486 3636 3559 voluptatis;
3667 3503 3862 3549 estnon

2277 3559 2473 3627 solum,
2502 3563 2644 3632 quod
2684 3568 2855 3621 amari
2881 3568 3219 3639 ,efl'usissime
3255 3577 3451 3646 possit,
3499 3583 3593 3635 sed
3632 3592 3684 3638 et
3727 3584 3862 3655 quod

2278 3653 2544 3730 maxime;
2585 3655 2802 3726 debeat,
2858 3660 3186 3732 jucundum,
3227 3670 3587 3742 praeclarum,
3633 3653 3861 3746 unicum,

2276 3752 2538 3800 aeternum
2571 3748 2794 3805 bonum.

2348 3837 2514 3906 Deus,
2548 3839 2793 3911 inquam,
2818 3855 3026 3915 noster,
3054 3852 3142 3906 cui
3164 3856 3341 3924 possis
3364 3866 3474 3912 tam
3503 3875 3694 3931 magno
3709 3877 3860 3933 quam

2275 3928 2365 3997 pio
2396 3930 2518 3999 igne
2549 3932 2808 4003 flagrare;
2841 3938 2887 3993 si
2922 3941 2974 3995 in
3005 3942 3184 3999 locum
3229 3951 3562 4006 anteriorum
3597 3928 3860 4023 cupidita-

2277 4028 2425 4086 tum,
2462 4026 2699 4092 pretiosa
2724 4042 2939 4085 rursum
2981 4032 3251 4092 desideria
3290 4042 3610 4100 succedunt.
3640 4044 3697 4101 Si
3728 4058 3779 4101 te
3808 4046 3855 4101 in

2276 4112 2457 4183 aliquo
2482 4116 2731 4185 capiebat
2754 4130 2861 4175 tam
2887 4126 3189 4195 magnifica:
3218 4133 3290 4184 rei
3320 4132 3574 4201 dignitas,
3610 4137 3735 4191 nihil
3768 4139 3858 4193 illo

2276 4205 2731 4275 magnificentius.
2762 4211 2819 4268 Si
2858 4223 2911 4269 te
2936 4215 3138 4282 aliquid
3166 4221 3312 4275 velut
3342 4233 3527 4293 aptum
3571 4228 3749 4297 gloria:
3772 4243 3855 4283 ac-

2275 4301 2786 4373 commodatumqne
2814 4308 3080 4375 rapiebat,
3116 4314 3247 4367 nihil
3276 4315 3369 4371 illo
3388 4318 3691 4386 gloriosius.
3720 4321 3773 4377 Si
3790 4322 3855 4376 ad

2277 4392 2557 4461 splendida
2587 4395 2905 4467 fulgentium
2929 4416 3109 4458 rerum
3128 4404 3418 4462 ducebaris
3441 4411 3582 4476 visu,
3605 4412 3693 4467 illo
3720 4413 3853 4469 nihil

2276 4486 2492 4542 clarius.
2525 4488 2580 4545 Si
2631 4490 2699 4545 ad
2741 4495 2986 4562 speciosa
3018 4499 3322 4558 trahebaris
3353 4504 3570 4569 intuitu,
3602 4508 3688 4561 illo
3724 4508 3854 4565 nihil

2278 4581 2573 4652 pulchrius.
2607 4583 2663 4641 Si
2696 4586 2749 4641 in
2791 4588 2972 4658 aliquo
3017 4599 3071 4646 te
3104 4595 3353 4664 amplecti
3401 4600 3628 4668 putabas
3661 4603 3851 4658 verita-

2278 4681 2410 4742 tem,
2445 4676 2535 4731 illo
2566 4678 2700 4734 nihil
2735 4681 2936 4737 verius.
2981 4683 3039 4740 Si
3071 4686 3121 4739 in
3153 4702 3422 4759 quoquam
3468 4694 3850 4763 suspiciendam

2275 4765 2575 4836 largitatem
2596 4772 2880 4841 credebas,
2909 4774 3007 4831 illo
3028 4778 3157 4834 nihil
3180 4783 3604 4842 muniﬁcenlius.
3628 4788 3844 4851 Miraris,

2274 4858 2421 4926 quod
2462 4875 2655 4928 purum
2701 4872 2786 4918 est
2817 4875 2978 4934 atque
3022 4869 3285 4940 simplex?
3318 4874 3450 4929 nihil
3498 4876 3583 4931 illi
3624 4879 3849 4935 bonitate

2273 4953 2558 5009 sincerius.
2589 4956 2909 5016 Sollicitaris
2938 4961 3270 5021 affluentiam
3299 4983 3477 5023 rerum
3513 4972 3697 5043 c0pia?
3719 4972 3845 5027 nihil

2272 5041 2364 5097 illa
2395 5045 2721 5102 abundantia
2763 5051 3059 5120 copiosius.
3107 5054 3297 5127 Diligis
3338 5059 3547 5130 aliquid
3584 5041 3844 5133 tamquam

2270 5132 2470 5189 ﬁdum?
2501 5137 2636 5193 nihil
2673 5140 2832 5211 hujus
2860 5143 3070 5200 firmius
3093 5156 3178 5202 est
3210 5148 3335 5204 fide.
3373 5152 3544 5209 Amas
3572 5132 3755 5225 aliquid
3788 5166 3845 5210 ut

2269 5227 2649 5301 commodum?
2666 5232 2798 5287 nihil
2821 5236 3156 5303 commodius
3177 5251 3261 5303 est
3283 5241 3442 5313 hujus
3470 5247 3638 5315 ipsius
3651 5261 3840 5302 amore.

2270 5320 2368 5375 Est
2405 5321 2626 5397 aliquid,
2660 5328 2804 5399 quod
2843 5338 2895 5384 te
2939 5331 3023 5386 vel
3054 5337 3362 5392 severitatis
3396 5339 3479 5395 vel
3507 5341 3841 5411 jucunditatis

2269 5416 2448 5482 specie
2478 5419 2687 5474 trahat?
2718 5437 2824 5477 non
2868 5434 2953 5480 est
2987 5430 3361 5498 magnitudine
3398 5432 3516 5501 illa,
3550 5435 3840 5506 dignatione

2266 5505 2383 5573 illa,
2411 5511 2700 5580 quidquam
2733 5526 2826 5570 aut
2856 5518 3154 5576 terribilius
3182 5531 3276 5578 aut
3296 5524 3571 5582 blandius.
3604 5505 3837 5596 Requiri-

2266 5605 2355 5652 tur
2387 5599 2439 5655 in
2488 5603 2728 5660 adversis
2777 5607 3100 5678 benignitas,
3153 5615 3207 5669 in
3250 5620 3531 5687 prosperis
3577 5620 3833 5675 suavitas:

2262 5689 2481 5746 unicum
2507 5704 2592 5748 est
2618 5710 2687 5751 ex
2708 5698 2821 5766 illo,
2853 5712 2946 5756 aut
2975 5703 3030 5758 in
3058 5705 3197 5763 laetis
3214 5710 3494 5779 gaudium,
3523 5713 3683 5767 autin
3706 5722 3835 5766 ωου-

2260 5779 2358 5838 stis
2414 5783 2675 5845 solamen.
2733 5788 2919 5864 itaque
2967 5799 3180 5857 ratione
3227 5800 3728 5876 plenissimum‘est,
3770 5810 3845 5895 ιε
