4018 6338
207 345 308 406 72!

886 338 1219 397 EPISTULA
1255 333 1722 395 PARENETICA
1763 331 1856 388 AD
1895 333 2352 392 VALERIANUM
2395 334 2795 393 COGNATUM.

3382 337 3494 403 722

209 461 355 516 illum
384 457 434 511 in
459 468 565 527 quo
592 453 793 508 habeas
817 453 1020 517 omnia,
1046 467 1229 507 amare
1258 467 1368 521 prae
1397 450 1668 504 omnibus.
1697 447 1796 501 Di-
1821 445 1875 505 Α
1901 446 2113 501 Caesare
2141 447 2386 516 Octavio,
2417 463 2539 503 cum
2572 449 2754 518 utique
2794 447 3034 505 Romana
3065 450 3334 520 possessio
3361 466 3490 510 ver.

213 552 370 614 vitiae,
405 557 459 604 et
488 562 842 618 quaecumque
865 546 955 600 illa
985 556 1132 614 sunt,
1157 561 1277 616 quae
1305 555 1357 599 te
1387 559 1526 598 nunc
1559 543 1790 598 amoeni-

213 645 403 698 tatibus
434 642 547 696 suis
577 641 844 707 obtinent,
893 654 999 694 non
1044 640 1220 695 solum
1265 640 1400 694 intra
1452 640 1648 708 ipsum,
1699 637 1792 692 sed

211 738 365 791 etiam
396 736 461 788 ab
493 736 624 804 ipso,
647 734 930 789 habentur.
967 733 1123 788 Malle
1159 735 1415 788 hactenus
1456 749 1607 786 amor
1641 747 1795 800 spar-

209 845 318 891 sus,
353 828 548 881 divinis
573 823 830 896 deinceps
859 824 1114 880 reddatur
1145 827 1410 880 excubiis.
1443 823 1586 892 Vaga
1619 824 1793 878 adhuc

207 922 484 976 affectibus
514 920 645 983 suis,
691 922 742 974 in
787 932 972 973 sacros
1001 918 1289 973 reducatur
1330 933 1459 972 usus
1504 918 1611 985 jam
1646 925 1791 970 casta

208 1015 440 1070 charitas
465 1031 481 1067 :
510 1013 961 1080 dilectionemque
992 1011 1335 1081 opinionibus
1366 1012 1601 1078 deviam,
1637 1011 1790 1066 cohi-

207 1108 313 1161 bito
361 1121 569 1172 errore,
609 1106 878 1174 castigans
919 1105 1112 1174 dirige,
1145 1108 1391 1177 atquein
1434 1107 1600 1159 Deum
1643 1121 1792 1159 amo.

204 1215 312 1254 rem
340 1197 527 1252 confer
557 1208 740 1253 tuum:
765 1198 888 1268 quia
919 1207 972 1251 et
997 1198 1253 1268 quidquid
1281 1214 1420 1252 nunc
1443 1213 1610 1256 amas.
1637 1212 1791 1250 suum

205 1300 309 1353 est;
344 1305 524 1351 suum,
555 1289 796 1360 inquam,
831 1304 985 1344 suum
1018 1300 1117 1343 est.
1157 1289 1254 1343 Est
1287 1290 1428 1343 enim
1471 1297 1650 1341 tantus
1681 1288 1788 1360 ille,

205 1381 373 1450 utqui
407 1397 512 1434 non
553 1390 736 1434 amant
785 1396 931 1446 eum,
975 1379 1156 1449 inique
1199 1381 1437 1450 quidem,
1484 1379 1578 1434 sed
1614 1389 1792 1434 tamen

202 1489 300 1528 non
335 1473 439 1528 nisi
465 1475 584 1539 ejus
613 1473 906 1544 quidquam
931 1489 1116 1528 amare
1147 1475 1375 1542 possint.

264 1566 371 1621 Sed
389 1578 565 1621 tamen
581 1568 1060 1623 consideretvelim
1077 1569 1493 1636 arbiterjustus,
1509 1583 1794 1637 :equumne

199 1659 261 1713 sit
290 1658 516 1727 diligere
546 1674 702 1727 opus,
750 1659 945 1728 opiﬁce
973 1661 1219 1728 neglecto
1269 1660 1641 1730 derelictoque
1673 1678 1792 1715 om-

195 1750 335 1804 nium
388 1757 634 1804 creatore
684 1764 897 1814 rerum;
935 1750 985 1804 in
1037 1766 1150 1805 rem
1198 1750 1356 1819 hujus
1404 1752 1788 1820 cupiditatibus

1901 541 2056 594 ticnm
2090 544 2280 606 tenuit,
2311 553 2435 596 tunc
2457 559 2514 597 se
2548 544 2685 597 Deus
2709 544 2869 598 terris
2897 544 3064 598 dedit.
3093 545 3277 613 Itaque
3309 554 3365 599 ut
3392 555 3484 604 tua

1895 631 2035 698 apud
2068 641 2120 686 te
2155 634 2442 700 proferam,
2477 651 2597 688 cum
2622 634 2690 688 ab
2719 651 2841 689 ortu
2875 637 3021 704 regni
3064 635 3221 706 hujus
3251 640 3483 693 centesio

1897 738 2014 776 tnus
2041 732 2095 778 et
2119 727 2481 794 octogesimus
2520 727 2739 794 quintus
2773 729 2886 780 lere
2922 742 3083 796 supra
3136 728 3481 785 millesimum

1896 826 2136 870 vertatur
2162 831 2365 882 anuus;
2399 817 2658 886 quidquid
2693 818 2778 872 vel
2830 819 2932 871 sub
2975 818 3074 871 illa
3115 818 3483 878 dominatione

1896 923 2080 976 regum
2121 919 2361 974 vetusta;
2390 911 2475 963 vel
2523 911 2622 963 sub
2651 911 2737 965 illa
2776 911 2971 966 deinde
3001 915 3209 983 gemina
3253 913 3487 970 admini-

1894 1002 2155 1055 stratione
2185 1003 2464 1056 consulum
2497 1002 2738 1057 Romano
2768 1007 2992 1059 accessit
3021 1006 3270 1077 imperio,
3302 1009 3484 1064 omnia

1894 1093 2093 1148 Christi
2124 1095 2376 1150 adventui
2414 1108 2710 1166 prmpat-ata
2751 1108 2802 1152 et
2832 1099 3192 1156 dill'nndendte
3217 1103 3337 1157 lidei
3367 1118 3486 1174 pro-

1893 1188 2004 1241 visa
2031 1199 2229 1258 potest,
2257 1190 2300 1243 si
2331 1191 2452 1259 quis
2492 1192 2715 1245 idoneus
2755 1203 2835 1246 cst
2867 1205 3137 1259 assertor,
3170 1198 3480 1255 ostendere.

1965 1280 2074 1336 Nos
2115 1282 2180 1334 ad
2237 1281 2573 1350 propositum
2627 1295 2984 1339 revertemur.
3040 1286 3249 1354 Nolite,
3288 1292 3482 1358 inquit,

1893 1373 2111 1446 diligere
2133 1375 2379 1427 mundum
2398 1418 2410 1437 ,
2442 1392 2600 1443 neque
2623 1393 2681 1428 ea
2709 1392 2822 1440 quae
2840 1378 2891 1428 in
2916 1378 3106 1430 mundo
3129 1391 3248 1433 sunt
3268 1383 3306 1451 (l
3322 1381 3480 1437 Joan.

1893 1467 1992 1536 tt),
2027 1470 2148 1536 quia
2200 1469 2384 1521 omnia
2442 1468 2559 1523 hmc
2600 1471 2917 1538 conspectui
2967 1480 3151 1525 nostro
3203 1474 3484 1530 insidiosi!

1892 1561 2170 1613 coloribus
2213 1561 2613 1616 lenocinantur.
2648 1563 2738 1615 Vis
2779 1563 2866 1616 illa
2905 1564 3184 1618 oculorum
3225 1565 3484 1622 attributa

1890 1650 2103 1717 lumini,
2141 1667 2246 1706 non
2292 1655 2600 1723 applicetur
2641 1655 2854 1709 errori:
2885 1666 2937 1709 et
2976 1671 3097 1710 cum
3129 1657 3255 1711 vita:
3295 1659 3485 1713 usibus

1893 1752 2096 1812 pateat,
2128 1761 2235 1797 non
2261 1745 2514 1798 admittat
2547 1761 2738 1801 causas
2753 1748 2962 1800 mortis.
2991 1746 3171 1802 Carnis
3201 1749 3481 1817 desideria,

195 1842 298 1896 suis
332 1843 531 1910 passim
566 1851 725 1911 atque
759 1845 1131 1900 indiﬁ'ercnler
1161 1846 1442 1900 incurrere
1471 1863 1485 1902 :
1529 1863 1649 1901 cum
1681 1847 1779 1901 uti-

1895 1846 1954 1890 ut
1989 1839 2202 1906 egregie
2239 1840 2534 1908 Apostolus
2565 1841 2669 1904 ait,
2705 1843 2926 1895 militant
2968 1843 3217 1897 adversus
3255 1847 3484 1898 animam

192 1951 290 2006 que
326 1935 497 1990 Deum
536 1937 865 2006 oportuisset
907 1940 1112 1994 illicere
1140 1939 1208 1993 ad
1260 1955 1499 1994 amorem
1558 1940 1662 2008 sui,
1697 1943 1784 1996 vel

191 2043 283 2098 per
316 2029 464 2085 hunc
497 2031 670 2100 ipsum
703 2031 956 2086 allectum
997 2046 1218 2085 suorum
1250 2047 1496 2102 operum.
1535 2033 1598 2086 Et
1643 2049 1785 2088 nunc

192 2120 352 2176 homo
383 2122 645 2176 adversus
684 2122 736 2176 in
788 2123 1125 2191 indignorum
1157 2132 1363 2178 tantum
1409 2123 1783 2192 ﬁgmentorum

191 2213 455 2268 desideria
488 2223 648 2283 atque
671 2215 845 2268 ofﬁcia
878 2214 1235 2282 convertitur,
1269 2215 1575 2284 animisque
1599 2217 1786 2270 incon-

191 2322 316 2376 grue
345 2307 742 2361 dissidentibus
772 2310 1043 2378 appetitor
1073 2309 1228 2373 artis,
1265 2309 1514 2365 desertor
1535 2311 1781 2379 artiﬁcis,

190 2399 673 2469 complectiturque
703 2402 968 2468 speciem,
1001 2402 1157 2469 cujus
1187 2417 1292 2454 non
1339 2403 1566 2456 miratur
1601 2412 1786 2473 aucto-

189 2505 318 2544 rem.
354 2490 425 2545 Et
456 2491 583 2560 quid
612 2492 677 2546 de
718 2493 808 2546 illa
853 2500 961 2546 tam
995 2509 1186 2563 magna
1225 2494 1566 2549 multitudine
1595 2495 1781 2551 dulce-

190 2582 322 2635 dinis
357 2598 473 2636 sua:
505 2583 786 2638 diximus?
819 2586 924 2637 Aut
946 2584 1073 2654 qttid
1103 2585 1170 2639 de
1203 2596 1346 2639 tanta
1379 2595 1432 2641 et
1466 2597 1569 2641 tam
1596 2588 1782 2642 ineﬁ‘a-

190 2675 304 2728 bilis
346 2675 474 2729 boni
517 2677 808 2742 suavitate,
852 2685 1040 2731 sancto
1082 2687 1136 2732 et
1185 2679 1454 2747 profundo
1501 2681 1782 2734 cbaritatis

189 2767 298 2834 ejus
341 2768 622 2833 thesauro,
656 2768 854 2822 elocuti
890 2769 1110 2823 sumus?
1153 2773 1257 2823 Aut
1289 2773 1503 2838 quando
1549 2774 1600 2826 in
1650 2788 1784 2842 quo-

188 2873 339 2927 quam
367 2858 436 2912 de
468 2859 585 2922 illo,
610 2861 895 2929 quisquam
931 2861 1070 2914 valet
1098 2863 1175 2915 rei
1200 2863 1368 2928 ipsius
1397 2863 1558 2916 fando
1590 2881 1778 2919 conse-

185 2950 269 3018 qui
301 2951 663 3019 dignitatem?
703 2955 900 3006 Amare
937 2967 1068 3021 ergo
1098 2969 1220 3007 eum
1246 2955 1356 3023 jant
1390 2971 1497 3009 non
1532 2957 1783 3026 volupta-

184 3043 317 3097 riunt
352 3054 584 3108 tantum,
619 3046 710 3100 sed
739 3047 902 3100 etiam
946 3049 1312 3103 necessarium
1347 3065 1467 3104 esse
1497 3051 1775 3108 ducamus.

184 3134 417 3206 Impiutn
448 3139 647 3208 quippe
679 3150 762 3194 est
789 3139 928 3194 hunc
959 3156 1063 3194 non
1091 3142 1336 3211 diligere,
1363 3145 1446 3198 cui
1479 3145 1777 3214 rependere

186 3244 284 3280 non
333 3244 506 3299 queas
541 3233 703 3285 etiam
744 3247 862 3286 cum
906 3232 1181 3289 dilexeris.
1232 3235 1648 3300 lnjustissimum
1698 3247 1781 3292 est

184 3328 239 3373 ut
267 3322 342 3387 ei,
375 3338 496 3389 qua;
544 3325 716 3390 possis
746 3325 1001 3387 tribuere,
1037 3326 1197 3392 nolis,
1231 3327 1318 3381 cui
1351 3329 1511 3380 etiam
1544 3329 1590 3381 si
1624 3331 1779 3398 velis,

183 3430 477 3484 repensare
498 3434 601 3470 non
629 3418 824 3485 possis.
856 3419 993 3484 Quid
1013 3421 1146 3472 enim
1170 3421 1506 3476 retribuemus
1530 3422 1776 3492 Domino,

184 3525 272 3575 pro
303 3511 542 3564 omnibus
563 3527 678 3580 qua:
705 3511 938 3563 retribuit
963 3513 1103 3565 nobis
1122 3511 1241 3582 (Ps.
1270 3514 1433 3581 cxv)?
1456 3515 1591 3583 Quid
1623 3518 1782 3570 retri-

184 3603 435 3664 buemus,
472 3605 554 3658 vel
589 3620 683 3672 pro
715 3603 819 3658 hoc
840 3615 1065 3669 tantum,
1093 3607 1233 3673 quod
1263 3622 1357 3674 per
1385 3607 1544 3660 ﬁdem
1574 3609 1779 3664 homini

182 3698 417 3751 salutem
448 3698 616 3765 dedit,
648 3701 966 3768 statuitque,
1002 3708 1058 3752 ut
1086 3716 1243 3770 quam
1288 3701 1600 3755 facillimum
1637 3702 1779 3756 factu

180 3799 349 3854 esset,
387 3807 484 3860 per
505 3793 645 3860 quod
684 3806 836 3861 spem
874 3793 992 3847 orbi
1029 3802 1186 3848 terra:
1235 3809 1297 3848 ac
1334 3795 1496 3848 vitam
1537 3793 1780 3848 mortali-

182 3879 276 3934 bus
305 3891 655 3949 propagaret.

248 3973 315 4028 Et
351 3982 413 4026 ut
444 3974 510 4026 ad
553 3973 654 4027 i5ta
693 3974 1043 4037 descendam,
1085 3976 1172 4030 illa
1221 3977 1508 4046 aliquando
1551 3984 1774 4030 externa

181 4066 390 4128 omnia,
422 4064 472 4118 id
505 4074 588 4118 est
615 4067 862 4120 nationes
895 4077 950 4121 et
982 4083 1165 4136 regna,
1202 4081 1426 4136 putasne
1451 4068 1519 4121 ob
1547 4068 1690 4122 aliud
1725 4071 1775 4122 in

180 4156 444 4210 ditionem
471 4172 533 4212 ac
562 4159 648 4227 jus
677 4161 908 4214 cessisse
941 4160 1266 4224 Romanum,
1300 4174 1352 4216 et
1385 4162 1454 4214 ob
1485 4161 1626 4214 aliud
1658 4176 1774 4214 ma-

178 4264 335 4319 gnam
393 4263 596 4318 partem
639 4255 856 4321 generis
903 4253 1147 4319 humani,
1202 4255 1254 4307 in
1303 4270 1466 4307 ttnnm
1516 4255 1776 4308 transisse

181 4345 437 4413 populutn
458 4362 472 4409 ;
493 4346 590 4399 nisi
613 4357 670 4400 ttt
694 4346 903 4400 facilius
924 4357 1194 4418 tamquam
1211 4349 1660 4403 mediCumentum
1681 4364 1777 4418 per

177 4450 379 4503 corpus
407 4453 594 4502 unum,
626 4439 697 4491 ita
731 4455 824 4503 per
858 4455 1014 4491 unam
1052 4451 1272 4507 gentem
1301 4441 1432 4493 lides
1476 4440 1648 4494 inl‘usa
1684 4456 1774 4510 pe-

1892 1930 1936 2002 (ι
1974 1930 2114 1986 Petr.
2148 1948 2206 1999 tt,
2243 1932 2355 2002 ll);
2378 1935 2664 2004 omnisque
2694 1935 2804 1988 illis
2828 1935 2880 1988 in
2907 1937 3206 2004 perniciem
3242 1946 3483 1992 nostram

1890 2023 2210 2094 clademque
2239 2026 2548 2093 procinctus
2571 2034 2671 2093 est,
2699 2025 3020 2096 pervigilem
3045 2042 3168 2082 cum
3192 2029 3485 2099 insurgunt

1888 2116 2158 2171 adversus
2205 2133 2306 2172 nos
2347 2119 2638 2173 stationem
2687 2128 2893 2187 tenent,
2929 2130 3279 2176 externorum
3322 2124 3482 2193 plane

1888 2209 2126 2264 hostium
2157 2225 2340 2275 more;
2378 2210 2505 2264 dum
2536 2211 2637 2264 sibi
2683 2221 2891 2266 tantum
2931 2213 3130 2267 virium
3176 2215 3478 2283 acquirunt,

1888 2313 2151 2371 quantum
2187 2303 2342 2356 nobis
2374 2304 2721 2358 subtrahunt.
2754 2305 2828 2357 lta
2871 2321 2970 2374 ego
3004 2305 3263 2361 hactenus
3298 2305 3363 2360 de
3395 2306 3477 2359 in-

1889 2396 2302 2451 extricabilibus
2332 2399 2524 2468 sreculi
2551 2399 2857 2454 insidiantis
2891 2399 3186 2466 illecebris,
3219 2401 3287 2456 de
3309 2400 3478 2455 honoe

1887 2487 2041 2542 ribus
2083 2489 2387 2559 opibusque
2416 2491 2816 2545 sermocinatus
2845 2506 2986 2556 sum,
3019 2501 3288 2560 tamquam
3318 2493 3362 2547 si
3392 2494 3476 2561 ju-

1887 2579 2098 2634 cundus
2121 2580 2504 2637 blandimentis
2535 2584 2647 2637 suis
2681 2583 2914 2637 mundus
2942 2585 3168 2654 vigeret.
3201 2583 3474 2653 Quidquid

1888 2685 1972 2730 est
2001 2675 2217 2729 illarum
2254 2692 2431 2731 rerum
2458 2677 2644 2744 iacies,
2674 2677 3011 2733 adumbratis
3043 2678 3311 2748 quondam
3338 2679 3474 2732 nito-

1886 2769 2038 2822 ribus
2104 2769 2361 2838 expolita,
2404 2770 2518 2839 jam
2559 2769 2844 2837 obsolevit,
2906 2772 3188 2838 omnisque
3259 2770 3473 2824 fucatus

1885 2860 2148 2927 splendor
2180 2861 2472 2916 intercidit.
2501 2861 2601 2916 Vix
2626 2863 2736 2931 jam
2784 2861 2886 2916 hoc
2928 2862 3090 2917 habet
3128 2863 3382 2928 mundus,
3416 2870 3474 2916 ut

1886 2953 2052 3007 fallat.
2089 2954 2257 3008 Periit
2286 2955 2461 3024 imago
2502 2954 2593 3009 illa
2639 2969 2846 3021 rerum,
2876 2954 2942 3008 ad
2975 2955 3353 3025 decipiendum
3383 2969 3474 3009 us-

1884 3061 1990 3115 que
2020 3045 2240 3100 decora.
2278 3046 2434 3100 Prius
2467 3060 2564 3100 nos
2608 3045 2870 3101 seducere
2900 3061 3032 3100 vero
3070 3047 3341 3116 cogitabat
3370 3046 3470 3101 ful-

1885 3152 2038 3206 gore,
2064 3151 2168 3190 non
2211 3146 2450 3204 poterat,
2485 3151 2653 3206 prope
2690 3138 2802 3205 jam
2834 3153 2939 3191 non
2971 3137 3116 3192 valet
3142 3147 3198 3192 et
3226 3139 3341 3207 ipsa
3373 3151 3474 3194 nos

1889 3232 2019 3287 falsa
2044 3233 2409 3288 ostentatione
2432 3248 2804 3303 corrumpere.
2829 3233 3028 3288 Solidis
3051 3233 3206 3288 bonis
3233 3233 3473 3301 carebat,

1888 3343 2016 3382 ecce
2045 3327 2226 3381 deﬁcit
2257 3327 2419 3381 etiam
2450 3325 2692 3381 caducis.
2724 3325 2840 3380 Non
2873 3325 3038 3390 hunc,
3063 3337 3153 3379 aut
3176 3326 3240 3377 ad
3267 3336 3475 3395 tempus

1888 3421 2136 3489 speciosa
2184 3429 2400 3487 ornant,
2428 3429 2520 3472 aut
2565 3420 2615 3473 in
2675 3429 2948 3487 posterum
2997 3433 3250 3472 mansura
3281 3418 3473 3473 conﬁr-

1885 3527 2067 3579 mant;
2101 3516 2201 3569 nisi
2233 3513 2548 3579 nosmetipsi
2581 3513 2900 3582 decipimus,
2930 3527 3069 3582 pene
3114 3511 3350 3567 mundus
3377 3512 3475 3568 deo

1884 3608 2066 3676 cipere
2090 3621 2190 3660 nos
2223 3621 2327 3659 non
2364 3611 2562 3673 potest.

1953 3701 2060 3757 Sed
2077 3701 2202 3770 qttid
2224 3700 2626 3754 dissimulamus
2651 3711 2710 3751 ea
2746 3710 3074 3766 expromere
3104 3711 3224 3766 qua:
3247 3695 3472 3751 fortiora

1880 3796 2043 3849 sunt?
2069 3795 2360 3861 Dissipatas
2388 3791 2656 3856 loquimur
2681 3803 2812 3857 opes
2846 3788 3053 3856 mundi,
3075 3804 3196 3842 cum
3217 3787 3326 3854 jam
3359 3789 3473 3859 ipse

1879 3886 2111 3941 mundus
2145 3885 2195 3938 in
2231 3884 2391 3936 ﬁnem
2422 3898 2579 3935 suum
2608 3893 2836 3949 vergens
2868 3880 3058 3947 spatiis
3083 3889 3274 3947 agatur
3293 3888 3471 3932 extre-

1880 3981 2004 4035 mis.
2038 3978 2254 4044 Quauto
2285 3977 2425 4030 istud
2478 3975 2652 4044 majus
2703 3982 2756 4026 et
2794 3973 3010 4042 gravius
3050 3982 3154 4035 est,
3189 3972 3330 4041 quod
3356 3972 3470 4041 jam

1879 4074 1995 4143 ipse
2037 4089 2141 4125 non
2183 4073 2234 4125 in
2268 4073 2483 4141 longum
2526 4067 2664 4123 erit?
2692 4067 2831 4134 Quid
2866 4081 3358 4120 commemoramus
3387 4072 3466 4118 at-

1879 4168 2060 4220 tritam
2091 4166 2206 4235 ejus
2235 4181 2347 4219 rem
2389 4180 2450 4218 ac
2492 4161 2923 4230 supellectilem?
2963 4159 3071 4214 Nec
3113 4158 3383 4213 immerito
3412 4158 3467 4214 in

1878 4261 2148 4316 defectum
2186 4259 2391 4313 viribus
2436 4273 2551 4311 τενο
2588 4254 2922 4321 consumptis
2961 4262 3204 4322 ttrgetnr,
3238 4249 3464 4305 admini-

1878 4353 2124 4422 culisque
2151 4352 2262 4404 suis
2293 4348 2623 4407 destituitur.
2647 4361 2769 4399 cum
2795 4345 2906 4414 jam
2931 4345 2983 4397 in
3015 4344 3222 4397 senium
3253 4340 3465 4397 nutanti

1878 4461 2044 4498 onere
2075 4441 2412 4496 succumbat.
2439 4440 2721 4494 Postrema
2760 4435 2944 4489 mundi
2979 4443 3112 4488 :rtas
3154 4433 3355 4488 referta
3382 4438 3469 4487 est

178 4540 442 4594 netraret,
467 4541 519 4584 et
543 4543 596 4585 ιιι
623 4534 782 4601 capiti
814 4533 1018 4601 ingesta
1050 4534 1306 4588 velociter
1328 4549 1386 4588 se
1414 4550 1507 4602 per
1530 4538 1770 4588 membra
1799 4572 1852 4634 υ
1886 4539 2039 4592 malis
2083 4547 2352 4602 tamquam
2399 4531 2604 4586 morbis
2645 4537 2918 4583 senectus.
2955 4526 3080 4580 Visa
3108 4532 3251 4586 sunt,
3277 4522 3467 4578 viden-

175 4621 531 4677 diﬂonderet?
551 4625 784 4693 Alioqui,
808 4643 912 4678 non
928 4628 996 4679 ita
1015 4627 1380 4680 cnncurrisset
1403 4627 1773 4682 intererebras

174 4715 617 4785 etdiserepantes
631 4717 822 4772 ritibus
844 4719 1140 4789 linguisque
1154 4731 1360 4786 gentes,
1378 4728 1594 4774 nectam
1614 4721 1773 4791 longe

176 4797 270 4870 per
310 4823 580 4860 novorum
633 4824 850 4878 semper
892 4812 1153 4878 graduum
1200 4810 1408 4878 objecta
1461 4812 1767 4869 transisset.

174 4896 420 4969 Denique
453 4901 515 4954 Β.
547 4900 768 4966 Paulus,
803 4918 899 4971 per
930 4902 1074 4957 hunc
1106 4903 1352 4957 eumdem
1401 4904 1651 4972 p0pnlum
1689 4905 1771 4959 di-

173 4995 508 5048 sterminans
542 4995 723 5059 ﬁdem,
755 4995 941 5049 scribit
989 5011 1048 5050 se
1090 4996 1153 5049 ab
1201 4994 1580 5065 Hierosolymis
1609 5014 1770 5067 usque

170 5090 239 5141 ad
269 5087 572 5158 Illyricum,
608 5088 887 5161 Evangelia
913 5088 1104 5145 Christi
1131 5103 1315 5144 cuncta
1342 5091 1563 5162 replesse
1585 5092 1765 5160 (Rom.

168 5197 259 5250 xv,
301 5181 416 5253 19).
442 5182 670 5250 Quando
694 5195 870 5237 autem
903 5183 1040 5238 istud
1067 5185 1206 5238 inter
1226 5187 1497 5247 nationes,
1529 5196 1618 5239 aut
1638 5186 1771 5240 mul-

170 5276 408 5330 titttdinc
441 5278 752 5331 innumeras
788 5277 972 5347 (Cicer.
1004 5294 1096 5345 pro
1121 5277 1195 5332 Μ.
1233 5277 1525 5349 Marcello),
1552 5287 1644 5332 aut
1667 5277 1769 5332 im-

170 5369 436 5424 manitate
476 5370 730 5424 barbaras
759 5371 1090 5426 exstitisset?
1133 5371 1260 5425 Inde
1300 5380 1402 5438 est,
1448 5372 1590 5441 quod
1625 5387 1768 5428 nunc

167 5467 340 5527 terra,
384 5476 413 5514 a
461 5463 592 5516 solis
622 5474 743 5517 ortu
770 5475 823 5517 et
856 5478 1076 5528 occasu,
1123 5463 1189 5517 ab
1234 5463 1486 5531 aquilone
1525 5473 1578 5519 et
1607 5466 1764 5532 mari,

168 5554 449 5610 Christum
493 5565 740 5621 resonat;
775 5557 916 5628 quod
961 5557 1028 5612 ad
1064 5557 1230 5612 vitam
1259 5558 1441 5613 omnia
1483 5558 1670 5613 mundi
1697 5559 1770 5614 la-

166 5654 284 5702 tera
317 5659 679 5714 concurrunt;
708 5650 834 5704 dum
863 5649 1024 5705 ﬁdem
1049 5649 1251 5714 Thrax,
1294 5651 1455 5706 ﬁdem
1486 5651 1671 5722 Libys,
1704 5651 1766 5706 ﬁ-

167 5739 298 5795 dem
334 5741 523 5814 Syrus,
555 5743 716 5797 ﬁdem
757 5751 999 5812 receptat
1041 5743 1324 5811 Hispanus.
1363 5742 1608 5812 Magnum
1638 5757 1767 5811 ergo

164 5845 235 5889 ex
266 5833 376 5891 hoc
398 5835 594 5891 divina:
656 5836 873 5905 pietatis
914 5844 1288 5906 argumentum
1329 5843 1434 5900 est,
1475 5834 1615 5900 quod
1661 5835 1764 5888 sub

1884 4643 2078 4701 turqne
2105 4628 2420 4696 jamdudum
2447 4625 2546 4678 ista
2579 4636 2714 4676 cano
2736 4620 2955 4682 saeculo,
2981 4619 3170 4683 fames,
3200 4617 3463 4686 pestilen-

1878 4725 1974 4790 tia,
2003 4723 2247 4781 vastitas,
2273 4718 2436 4782 bella,
2475 4727 2731 4770 terrores.
2765 4712 2826 4765 Ili
2864 4719 2990 4766 sunt
3026 4709 3078 4763 in
3108 4707 3314 4763 ultimis
3350 4707 3462 4777 jam

1877 4818 2032 4870 annis
2081 4816 2366 4882 languores
2409 4809 2513 4864 sui.
2546 4807 2680 4861 llinc
2711 4819 2855 4874 saepe
2889 4803 2978 4858 illa
3010 4802 3132 4857 cmli
3165 4810 3466 4856 cernuntur

1875 4910 2354 4979 signa,motnsque
2383 4911 2678 4964 terrarum,
2706 4905 3026 4967 permutata:
3050 4905 3352 4964 temporum
3381 4893 3465 4947 vi-

1875 5013 1986 5066 ces,
2017 5005 2337 5051 monstrosze
2367 4990 2719 5046 animantium
2748 4986 3105 5041 fecunditates
3150 5001 3166 5040 :
3204 4999 3325 5052 quze
3353 4997 3462 5038 om-

1875 5093 1964 5147 nia
2019 5089 2198 5145 adhuc
2241 5085 2585 5157 procedentis
2619 5081 2857 5150 prodigia
2887 5087 3016 5134 sunt
3059 5076 3336 5145 temporis,
3361 5075 3463 5131 sed

1872 5183 1981 5251 jam
2026 5179 2349 5237 deﬁcientis.
2380 5179 2555 5244 Atque
2591 5173 2695 5227 hoc
2740 5187 2846 5225 non
2887 5166 3216 5224 inﬁrmitatis
3255 5175 3459 5220 nostra:

1871 5275 2077 5338 verbis,
2099 5272 2193 5327 sed
2222 5272 2388 5326 etiam
2414 5265 2728 5336 apostolicae
2750 5260 3084 5316 auctoritatis
3107 5257 3461 5312 conﬁrmatur

1873 5367 2123 5436 eloquiis.
2158 5363 2273 5417 Illic
2306 5359 2451 5417 enim
2497 5357 2693 5429 legitur
2727 5373 2742 5411 :
2776 5354 2843 5407 In
2870 5368 2963 5406 nos
2993 5351 3120 5418 ﬁnes
3148 5345 3461 5402 seculorum

1869 5461 2182 5515 devenerunt
2212 5453 2257 5523 (l
2287 5451 2407 5506 Cor.
2433 5449 2511 5521 x).
2540 5447 2695 5516 Quod
2738 5459 2861 5501 cum
2880 5439 3214 5513 ‘jamdudum
3255 5438 3460 5493 dictum

1870 5554 1964 5619 sit,
1994 5549 2124 5622 quid
2163 5554 2501 5609 cunctamur,
2536 5541 2663 5612 quid
2695 5534 3116 5608 exspectamus?
3148 5531 3316 5601 Urget
3355 5543 3457 5586 nos

1870 5648 1989 5703 dies
2015 5644 2129 5710 ille,
2159 5641 2270 5711 jam
2301 5656 2408 5694 non
2430 5646 2618 5693 noster
2644 5640 2871 5697 tantum,
2904 5629 2998 5684 sed
3020 5636 3075 5684 et
3101 5624 3304 5682 saeculi.
3330 5622 3458 5679 Om-

1870 5741 1954 5797 nis
1991 5739 2123 5793 ltora
2152 5733 2283 5790 illud
2318 5732 2517 5788 debitae
2552 5723 2905 5783 resolutionis
2946 5721 3199 5776 admonet
3236 5725 3455 5787 tempus

1874 5833 2103 5890 instare.
2133 5842 2255 5884 cum
2284 5823 2502 5891 ancipiti
2527 5817 2774 5890 periculo
2800 5813 2926 5872 ﬁnis
2967 5813 3234 5880 alternus,
3266 5817 3323 5867 et
3347 5807 3455 5865 dis-
