4018 6338
520 343 633 410 ’118

1494 346 1555 406 S.
1594 343 1922 406 EUCHERII
1955 335 2261 404 EPISCOPI
2300 347 2781 409 LUGDUNENSIS

3691 354 3795 413 723

521 447 732 528 crimen
756 468 1030 543 geminum
1055 480 1219 524 unam
1269 463 1522 521 omnibus
1563 474 1795 522 mortem
1844 465 2352 528 minatur.Amine
2402 466 2652 522 absolvit.
2683 467 2872 539 Itaque
2924 467 3300 526 manifestatus
3357 474 3441 528 est
3487 467 3547 528 in
3601 486 3792 543 carne,

521 559 790 620 Incumbit
834 561 966 622 mihi
1006 562 1207 615 misero
1231 561 1342 629 jam
1375 559 1560 614 mundi
1611 560 1934 626 mortalitas,
1967 570 2106 614 tam-

519 672 681 730 quam
711 657 842 722 mihi
870 672 973 710 non
1003 655 1236 710 sufﬁciat
1259 655 1325 709 ad
1349 663 1616 709 terrorem
1649 671 1790 713 mea.
1823 655 1961 724 Quid
1991 655 2105 726 pal-

519 767 708 820 patuus
755 757 932 826 metus
989 751 1244 806 nostros?
1296 749 1585 807 Securitati
1634 750 1782 806 locus
1839 766 1947 806 non
2000 760 2104 819 est,

517 845 735 916 quando
787 842 1055 899 terminus
1103 843 1156 896 in
1213 858 1314 897 nos
1369 843 1650 910 impendet
1705 844 2102 912 indifferenter,

515 937 850 1008 singulorum
901 935 1033 994 hinc
1078 937 1340 992 omnium.
1373 935 1492 1004 Quo
1538 937 1708 1008 magis
1738 945 1821 992 est
1876 937 1930 992 in
1978 938 2103 1004 hoc,

514 1043 623 1085 non
647 1027 760 1098 jam
788 1028 964 1086 dicam
998 1029 1179 1084 saeculi
1226 1029 1396 1093 exitu,
1428 1028 1526 1084 sed
1568 1030 1653 1085 vel
1694 1030 1747 1083 in
1780 1029 1880 1084 hoc
1921 1017 2100 1085 rerum

517 1120 635 1192 ejus
655 1122 894 1184 defectu,
929 1121 1205 1175 hominum
1240 1121 1541 1177 miseranda
1573 1122 1848 1187 conditio;
1883 1121 1973 1191 qui
1996 1121 2100 1177 sibi

513 1229 618 1276 nec
649 1213 954 1270 futurorum
986 1229 1138 1282 spem
1167 1213 1484 1284 gaudiorum
1525 1223 1822 1283 reponunt,
1850 1229 1971 1268 cum
2011 1214 2101 1286 iu-

511 1307 790 1368 cunditate
855 1306 1202 1380 praesentium
1262 1322 1368 1361 non
1429 1306 1692 1362 fruantur.
1754 1305 2100 1376 Voluptatem

510 1398 929 1458 vitzebrevioris
970 1413 1076 1453 non
1131 1400 1370 1466 capiunt,
1405 1409 1678 1469 perpetuae
1723 1412 1946 1467 sperare
1991 1414 2098 1453 non

511 1501 756 1562 possunt,
794 1492 960 1546 Bonis
993 1494 1382 1561 temporalibus
1413 1507 1518 1546 non
1545 1501 1794 1561 utuntur,
1827 1508 1958 1560 non,
1989 1508 2096 1548 non

511 1592 732 1639 utentur
757 1583 996 1638 aeternis.
1032 1583 1129 1638 Hic
1164 1584 1242 1638 rei
1274 1599 1487 1652 parum,
1519 1583 1631 1639 illic
1658 1583 1775 1652 spei
1807 1584 1960 1636 nihil.
1991 1584 2097 1637 Do-

507 1672 701 1730 lendus
727 1690 954 1746 prorsus
980 1684 1142 1744 atque
1170 1675 1509 1730 miserandus
1535 1674 1768 1729 hominis
1798 1683 1970 1728 status
1997 1676 2099 1730 iste

509 1775 624 1832 est;
650 1767 749 1820 nisi
781 1765 915 1820 forte
947 1767 1107 1822 faciat
1134 1767 1203 1821 de
1242 1768 1594 1822 acerbissima
1625 1767 1937 1822 conditione
1969 1783 2098 1822 con-

2209 562 2533 631 justilicatus
2573 573 2655 619 est
2695 564 2908 632 Spiritu,
2934 564 3176 634 apparuit
3205 567 3432 636 angelis,
3451 553 3798 634 pradieatus

2209 667 2293 711 est
2325 657 2600 727 gentibus,
2626 656 2866 714 creditus
2896 667 2979 711 est
3025 658 3248 724 mundo,
3283 670 3595 729 assumptus
3624 671 3708 715 est
3737 663 3795 716 in

2209 749 2376 820 gloria
2411 763 2426 804 :
2453 762 2678 821 propter
2707 751 2850 821 quod
2887 750 3026 804 Deus
3061 767 3184 806 eum
3214 753 3491 817 exaltavit,
3525 764 3581 807 ut
3610 757 3793 811 Omnia

2208 843 2570 899 conﬁteantur
2600 859 2743 900 nunc
2774 845 2824 898 in
2849 845 3010 908 ccelo,
3042 855 3096 899 et
3120 845 3173 899 in
3208 857 3371 911 terra,
3404 849 3456 900 in
3489 850 3624 901 mari
3654 857 3711 903 et
3737 849 3791 906 in

2208 937 2438 1008 abyssis,
2471 939 2596 1007 quia
2649 938 2908 994 Dominus
2953 937 3113 994 Jesus
3155 941 3207 993 in
3245 939 3418 1010 gloria
3457 950 3560 1008 est,
3594 941 3711 996 Rex
3739 949 3797 999 et

2209 1033 2350 1088 Deus
2379 1045 2502 1090 ante
2527 1035 2722 1089 saecula
2755 1034 2924 1108 (Phil.
2958 1036 3044 1102 ll).

2277 1124 2414 1192 Quin
2443 1134 2498 1179 tu
2531 1125 2828 1195 repudiatis
2865 1124 2973 1179 illis
3009 1123 3453 1196 philosonhorum
3504 1127 3797 1198 praeceptis

2205 1232 2430 1287 quorum
2462 1217 2680 1272 lectioni
2709 1233 2930 1283 operam
2973 1233 3036 1270 ac
3069 1220 3338 1288 ingenium
3383 1220 3791 1290 accommodas,

2202 1312 2269 1370 ad
2315 1312 2620 1366 imbibenda
2665 1312 2956 1366 Christiani
3008 1311 3276 1379 dogmatis
3320 1312 3496 1366 studia
3548 1313 3793 1367 animum

2202 1405 2413 1474 adjicis.
2447 1405 2561 1460 Illic
2591 1421 2824 1476 quoque,
2860 1421 2966 1476 quo
3004 1405 3252 1460 facundia
3300 1412 3387 1460 tua
3428 1415 3594 1475 atque
3640 1405 3797 1473 inge-

2202 1497 2350 1551 nium
2393 1507 2735 1561 exerceatur,
2773 1497 3053 1563 invenies;
3101 1497 3360 1566 brevique
3412 1497 3510 1551 tibi
3561 1495 3796 1566 liquebit

2201 1599 2406 1659 quanto
2439 1591 2552 1642 hare
2583 1587 2784 1660 [For-te,
2820 1605 2978 1658 quam
3021 1604 3124 1643 non
3174 1587 3318 1659 hac]
3348 1599 3554 1653 nostra,
3587 1589 3640 1643 id
3687 1597 3796 1656 est,

2200 1680 2416 1751 pietatis
2458 1682 2813 1751 veritatisque
2856 1691 3146 1751 przecepta,
3187 1681 3295 1735 illis
3342 1680 3795 1750 pltilOSOplimum

2177 1775 2490 1843 ‘prarceptis
2515 1775 2764 1828 debeant.
2791 1773 2849 1828 ln
2879 1774 2985 1828 illis
3009 1789 3239 1843 namque
3266 1789 3450 1828 eorum
3477 1773 3789 1843 praeceptis,

506 1868 694 1930 gruam
735 1859 1147 1927 necessitatem;
1183 1861 1288 1917 nisi
1318 1861 1387 1916 ob
1419 1862 1520 1915 hoc
1554 1863 1750 1932 ipsum,
1786 1861 1853 1915 ad
1883 1862 2092 1931 potiora
2124 1857 2170 1916 B
2200 1867 2285 1920 vel
2317 1865 2632 1919 adumbrata
2666 1865 2855 1930 virtus,
2888 1865 2975 1919 vel
3003 1864 3134 1919 falsa
3161 1865 3462 1934 sapientia;
3495 1866 3547 1919 in
3584 1865 3673 1919 his
3701 1883 3793 1920 ve-

505 1954 753 2008 utilitatis
786 1970 898 2009 suae
941 1955 1180 2010 remedia
1221 1971 1283 2012 se
1311 1955 1570 2024 corrigat,
1593 1954 1998 2025 contendatqne
2028 1955 2097 2014 ad

505 2045 599 2102 illa
645 2047 967 2101 salubrioris
1022 2058 1148 2101 vota
1193 2047 1440 2114 consilii;
1473 2048 1802 2117 praesertim,
1851 2062 1973 2102 cum
2024 2049 2097 2104 ita

503 2142 797 2198 dilacerata
848 2141 1132 2210 prxsentis
1183 2144 1440 2214 temporis
1468 2158 1557 2199 res
1596 2144 1687 2209 sit,
1720 2153 1776 2197 ut
1807 2143 1898 2212 qui
1937 2145 2096 2200 unius

503 2231 672 2288 futuri
727 2234 914 2292 saeculi
966 2233 1312 2290 commodum
1361 2235 1558 2305 perdit,
1583 2235 1867 2308 utriusque
1908 2237 2094 2308 perdi-

503 2324 666 2381 derit.

578 2415 869 2486 Dirigenda
906 2425 990 2472 est
1019 2418 1196 2472 omnis
1222 2417 1389 2472 animi
1420 2418 1647 2473 intentio
1674 2418 1728 2472 in
1761 2433 1914 2488 spem
1946 2420 2096 2478 futu-

503 2508 552 2566 ri
580 2527 595 2566 :
632 2526 794 2576 qnam
827 2526 979 2579 spem
1003 2521 1061 2565 ut
1089 2512 1300 2578 plenius
1327 2525 1390 2565 ac
1421 2510 1760 2566 manifestius
1791 2527 2095 2582 consequa-

503 2600 600 2667 ris,
631 2601 846 2670 aperire
876 2615 994 2655 eam
1026 2602 1186 2656 etiam
1219 2602 1319 2656 sub
1356 2600 1584 2672 alicujus
1624 2603 1858 2671 exempli
1906 2605 2096 2658 condi-

503 2694 653 2748 tione
684 2708 790 2747 non
832 2694 1088 2747 abnuam.
1122 2694 1179 2748 Si
1206 2695 1292 2749 cui
1326 2694 1521 2762 aliquis
1557 2695 1796 2765 quinque
1836 2695 1998 2750 hodie
2026 2711 2094 2752 ex

502 2802 611 2841 aere
654 2785 908 2842 denarios
965 2786 1180 2853 oﬁ'erat,
1236 2787 1558 2858 quingentos
1616 2804 1747 2844 vero
1797 2804 1992 2844 aureos
2037 2789 2091 2846 in

502 2880 800 2935 crastinum
834 2879 1120 2950 spondeat,
1154 2880 1541 2956 optionemque
1585 2881 1777 2938 oﬁ'erat
1808 2891 1987 2938 utrum
2019 2897 2094 2939 aes

500 2970 567 3025 ad
601 2987 840 3042 praesens
869 2986 1108 3040 sumere,
1138 2986 1204 3025 an
1237 2987 1428 3027 aurum
1463 2973 1648 3028 mallet
1677 2973 1729 3027 iu
1761 2984 2038 3044 posterum
2074 2992 2088 3030 :

505 3062 797 3118 dubiumne
823 3075 928 3133 εει,
959 3065 1090 3136 quin
1125 3073 1395 3134 praeoptet
1431 3066 1660 3138 grandia
1702 3067 1792 3120 illa
1841 3082 2090 3134 munera,

498 3168 619 3208 cum
651 3171 814 3226 parva
867 3157 1052 3212 mora?
1079 3156 1162 3214 Tu
1209 3173 1425 3232 quoque
1476 3159 1659 3214 brevis
1711 3159 1871 3230 hujus
1923 3171 2087 3230 atque

500 3255 723 3304 aeternae
752 3249 874 3304 vitae
897 3249 1210 3306 conditione
1241 3262 1550 3328 perspecta,
1573 3267 1677 3305 non
1705 3252 1872 3326 eligas
1895 3266 2091 3321 capere

499 3342 648 3406 vilia,
680 3357 804 3397 cum
858 3358 1077 3412 sperare
1117 3344 1292 3412 possis
1345 3346 1602 3414 pretiosa.
1647 3345 1764 3400 Non
1823 3356 1908 3402 est
1959 3349 2091 3402 tanti

499 3435 797 3504 sumpsisse
823 3451 1006 3504 parva,
1039 3438 1223 3510 quanti
1259 3447 1344 3492 est
1379 3447 1719 3510 exspectare,
1744 3455 1867 3508 quae
1896 3456 2092 3514 magna

501 3536 646 3581 sunt.
677 3527 830 3593 Quod
861 3528 907 3582 si
934 3544 1096 3583 omne
1117 3529 1220 3582 hoc
1251 3529 1458 3598 fragile,
1493 3531 1635 3602 quod
1669 3531 1718 3584 in
1755 3534 1957 3586 mundo
1983 3541 2087 3601 est,

501 3629 556 3675 et
585 3619 852 3693 videmus,
879 3632 933 3676 et
959 3622 1201 3694 capimus
1224 3621 1376 3694 (spei
1415 3638 1543 3679 vero
1572 3638 1604 3677 a
1635 3626 1908 3694 sperando
1949 3627 2092 3683 indi-

500 3718 613 3768 tum
644 3728 836 3768 nomen
867 3710 1000 3784 est),
1040 3712 1383 3768 manifestum
1414 3723 1497 3770 est
1539 3731 1876 3785 nequaquam
1906 3718 1958 3772 in
1989 3719 2091 3774 hoc

499 3806 704 3870 saeculo
742 3821 892 3876 spem
945 3806 1232 3878 possideri,
1265 3806 1319 3860 in
1362 3823 1469 3878 quo
1518 3808 1604 3863 his
1645 3824 1766 3877 quae
1818 3809 2091 3864 intuemur

497 3894 750 3956 fruimur.
787 3898 920 3964 Spes
940 3900 1076 3954 enim
1117 3915 1234 3970 qua:
1285 3899 1488 3954 videtur
1531 3916 1636 3954 non
1679 3910 1754 3954 est
1783 3918 1917 3972 spes.
1947 3902 2090 3958 Nam

496 3989 612 4058 quis
657 3988 793 4059 quod
839 3990 975 4045 videt
1022 3990 1146 4061 quid
1192 4001 1361 4064 sperat
1391 3991 1573 4063 (Rom.
1622 4008 1736 4062 vm,
1769 3994 1898 4063 ειη
1945 3995 2088 4066 Ergo

496 4095 852 4154 quaecumque
880 4082 970 4136 illa
1000 4097 1127 4152 apes
1151 4083 1316 4136 rebus
1343 4081 1600 4138 miscetur
1630 4082 1904 4148 humanis,
1939 4102 2088 4156 quaa-

494 4173 661 4227 renda
689 4182 774 4230 est
819 4174 870 4227 in
920 4171 1162 4230 futurum
1197 4191 1212 4228 :
1238 4173 1501 4248 alioquin,
1533 4190 1635 4231 nec
1665 4190 1789 4248 spes
1819 4178 2085 4250 appellari

494 4272 692 4334 pateat,
721 4263 768 4320 si
795 4281 902 4318 non
935 4279 1205 4336 Speratur.

564 4357 748 4427 Itaque
781 4355 1214 4416 manifestiorem
1247 4357 1298 4413 in
1329 4356 1573 4416 futurum
1615 4374 1730 4416 rem
1761 4362 1876 4431 spei
1905 4363 2087 4434 sequi-

493 4463 808 4520 mur,quam
834 4465 984 4519 spem
1009 4450 1088 4505 rei
1116 4451 1167 4504 in
1191 4451 1550 4521 praesentibus
1581 4453 1914 4523 experimur.
1944 4454 2086 4511 Ecce

493 4555 558 4596 ea
601 4529 722 4614 qua:
755 4542 909 4599 nobis
949 4544 1002 4596 in
1033 4543 1178 4612 ipsos
1208 4543 1494 4598 oculorum
1534 4543 1890 4600 admoventur
1918 4546 2080 4600 obtu-

492 4641 601 4700 tus,
635 4650 742 4692 non
770 4635 1016 4690 absolute
1043 4635 1197 4705 quasi
1223 4635 1504 4710 oppressis
1525 4636 1731 4692 visibus
1755 4637 2070 4703 intuemur;

494 4729 663 4788 multo
705 4742 837 4796 vero
880 4728 1084 4786 certius
1127 4728 1183 4782 in
1227 4742 1288 4781 ea
1336 4743 1456 4800 quzn
1504 4728 1718 4785 eminus
1749 4726 2074 4798 offeruntur,

490 4819 640 4875 velut
669 4807 1257 4888 expeditis‘luminibus
1284 4817 1618 4874 intendimus
1650 4835 1665 4871 :
1697 4820 1768 4873 ita
1798 4818 1914 4875 fere
1943 4836 2079 4875 eve-

491 4910 637 4968 nisse
664 4913 731 4968 de
763 4912 1120 4986 praesentibus
1162 4911 1468 4980 futurisque
1515 4927 1622 4966 non
1668 4921 1754 4967 est
1797 4914 2077 4986 ambigen-

489 5003 637 5070 dum.
669 5005 804 5066 Nam
849 5006 1135 5080 praesentia
1181 5012 1457 5074 tamquam
1499 5006 1552 5060 in
1608 5008 1794 5061 oculos
1845 5007 2072 5076 ingesta,

487 5110 597 5154 non
633 5105 779 5156 recte
818 5103 1152 5161 cernuntur;
1177 5095 1358 5153 futura
1395 5105 1667 5168 tamquam
1699 5098 1766 5152 ab
1795 5098 1964 5154 oculis
1992 5114 2078 5153 re-

487 5189 674 5268 ducta,
713 5189 1158 5262 manifestissime
1220 5190 1643 5262 perspiciuntur.
1697 5191 1885 5261 Neque
1935 5191 2075 5247 hanc

486 5279 743 5344 ﬁduciam
771 5281 1113 5350 inturorum,
1142 5281 1353 5336 incerto
1398 5292 1619 5338 auctore
1671 5285 2071 5354 prmsumimus,

485 5374 581 5434 sed
611 5375 842 5439 Domino
869 5385 1059 5450 uestro
1079 5375 1204 5432 Jesu
1228 5373 1468 5442 Christo,
1490 5376 1774 5433 verissimo
1805 5393 2072 5448 sponsore

483 5466 756 5537 veritatis,
780 5468 873 5542 qui
899 5467 1060 5538 justis
1103 5467 1502 5527 interminabile
1540 5484 1764 5542 regnum
1809 5479 1865 5524 et
1893 5471 2072 5544 ampla

484 5557 814 5618 beatissima:
844 5562 1167 5624 aeternitatis
1201 5561 1418 5632 praemia
1452 5560 1763 5632 pollicetur;
1793 5563 1882 5635 qui
1908 5565 2071 5619 etiam

486 5665 585 5721 per
612 5653 884 5716 itteﬁabile
930 5664 1326 5718 sacramentum
1368 5663 1659 5728 assumpta:
1688 5656 1891 5724 carnis,
1923 5655 2070 5714 idem

486 5745 650 5808 boum
681 5761 734 5808 et
762 5749 930 5813 Deus,
969 5749 1341 5824 reconciliavit
1381 5748 1654 5804 hominem
1688 5749 1830 5818 Deo;
1867 5764 1929 5805 ac
1959 5767 2074 5805 ma-

487 5853 596 5907 gno
623 5840 1044 5909 abseonditoque
1082 5841 1342 5911 mysterio
1369 5840 1645 5912 passionis
1681 5840 1942 5898 mundum
1962 5842 2067 5898 cri-

2204 1973 2267 2012 ro
2305 1966 2676 2010 consummata
2710 1956 2946 2027 justitia,
2990 1956 3160 2010 solida
3205 1959 3404 2012 veritas
3451 1956 3788 2014 continetur.

2204 2049 2355 2105 Unde
2387 2051 2513 2104 licet
2543 2049 2724 2104 dicere
2757 2049 3114 2119 philosolihim
3143 2050 3276 2103 alios
3300 2065 3496 2104 nomen
3528 2065 3795 2120 usurpas-

2200 2157 2284 2210 se,
2315 2158 2412 2195 nos
2444 2145 2628 2194 vitam.
2666 2141 2876 2195 Etenim
2920 2142 3100 2210 qualia
3146 2142 3212 2193 ab
3265 2141 3348 2194 his
3396 2142 3512 2195 dari
3563 2136 3794 2212 possunt

2200 2243 2470 2304 pra-cepta
2529 2234 2786 2288 vivendi?
2839 2233 3069 2289 Causam
3139 2236 3406 2287 nesciunt.
3465 2233 3792 2304 ignorantes

2199 2330 2341 2384 enim
2365 2329 2560 2392 Deum,
2589 2339 2642 2382 et
2670 2327 2849 2382 statim
2890 2329 2956 2382 ab
2995 2328 3220 2383 eXordio
3252 2328 3479 2396 justitiaa
3509 2327 3793 2382 declinauc

2202 2432 2303 2485 tes,
2332 2419 2689 2487 consequenti
2717 2421 2769 2472 in
2813 2429 3010 2474 cartera
3061 2417 3307 2473 feruntur
3354 2434 3568 2474 errore.
3601 2417 3697 2474 Sic
3734 2419 3790 2470 lit

2199 2520 2386 2580 postea
2420 2519 2477 2564 ut
2519 2510 2818 2565 studiorum
2869 2511 3052 2564 talium
3089 2510 3208 2571 ﬁnis
3243 2510 3312 2564 sit
3339 2511 3566 2563 vanitas.
3601 2509 3654 2564 Si
3691 2510 3789 2578 qui

2197 2604 2336 2674 apud
2382 2603 2502 2656 illos
2546 2602 2857 2657 honestiora
2908 2601 3190 2668 deﬁniunt,
3224 2601 3347 2655 huic
3383 2601 3660 2670 iactantia:
3689 2602 3789 2655 de-

2196 2697 2462 2760 serviunt,
2495 2696 2619 2750 huic
2660 2695 2943 2749 laborant:
2972 2698 3041 2748 ita
3087 2694 3224 2764 apud
3242 2710 3335 2749 eos
3365 2710 3469 2748 nou
3501 2706 3584 2748 est
3615 2709 3788 2748 vacua

2196 2789 2342 2844 vitiis
2388 2789 2714 2845 abstinentia
2767 2791 3044 2843 vitiorum.
3104 2789 3162 2842 lli
3220 2791 3401 2860 itaque
3449 2799 3599 2853 sunt,
3642 2791 3787 2843 sicut

2196 2884 2456 2952 scriptum
2489 2883 2920 2952 est,quiterrena
2948 2882 3156 2952 sapiunt
3180 2881 3350 2952 (Phil.
3378 2898 3458 2948 Ill,
3488 2883 3597 2950 19).
3629 2881 3788 2937 Unde

2195 2973 2480 3030 manifeSIe
2504 2975 2810 3030 ostenditur
2831 2991 3012 3029 veram
3051 2975 3454 3044 eosjustitiam,
3483 2992 3665 3030 veram
3696 2991 3783 3030 sa-

2195 3067 2452 3139 pientiam
2506 3084 2610 3122 non
2650 3069 2858 3123 videre.
2889 3068 3043 3124 Anue
3075 3069 3267 3139 aliquis
3298 3086 3362 3122 ex
3397 3069 3486 3122 illa
3518 3069 3780 3140 Aristippi

2187 3161 2383 3216 schola
2415 3162 2696 3215 veritatem
2733 3161 2955 3228 videbit,
2988 3161 3079 3228 qui
3111 3161 3326 3231 ingenio
3372 3177 3470 3216 suo
3507 3177 3539 3216 a
3587 3163 3783 3217 suibus

2118 3235 2164 3298 Ο
2196 3263 2288 3310 aut
2313 3270 2509 3326 pecore
2539 3255 2671 3309 nihil
2703 3255 2905 3323 diﬁert,
2931 3270 3052 3308 cum
3087 3254 3478 3318 beatitudinem
3512 3257 3563 3310 in
3593 3272 3785 3324 corpo-

2193 3347 2271 3402 ris
2300 3348 2572 3415 voluptate
2594 3347 2886 3400 conStituat
2907 3362 2922 3402 :
2947 3348 3030 3400 cui
3059 3346 3198 3401 Deus
3222 3348 3393 3401 venter
3418 3359 3511 3414 est,
3533 3358 3582 3401 et
3608 3348 3784 3420 gloria

2198 3438 2387 3511 (Ibid.)
2419 3441 2477 3495 in
2525 3437 2787 3508 pudendis
2820 3438 2966 3508 eius?
2997 3438 3095 3493 Hic
3142 3438 3428 3495 honestum
3463 3440 3785 3510 justumque

2196 3533 2494 3602 praecipiet.
2527 3533 2665 3600 apud
2698 3548 2856 3600 quem
2897 3533 3168 3603 prodigus,
3204 3533 3532 3601 impudicus,
3563 3533 3781 3588 adulter

2197 3624 2652 3694 philosoiihatur?
2683 3623 2788 3677 Sed
2834 3625 2971 3678 alius
3013 3625 3274 3678 adversus
3306 3625 3656 3695 philosophos
3699 3626 3782 3680 di-

2191 3717 2347 3772 cendi
2382 3719 2531 3772 locus
2561 3727 2897 3784 reservetur;
2929 3733 3027 3792 ego
3054 3717 3123 3774 ad
3166 3717 3282 3773 haec
3316 3717 3526 3776 veniam
3551 3731 3782 3792 propter

2191 3824 2312 3881 qua}
2344 3819 2520 3865 tecum
2551 3809 2762 3880 loquor.

2261 3903 2462 3956 Omitte
2490 3902 2599 3971 jam
2634 3902 2772 3970 illas,
2801 3901 2996 3971 quibus
3038 3901 3356 3966 oblectaris,
3405 3901 3643 3956 maxime
3685 3917 3778 3974 ge-

2191 3993 2403 4048 nerales
2435 4009 2620 4046 eorum
2650 3994 2967 4057 sententias,
2992 3992 3227 4046 breviter
3253 4008 3316 4047 ex
3351 3995 3498 4046 omni
3531 3993 3775 4060 disttuta-

2191 4085 2352 4140 tionis
2371 4101 2570 4156 genere
2597 4085 2874 4149 collectas,
2903 4093 3066 4154 atque
3088 4083 3153 4138 ad
3182 4083 3358 4138 studia
3385 4093 3438 4138 te
3466 4093 3774 4138 nostrorum

2187 4186 2244 4238 et
2276 4179 2476 4247 scripta
2521 4186 2796 4231 converte.
2840 4176 2945 4241 lbi,
2978 4185 3031 4229 tu
3077 4176 3303 4246 Optime,
3350 4187 3534 4246 pectus
3591 4186 3765 4246 tuum,

2187 4272 2478 4326 multifaria
2507 4271 2866 4324 iustructione
2889 4269 3129 4324 satiabis.
3161 4270 3260 4338 lbi,
3295 4270 3362 4324 ad
3397 4272 3770 4326 iueulcaudam

2187 4367 2374 4432 ﬁdem,
2407 4383 2512 4420 non
2541 4365 2624 4419 his
2650 4365 2872 4436 quidem
2905 4365 3108 4434 verbis,
3133 4365 3225 4420 sed
3256 4377 3436 4420 tamen
3463 4366 3562 4421 ista
3589 4367 3770 4420 dicen-

2187 4470 2275 4516 tur
2305 4461 2400 4515 tibi
2427 4478 2439 4513 :
2476 4459 2709 4514 Verbum
2739 4459 2856 4523 Dei,
2882 4459 2973 4528 qui
3002 4474 3107 4512 non
3140 4459 3337 4526 credit,
3369 4475 3476 4514 non
3501 4461 3766 4529 intelligit.

2185 4549 2286 4618 lbi,
2320 4561 2374 4606 ιιι
2425 4552 2791 4606 admonebere
2819 4569 2830 4603 :
2866 4549 3174 4615 Dominum,
3203 4553 3327 4619 quia
3361 4552 3637 4606 Dominum
3670 4567 3766 4604 vo-

2186 4661 2299 4710 cas,
2324 4655 2546 4711 metue;
2580 4646 2702 4715 quia
2733 4656 2964 4714 patrem,
2999 4644 3182 4718 dilige.
3219 4643 3326 4710 lbi,
3373 4655 3428 4699 tu
3474 4660 3629 4699 veras
3668 4643 3767 4698 ho-

2187 4741 2322 4792 stias
2351 4738 2550 4805 disces,
2581 4721 2848 4792 audiendo
2881 4756 2893 4789 :
2935 4737 3316 4806 Acceptissima
3351 4737 3465 4792 Deo
3505 4736 3761 4792 sacriﬁcia

2185 4841 2333 4895 sunt,
2359 4830 2573 4900 justitia
2599 4839 2654 4884 et
2675 4828 3068 4888 misericordia.
3101 4827 3200 4896 lbi,
3236 4828 3331 4882 tibi
3361 4829 3502 4886 istud
3534 4828 3749 4884 insinua-

2186 4923 2330 4978 bitur
2362 4940 2374 4974 :
2408 4923 2460 4976 Si
2489 4937 2639 4977 amas
2663 4933 2736 4990 te,
2772 4922 3076 4992 proximum
3100 4921 3293 4993 dilige;
3321 4923 3409 4992 qui
3436 4923 3566 4977 nihil
3597 4921 3764 4992 magis

2185 5014 2484 5068 commodis
2515 5015 2622 5069 tuis
2651 5013 2826 5076 dabis.
2859 5030 3018 5083 quam
3049 5015 3192 5088 quod
3227 5015 3524 5068 contuleris
3551 5014 3758 5070 alienis.

2183 5105 2279 5170 lbi,
2315 5107 2413 5160 tibi
2452 5108 2820 5176 praecipietur,
2867 5107 3067 5162 nullam
3120 5121 3242 5162 esse
3287 5122 3502 5162 Causam
3549 5117 3648 5161 tam
3677 5107 3763 5159 di-

2183 5215 2341 5268 gnam
2370 5209 2548 5269 putes,
2577 5215 2678 5270 qua
2727 5200 2819 5254 tibi
2844 5201 2986 5268 juSta
3031 5199 3119 5253 ﬁat
3151 5215 3296 5253 mors
3341 5197 3594 5256 hominis.
3625 5199 3758 5264 Illic,

2183 5291 2445 5346 adversus
2486 5292 2667 5346 illicita
2701 5291 3011 5348 moneberis
3047 5309 3059 5343 :
3095 5290 3324 5346 Libidini
3369 5296 3586 5356 resiste,
3618 5300 3719 5345 tam
3743 5321 3760 5330 -

2179 5400 2340 5455 quam
2373 5385 2516 5438 hosti
2565 5383 2938 5446 acerbissimo,
2965 5382 3055 5453 qui
3102 5382 3361 5436 insultare
3394 5384 3570 5446 vietis,
3596 5383 3757 5438 etiam

2177 5477 2504 5532 contumelia
2532 5476 2799 5548 corporis,
2824 5475 3076 5548 gaudeat.
3115 5474 3250 5542 Illic,
3283 5492 3350 5529 ne
3387 5477 3756 5542 concupiscas,

2179 5568 2321 5624 istud
2355 5567 2675 5623 edoccberis
2699 5585 2713 5624 :
2741 5567 2931 5622 Melius
2968 5575 3047 5622 est
3077 5566 3220 5620 nolle
3249 5581 3368 5636 quae.
3403 5582 3506 5619 non
3536 5567 3754 5634 habeas,

2177 5674 2335 5729 quam
2369 5659 2568 5713 habere
2598 5674 2718 5729 quae
2745 5658 2900 5712 velis.
2932 5658 3066 5724 illic,
3098 5674 3165 5711 ne
3195 5658 3470 5720 irascaris,
3492 5657 3587 5712 hoc
3607 5661 3752 5728 inge-

2189 5748 2323 5806 intur
2359 5768 2375 5810 :
2411 5753 2514 5822 Qui
2561 5763 2882 5822 provocatus
2942 5754 3212 5819 irascitur,
3257 5761 3385 5805 tunc
3425 5754 3593 5808 aulum
3639 5765 3750 5806 non

2182 5845 2459 5911 irascitur,
2490 5859 2618 5899 cum
2639 5859 2750 5900 non
2779 5853 3126 5914 provocatur.
3159 5844 3237 5900 lbi
3264 5846 3450 5913 etiam,
3480 5845 3545 5900 de
3569 5843 3746 5898 inimi-
