4018 6338
227 305 327 366 715

894 272 1231 351 EPISTOLA
1267 272 1737 339 PARENETICA
1778 270 1869 326 AD
1911 262 2355 324 VALERIANUM
2390 236 2786 319 CDGNATUM;

3381 251 3493 313 726

231 428 299 481 cis
353 410 545 474 audies
578 432 591 468 :
626 412 820 469 Amato
864 422 974 462 non
1026 410 1322 465 amantem,
1354 398 1478 466 quia
1529 399 1795 445 amantem
1826 392 1875 451 Α
1902 382 2045 440 lator
2067 392 2306 447 tuorum,
2332 380 2510 435 inania
2543 375 2884 440 fastidia's,et
2904 370 3078 427 solida
3108 367 3489 438 concupiscas.

232 517 311 571 vix
345 512 482 567 ullus
508 523 615 564 non
647 512 817 561 amat.
846 501 985 566 11110,
1016 496 1217 567 saeptus
1251 492 1305 548 id
1346 490 1441 544 tibi
1470 484 1757 542 iterabitur
1786 497 1800 534 :

231 610 565 665 Thesaurum
601 602 647 655 is
687 599 827 653 bene
862 592 1131 655 recondit,
1162 587 1249 656 qui
1283 580 1644 651 indigentibus
1671 574 1805 630 divi-

234 701 324 756 dit.
356 695 593 752 Perdere
627 690 770 746 enim
805 688 915 759 jam
957 700 1064 740 non
1100 678 1323 752 poterit,
1358 672 1502 744 quod
1529 665 1810 739 largiendo

234 788 544 849 collocavit.
581 785 693 838 11110
724 781 889 836 etiam
925 777 1162 833 feliciora
1198 765 1538 832 suadeberis,
1572 775 1691 815 cum
1726 758 1809 812 di-

238 892 426 942 cetur:
460 878 724 955 Fidelium
753 874 1126 944 coniugiorum
1166 866 1373 923 fructus
1411 866 1496 914 est
1523 852 1812 911 continen-

239 980 324 1035 tia.
371 976 469 1041 lbi,
519 982 575 1027 tu
615 946 971 1025 discernenda
1030 970 1350 1030 cognosces,
1402 968 1526 1009 cum
1580 946 1811 1001 audies:

238 1072 367 1129 Mala
398 1067 577 1122 sa-culi
605 1064 764 1131 hujus
786 1060 949 1128 justis
974 1056 1298 1126 injuSIisque
1320 1040 1639 1120 [communis
1666 1048 1810 1093 sunt.

239 1166 335 1229 lbi,
372 1162 466 1217 tibi
500 1158 642 1215 istud
668 1129 995 1210 audiendum
1019 1147 1279 1202 offeretur
1310 1161 1325 1196 :
1356 1139 1525 1210 Major
1554 1129 1817 1205 a-gritudo

241 1268 316 1315 est
348 1258 608 1323 languere
657 1250 891 1302 animam
943 1242 1107 1302 vitiis,
1141 1252 1299 1309 quam
1344 1247 1542 1301 corpus
1582 1225 1817 1281 morbis.

242 1353 337 1416 lli,
368 1348 462 1402 tibi
493 1346 558 1398 ad
586 1336 1068 1398 commendandam
1097 1344 1284 1402 pacem
1331 1324 1473 1381 istud
1500 1317 1784 1393 pronuntia
1804 1344 1818 1355 ι

242 1443 423 1499 bitur:
457 1432 868 1503 impatientibus
913 1422 1209 1481 similitudl
1247 1433 1483 1477 morum,
1524 1425 1685 1468 causa
1713 1408 1823 1461 dis-

244 1533 462 1591 cordiae.
492 1528 589 1592 lbi,
625 1540 693 1579 ne
738 1521 983 1591 sequaris
1019 1516 1211 1577 malos,
1246 1509 1386 1565 istud
1420 1506 1612 1561 audies
1647 1497 1823 1555 :Pru-

245 1629 463 1684 dentem
509 1631 565 1677 et
609 1589 828 1687 Sapiens
883 1612 1157 1667 informat.
1192 1616 1244 1660 et
1292 1602 1523 1663 stultus;
1554 1596 1645 1649 ille
1698 1589 1824 1661 quid

248 1717 561 1775 imitandum
608 1686 683 1765 sit
734 1709 933 1770 docet;
972 1705 1079 1757 iste
1122 1697 1250 1769 quid
1302 1686 1736 1748 vitandum.lllic
1774 1689 1829 1735 et

244 1815 342 1868 ista
370 1806 723 1879 proteruntur
752 1816 768 1854 :
800 1798 961 1852 Muta
990 1801 1217 1863 prosunt
1257 1781 1630 1841 nescientibus
1655 1792 1668 1840 ;
1703 1776 1831 1830 ideo
1861 1775 1907 1833 B

251 1995 446 2066 guitas.
495 1990 610 2045 11110
660 1979 1037 2039 admoneberis
1072 1995 1083 2028 :
1112 1972 1329 2029 Gratias
1374 1968 1492 2021 Deo
1523 1978 1632 2017 non
1667 1957 1836 2026 magis

251 2088 301 2143 in
321 2083 600 2155 prosperis
621 2091 750 2149 agas
774 2090 930 2143 quam
957 2074 1008 2123 iu
1046 2066 1321 2127 adversis;
1348 2069 1401 2114 et
1422 2072 1542 2112 cum
1577 2062 1833 2124 prospera

252 2181 380 2241 sint,
416 2190 471 2231 te
498 2191 603 2230 non
629 2170 894 2226 meruisse
924 2164 1162 2219 fatearis.
1193 2159 1333 2225 11110,
1356 2156 1446 2207 tibi
1473 2151 1634 2206 etiam
1664 2159 1843 2201 remo-

254 2273 393 2327 tiora
422 2267 698 2339 patefient,
727 2277 849 2317 cum
875 2261 977 2314 ista
1010 2252 1485 2326 przedicabuutur:
1516 2244 1705 2299 Fatum
1736 2253 1843 2293 non

256 2382 402 2430 esse,
438 2366 773 2429 interrogent
812 2366 1001 2425 gentes
1031 2352 1111 2403 vel
1150 2350 1296 2413 leges
1322 2357 1447 2397 suas
1472 2356 1487 2405 ;
1513 2352 1630 2405 quze
1661 2336 1846 2401 utique

257 2474 365 2514 non
399 2457 645 2525 puniunt,
676 2452 780 2505 nisi
824 2449 1088 2501 factorum
1129 2440 1483 2494 voluntatem.
1512 2429 1627 2483 11110
1659 2424 1847 2479 audies

256 2552 317 2606 ad
354 2548 770 2607 custodiendam
821 2542 1108 2610 puritatem
1150 2543 1204 2587 et
1236 2534 1335 2586 ista
1370 2524 1588 2596 prmcipi
1621 2539 1634 2575 :
1676 2519 1735 2575 Si
1766 2516 1850 2572 vis

258 2659 382 2701 esse
408 2656 599 2704 verax,
622 2636 870 2703 suspicax
901 2645 1007 2684 non
1031 2629 1158 2682 eris.
1178 2625 1291 2679 Non
1313 2623 1460 2678 enim
1488 2616 1848 2685 suSpicamur,

260 2739 362 2795 nisi
416 2733 559 2804 quod
613 2730 904 2785 nescimus.
933 2724 1031 2786 lbi,
1062 2719 1132 2775 de
1182 2714 1586 2773 sublimioribus
1637 2717 1854 2778 quoque

263 2830 407 2887 istud
432 2827 620 2882 audies
644 2838 661 2879 :
694 2823 802 2876 Deo
830 2829 1008 2873 mente
1031 2813 1262 2876 defixus,
1297 2824 1326 2863 a
1357 2803 1703 2876 passionibus
1728 2812 1851 2853 cum

263 2926 536 2989 titillatur,
568 2918 763 2975 acmlo
807 2918 858 2969 in
912 2925 1112 2966 terram
1162 2904 1491 2960 devolvitur.
1530 2882 1605 2951 lbi
1653 2894 1748 2948 tibi
1799 2898 1856 2946 et

267 3019 386 3076 haec
416 3012 864 3071 memorabuntur
897 3024 910 3059 :
948 3006 1078 3058 Cum
1113 3001 1200 3054 hic
1241 2997 1364 3052 mali
1401 2992 1674 3048 interdum
1716 2987 1858 3039 bona

268 3112 511 3179 capiant,
540 3104 666 3160 boui
718 3100 877 3156 malis
924 3095 1289 3155 afﬂicteutttr;
1337 3086 1428 3157 qui
1473 3085 1712 3139 futurum
1762 3075 1857 3131 Dei

271 3148 666 3179 ...,.......,
1054 3148 1062 3149 ,
1276 3148 1286 3155 ,
1355 3148 1372 3157 _

271 3206 531 3277 iudicium
584 3214 690 3252 non
743 3194 990 3253 credunt,
1022 3188 1259 3256 iniquum
1293 3179 1467 3250 (quod
1504 3175 1663 3245 absit)
1693 3174 1861 3227 Deum
1888 3148 1935 3210 Ο
1967 3168 2086 3229 quae

1302 3276 1333 3277 η
1370 3276 1377 3277 ί
1529 3272 1539 3277 -
1799 3264 1831 3277 --
1969 3252 2086 3277 -I-..

272 3298 535 3369 iudicant.
594 3291 707 3346 lllic
756 3288 853 3341 tibi
902 3288 1217 3352 suggeretur
1251 3294 1263 3328 :
1300 3276 1471 3329 Etiam
1528 3272 1580 3324 in
1635 3264 1867 3320 secretis

275 3393 385 3444 tuis
417 3386 561 3456 quod
600 3383 736 3438 velis
769 3380 1015 3435 homines
1072 3373 1281 3427 nescire
1333 3384 1398 3421 ne
1447 3363 1673 3420 feceris;
1726 3355 1869 3427 quod

279 3484 475 3545 Deum,
512 3494 577 3531 ne
608 3471 955 3545 cogitaveris.
991 3467 1069 3521 lbi
1102 3463 1200 3519 tibi
1246 3470 1434 3517 contra
1474 3469 1689 3512 omnem
1724 3450 1870 3505 frau-

280 3577 403 3633 dem
451 3576 663 3629 dicetur
694 3586 708 3627 :
738 3566 1010 3622 lufelicius
1061 3568 1145 3615 est
1173 3558 1423 3619 decipere
1468 3566 1624 3618 quam
1670 3544 1870 3614 decipi.

282 3672 399 3727 lllic
430 3679 486 3723 et
515 3667 781 3720 adversus
806 3658 1117 3729 iactantiam
1169 3645 1602 3705 consttmmantia
1633 3639 1729 3694 tibi
1761 3638 1876 3691 Iuro

287 3763 677 3835 praecipientur
704 3778 715 3811 :
744 3755 1048 3809 Vauitatem
1097 3757 1245 3801 lauto
1295 3742 1466 3811 magis
1499 3740 1641 3808 fuge,
1673 3741 1878 3806 quanto

288 3860 489 3915 melior
519 3852 794 3909 elficieris.
833 3846 1040 3901 Caetera
1073 3841 1216 3895 enim
1259 3837 1385 3891 vitia
1424 3840 1678 3889 crescunt
1710 3828 1877 3895 vitiis,

289 3951 511 4007 Vanitas
545 3943 861 3999 virtutibus.
894 3939 961 3991 Et
992 3942 1087 3989 ista
1125 3932 1341 4003 quidem
1370 3942 1536 3999 pauca
1568 3924 1636 3978 de
1663 3920 1878 3983 studiis,

294 4043 528 4111 carptim
562 4052 624 4091 ac
644 4036 883 4089 breviter
911 4027 1185 4099 przelibata
1220 4031 1369 4077 sunt.

366 4132 525 4201 Quod
549 4133 592 4184 si
621 4129 686 4182 ad
715 4126 890 4179 fontes
919 4123 1063 4191 ipsos
1097 4116 1234 4173 sacri
1263 4113 1460 4184 eloquii
1491 4116 1759 4167 scrutator
1790 4119 1883 4160 ac-

298 4222 556 4289 cesseris,
591 4220 664 4273 ibi
700 4226 755 4269 tu
785 4229 893 4267 non
926 4208 1197 4266 exteriora
1221 4205 1393 4274 magis
1418 4217 1579 4272 quam
1620 4197 1889 4253 interiora

300 4315 601 4371 mirabere.
628 4310 704 4365 Ita
731 4308 1035 4375 Scriptura,
1060 4300 1184 4354 dum
1219 4299 1547 4351 intrinsecus
1574 4291 1773 4355 radiat,
1804 4302 1891 4342 ve-

304 4411 393 4464 lut.
445 4402 840 4475 pretiosis~ima
892 4409 1119 4467 qumque
1176 4402 1419 4459 gemma,
1452 4385 1506 4439 in
1562 4379 1891 4454 profundum

305 4505 574 4572 fulgorem
622 4489 1080 4552 considerantium
1136 4482 1371 4539 demittit
1427 4478 1640 4533 ocolos.
1672 4475 1785 4530 Hoc
1835 4482 1891 4526 tu

307 4598 632 4665 caligantem
682 4586 879 4643 mentis
928 4581 1098 4637 aciem
1150 4589 1487 4646 nequaquam
1546 4570 1765 4640 refugus
1814 4567 1899 4621 in-

310 4684 674 4753 suesce;boc
721 4680 934 4733 interno
989 4687 1052 4727 ac
1102 4669 1305 4726 salubri
1338 4668 1460 4721 cibo
1500 4664 1652 4719 disce
1702 4659 1900 4715 animae

314 4780 513 4836 famem
544 4786 790 4846 pascere.
826 4768 929 4823 Per
964 4778 1099 4833 opus
1126 4759 1434 4816 miSerautis
1467 4753 1677 4810 Domini
1707 4752 1761 4807 id
1791 4751 1905 4805 fore

314 4888 430 4931 non
458 4844 774 4931 diffidimus,
809 4870 868 4915 ut
895 4866 1202 4913 nostrorum
1235 4859 1497 4922 appetens
1517 4890 1530 4913 ,
1562 4856 1619 4903 et
1642 4844 1903 4901 dissimu-

1908 475 2470 547 lmprudentissimum
2516 481 2633 539 est,
2682 484 2805 525 cum
2852 481 2952 536 pro
3004 464 3159 521 nobis
3216 462 3330 517 fere
3382 469 3494 517 tam

1910 571 2082 627 multa
2112 570 2255 623 Deus
2308 567 2517 636 fecerit,
2548 564 2682 619 nihil
2730 560 3096 627 nosmetipsos
3147 554 3339 609 fecisse
3397 567 3496 623 pro

1908 662 2099 728 nobis;
2129 666 2359 729 0111111110
2392 660 2485 714 1110
2521 662 2575 711 111
2628 653 2887 727 operibus
2933 652 3045 705 suis
3099 648 3166 702 ad
3213 645 3499 700 commoda

1912 760 2143 811 humana
2174 752 2504 822 respexerit,
2536 749 2810 810 hominem
2850 744 2997 798 nolle
3034 739 3139 797 sibi
3181 738 3494 794 consulere.

1914 847 2253 905 Consulimus
2286 859 2437 907 vero,
2466 843 2512 898 si
2540 853 2640 895 nos
2673 840 2729 894 in
2760 836 2856 891 Dei
2894 836 3097 893 cultum
3138 830 3501 897 aﬂectunique

1914 940 2217 997 reddimus.
2246 936 2387 991 Vera
2420 932 2619 1002 quippe
2658 928 2936 985 beatitudo
2975 933 3081 991 est,
3114 921 3295 977 81001111
3325 920 3501 974 beati-

1912 1036 2156 1091 tudinem
2200 1043 2485 1100 lpernere,
2521 1024 2886 1095 ueglectisque
2941 1016 3177 1073 terrenis
3225 1016 3277 1068 iu
3320 1013 3505 1066 divina

1917 1127 2162 1199 ﬂagrare.
2196 1119 2587 1189 Proinde,jam
2643 1128 2788 1169 nunc
2839 1111 3016 1166 omnia
3068 1109 3214 1162 dicta
3258 1105 3507 1171 factaque

1919 1193 2014 1275 tua
2032 1219 2101 1273 ad
2127 1219 2294 1271 DEum
2322 1213 2405 1267 vel
2431 1218 2651 1280 propter
2682 1206 2851 1258 Deum
2884 1200 3077 1269 dirige.
3103 1198 3299 1251 Obtine
3325 1202 3384 1248 ut
3409 1193 3509 1248 tibi

1920 1327 2105 1372 comes
2143 1322 2359 1377 semper
2388 1308 2457 1360 sit
2487 1303 2596 1366 illa,
2626 1308 2680 1355 et
2724 1298 2819 1351 tibi
2872 1304 3053 1349 custos
3089 1295 3211 1345 erit.
3248 1290 3367 1344 Jam
3397 1286 3505 1341 lida

1923 1418 2007 1461 est
2036 1402 2367 1459 innocentia.
2401 1398 2649 1466 Magnum
2680 1399 2765 1447 est
2801 1389 3057 1442 virtutem
3098 1384 3271 1451 sequi,
3301 1393 3512 1447 uosque

1926 1502 1975 1555 ei
2007 1497 2206 1568 aliquid
2239 1510 2337 1564 pro
2368 1491 2511 1546 virili
2553 1487 2804 1557 portione
2848 1479 3121 1535 conferre.
3150 1476 3261 1530 Nec
3310 1488 3516 1542 paven-

1928 1593 2059 1647 dum
2088 1600 2172 1645 est
2219 1603 2285 1642 ne
2316 1602 2375 1641 se
2406 1584 2475 1637 ab
2525 1581 2609 1635 his
2640 1594 2759 1648 quae
2791 1590 2890 1629 uSu
2931 1571 3271 1625 inoleverunt
3305 1567 3518 1619 animus

1934 1701 2026 1755 per
2052 1682 2331 1739 meliorem
2364 1677 2528 1732 vitam
2563 1687 2671 1727 non
2696 1669 2868 1722 valeat
2894 1663 3197 1719 absolvere.
3230 1654 3378 1713 idem
3403 1657 3517 1725 ille,

1936 1776 2019 1832 cui
2062 1774 2333 1829 sanandos
2374 1783 2470 1823 nos
2505 1763 2838 1831 tuendosque
2869 1757 3168 1814 offerimus,
3198 1753 3344 1804 vires
3374 1764 3521 1816 pra:-

1938 1880 2045 1925 stat
2066 1868 2304 1923 afl‘ectui.
2335 1862 2492 1919 Unde
2522 1867 2699 1913 autem
2726 1855 2748 1909 ?
2779 1861 2839 1908 ut
2869 1851 2951 1905 vel
2981 1844 3337 1901 mstimatione
3376 1856 3525 1896 com-

1938 1956 2281 2033 prehendere
2303 1955 2475 2008 valeat
2496 1952 2774 2021 quisquam
2800 1944 3102 1998 futurormu
3133 1933 3528 1992 remuneratio-

1941 2071 2062 2111 nem
2093 2053 2381 2107 bonorum.
2416 2038 2555 2099 Ecce
2582 2042 2787 2106 divina,
2817 2046 2871 2091 ut
2893 2034 3186 2095 cernimus,
3208 2026 3529 2082 munificen-

1940 2147 2053 2209 tia,
2110 2142 2320 2197 cunctis
2368 2135 2735 2208 promiscuum
2796 2142 2949 2182 nsum
3003 2120 3339 2178 charissima:
3392 2115 3532 2169 lucis

1945 2237 2191 2295 indulsit.
2220 2233 2388 2288 Datur
2438 2229 2528 2298 pio
2576 2235 2630 2282 et
2677 2223 2845 2290 impio
2890 2229 3227 2272 communem
3276 2218 3532 2278 spectare

1948 2330 2148 2393 solem;
2182 2325 2433 2378 omnibus
2463 2326 2712 2373 creatura
2746 2311 3058 2367 famulatum
3093 2319 3247 2359 suum
3278 2298 3528 2367 benignis

1950 2427 2130 2476 servat
2154 2413 2370 2479 ofﬁciis,
2415 2410 2684 2464 bonorum
2718 2402 3094 2469 malorumque
3145 2394 3311 2449 totius
3350 2386 3540 2445 mundi

1951 2511 2243 2568 indiscreta
2278 2501 2548 2575 possessio
2578 2505 2681 2552 est.

2024 2601 2156 2657 Cum
2189 2597 2273 2653 hic
2306 2597 2469 2662 igitur
2494 2604 2604 2646 tam
2628 2585 2885 2659 prarclara
2906 2582 3051 2636 Deus
3071 2576 3233 2649 justis
3263 2573 3467 2645 pariter
3489 2576 3545 2626 et

1959 2693 2170 2764 iniustis
2202 2690 2427 2751 tribuat,
2461 2684 2637 2754 qualia
2682 2686 2808 2735 sunt
2856 2672 3093 2745 putanda
3122 2684 3240 2739 quae
3266 2664 3428 2736 justis
3458 2676 3549 2718 re-

1958 2782 2177 2841 servat?
2206 2780 2651 2839 Consideremus,
2684 2770 2774 2841 qui
2820 2778 2965 2821 tanta
3006 2760 3179 2826 dedit,
3215 2764 3411 2829 quanta
3454 2768 3548 2808 re-

1959 2880 2183 2941 stituet;
2216 2872 2307 2943 qui
2331 2879 2438 2925 tam
2482 2877 2709 2935 magnus
2731 2870 2812 2916 est
2844 2860 2899 2913 111
2926 2856 3104 2920 donis,
3135 2866 3296 2922 quam
3327 2856 3551 2915 magnus

1960 2973 2065 3027 erit
2092 2971 2147 3025 in
2181 2958 2513 3036 prtemiis.Si
2542 2966 2653 3011 tam
2685 2948 3077 3007 inaestimabilis
3104 2955 3186 2998 est
3217 2937 3555 2995 munerantis

1961 3060 2287 3130 benignitas,
2327 3067 2447 3123 quae
2490 3050 2582 3104 illa
2628 3038 3056 3101 remunerantis?
3083 3032 3376 3090 ineffabilia
3430 3036 3556 3083 sunt

2130 3147 2451 3222 praiparavit
2493 3143 2637 3199 Deus
2678 3138 2763 3193 his
2806 3137 2896 3207 qui
2944 3131 3169 3201 diligunt
3212 3141 3359 3189 eum,
3408 3129 3558 3176 recte

1969 3252 2126 3321 plane
2174 3256 2336 3313 atque
2376 3235 2687 3299 manifeste,
2714 3231 2839 3301 quia
2888 3241 3016 3283 vere
3070 3230 3394 3278 immensum
3449 3219 3559 3280 est,

1970 3307 2128 3416 quam
2150 3307 2343 3408 magna
2373 3329 2637 3401 rependet
2664 3325 2821 3380 bouis
2853 3323 2940 3392 qui
2973 3328 3080 3374 tam
3112 3326 3302 3383 magna
3335 3307 3563 3377 largitur

1968 3436 2217 3510 ingratis.
2249 3426 2552 3487 Circumfer
2579 3420 2789 3485 oculos,
2822 3424 2877 3471 et
2903 3415 2970 3469 de
3000 3412 3192 3482 pelago
3223 3403 3567 3473 negotiorum

1976 3543 2214 3596 tuorum,
2247 3524 2393 3578 velut
2424 3522 2477 3575 in
2508 3514 2796 3587 quemdam
2830 3503 3186 3579 professionis
3220 3505 3417 3553 nostrae
3444 3505 3569 3559 por-

1978 3635 2087 3680 tum
2123 3617 2391 3690 prospice,
2424 3620 2752 3681 proramque
2780 3606 3055 3655 converte.
3089 3594 3237 3647 Unus
3266 3589 3353 3641 hic
3378 3591 3571 3654 portus

1978 3724 2082 3781 est,
2103 3715 2156 3768 in
2181 3725 2339 3780 quem
2371 3720 2469 3760 nos
2498 3702 2565 3756 ab
2588 3697 2731 3754 omni
2766 3686 3073 3748 ﬂuctuantis
3104 3679 3283 3737 saeculi
3312 3674 3571 3747 jactatio-

1981 3825 2049 3866 ne
2078 3805 2400 3867 referamur,
2436 3809 2594 3868 quem
2626 3792 2767 3846 inter
2798 3788 3069 3840 irruentes
3098 3773 3282 3830 mundi
3331 3767 3572 3822 turbines

1982 3910 2110 3964 fessi
2158 3912 2436 3974 petamus;
2478 3894 2581 3947 huc
2627 3886 2836 3943 Cunctis
2884 3871 3300 3945 confugiendum
3348 3872 3453 3928 est,
3484 3858 3577 3931 qui

3352 3954 3480 3974 ,__.A
3520 3950 3549 3974 η

1984 3950 2110 3964 ηπ.
2161 3950 2359 3974 ,μηηη
2384 3950 2435 3962 ἡ,

1984 3996 2264 4057 frementis
2311 3987 2493 4047 smculi
2537 3985 2853 4051 tempestate
2884 3978 3167 4025 vexantur.
3194 3961 3292 4016 llic
3322 3954 3486 4011 statio
3520 3950 3579 4006 11η.

1986 4095 2232 4155 dissima,
2264 4094 2319 4142 et
2347 4083 2498 4153 quies
2527 4087 2695 4133 certa.
2738 4071 2836 4127 llic
2882 4067 2987 4120 late
3028 4070 3276 4116 recessus
3329 4049 3581 4107 exclusus

1990 4152 2241 4242 fluctibus
2268 4152 2411 4233 silet.
2444 4171 2540 4228 Hic
2570 4164 2767 4223 blanda
2792 4154 3175 4225 tranquillitas,
3203 4156 3454 4201 serenum
3497 4152 3581 4192 rea
3628 4204 3637 4227 ι

1993 4284 2161 4340 nidet.
2198 4278 2312 4332 lluc
2357 4286 2478 4327 cum
2519 4264 2688 4321 fueris
2729 4259 2962 4319 delatus,
2990 4258 3105 4305 tuto
3136 4243 3288 4300 navis
3336 4250 3423 4294 tua
3463 4241 3584 4305 post
3633 4234 3641 4293 ⁸,

1995 4381 2188 4434 inanes
2213 4369 2429 4426 labores
2459 4362 2547 4418 hic
2574 4360 2644 4414 ad
2670 4352 2848 4411 crucis
2879 4345 3172 4403 anchoram
3204 4333 3427 4389 fundata
3458 4326 3586 4381 reti«
3638 4400 3645 4409 ⁸

1998 4468 2230 4526 nebitur.
2259 4457 2364 4514 Sed
2391 4457 2499 4526 ξω
2524 4447 2782 4522 prolixior
2807 4439 3131 4509 scriptorum
3153 4424 3347 4501 pagina
3371 4418 3588 4476 modum

2003 4558 2196 4633 poscit.
2231 4553 2349 4609 Vim
2377 4544 2680 4605 caelestium
2722 4539 3119 4609 praeceptorum
3147 4526 3297 4577 arcte
3324 4511 3589 4569 breviter.

2924 4622 2936 4633 ·
3051 4614 3107 4633 ς]
3167 4612 3255 4633 n-:
3306 4608 3564 4633 ιιηηηηηη

2003 4608 2108 4725 que
2135 4646 2422 4705 collectam
2452 4639 2506 4695 in
2533 4608 2799 4693 summam
2827 4622 3012 4693 accipe
3044 4614 3113 4672 ad
3164 4612 3256 4667 Dei
3306 4608 3588 4661 honorem.

2726 4723 2737 4725 ’
2828 4718 2840 4725 ‘
3106 4716 3293 4725 ίμΑ---ιι
3338 4705 3567 4725 ιιι-ηηοηρ

2006 4705 2136 4802 haec
2165 4746 2294 4799 sunt
2319 4731 2569 4793 mandata
2595 4723 2798 4787 omnia,
2826 4718 3072 4789 ignosce,
3102 4716 3297 4776 meque
3337 4705 3589 4769 agnosce.

1550 5230 1777 5368 ’
2299 5215 2306 5221 ⁷

1566 5450 1573 5455 ’
