4018 6338
482 280 585 341 ἹΩῚ

1283 386 3552 411 -ψ--ψ--ι-Μ

1443 280 1503 336 S.
1542 276 1864 335 EUCHERII
1907 272 2211 330 EPISCOPI
2254 268 2731 330 LUGDENENSIS

3632 266 3743 326 ns

1292 498 1968 612 εΔΝοτι
2042 493 2918 609 EUCHERII

1639 687 2180 753 LUGDUNENSIS
2222 684 2571 749 EPISCOPI

829 840 1609 999 NRMULARUM
1714 837 2373 994 SPIRITALIS
2478 836 3383 991 INTELLIGENTIIE

1626 1077 1804 1159 AD
1907 1073 2606 1159 URANIUM.

1761 1254 2085 1325 LIBER
2158 1251 2435 1325 UNUS

1776 1467 2453 1645 ἧβτθεὶαίίο.

553 1689 833 1745 Formulas
870 1688 1124 1759 spiritalis
1174 1688 1543 1758 intelligentia:
1590 1685 1910 1742 Latinorum
1959 1699 2058 1738 no-
2086 1688 2136 1746 Α
2164 1686 2441 1757 mysteria,
2466 1686 2838 1757 :enigmatibus
2878 1688 3117 1743 retectis.
3166 1687 3375 1755 Corpus
3433 1700 3565 1758 ergo
3607 1686 3755 1743 Scri-

454 1783 689 1837 'minum
720 1782 1148 1852 componendas,
1184 1784 1385 1852 tibique
1422 1781 1708 1837 mittendas
1744 1795 1845 1849 pro
1885 1777 2064 1833 studio

480 1884 719 1943 paternae
777 1890 903 1945 erga
954 1885 1008 1931 te
1056 1875 1434 1930 sollicitudinis
1487 1866 1809 1937 existimavi,
1868 1872 2063 1942 quibus

476 1972 772 2041 perceptis,
805 1970 857 2023 in
889 1970 1069 2022 omnia
1100 1970 1299 2037 scripta
1322 1968 1500 2023 divina
1533 1967 1789 2022 facillime
1815 1979 1879 2019 ac
1901 1964 2063 2018 intel-

477 2064 680 2117 lectum
721 2062 1051 2130 reliquorum
1092 2075 1283 2115 sensus
1332 2060 1725 2114 intenderetur.
1768 2057 1898 2111 Nam
1940 2071 2061 2110 cum

479 2152 657 2205 littera
680 2150 911 2215 occidat,
941 2150 1165 2219 spiritus
1185 2160 1361 2204 autem
1380 2149 1614 2204 viviﬁcet
1633 2147 1699 2215 (ll
1727 2147 1845 2201 Cor.
1875 2162 1954 2211 ill,
1983 2146 2061 2216 6),

477 2255 702 2295 necesse
740 2250 822 2294 est
858 2238 923 2293 ad
955 2240 1052 2308 tilla
1093 2240 1416 2308 spiritalium
1460 2239 1716 2293 interiora
1755 2254 2062 2293 sermonum

478 2331 673 2400 spiritu
708 2331 1015 2385 viviﬁcante
1044 2332 1339 2400 penetrari.
1374 2328 1689 2386 Universum
1732 2344 1893 2399 porro
1920 2329 2067 2385 Scri-

479 2429 690 2491 pturam
716 2432 826 2477 tam
852 2424 1054 2478 veteris
1076 2423 1421 2478 lnstrumenti
1452 2438 1610 2493 quam
1643 2423 1786 2490 novi,
1820 2422 1887 2476 ad
1910 2423 2066 2477 intel-

472 2513 681 2569 lectum
704 2515 1049 2583 allegoricum
1074 2529 1194 2569 esse
1216 2514 1560 2576 sumendum,
1584 2512 1840 2569 admonet
1864 2530 1961 2567 nos
1981 2514 2066 2567 vel

477 2604 609 2659 illud
641 2604 779 2674 quod
820 2606 872 2658 in
910 2606 1080 2659 veteri
1114 2605 1459 2659 Testamento
1493 2605 1722 2675 legimus
1769 2622 1781 2658 :
1826 2605 2065 2675 Aper-iam

479 2698 534 2751 in
574 2696 833 2768 parabolis
875 2714 932 2751 os
976 2713 1175 2762 meum,
1228 2699 1410 2767 loquar
1462 2700 1512 2751 in
1556 2699 1826 2769 wnigiuate
1858 2698 2066 2765 antiqua

478 2789 596 2859 (Ps.
630 2806 830 2856 Lxxvn,
869 2789 949 2861 2).
985 2789 1081 2845 Vel
1111 2790 1241 2845 illud
1281 2790 1423 2858 quod
1472 2791 1598 2845 item
1633 2793 1683 2845 in
1715 2807 1853 2845 novo
1880 2790 2067 2845 Tesm-

474 2894 663 2937 mento
692 2883 945 2937 scribitur
977 2898 992 2936 :
1023 2881 1152 2935 Ha'c
1184 2884 1353 2936 omnia
1378 2884 1578 2937 locutus
1606 2893 1677 2937 est
1704 2882 1856 2937 Jesus
1886 2885 1937 2935 in
1969 2900 2066 2952 pa-

476 2972 667 3025 rabolis
714 2973 784 3025 ad
832 2973 1027 3035 turbas,
1075 2982 1122 3025 et
1166 2973 1274 3025 sine
1318 2973 1581 3039 parabolis
1625 2990 1728 3026 non
1772 2974 2067 3040 loquebatur

2166 1787 2336 1846 pturte
2366 1793 2561 1843 sacrm,
2592 1780 2731 1833 sicut
2760 1780 3014 1844 traditur,
3048 1779 3100 1833 in
3132 1781 3314 1834 littera
3343 1779 3459 1834 sive
3487 1778 3715 1833 historia
3740 1797 3755 1834 :

2165 1878 2249 1925 est
2273 1872 2448 1925 anima
2488 1872 2541 1926 in
2572 1872 2760 1925 morali
2793 1886 2976 1938 sensu,
3004 1872 3095 1942 qui
3123 1874 3359 1943 tropicus
3384 1873 3613 1937 dicitur;
3647 1873 3759 1941 spi-

2164 1964 2300 2018 ritus
2327 1964 2379 2018 in
2408 1965 2686 2034 superiore
2716 1966 3013 2030 intellectu,
3042 1966 3132 2035 qui
3162 1981 3402 2035 anagoge
3429 1967 3757 2036 appellatur.

2164 2055 2333 2122 Quam
2363 2055 2630 2125 triplicem
2662 2056 3061 2125 Scripturarum
3091 2057 3330 2125 regulam
3362 2058 3755 2112 convenienter

2165 2146 2418 2200 observat
2444 2146 2721 2202 confessio
2749 2158 2954 2202 sanctae
2985 2148 3285 2213 Trinitatis,
3312 2150 3642 2218 sanctiﬁcans
3666 2165 3760 2203 nos

2165 2252 2255 2307 per
2283 2238 2477 2303 omnia,
2512 2246 2567 2291 ut
2597 2239 2787 2307 integer
2822 2240 3035 2308 spiritus
3061 2247 3254 2302 noster,
3285 2249 3333 2292 et
3362 2241 3538 2293 anima
3564 2252 3608 2294 et
3639 2256 3760 2294 cor-

2168 2344 2263 2395 pus
2318 2329 2427 2382 sine
2482 2328 2687 2395 querela
2732 2330 2787 2382 in
2833 2331 3106 2383 aduentura
3151 2328 3362 2383 Domini
3414 2332 3577 2383 nostri
3632 2329 3762 2384 Iesu

2167 2418 2359 2473 Christi
2383 2418 2749 2490 judiciumque
2777 2430 3006 2474 servetur
3026 2421 3067 2491 (1
3094 2419 3277 2474 Thess.
3304 2438 3357 2487 v,
3389 2420 3508 2489 24).
3534 2420 3761 2489 Sapien-

2169 2509 2238 2564 tia
2280 2519 2461 2564 autem
2505 2511 2690 2565 mundi
2726 2510 2885 2580 hujus
2910 2511 3317 2581 .phiIOSOphiam
3356 2526 3514 2565 suam
3558 2514 3611 2565 in
3652 2524 3761 2565 tres

2168 2609 2348 2670 partes
2373 2600 2576 2668 divisit,
2617 2601 2915 2673 physicam,
2959 2604 3217 2668 ethicam,
3258 2602 3510 2673 logicam,
3561 2602 3617 2656 id
3651 2613 3761 2669 est,

2168 2692 2499 2761 naturalem,
2556 2694 2852 2759 moralem,
2905 2694 3246 2749 rationalem.
3301 2694 3405 2751 Sed
3458 2696 3759 2749 naturalem

2168 2783 2312 2837 illam
2347 2784 2703 2851 pertinentem
2739 2784 2804 2838 ad
2850 2799 3042 2839 causas
3073 2797 3299 2853 natura},
3341 2800 3463 2857 qua:
3504 2786 3761 2849 universa

2170 2876 2440 2940 continet;
2475 2876 2757 2941 moralem,
2789 2892 2908 2945 quas
2949 2877 3205 2947 respiciat
3240 2876 3308 2931 ad
3347 2892 3560 2942 mores;
3599 2879 3762 2932 ratio-

2172 2968 2349 3022 nalem
2392 2983 2524 3023 vero
2564 2984 2685 3038 quas
2711 2968 2780 3024 de
2812 2968 3216 3024 sublimioribus
3255 2970 3558 3039 disputans,
3591 2971 3761 3026 Deum

474 3065 547 3118 cis
573 3061 764 3134 (Marc.
792 3077 869 3127 iV,
906 3062 1016 3133 16).
1048 3062 1155 3116 Nec
1192 3062 1496 3118 mirandum
1526 3064 1667 3131 quod
1710 3080 1890 3118 sermo
1931 3065 2067 3119 divi-
2096 3059 2143 3119 B
2169 3060 2407 3113 omnium
2444 3070 2653 3131 patrem
2702 3076 2825 3115 esse
2872 3059 3177 3116 conﬁrmet.
3216 3064 3385 3129 Quam
3436 3064 3762 3132 tripartitam

476 3168 600 3219 nus,
642 3153 1027 3222 prophetarum
1059 3153 1538 3224 apostolorumque
1568 3168 1663 3208 ore
1700 3156 1964 3222 prolatus,
2002 3157 2069 3212 ab

475 3245 675 3298 usitato
701 3245 795 3298 illo
821 3244 1131 3299 hominibus
1154 3245 1423 3299 scribendi
1456 3246 1616 3299 modo
1642 3250 1865 3302 multum
1892 3263 2070 3303 reces-

475 3340 627 3403 serit,
675 3340 851 3394 l'acilia
896 3341 948 3393 iu
995 3348 1241 3408 promptu
1274 3339 1497 3405 habens,
1537 3356 1726 3409 magna
1758 3345 1810 3394 in
1844 3342 2067 3395 interio-

476 3431 626 3484 ribus
658 3432 768 3485 suis
813 3432 1124 3495 contincus;
1158 3431 1280 3501 quia
1317 3442 1374 3488 et
1414 3447 1600 3487 rcvera
1634 3433 1734 3487 fuit
1770 3448 2066 3501 congruum

476 3532 533 3575 ut
560 3537 713 3577 sacra
737 3524 846 3577 Deo
872 3524 1010 3577 dicta
1042 3540 1071 3576 a
1099 3526 1308 3578 caeteris
1341 3525 1652 3594 scripturis.
1688 3527 1826 3580 sicut
1850 3528 2065 3594 merito,

476 3613 547 3668 ita
586 3622 642 3668 et
679 3617 883 3683 specie,
928 3616 1383 3678 discernerentur.
1425 3634 1491 3673 ne
1531 3619 1618 3673 illa
1652 3620 1953 3675 cmlestium
1982 3636 2069 3674 ar-

474 3721 732 3762 canorum
779 3707 1013 3777 dignitas
1063 3710 1261 3777 passim
1309 3720 1470 3779 atque
1517 3711 1810 3765 indiscrete
1855 3712 2066 3767 eunetis

473 3806 794 3867 patesceret,
838 3808 1188 3868 sanctumque
1222 3801 1468 3865 canibus,
1508 3810 1563 3855 et
1592 3812 1910 3871 margaritas
1938 3819 2065 3871 por-

479 3888 560 3942 cis
578 3888 1104 3958 cxponeret(lllatth.
1124 3906 1220 3955 vn,
1245 3889 1334 3961 6);
1359 3902 1414 3945 et
1438 3901 1759 3946 consecrata
1784 3908 1908 3946 vasa
1935 3904 2068 3947 tem-

474 3981 548 4050 pli
600 3983 828 4036 involuta
874 3983 1210 4050 promiscuus
1259 3983 1488 4052 populus
1532 3985 1688 4053 {erret
1736 4000 1826 4037 nec
1872 3985 2065 4039 uideret

472 4071 659 4142 (Num.
687 4088 762 4136 tv,
796 4073 881 4137 15,
912 4072 1029 4143 20),
1061 4082 1114 4127 ct
1143 4082 1200 4127 ut
1222 4090 1348 4129 vere
1369 4075 1431 4127 ad
1462 4074 1608 4129 illius
1633 4076 1879 4129 columbae
1906 4077 2059 4130 dear-

471 4171 694 4231 gentatw
724 4160 844 4231 (Ps.
876 4178 1039 4227 uvn,
1078 4162 1166 4233 M)
1197 4165 1413 4218 modum
1442 4206 1456 4229 ,
1498 4166 1649 4234 cujus
1678 4167 1975 4234 posteriora
2006 4166 2060 4221 in

470 4250 653 4318 specie
690 4252 804 4305 auri
850 4252 1189 4320 splendentis
1231 4253 1517 4320 irradiant,
1557 4255 1838 4323 scriptura:
1868 4254 2061 4310 divinas

471 4344 643 4411 prima
671 4359 896 4412 quasque
924 4353 1146 4412 argento
1178 4344 1468 4413 iulgcrent,
1508 4354 1563 4400 et
1603 4361 1735 4400 auro
1763 4345 2057 4400 occultiora

2171 3150 2431 3206 doctrinae
2472 3152 2889 3221 disputationem
2930 3169 3039 3207 non
3087 3153 3221 3209 adeo
3256 3154 3514 3209 abhorret
3543 3155 3633 3209 illa
3665 3169 3762 3209 no.

2170 3252 2405 3298 strorum
2439 3260 2489 3297 In
2521 3244 2887 3313 disputatione
2908 3245 3205 3313 distinctio,
3240 3263 3343 3317 qua
3384 3247 3532 3303 docti
3562 3249 3762 3317 quique

2170 3335 2312 3389 hanc
2350 3335 2626 3390 caelestem
2672 3337 3095 3406 Scriptururum
3123 3338 3519 3409 philoSophiam
3570 3355 3761 3395 secun-

2171 3425 2296 3480 dum
2345 3426 2651 3491 historiam,
2685 3428 2977 3481 secundum
3025 3430 3412 3498 tropologiam,
3461 3432 3757 3486 secundum

2169 3531 2445 3586 anagogcn
2476 3519 2847 3573 disserendam
2872 3529 3145 3588 putarunt.
3169 3523 3508 3591 QuaprOpter
3536 3524 3759 3580 historia

2170 3609 2449 3664 veritatem
2488 3610 2646 3663 nobis
2676 3608 2941 3663 factorum
2988 3626 3051 3665 ac
3082 3610 3242 3666 ﬁdem
3275 3614 3562 3667 relationis
3592 3616 3759 3670 incul-

2168 3708 2273 3754 cat.
2304 3700 2624 3769 Tropologia
2660 3702 2723 3755 ad
2764 3703 2881 3754 vita:
2918 3704 3349 3758 emendationem
3383 3708 3646 3777 mysticus
3676 3708 3759 3761 in-

2170 3790 2416 3844 tellectus
2457 3794 2640 3845 refert.
2692 3794 2945 3863 Anagoge
2994 3794 3059 3847 ad
3110 3797 3407 3849 sacratiora
3452 3799 3751 3852 (mfestium

2166 3884 2456 3952 ﬁgurarum
2481 3897 2683 3939 secreta
2710 3886 2973 3953 perducit.
2998 3887 3128 3942 Sunt
3149 3889 3309 3942 etiam
3333 3889 3422 3957 qui
3444 3890 3749 3960 allegoriam

2168 3977 2221 4031 in
2254 3978 2355 4031 hoc
2384 3978 2625 4033 scientias
2672 3994 2871 4048 genere
2910 3992 3099 4047 quarto
3142 3982 3197 4035 in
3236 3982 3356 4037 loco
3397 3984 3751 4052 adjiciendam
3832 4006 3840 4015 -

2167 4075 2373 4135 putent,
2405 4084 2563 4137 quam
2590 4078 2864 4138 gestorum
2894 4072 3280 4137 narrationem,
3306 4072 3610 4128 futurorum
3638 4090 3752 4128 um-

2163 4160 2314 4215 bram
2357 4163 2663 4231 practulisse
2693 4166 3035 4218 conlirment.
3079 4165 3206 4219 Haec
3238 4181 3372 4221 vero
3402 4165 3517 4234 ipsa
3551 4178 3607 4221 ut
3628 4168 3751 4223 sub-

2160 4251 2319 4320 jectis
2367 4252 2581 4320 plenius
2639 4254 3054 4309 manifestentur
3094 4256 3388 4322 exemplis,
3433 4259 3632 4315 cmlum
3673 4270 3753 4313 est

2164 4346 2458 4399 secundum
2490 4347 2767 4401 historlam
2802 4348 2905 4403 hoc
2946 4348 3087 4418 quod
3130 4349 3417 4413 intuemur,
3456 4352 3748 4407 secundum

469 4438 776 4491 rutilarent.
813 4438 976 4493 Recte
1010 4438 1191 4505 itaque
1220 4449 1565 4506 procuratum
1609 4447 1692 4492 est
1730 4447 1788 4491 nt
1816 4437 2059 4508 eloquio-
2087 4420 2133 4483 C
2166 4439 2522 4507 tropologiam
2557 4440 2665 4493 vita
2706 4440 2970 4505 cmlcstis;
3015 4455 3166 4509 aquae
3203 4442 3502 4496 secundum
3554 4445 3750 4513 allego-

469 4544 592 4583 rum
636 4529 721 4582 illa
764 4531 980 4584 castitas
1009 4544 1038 4582 a
1065 4529 1389 4599 promiscuis
1426 4538 1743 4583 cunctorum
1771 4528 1938 4583 oculis
1967 4528 2062 4583 ab-

470 4619 583 4674 dito
631 4635 727 4675 suo
770 4623 922 4690 quasi
953 4622 1182 4691 quodam
1210 4621 1479 4675 velamine
1512 4621 1781 4686 pudicitiae
1808 4630 2059 4692 contege-

468 4722 656 4772 retur;
698 4726 761 4766 ac
799 4712 979 4767 divina
1008 4713 1210 4783 optime
1240 4713 1643 4782 dispensatione
1673 4715 1945 4781 provisum
1976 4722 2060 4768 est

470 4809 534 4856 ut
561 4803 760 4870 scripta
804 4804 917 4872 ipsa
949 4804 1020 4857 ita
1060 4814 1497 4874 contegerentur,
1530 4804 1841 4860 caelestibus
1867 4804 2061 4859 obum—

470 4892 621 4947 brata
654 4894 947 4964 mysteriis,
976 4896 1114 4950 sicut
1150 4902 1360 4950 secreto
1399 4896 1515 4964 ipsa
1546 4909 1645 4949 sua
1680 4909 1775 4949 suo
1802 4894 2058 4950 divinitas

470 4985 839 5054 operiebatur.
873 4985 1039 5053 Igitur
1081 5001 1203 5040 cum
1247 4986 1301 5040 in
1339 4986 1493 5040 libris
1525 4987 1729 5040 sanctis
1766 4986 1899 5039 oculi
1945 4986 2057 5039 Do-

470 5076 615 5141 mini,
649 5091 705 5129 os
746 5075 978 5140 Domini,
1024 5084 1197 5129 uterus
1235 5073 1469 5143 Domini,
1513 5091 1716 5141 manus,
1758 5075 1911 5147 pedes
1950 5073 2060 5128 Do-

469 5166 621 5233 mini,
652 5182 797 5220 arma
826 5168 977 5221 etiam
1016 5167 1222 5220 Domini
1252 5168 1449 5238 scripta
1478 5170 1840 5238 reperiantur,
1872 5168 2060 5237 longe-

470 5272 578 5328 que
606 5259 745 5313 absit
773 5274 802 5312 a
832 5258 1098 5314 catholica
1127 5259 1489 5315 Ecclesiarum
1514 5259 1617 5315 lide
1640 5261 1805 5315 Deum
1826 5275 2057 5329 corpore

472 5350 843 5417 determinari,
884 5350 975 5420 qui
1013 5349 1079 5404 sit
1124 5350 1433 5419 invisibilis,
1472 5350 2054 5419 incomprehensibilis,

471 5442 927 5497 incommutabilis
957 5453 1012 5497 et
1047 5442 1310 5509 inlinitus,
1348 5442 1729 5512 requirendum
1769 5437 1851 5497 e‘st
1888 5444 2057 5509 quali-

473 5540 558 5587 ter
598 5534 699 5587 ista
736 5548 832 5601 per
870 5534 1127 5605 Spiritum
1168 5542 1417 5588 sanctum
1471 5534 1677 5604 ligurali
1721 5534 2056 5602 expositione

474 5632 808 5679 reserentur.
841 5624 938 5679 llic
959 5625 1102 5680 enim
1135 5625 1483 5680 inveniuntur
1510 5624 1602 5679 illa
1633 5623 1893 5679 Dominici
1921 5627 2052 5681 inte-

476 5715 612 5768 riora
648 5718 817 5785 templi
857 5715 1068 5783 (Eucti.
1101 5718 1217 5787 xu);
1251 5718 1337 5775 hic
1376 5718 1467 5774 illa
1514 5728 1701 5773 sancta
1744 5726 2051 5773 sanctorum

2164 4532 2298 4586 riam
2345 4533 2667 4601 baptismus,
2708 4536 3005 4589 secundum
3056 4552 3329 4607 anagogen
3366 4539 3568 4607 angeli,
3610 4539 3748 4595 unde

2162 4633 2245 4678 est
2273 4623 2399 4677 illud
2435 4642 2450 4680 :
2482 4625 2547 4678 Et
2569 4643 2718 4695 aqua:
2742 4644 2855 4692 ante
2887 4645 3040 4695 super
3075 4630 3227 4682 cmlos
3265 4640 3383 4683 sunt
3414 4630 3629 4685 laudent
3660 4648 3745 4685 no-

2164 4730 2275 4767 men
2303 4714 2512 4768 Domini
2539 4716 2658 4787 (Ps.
2691 4733 2906 4782 CXLVIII,
2938 4719 3016 4787 4).
3042 4719 3229 4775 Omnis
3256 4732 3434 4775 autem
3465 4723 3744 4790 disciplina

2164 4814 2362 4859 nostra:
2393 4807 2671 4876 religionis
2700 4824 2766 4863 ex
2798 4810 2890 4863 illo
2918 4810 3146 4879 duplicis
3181 4813 3424 4867 scientiae
3457 4814 3607 4869 fonte
3638 4830 3745 4868 ina-

2162 4897 2309 4951 navit
2341 4912 2355 4950 :
2387 4899 2538 4966 cujus
2568 4900 2795 4966 primam
2828 4904 3120 4969 practicen,
3146 4904 3437 4957 secundam
3472 4906 3740 4960 theoriceu

2160 4998 2512 5055 vocaverunt,
2558 4989 2609 5044 id
2657 5000 2740 5045 est
2790 4993 3083 5058 actualem,
3142 5002 3197 5048 et
3245 4997 3740 5065 contemplativam.

2160 5076 2376 5143 Unam,
2419 5095 2539 5148 qua:
2583 5082 2847 5136 actttalem
2897 5084 3059 5137 vitam
3110 5100 3315 5139 morum
3367 5090 3742 5144 emendatione

2160 5182 2531 5235 consummet;
2578 5172 2762 5236 aliam,
2804 5190 2925 5243 quas
2971 5175 3022 5228 in
3070 5178 3534 5247 contemplatione
3585 5185 3738 5235 carie—

2158 5261 2320 5315 stium
2348 5271 2400 5315 et
2419 5261 2718 5316 divinarum
2744 5264 3143 5333 Scripturarum
3172 5267 3536 5335 disputatione
3569 5286 3740 5325 verse-

2160 5361 2265 5407 tur.
2298 5353 2437 5421 Ergo
2463 5355 2688 5407 actualis
2717 5357 2941 5410 scieniia
2975 5358 3027 5411 in
3064 5358 3278 5412 diversa
3316 5360 3492 5414 studia
3538 5361 3737 5416 diffun-

2159 5444 2322 5510 ditur,
2354 5446 2771 5514 contemplativa
2799 5448 2853 5501 in
2878 5448 3008 5503 duas
3035 5449 3312 5505 derivatur
3339 5461 3547 5521 partes,
3585 5453 3634 5508 id
3661 5462 3738 5508 est

2156 5535 2213 5589 in
2262 5535 2517 5590 historica
2553 5536 2937 5606 disputatione,
2982 5550 3037 5595 et
3082 5542 3340 5611 spiritalis
3377 5544 3732 5615 intelligentia:

2156 5627 2605 5697 interpretatione
2630 5632 2897 5685 consistit.
2930 5631 3036 5689 Sed
3067 5633 3149 5687 his
3181 5650 3325 5689 nunc
3353 5636 3601 5703 remotis,
3632 5636 3733 5692 lor-

2158 5718 2334 5774 mulas
2366 5720 2734 5792 intelligentia:
2762 5724 3022 5794 spiritalis
3042 5740 3174 5797 quas
3198 5728 3588 5798 spopondimus
3611 5741 3728 5800 pro-
