4018 6338
184 312 286 370 πο

935 303 1145 362 LIBER
1181 299 1667 361 FORMULARUM
1706 296 2085 358 SPllllTALlS
2124 299 2703 360 ΙΝΤΕῐιιῐϐΕΝΤΙΑΞ.

3362 301 3473 364 730

186 442 469 504 ponamus,
503 433 786 484 currentes
812 438 911 495 per
939 423 1277 495 singulorum
1317 420 1595 475 nominum
1640 418 1775 489 ligu-
1799 420 1851 481 Δ
1876 414 2148 475 Excelsior
2178 422 2303 477 caelo
2329 431 2437 490 est,
2476 431 2524 478 et
2554 422 2679 490 quid
2705 420 2900 492 facies?
2924 420 3232 494 profundior
3260 422 3469 495 abysso,

186 537 293 587 ras,
328 522 528 593 quibus
558 520 659 575 ista
682 519 735 573 in
767 517 863 572 illo
892 517 1086 574 divinas
1116 515 1364 574 lectionis
1396 515 1600 570 inserta
1629 522 1775 569 textu

185 616 353 687 accipi
397 616 593 670 solent.
643 613 878 668 Oremus
912 611 1094 680 itaque
1144 608 1431 665 Dominum
1474 616 1532 663 ut
1577 607 1777 663 revelet

186 709 505 767 abscondita
563 708 962 775 Scripturarum
1015 719 1278 770 suarum,
1334 713 1389 758 et
1441 702 1777 770 proferamus

186 803 455 876 quomodo
480 802 771 856 secretiora
805 799 1082 854 intellectu
1112 794 1459 852 sentiendum
1486 794 1575 849 sit.

257 896 299 950 l.
438 893 519 949 De
545 893 733 947 divinis
761 891 1068 947 nominibus.

254 986 320 1043 ll.
435 984 516 1040 De
540 985 619 1040 his
645 1001 761 1056 quas
797 982 1128 1056 appellantur
1156 980 1381 1035 membra
1424 977 1658 1049 Domini,
1700 978 1780 1032 vel

503 1093 620 1148 quae
649 1077 714 1131 de
731 1093 791 1131 eo
816 1075 1202 1147 signiﬁcantur.

256 1173 341 1228 Ili.
438 1170 513 1226 De
536 1172 769 1243 supernis
798 1167 1067 1224 creaturis.

258 1264 345 1318 IV.
437 1262 515 1317 De
543 1262 780 1319 terrenis.

260 1356 322 1409 V.
440 1355 517 1409 De
546 1352 917 1407 animantibus.

258 1450 344 1504 Vl.
436 1449 518 1503 De
554 1448 710 1502 variis
741 1446 1009 1501 nominum
1038 1454 1087 1499 et
1128 1458 1299 1498 rerum
1324 1440 1778 1514 appellationibus.

258 1540 368 1597 VII.
432 1541 512 1595 De
537 1540 771 1594 interiori
799 1539 1024 1594 homine.

262 1632 396 1688 Vill.
437 1631 517 1687 De
541 1632 623 1685 his
642 1647 759 1702 qua:
784 1632 839 1685 in
858 1646 958 1684 usu
986 1640 1138 1701 atque
1162 1629 1218 1682 in
1240 1628 1408 1683 medio
1435 1627 1704 1682 habentur.

254 1725 349 1781 IX.
433 1723 514 1779 De
542 1723 701 1779 variis
737 1722 1006 1778 verborum
1031 1720 1109 1776 vel
1141 1720 1400 1775 nominum
1436 1719 1775 1790 significatio-

512 1814 683 1869 nibus.

255 1910 324 1965 Χ.
441 1908 519 1962 De
555 1904 872 1971 Jerusalem,
906 1904 986 1959 vel
1014 1904 1238 1959 adversis
1264 1907 1395 1976 ejus.

258 2000 354 2056 XI.
437 2000 515 2055 De
543 2000 793 2066 numeris,
822 2012 1042 2062 quorum
1065 1996 1470 2069 signiﬁcationes
1498 1996 1553 2050 in
1582 1994 1779 2065 allego.

508 2094 638 2146 riam
678 2090 977 2147 trahuntur.

258 2187 405 2258 Ergo
444 2188 586 2256 ipsas
634 2185 745 2255 jam
793 2199 937 2239 nunc
980 2184 1256 2239 nominum
1296 2193 1457 2253 atque
1491 2182 1777 2238 verborum

185 2280 603 2351 signiﬁcantias,
635 2275 927 2331 secundum
961 2290 1092 2346 quas
1121 2274 1206 2331 vel
1235 2275 1469 2330 maxime
1497 2274 1549 2328 in
1576 2274 1781 2342 allego-

187 2372 321 2428 riam
356 2370 661 2434 trahuntur,
694 2376 857 2439 prout
881 2366 1080 2421 donum
1105 2365 1199 2423 Dei
1228 2367 1581 2437 suggesserit,
1610 2366 1782 2435 expli-

188 2478 395 2520 cemus.

830 2549 1058 2607 CAPUT
1096 2549 1139 2605 1.

660 2686 734 2738 De
775 2685 960 2738 divinis
1004 2686 1315 2741 nominibus.

255 2829 614 2899 Omnipotens
655 2829 794 2884 Deus
828 2828 987 2883 Pater
1015 2837 1069 2882 et
1099 2825 1271 2881 Filius
1299 2832 1352 2880 et
1380 2823 1615 2893 Spiritus
1654 2837 1779 2878 san-

187 2931 306 2976 ans
329 2936 470 2975 unus
498 2929 657 2991 atque
686 2922 879 2975 trinus.
910 2920 1061 2975 Unus
1085 2919 1339 2973 videlicet
1369 2924 1554 2972 exstat
1592 2918 1644 2969 in
1684 2930 1781 2969 na-

189 3027 331 3081 tura,
364 3016 542 3071 triuus
574 3014 626 3069 in
653 3014 920 3084 personis.
954 3012 1114 3067 Solus
1141 3010 1449 3078 invisibilis,
1485 3010 1783 3063 immensus

186 3116 350 3177 atque
400 3104 982 3175 incomprehensibilis.
1039 3104 1199 3159 Solus
1254 3100 1778 3171 incircumscriptus,

1880 518 1925 565 et
1960 512 2094 565 unde
2121 515 2422 582 cognoscis?
2467 515 2667 586 longior
2712 523 2785 569 est
2828 524 2968 569 terra
3008 533 3245 571 mensura
3264 517 3396 587 eius,
3423 526 3474 575 et

1879 600 2038 657 latior
2068 604 2199 657 mari
2234 602 2357 672 (Job
2406 621 2479 668 xt,
2506 606 2562 677 8)
2592 626 2603 659 :
2634 607 2725 678 qui
2760 608 2905 663 enim
2939 609 3144 664 caelum
3183 619 3237 664 et
3265 619 3469 666 terram

1881 693 2104 762 implet,
2138 696 2502 765 proculdubio
2534 684 2716 753 nullus
2745 709 2827 755 est
2856 702 3010 756 locus
3037 703 3104 755 ab
3132 702 3248 772 ejus
3280 718 3471 760 essen-

1885 786 1956 841 tia
1983 786 2207 842 absens.
2249 788 2426 860 Super
2462 791 2642 846 omnia
2683 794 2885 864 quippe
2920 805 3002 850 est
3032 796 3273 867 regendo
3307 809 3471 869 atque

1882 877 2231 948 imperando;
2265 880 2463 935 subtus
2485 884 2665 937 omnia
2691 893 2775 940 est
2801 888 3126 943 sustinendo
3150 904 3311 960 atque
3344 906 3472 959 por-

1882 974 2068 1042 tando,
2100 989 2207 1030 non
2239 976 2485 1046 pondere
2510 978 2739 1045 laboris,
2772 981 2867 1035 sed
2894 983 3209 1054 infatigabili
3234 987 3466 1041 virtute:

1880 1067 2135 1138 quoniam
2180 1068 2330 1125 nulla
2373 1079 2622 1126 creatura
2668 1073 2736 1127 ab
2778 1088 2846 1127 eo
2878 1075 3097 1129 condita
3131 1092 3227 1146 per
3254 1092 3312 1132 se
3342 1076 3471 1133 sub-

1880 1162 2080 1218 sistere
2110 1164 2295 1231 valet,
2328 1165 2435 1221 nisi
2465 1166 2533 1222 ab
2561 1182 2627 1223 co
2657 1177 3015 1238 sustentetur,
3044 1174 3132 1241 qui
3165 1188 3285 1227 eam
3319 1190 3470 1230 crea-

1883 1252 1978 1309 vit.
2015 1254 2180 1310 Extra
2211 1257 2421 1327 omnia,
2453 1258 2551 1313 sed
2578 1274 2687 1314 non
2718 1261 2996 1316 exclusus.

1952 1345 2312 1404 Immutabilis
2332 1360 2434 1414 est,
2460 1351 2583 1422 quia
2610 1352 2680 1406 ab
2703 1366 2771 1407 eo
2797 1352 2941 1421 quod
2966 1362 3047 1408 est
3068 1357 3263 1412 mutari
3295 1359 3469 1414 omni-

1882 1456 1953 1495 no
1984 1457 2091 1496 non
2123 1452 2319 1512 patest,
2352 1444 2474 1512 ipso
2504 1444 2722 1501 dicente
2754 1460 2851 1515 per
2881 1446 3204 1503 Malachiam
3238 1450 3472 1519 pr0ph'e«

1883 1539 1990 1585 tam
2015 1573 2030 1599 ,
2084 1532 2197 1604 Ego
2239 1532 2492 1590 Dominus
2539 1546 2587 1590 et
2634 1554 2737 1591 non
2777 1546 2947 1591 mutor
2999 1537 3253 1611 (Malach.
3289 1544 3468 1613 ttt,6).

1883 1622 2009 1679 Ideo
2058 1624 2201 1679 Deus
2246 1625 2613 1683 immutabilis
2658 1629 2877 1699 dicitur,
2927 1630 3049 1702 quia
3100 1635 3297 1691 anima:
3331 1635 3469 1706 ejus,

1881 1715 1958 1769 ira
1986 1758 2002 1785 ,
2034 1716 2207 1781 furor,
2242 1719 2561 1788 pamitentia
2583 1763 2597 1787 ,
2631 1722 2866 1790 oblivio,
2907 1725 3250 1791 recordatio,
3285 1740 3342 1784 et
3370 1730 3471 1784 alia

1810 1808 1857 1866 B
1884 1808 1968 1864 his
1999 1811 2197 1865 similia
2228 1829 2336 1867 non
2370 1814 2646 1870 accidunt.
2698 1816 2941 1884 Simplex
2971 1820 3115 1874 enim
3146 1832 3333 1876 natura
3365 1831 3471 1887 est,

1882 1912 1937 1957 et
1988 1902 2352 1961 immutabilis
2397 1916 2452 1961 et
2500 1909 2910 1977 imperturbata.
2970 1911 3157 1982 Neque
3195 1913 3341 1969 aliud
3391 1923 3472 1971 est

1881 1995 1999 2064 ipse
2027 2004 2084 2049 et
2110 1997 2257 2051 aliud
2289 1998 2432 2067 quod
2466 1999 2659 2069 habet,
2696 2001 2791 2056 sed
2824 2000 2997 2071 ipsum
3029 2005 3278 2076 estquod
3312 2008 3475 2064 habet

1881 2095 1937 2140 et
1965 2087 2111 2157 quod
2143 2097 2247 2143 est.

1954 2179 2315 2247 Immortalis,
2351 2183 2476 2253 quia
2526 2185 2663 2240 mori
2703 2201 2854 2241 nnno
2894 2188 3052 2243 modo
3079 2199 3276 2261 potest,
3312 2192 3478 2262 Apo-

1883 2272 2026 2326 stolo
2059 2281 2291 2328 testante
2320 2289 2384 2329 ac
2420 2274 2637 2332 dicente
2666 2295 2679 2330 :
2726 2279 2827 2343 Qui
2856 2282 2998 2334 solus
3028 2280 3179 2336 habet
3207 2284 3475 2340 immorta-

1886 2362 2079 2416 litatem
2102 2406 2117 2431 ,
2165 2363 2329 2417 lucem
2381 2366 2617 2421 habitans
2660 2368 3094 2434 inaccessibilem,
3126 2389 3271 2440 quem
3301 2375 3476 2431 nullus

1886 2454 2150 2509 hominum
2201 2457 2366 2523 vidit,
2418 2474 2508 2511 nec
2555 2461 2719 2514 videri
2772 2473 2936 2529 potest
2986 2464 3037 2534 (Ι
3070 2464 3201 2519 Tim.
3237 2482 3320 2530 vr,
3354 2466 3475 2539 16).

1886 2546 2225 2618 Ubicumque
2255 2558 2436 2606 autem
2467 2567 2621 2607 saera
2652 2552 2929 2623 Scriptura
2962 2557 3191 2626 sparsim
3220 2573 3317 2627 per
3340 2559 3479 2614 divi~

1888 2656 1990 2696 nos
2024 2640 2198 2697 libros
2230 2642 2283 2696 in
2318 2642 2433 2697 Deo
2464 2654 2644 2700 motus
2682 2648 2882 2701 animae
2918 2663 3015 2703 seu
3042 2648 3277 2704 humana
3308 2668 3479 2708 mem-

1886 2733 1982 2789 bra
2008 2735 2287 2803 describit,
2321 2737 2375 2795 id
2405 2749 2520 2804 est,
2546 2751 2727 2809 caput,
2760 2741 3008 2810 capillos,
3039 2744 3230 2797 oculos
3251 2784 3265 2805 ,
3301 2744 3477 2814 palpe~

1886 2828 2037 2895 bras,
2081 2844 2244 2885 aures
2294 2839 2349 2886 et
2384 2838 2579 2885 cmtera
2623 2834 2865 2887 membra
2896 2833 3014 2888 sive
3049 2844 3227 2889 motus
3254 2836 3472 2903 animze,

1887 2921 1941 2977 id
1984 2931 2097 2984 est,
2152 2923 2321 2992 iram,
2371 2921 2641 2989 furorem,
2671 2923 3041 2992 oblivionem,
3074 2926 3475 2996 paenitentiam,

1887 3016 2350 3083 recordationem,
2399 3028 2452 3074 et
2500 3019 2603 3073 alia
2647 3018 2733 3074 his
2780 3019 3015 3083 similia,
3048 3036 3154 3074 non
3183 3022 3479 3076 carnaliter

1883 3107 2037 3177 juxta
2070 3108 2354 3164 hiStoriam
2382 3126 2411 3164 a
2444 3119 2592 3165 recte
2623 3110 3058 3181 intelligentibus
3084 3112 3300 3167 scienda
3331 3122 3475 3179 sunt,

188 3201 566 3267 immutabilis,
593 3201 1012 3268 incorporeuset
1040 3195 1396 3261 immortalis;
1427 3194 1623 3265 ubique
1644 3208 1780 3264 prm-
1809 3194 1854 3258 C
1886 3198 2026 3253 sicut
2058 3215 2088 3253 a
2118 3199 2323 3254 Iudaeis
2363 3211 2418 3255 et
2454 3200 2727 3271 plerisque
2758 3201 3029 3257 haereticis
3059 3204 3354 3258 carnaliter
3384 3218 3472 3257 sa-

186 3310 312 3352 sens
341 3303 398 3349 et
419 3293 623 3358 latens;
658 3292 854 3363 ubique
884 3298 1027 3345 totus
1054 3300 1105 3344 et
1132 3292 1454 3343 immensus.
1727 3308 1753 3327 ο

256 3386 554 3444 Invisibilis
580 3393 690 3452 est,
722 3387 845 3456 quia
872 3384 929 3439 in
959 3384 1194 3438 essentia
1231 3397 1326 3436 sua
1357 3381 1581 3436 omnino
1606 3380 1777 3435 videri

188 3496 294 3537 non
320 3488 528 3551 potest,
560 3479 825 3550 Apostolo
853 3486 1111 3540 testante,
1135 3478 1226 3547 qui
1259 3478 1372 3530 ait:
1410 3476 1574 3543 Quem
1605 3475 1780 3529 nullus

187 3577 455 3631 hominum
485 3575 639 3643 vidit,
672 3574 761 3628 sed
790 3589 882 3626 nec
920 3572 1082 3627 videri
1118 3580 1278 3642 potest
1315 3569 1359 3642 (l
1387 3570 1523 3624 Tim.
1556 3585 1631 3638 vt,
1664 3570 1776 3636 16).

189 3667 252 3723 Ει
282 3671 341 3723 in
376 3666 719 3737 Evangelia:
768 3665 933 3719 Deum
973 3680 1121 3718 nemo
1159 3664 1282 3717 vidit
1323 3678 1566 3733 umquam
1598 3660 1775 3733 (Joan.

187 3774 220 3825 ι,
260 3757 375 3827 l8).
1284 3766 1287 3767 '

253 3851 621 3920 lucorporeus
670 3858 794 3916 est,
827 3849 955 3919 quia
994 3848 1157 3903 nullis
1199 3848 1563 3904 membrorum
1595 3848 1780 3903 linea-

186 3944 391 4005 mentis
428 3942 765 4010 compositus
807 3941 921 3996 sive
959 3949 1277 4010 compactus
1315 3938 1521 3994 existit.
1570 3938 1660 3994 Sic
1685 3953 1780 3994 ve-

186 4034 317 4088 ritas
339 4034 397 4087 in
430 4033 726 4101 Evangelio
754 4033 887 4087 dicit
911 4050 923 4084 :
958 4032 1185 4101 Spiritus
1208 4040 1279 4085 est
1306 4029 1475 4095 Deus,
1505 4039 1553 4083 et
1584 4047 1669 4085 eos
1693 4029 1783 4098 qui

185 4129 411 4182 adorant
454 4144 611 4193 eum,
644 4127 699 4180 in
746 4126 935 4196 spiritu
980 4136 1027 4178 et
1065 4124 1271 4178 veritate
1317 4133 1512 4193 oportet
1558 4122 1783 4177 adorare

187 4222 374 4291 (Joan.
406 4237 482 4285 tv,
504 4219 618 4288 24).

254 4313 568 4368 lmmensus
598 4317 703 4378 est,
736 4312 862 4381 quia
889 4309 1165 4380 quantitas
1194 4309 1334 4377 ejus,
1372 4306 1454 4361 vel
1484 4307 1719 4375 qualitas
1751 4322 1782 4361 a

184 4406 339 4461 nullo
394 4420 459 4457 ex
508 4403 779 4458 creaturis
822 4402 1001 4457 metiri
1043 4408 1242 4471 potest.
1308 4400 1406 4454 Cui
1441 4399 1694 4454 Salomon
1728 4400 1780 4453 in

181 4497 296 4551 suis
342 4494 689 4549 orationibus
734 4492 1051 4562 supplicans
1095 4492 1207 4545 ait:
1256 4489 1316 4546 Si
1352 4489 1534 4544 caelum
1576 4500 1623 4543 et
1670 4490 1784 4544 cali

1887 3290 2182 3360 pientibus,
2211 3293 2301 3362 qui
2333 3292 2503 3347 Deum
2534 3308 2859 3362 corporeum
2901 3304 3064 3363 atque
3097 3295 3323 3349 loculum
3361 3298 3479 3365 opi-

1888 3395 2109 3451 nantur,
2158 3386 2253 3439 sed
2292 3386 2598 3455 spiritualia
2642 3387 2821 3441 omnia
2853 3387 2922 3441 de
2951 3404 3017 3442 eo
3048 3388 3397 3458 intelligenda
3426 3399 3479 3443 et

1886 3475 2198 3531 conﬁtenda
2231 3485 2376 3531 sunt.
2428 3478 2484 3533 Si
2515 3478 2634 3546 quis
2680 3478 2790 3533 Deo
2836 3478 3080 3534 humana
3121 3482 3361 3536 membra
3385 3496 3481 3537 seu

1886 3579 2067 3622 motus
2094 3568 2294 3623 animae
2316 3585 2469 3624 more
2497 3569 2734 3625 humano
2762 3570 2941 3627 inesse
2958 3571 3155 3639 credit,
3190 3574 3481 3643 proculdu-

1888 3657 1976 3714 bio
2007 3659 2147 3714 idola
2176 3660 2409 3715 fabricat
2435 3661 2485 3714 in
2511 3661 2677 3716 corde
2708 3676 2827 3716 suo.

1961 3754 2149 3823 Igitur,
2186 3760 2246 3809 ut
2271 3753 2473 3809 dictum
2502 3765 2605 3817 est,
2634 3755 2940 3825 ﬁguraliter
2966 3755 3017 3810 in
3038 3756 3151 3811 Deo
3178 3766 3332 3823 caput
3359 3773 3481 3813 esse

1888 3848 2138 3918 legimus,
2172 3847 2345 3917 ipsam
2373 3848 2666 3903 essentiam
2696 3848 2997 3904 divinitatis
3019 3851 3156 3916 ejus,
3190 3866 3309 3918 qua:
3343 3866 3482 3919 prm-

1887 3942 2064 4008 cedit,
2105 3950 2160 3996 et
2197 3941 2285 3995 cui
2318 3942 2502 3996 omnia
2540 3949 2669 3996 sunt
2698 3941 2938 4011 subjecut
2973 3941 3280 4012 intelligere
3310 3941 3480 3998 debe-

1887 4051 2008 4091 mus
2040 4035 2084 4105 (1
2113 4034 2237 4090 Cor.
2262 4051 2347 4099 οχι,
2377 4035 2457 4103 3).

1957 4127 2201 4197 Capillos
2232 4142 2363 4182 vero
2402 4126 2597 4196 capitis
2646 4127 2764 4195 ejus
2810 4133 3030 4180 sanctos
3077 4125 3302 4196 angelos
3328 4170 3343 4191 ,
3385 4141 3481 4181 seu

1887 4223 2164 4276 virtuosos
2206 4221 2411 4275 electos
2455 4220 2633 4292 typice
2682 4219 2856 4289 accipi
2898 4227 3150 4287 oportet;
3190 4220 3256 4273 de
3280 4233 3387 4288 quo
3422 4219 3476 4273 in

1886 4321 2230 4368 sacramento
2264 4312 2386 4366 libri
2444 4311 2679 4366 Daniclis
2711 4311 2968 4379 scriptum
3003 4320 3124 4366 est:
3150 4311 3475 4375 Aspiciebam

1888 4406 2050 4459 donec
2090 4406 2258 4459 throni
2293 4404 2447 4473 positi
2486 4411 2640 4468 sunt,
2690 4414 2735 4455 et
2777 4403 3032 4471 Antiquus
3075 4402 3277 4455 dierum
3323 4402 3473 4456 sedit.

1902 4499 2264 4555 Vestimentum
2309 4502 2419 4571 ejus
2457 4501 2606 4567 quasi
2646 4497 2736 4551 nia:
2765 4496 3080 4559 candidum,
3107 4505 3154 4548 et
3180 4496 3354 4564 capilli
3397 4511 3482 4548 ca-

182 4591 437 4644 melorum
486 4606 589 4641 non
632 4597 682 4641 te
725 4587 974 4654 capiunt,
1016 4594 1205 4654 quanto
1248 4585 1413 4655 magis
1457 4584 1639 4638 domus
1664 4583 1780 4649 ista,

1893 4594 2013 4666 pitis
2042 4593 2153 4661 ejus
2179 4592 2329 4661 quasi
2360 4590 2482 4643 lana
2511 4589 2705 4643 munda
2737 4586 2914 4659 (Dan.
2949 4604 3044 4651 vn,
3074 4586 3166 4660 9):
3203 4587 3306 4641 hoc
3337 4586 3479 4640 enim

84 4706 93 4719 ο
181 4699 339 4751 quant
374 4680 627 4749 sediﬁcavi
652 4679 744 4748 (Ill
776 4680 903 4750 Reg.
935 4693 1060 4742 vm,
1093 4677 1210 4746 27).

254 4770 777 4839 lncircumscriptus
810 4778 892 4823 est
916 4811 929 4835 ,
976 4769 1098 4837 quia
1130 4766 1517 4823 circumscribi
1542 4782 1650 4823 non
1681 4781 1785 4838 po-

180 4875 317 4922 test.

250 4956 521 5011 Inlocalis
548 4961 665 5020 est,
698 4952 822 5022 quia
849 4951 917 5007 de
956 4952 1080 5009 loco
1113 4951 1180 5006 ad
1219 4951 1403 5007 locum
1439 4966 1782 5022 nequaquam

179 5050 432 5113 transit,
464 5048 560 5103 sed
610 5062 785 5117 neque
822 5045 875 5100 in
909 5045 1031 5100 loco
1059 5045 1309 5115 quolibet
1343 5045 1633 5111 retinetur,
1664 5044 1785 5113 ipso

178 5142 248 5199 de
296 5157 364 5198 se
420 5157 520 5210 per
569 5140 762 5194 lsaiam
811 5139 1191 5192 testimonium
1244 5137 1569 5205 perhibente
1606 5153 1669 5192 ac
1705 5137 1787 5192 di-

180 5249 349 5293 cente
385 5254 399 5289 :
433 5234 628 5289 Caelum
664 5233 793 5287 mihi
831 5234 973 5287 sedes
1000 5241 1109 5297 est,
1147 5243 1287 5285 terra
1315 5242 1483 5284 autent
1510 5230 1787 5285 scabellum

178 5330 384 5401 pedum
434 5343 663 5381 meorum
716 5324 869 5395 (lsai.
901 5340 1044 5391 1.1m,
1080 5322 1152 5394 l).
1206 5322 1273 5377 Et
1312 5338 1411 5392 per
1447 5321 1785 5379 Jeremiam:

182 5422 384 5477 Nonne
418 5420 604 5475 coelum
643 5428 691 5472 et
724 5428 913 5472 terram
952 5435 1043 5489 ego
1075 5414 1261 5487 impleo
1289 5415 1424 5488 (Jer.
1458 5432 1615 5484 xxnt,
1645 5416 1786 5484 ειη

176 5512 364 5584 Cujus
400 5511 832 5567 imnicnsitatem
874 5507 1141 5579 propheta
1180 5506 1237 5561 in
1278 5507 1488 5577 psalmo
1518 5507 1786 5561 conﬁtens

178 5607 249 5661 ad
297 5606 487 5675 ipsum
537 5603 829 5657 Dominum
878 5600 1081 5656 ait:Si
1128 5599 1405 5654 ascendere
1442 5600 1495 5653 in
1528 5600 1709 5654 ctzlum
1734 5608 1788 5653 tu

174 5702 298 5757 illic
328 5718 413 5767 es,
443 5701 489 5754 si
515 5698 822 5753 descendero
844 5696 912 5750 ad
943 5699 1204 5767 infernum
1228 5694 1350 5750 ades
1378 5694 1497 5769 (Ps.
1523 5710 1787 5763 cxxxvnl,

175 5796 261 5871 8).
306 5792 401 5850 De
427 5792 547 5865 ejus
576 5792 947 5848 immensitate
973 5790 1026 5847 in
1054 5788 1202 5859 libro
1229 5790 1334 5846 Job
1362 5788 1632 5859 scriptum
1662 5796 1748 5844 est
1772 5806 1784 5845 :

1892 4685 2167 4757 signiﬁcat
2201 4699 2296 4753 per
2334 4683 2655 4736 vestimenta
2704 4679 2933 4734 candida
2972 4680 3099 4743 Dei,
3137 4679 3276 4749 quod
3303 4688 3357 4733 et
3388 4694 3485 4747 per

1890 4778 2122 4848 capillos
2170 4776 2365 4845 capitis
2408 4775 2558 4844 ejus,
2600 4782 2817 4829 sanctos
2860 4772 3113 4828 videlicet
3156 4773 3378 4841 angelos
3428 4780 3485 4827 et

1891 4868 2295 4923 multitudinem
2359 4875 2669 4921 sanctorum
2718 4864 3121 4921 dealbatorum.
3194 4863 3292 4919 Vel
3336 4873 3484 4919 certe

1891 4961 2015 5017 ideo
2044 4959 2225 5031 capilli
2256 4960 2395 5013 lanae
2440 4958 2655 5012 mundae
2704 4967 3091 5027 comparantur
3122 4997 3137 5023 ,
3168 4966 3226 5011 ut
3253 4971 3351 5026 per
3383 4956 3485 5010 hoc

1895 5052 2160 5118 Autiquus
2187 5051 2400 5106 dierum
2427 5050 2681 5104 credatur
2712 5065 2856 5105 esse.

1962 5143 2159 5198 Oculos
2203 5143 2400 5197 dicitur
2427 5142 2571 5196 Deus
2608 5142 2842 5208 habere,
2871 5156 2971 5212 pro
3007 5156 3074 5196 eo
3114 5139 3256 5209 quod
3301 5138 3482 5193 omnia

1887 5238 2070 5299 videt,
2120 5245 2173 5291 et
2204 5237 2335 5291 nihil
2363 5253 2486 5294 eum
2520 5238 2652 5293 latet
2677 5279 2692 5304 ,
2737 5238 2791 5292 in
2818 5238 2967 5309 cujus
2989 5243 3285 5304 conspectu,
3324 5242 3379 5287 ut
3407 5232 3487 5286 ait

1892 5329 2205 5399 Apostolus,
2238 5328 2385 5382 nulla
2418 5339 2651 5385 creatura
2700 5330 2966 5383 invisibilis
2998 5337 3112 5381 est:
3144 5326 3317 5380 omnia
3344 5325 3481 5380 enim

1890 5425 2031 5475 nuda
2056 5429 2102 5475 et
2133 5430 2312 5492 aperta
2343 5431 2458 5475 sunt
2489 5424 2649 5477 oculis
2687 5424 2797 5494 ejus
2836 5420 2994 5493 (Heb.
3029 5436 3104 5487 tv,
3142 5417 3252 5488 15).
3311 5417 3485 5472 Aliter

1891 5528 2025 5568 vero
2078 5519 2360 5583 respectus
2413 5514 2597 5583 gratitn
2648 5515 2768 5583 ejus
2830 5512 3249 5582 intelliguntur:
3293 5518 3355 5564 ut
3402 5516 3486 5564 est

1890 5604 2024 5660 illud
2076 5606 2127 5660 in
2178 5606 2386 5676 psalmo
2415 5651 2428 5674 ,
2484 5606 2633 5660 Oculi
2681 5604 2892 5659 Domini
2940 5621 3094 5674 super
3126 5607 3299 5676 justos
3350 5599 3485 5673 (Ps.

1889 5714 2083 5760 xxxm,
2118 5696 2228 5767 16).
2261 5698 2393 5753 item
2422 5698 2601 5763 aliter,
2640 5695 2791 5751 Oculi
2825 5697 3033 5751 Domini
3057 5703 3313 5766 praecepta
3349 5697 3482 5767 ejus,

1892 5803 1992 5861 per
2012 5806 2136 5861 quae
2173 5791 2330 5846 nobis
2356 5791 2539 5846 lumen
2570 5789 2817 5847 scientia:
2846 5788 3311 5856 subministratur,
3340 5783 3486 5842 soci-
