4018 6338
547 309 653 374 ⁷51

1538 306 1600 367 5.
1639 301 1966 364 EUCIIERII
2005 299 2309 358 EPISCOPI
2348 301 2830 366 LUGDUNENSIS

3715 317 3832 382 τω

552 430 812 500 piuntur:
842 428 901 481 ut
941 429 1028 482 est
1058 421 1192 479 illud
1225 420 1280 477 in
1307 419 1540 493 psalmo,
1572 420 1898 493 Praceptum
1925 416 2134 474 Domini
2159 417 2215 479 Δ
2309 413 2537 474 Dextera
2565 422 2657 476 Dei
2690 422 2871 477 Patris
2898 421 3213 494 unigenitus
3236 421 3406 482 Filius
3433 430 3728 501 accipitur:
3756 433 3829 493 ds

552 521 780 578 lucidum
809 516 1113 573 illuminans
1138 514 1314 569 oculos
1338 513 1454 584 (Ps.
1487 529 1614 569 xviii
1633 554 1650 580 ,
1680 513 1758 582 9).

624 611 903 682 Palpebra:
951 609 1158 664 Domini
1208 608 1419 663 occulta
1465 617 1522 663 et
1566 603 2135 676 incomprehensibilia

549 704 750 778 judicia
779 705 919 771 ejus,
943 701 1062 756 sive
1088 700 1383 770 spiritualis
1417 700 1469 754 in
1496 700 1697 756 divinis
1728 699 1879 754 libris
1905 699 2021 767 ejus
2050 695 2133 750 lo-

555 800 700 855 cutio
739 799 1000 854 innuitur.
1051 795 1129 851 De
1157 795 1352 865 quibus
1377 795 1608 850 occultis
1633 804 1688 850 et
1717 791 2132 863 incomprehen-

554 889 802 946 sibilibns
827 889 1187 946 sacramentis
1215 897 1376 958 alque
1403 887 1620 956 iudiciis
1651 888 1703 942 in
1735 886 1972 954 psalmo:
2008 883 2135 938 Pal-

552 985 722 1053 pebra:
742 985 853 1053 ejus
882 983 1207 1054 interrogant
1230 980 1368 1051 ﬁlios
1397 981 1667 1036 hominum
1693 977 1818 1050 (Ps.
1853 994 1913 1045 ι,
1945 974 2004 1049 .5)
2030 1017 2045 1043 ,
2078 975 2133 1033 id

550 1087 653 1142 est,
687 1076 931 1141 probant.
1675 1128 1680 1132 .

620 1168 796 1222 Aures
828 1166 1027 1221 habere
1058 1164 1256 1220 dicitur
1276 1165 1440 1233 Deus,
1471 1172 1756 1234 propterea
1779 1161 1921 1232 quod
1953 1161 2132 1218 omnia

551 1259 726 1325 audit,
761 1268 815 1313 et
842 1259 978 1312 nihil
1011 1273 1133 1313 eum
1163 1258 1214 1312 in
1243 1258 1461 1312 silentio
1489 1257 1625 1310 latet
1651 1274 1663 1309 :
1697 1255 1765 1310 de
1791 1270 1896 1324 quo
1921 1255 1974 1308 in
1998 1254 2134 1308 libro

549 1351 838 1421 Sapientia:
893 1350 1174 1420 scriptum,
1218 1349 1370 1406 Auris
1413 1348 1528 1402 ccli
1563 1349 1708 1402 audit
1745 1349 1938 1412 omnia,
1967 1354 2016 1400 et
2047 1354 2133 1398 tu-

546 1443 741 1498 multus
771 1443 1229 1496 murmurationum
1265 1457 1368 1494 non
1406 1439 1742 1494 abscondetur
1768 1439 1923 1509 (Sap.
1947 1454 1986 1503 ι,
2020 1436 2130 1507 10).

619 1539 788 1592 Nares
820 1536 914 1590 Dei
945 1545 1029 1590 est
1069 1536 1350 1605 inspiratio
1395 1535 1517 1602 ejus
1561 1533 1615 1587 in
1655 1533 1820 1588 corda
1863 1532 2131 1598 ﬁdelium:

551 1640 606 1686 ut
631 1631 762 1685 illud
788 1631 840 1684 in
872 1630 1004 1685 libro
1034 1629 1288 1700 Regum:
1335 1628 1574 1682 Ascendit
1612 1627 1788 1695 fumus
1829 1627 1892 1680 de
1929 1625 2137 1680 naribus

2235 527 2342 582 quo
2367 514 2420 568 in
2445 517 2651 584 psalmo
2685 531 2753 572 ει
2798 531 3032 586 persona
3073 519 3306 575 hominis
3351 527 3611 594 assumpti
3640 545 3654 581 ;
3686 528 3830 584 De:-

2235 616 2345 664 tera
2366 653 2382 678 ,
2432 611 2644 681 inquit,
2690 611 2906 666 Domini
2935 614 3052 684 fecit
3079 616 3318 669 virtutem
3353 617 3474 686 (Ps.
3504 633 3668 684 cmi,
3706 621 3823 694 16).

2235 703 2409 760 Aliter
2436 719 2569 760 vero
2604 704 2815 762 Domini
2850 705 3072 761 dextera
3098 707 3324 777 gloriam
3363 710 3540 779 signat
3567 712 3743 768 Patris
3771 723 3831 770 et

2235 808 2493 855 aeternam
2526 798 2956 867 beatitudinem;
3004 800 3076 855 de
3123 817 3230 871 quo
3267 803 3322 856 in
3359 803 3570 872 psalmo
3594 822 3663 860 ει
3692 823 3828 872 per-

2235 904 2365 944 sona
2404 888 2580 944 Patris
2622 891 2688 945 ad
2732 891 2926 946 Filium
2951 932 2968 948 .
3001 892 3136 948 Sede
3157 910 3191 947 a
3214 894 3408 949 (astris
3435 897 3561 950 meis
3590 896 3824 964 (Psalm.

2227 997 2341 1046 eis,
2369 981 2448 1054 1).
2490 982 2697 1038 Dicitur
2733 994 2915 1039 autem
2963 997 3018 1040 et
3056 984 3281 1042 dextere
3313 987 3409 1042 Dei
3437 989 3614 1041 omnis
3641 990 3825 1043 electa

2232 1088 2478 1130 creatura
2509 1077 2562 1130 in
2587 1077 2726 1130 ctelo
2748 1076 2882 1132 etin
2915 1086 3090 1142 terra;
3113 1078 3256 1132 sicut
3281 1093 3375 1147 per
3398 1079 3676 1132 sinistram
3702 1083 3826 1148 ejus

2233 1167 2554 1237 intelligitur
2601 1169 2830 1236 reproba
2877 1179 3124 1226 creatura
3151 1211 3168 1237 ,
3209 1170 3263 1226 id
3301 1181 3417 1238 est,
3455 1171 3738 1227 daemones
3770 1178 3828 1227 et

2231 1258 2385 1329 impii
2426 1274 2638 1327 omnes,
2680 1260 2771 1325 qui
2816 1261 2881 1314 ad
2910 1261 3098 1315 laevam
3138 1263 3298 1332 positi
3328 1272 3532 1318 aeterna
3557 1265 3827 1333 supplicia

2234 1351 2577 1405 sustinebunt
2609 1351 2828 1420 (Matth.
2861 1369 2991 1419 xxv,
3023 1351 3138 1424 53).

2305 1443 2496 1499 Manus
2526 1445 2618 1500 Dei
2662 1445 2840 1500 Patris
2880 1446 3048 1500 Filius
3098 1447 3220 1515 ejus
3260 1445 3567 1516 accipitur,
3616 1462 3718 1516 pro
3758 1462 3829 1502 eo

2234 1535 2376 1606 quod
2408 1551 2501 1605 per
2529 1537 2701 1603 ipsum
2735 1538 2869 1591 facta
2901 1548 3025 1592 sunt
3046 1539 3225 1594 omnia
3256 1555 3271 1591 :
3306 1538 3445 1594 sicut
3475 1548 3561 1593 est
3597 1539 3736 1594 illud
3773 1541 3828 1593 in

2236 1626 2394 1681 Isaia.
2428 1627 2620 1682 Omnia
2645 1627 2756 1682 hac
2784 1642 2968 1684 manus
2996 1630 3282 1700 mea-fecit,
3321 1639 3370 1684 et
3395 1631 3535 1698 facta
3562 1639 3683 1684 sunt
3711 1646 3830 1683 om-

554 1726 666 1796 ejus
700 1722 768 1792 (ll
801 1721 929 1794 Reg.
959 1737 1093 1788 nn,
1123 1721 1204 1790 9),
1229 1720 1282 1774 id
1313 1727 1418 1790 est,
1451 1720 1755 1790 lacrymosa
1792 1717 2136 1786 compunctio
2160 1795 2189 1796 ﬁ
2237 1718 2324 1771 nia
2352 1715 2507 1790 (Isai.
2543 1735 2688 1787 uvt,
2721 1721 2800 1791 ἓ).
2849 1721 3020 1776 Aliter
3057 1735 3189 1778 vero
3239 1735 3430 1777 manus
3463 1723 3559 1777 Dei
3580 1723 3705 1791 ejus
3731 1737 3834 1792 po-

556 1816 935 1884 pmnitentium
967 1813 1248 1881 inspiratio
1277 1812 1417 1882 ejus.

622 1908 809 1962 Facies
837 1908 931 1962 Dei
962 1906 1200 1977 cognitio
1221 1918 1303 1962 est
1332 1905 1628 1960 divinitatis
1655 1905 1772 1976 ejus
1803 1904 1870 1960 ad
1901 1918 2131 1959 omnes:

552 2001 618 2057 de
647 2019 749 2073 qua
781 2003 1088 2072 cognitione
1120 2001 1172 2054 in
1203 2001 1422 2070 psalmis
1453 2001 1713 2065 scriptum
1741 2007 1824 2052 est
1852 2017 1864 2050 :
1911 1997 2133 2052 Ostende

552 2093 695 2146 nobis
718 2093 901 2163 faciem
930 2101 1069 2146 tuam
1087 2133 1103 2158 ,
1131 2102 1176 2146 et
1202 2092 1329 2146 salvi
1351 2093 1539 2145 erimus
1562 2089 1678 2161 (Ps.
1710 2106 1892 2154 Lutx,
1921 2089 2000 2161 ι),
2033 2090 2136 2144 hoc

547 2192 652 2247 est,
693 2183 832 2236 dona
877 2183 1034 2237 nobis
1065 2185 1429 2252 cognitionem
1463 2194 1640 2250 tuam,
1688 2197 1845 2251 quam
1876 2180 2138 2251 cognitio-

551 2290 674 2329 nem
721 2290 816 2344 per
855 2275 1054 2330 Filium
1095 2274 1334 2328 hominis
1375 2273 1684 2329 hominibus
1713 2274 1986 2327 innotuit:
2022 2273 2136 2341 ipso

551 2368 763 2423 dicente
791 2370 844 2422 in
875 2367 1189 2435 Evangelio,
1223 2366 1392 2420 Nemo
1417 2368 1555 2420 novit
1579 2363 1788 2418 Patrem
1817 2364 1914 2418 nisi
1941 2359 1990 2415 F
1993 2363 2136 2430 ilius,

551 2466 596 2512 et
627 2461 709 2511 cui
740 2459 954 2512 voluerit
978 2456 1151 2512 Filius
1185 2459 1408 2512 revelare
1440 2457 1654 2526 (Matth.
1691 2472 1769 2523 XI,
1798 2455 1916 2523 27).
1958 2454 2137 2510 Aliter

552 2561 682 2602 vero
715 2549 881 2604 facies
911 2549 1008 2603 Dei
1051 2547 1320 2618 signiﬁcat
1361 2548 1681 2602 ἱιινίεἱιιιιειιι
1721 2545 2012 2602 essentiam
2041 2545 2139 2598 di-

555 2643 798 2696 vinitatis
826 2641 949 2697 Filii
981 2642 1072 2698 Dei
1101 2658 1116 2708 ;
1169 2642 1238 2697 de
1272 2658 1376 2711 qua
1409 2643 1523 2711 ipse
1565 2641 1821 2695 Dominus
1858 2639 1924 2694 ad
1955 2639 2138 2698 Mosen

555 2753 650 2807 per
682 2737 931 2807 angelum
961 2736 1299 2805 respondens
1323 2737 1398 2791 ait
1422 2753 1434 2790 :
1469 2734 1767 2790 Posteriora
1790 2752 1901 2788 mea
1925 2733 2137 2799 videbis,

555 2831 739 2901 {aciem
771 2839 938 2884 autem
969 2845 1138 2884 meam
1167 2830 1338 2883 videre
1360 2845 1462 2882 non
1488 2830 1678 2894 poteris
1705 2825 1901 2897 (Exod.
1930 2838 2135 2892 xum,

553 2920 682 2991 25);
711 2937 772 2976 ac
821 2922 869 2975 si
910 2923 1144 2989 diceret,
1175 2921 1516 2976 divinitatem
1544 2926 1728 2975 autem
1758 2933 1935 2974 meam
1956 2917 2140 2972 videre

557 3027 662 3067 non
694 3014 916 3081 poteris.

625 3107 696 3160 Os
733 3107 821 3160 Dei
866 3105 1032 3162 Filius
1073 3105 1286 3170 Patris,
1330 3103 1383 3160 id
1406 3112 1521 3165 est.
1553 3103 1807 3158 Christus
1831 3101 2135 3168 Dominus;

554 3214 653 3269 pro
693 3215 800 3268 quo
849 3199 1016 3254 Isaias
1065 3164 1327 3268 pr0pheta
1367 3213 1433 3253 ex
1465 3211 1695 3266 persona
1725 3196 2034 3252 Jiidaaorum
2059 3164 2140 3250 ei;
2163 3164 2213 3232 ο

557 3291 693 3345 latus
723 3302 802 3346 est
832 3309 844 3344 :
879 3291 1013 3358 Quia
1051 3307 1108 3343 os
1142 3293 1256 3361 ejus
1307 3288 1374 3342 ad
1405 3289 1729 3342 iracundiam
1754 3287 2140 3359 provocavimus

557 3380 712 3455 (Isai.
743 3399 778 3446 ι,
807 3382 923 3451 20).
974 3383 1146 3436 Aliter
1197 3397 1326 3435 vero
1368 3393 1430 3436 os
1481 3381 1599 3449 ejus
1642 3394 1821 3433 sermo
1870 3379 1986 3446 ejus
2026 3379 2140 3433 sive

555 3474 725 3544 jnssio
756 3474 1051 3542 accipitur;
1083 3473 1151 3528 de
1179 3488 1289 3541 quo
1317 3486 1580 3526 sermone
1604 3469 1816 3524 Domini
1851 3469 2141 3539 prmdictus

558 3569 822 3638 prOphcta
857 3566 966 3620 ait:
1002 3565 1073 3620 Os
1097 3565 1307 3618 Domini
1329 3564 1556 3617 locutum
1587 3563 1793 3616 esthoc.

629 3658 864 3713 Verbum
912 3658 1004 3712 Dei
1051 3657 1224 3713 Filius
1267 3657 1366 3710 Dei
1403 3654 1610 3718 Patris,
1646 3669 1741 3724 per
1774 3668 1930 3723 quem
1962 3653 2142 3708 omnia

556 3750 699 3806 facta
731 3761 875 3816 sunt;
903 3750 971 3804 de
1000 3766 1106 3820 quo
1133 3752 1182 3804 in
1217 3750 1449 3817 psalmo,
1489 3747 1654 3803 Verbo
1679 3747 1885 3800 Domini
1905 3749 2014 3802 cali
2045 3749 2141 3818 ﬁr-

557 3845 685 3896 muti
704 3853 817 3898 sunt
851 3841 981 3914 (Ps.
1024 3858 1192 3908 xxxii,
1239 3841 1329 3912 6).
1385 3843 1449 3896 Et
1497 3841 1662 3895 alibi:
1715 3839 1862 3895 Misit
1921 3840 2142 3895 Verbum

557 3951 710 3989 suum
732 3976 750 4000 ,
786 3943 834 3988 et
872 3936 1071 3989 sanavit
1115 3951 1200 3990 eos
1245 3935 1362 4002 (Ps.
1395 3949 1502 4000 ενι,
1527 3933 1646 4000 26).
1680 3934 1742 3986 Et
1771 3934 1822 3987 in
1850 3932 2144 4002 Evangelio

558 4028 853 4081 secundum
903 4027 1169 4081 Joannem
1196 4069 1211 4093 ,
1247 4024 1312 4078 In
1344 4026 1598 4096 principio
1644 4032 1755 4078 erat
1804 4022 2063 4090 Verbum,
2093 4031 2144 4079 et

567 4115 788 4173 Verbum
840 4129 950 4174 erat
1015 4119 1154 4190 apud
1216 4118 1414 4184 Deum,
1473 4128 1521 4172 et
1571 4115 1716 4172 Deus
1754 4125 1865 4173 erat
1918 4117 2144 4172 Verbum

559 4207 909 4281 (Joan.t,l).

631 4302 834 4373 Lingua
867 4302 961 4357 Dei
1008 4303 1234 4373 mystice
1274 4300 1542 4371 signiﬁcat
1583 4300 1842 4371 Spiritum
1869 4311 2141 4369 sanctum,

560 4409 655 4464 per
683 4411 842 4464 quem
887 4395 1029 4451 Deus
1077 4395 1238 4450 Pater
1276 4402 1543 4451 secretum
1583 4409 1738 4449 suum
1784 4393 2146 4450 manifestavit

560 4485 908 4553 hominibus;
938 4488 1078 4542 unde
1129 4487 1183 4541 in
1229 4489 1468 4558 psalmo:
1514 4485 1718 4558 Lingua
1762 4501 1876 4540 mea
1912 4487 2144 4542 calamus

561 4579 828 4633 scribentis
861 4578 979 4652 (Ps.
1007 4594 1152 4643 xuv,
1175 4578 1256 4651 2).

625 4670 797 4728 .Labia
824 4673 918 4728 Dei
949 4675 1176 4746 mystice
1202 4672 1478 4743 utriusque
1502 4671 1813 4728 testamenti
1839 4685 2146 4728 consonan-

563 4763 637 4819 tia
680 4765 1094 4836 intelliguntur:
1134 4765 1203 4822 de
1232 4765 1426 4836 quibus
1461 4764 1675 4819 duobus
1712 4765 2048 4820 testamentis
2087 4765 2144 4822 in

563 4855 875 4913 Proverbiis
917 4861 1176 4930 scriptum
1223 4867 1351 4916 est:
1399 4857 1470 4913 In
1493 4858 1698 4932 judicio
1743 4875 1846 4913 non
1868 4859 2057 4915 erravit
2086 4876 2142 4915 os

562 4952 676 5022 ejus
705 4948 884 5022 (Prov.
923 4965 1037 5018 ιιι,
1060 4949 1173 5024 10).

635 5041 862 5096 Brachia
903 5043 997 5098 Dei
1026 5044 1202 5099 Patris
1236 5042 1406 5100 Filius
1433 5044 1552 5114 ejus
1580 5051 1638 5099 et
1666 5043 1902 5114 Spiritus
1927 5053 2145 5100 sanctus

565 5135 972 5205 intelliguntur;
1003 5137 1141 5190 sicut
1158 5146 1241 5191 est
1261 5137 1394 5193 illud
1417 5136 1470 5191 in
1496 5135 1632 5193 Isaia
1658 5153 1674 5191 :
1705 5133 1775 5192 Et
1804 5135 2014 5191 brachia
2031 5154 2146 5192 mea

564 5229 782 5300 papulas
813 5227 1127 5297 judicabant
1157 5225 1321 5297 (1εαί.
1350 5244 1423 5295 ιι,
1450 5228 1537 5302 5).
1589 5231 1876 5286 Bracltium
1908 5230 2005 5286 Dei
2033 5233 2147 5286 sin-

562 5319 820 5391 gulariter
845 5318 1015 5379 Filius
1038 5320 1338 5391 accipitur:
1362 5321 1430 5376 de
1454 5336 1559 5392 quo
1583 5321 1850 5378 Jcremias
1875 5323 1941 5378 ad
1964 5324 2144 5394 ipsum

564 5413 676 5466 ait:
713 5412 779 5466 Et
839 5429 980 5468 nunc
1024 5413 1280 5470 Dominus
1321 5412 1465 5471 Deus
1504 5416 1589 5486 qui
1626 5417 1849 5472 eduxiin
1895 5418 2145 5487 papulum

565 5517 711 5563 tuum
755 5506 816 5561 de
858 5516 996 5564 terra
1037 5507 1255 5582 ngypti
1297 5509 1352 5564 in
1381 5524 1540 5564 manu
1567 5510 1712 5580 forti,
1742 5511 1796 5564 in
1824 5509 2030 5565 brachio
2058 5525 2148 5564 εω-

567 5609 704 5656 tento
731 5600 866 5674 (Jcr.
893 5615 1082 5670 um,
1108 5601 1226 5674 21).
1268 5601 1477 5658 Idcirco
1518 5610 1694 5656 autem
1725 5601 1890 5658 Filius
1915 5603 2012 5659 Dei
2039 5602 2145 5657 Pa-

569 5693 669 5748 tris
708 5693 987 5750 brachium
1032 5695 1248 5766 dicitur,
1281 5694 1407 5766 quia
1447 5701 1694 5752 creatura
1733 5693 1903 5754 electa
1932 5695 2000 5750 ab
2028 5696 2147 5765 ipso

568 5785 899 5842 continetur.

2169 4549 2224 4609 D

2158 1795 2210 1858 Β
2239 1818 2405 1866 teSIas
2451 1813 2764 1882 intelligitur
2793 1813 2860 1868 de
2897 1828 3000 1882 qua
3031 1822 3298 1884 potestate
3324 1817 3382 1870 in
3403 1814 3658 1870 Ieremia:
3689 1815 3833 1871 libro

2237 1904 2514 1974 propheta:
2541 1923 2551 1958 :
2585 1906 2734 1961 Sicut
2764 1905 2930 1975 (iitum
2947 1908 3003 1960 in
3027 1923 3185 1962 manu
3217 1908 3382 1978 figuli,
3423 1909 3497 1962 sic
3520 1922 3607 1962 vos
3631 1909 3688 1961 in
3719 1925 3835 1962 ma-

2237 2015 2306 2052 nu
2351 2015 2504 2061 mea,
2549 2000 2733 2054 domus
2776 1999 2947 2054 Israel
2993 2000 3128 2071 (Jer.
3173 2017 3329 2066 ινιιι,
3359 2001 3440 2072 6).
3468 2001 3601 2056 Item
3631 2015 3834 2056 manus

2235 2090 2447 2144 Domini
2481 2091 2750 2160 ﬂagellum
2790 2093 3087 2160 accipitur:
3116 2093 3187 2149 de
3215 2095 3369 2163 cujus
3389 2095 3742 2162 percussione
3777 2096 3832 2147 in

2236 2180 2516 2250 Sophonia
2543 2185 2807 2252 propheta
2835 2185 3096 2253 scriptum
3129 2193 3248 2240 est:
3296 2185 3584 2239 timendam
3613 2200 3835 2239 manum

2237 2289 2406 2328 meam
2433 2291 2586 2346 super
2613 2275 2812 2330 Judam
2837 2286 2882 2329 et
2913 2293 3066 2346 super
3093 2275 3382 2330 habitantes
3413 2275 3615 2341 Israel,
3647 2289 3695 2332 et
3724 2276 3836 2331 dis-

2240 2371 2449 2434 perdam
2478 2368 2541 2420 de
2584 2369 2694 2421 loco
2720 2366 2817 2421 hoc
2847 2369 3088 2436 reliquias
3119 2366 3254 2421 Baal
3289 2367 3484 2438 (δορὴ.
3518 2385 3559 2431 ι,
3581 2368 3665 2434 ὁ),
3694 2376 3835 2432 etc.,

2241 2474 2337 2528 pro
2379 2475 2484 2528 qua
2530 2459 2739 2512 Domini
2781 2459 3135 2528 percussione
3172 2459 3358 2513 beatus
3399 2458 3501 2514 Job
3528 2459 3598 2514 de
3625 2467 3835 2514 semet-

2239 2547 2356 2616 ipso
2379 2552 2485 2602 ait:
2519 2547 2708 2602 Manus
2731 2549 2936 2609 Domitii
2969 2550 3140 2618 tetigit
3171 2565 3250 2601 me
3275 2547 3418 2619 (Job.
3445 2565 3559 2610 xix,
3587 2549 3702 2617 2i).

2313 2642 2520 2712 Digitus
2551 2641 2646 2695 Dei
2672 2640 3018 2710 singulariter
3039 2640 3272 2710 Spiritus
3299 2651 3516 2695 sanctus
3540 2641 3833 2710 accipitur,

2242 2749 2271 2787 a
2303 2750 2409 2802 quo
2451 2733 2654 2800 Spiritu
2703 2743 2888 2787 sancto
2913 2774 2929 2800 ,
2974 2733 3055 2786 lea:
3082 2732 3280 2786 duabus
3310 2733 3362 2786 in
3392 2733 3581 2787 tabulis
3607 2734 3838 2802 lapideis

2243 2827 2297 2880 in
2337 2835 2504 2878 monte
2535 2824 2690 2878 Sinni
2725 2826 2920 2894 scripta
2959 2833 3201 2879 narratur
3241 2824 3439 2897 (Exod.
3485 2841 3662 2880 xxxii.
3711 2824 3836 2894 16).

2243 2917 2364 2986 Ipse
2394 2917 2614 2983 scripsit
2652 2917 2740 2986 qui
2782 2916 3069 2971 scribenda
3107 2917 3363 2981 dictavit,
3400 2917 3454 2972 id
3483 2930 3563 2974 est
3593 2918 3838 2987 Spiritus

2243 3017 2482 3064 sanctus.
2518 3009 2592 3063 De
2632 3025 2737 3078 quo
2769 3008 3030 3064 Dominus
3059 3007 3114 3063 in
3150 3009 3485 3079 Evangelio':
3518 3011 3580 3065 Si
3601 3027 3723 3081 ego,
3752 3013 3838 3065 in.

2244 3103 2380 3172 quit.
2411 3104 2463 3155 in
2495 3103 2659 3175 digito
2687 3101 2778 3155 Dei
2804 3103 2954 3169 ejicio
2983 3101 3237 3157 diemonia
3265 3102 3421 3173 (Luc.
3447 3118 3524 3167 ιι,
3555 3102 3672 3173 20).
3706 3104 3836 3159 Sic-

2245 3203 2306 3248 ut
2345 3193 2486 3248 enim
2537 3194 2734 3263 digitus
2754 3209 2878 3248 cum
2903 3209 3065 3250 manu
3087 3195 3170 3250 vel
3204 3195 3448 3259 brachio,
3473 3209 3666 3250 manus
3696 3210 3838 3250 vero

2242 3288 2328 3342 vel
2355 3288 2638 3342 brachium
2666 3303 2790 3342 cum
2817 3302 3048 3356 corpore
3069 3303 3234 3343 unum
3265 3299 3392 3344 sunt
3421 3289 3472 3343 in
3494 3297 3712 3351 natura,
3762 3290 3838 3344 ita

2244 3379 2429 3445 Pater,
2475 3388 2530 3432 et
2578 3378 2788 3445 Filius,
2821 3387 2876 3434 et
2917 3379 3150 3447 Spiritus
3197 3387 3416 3435 sanctus
3459 3391 3568 3436 tres
3611 3379 3836 3446 quidem

2244 3484 2496 3540 personae
2518 3481 2666 3537 sunt,
2703 3486 2806 3526 una
2833 3481 3010 3526 autem
3043 3471 3346 3526 substantia
3374 3471 3694 3528 divinitatis.

2316 3565 2478 3634 Digiti
2513 3565 2609 3620 Dei
2649 3565 2932 3634 pluraliter
2981 3565 3155 3618 sancti
3195 3563 3573 3634 intelliguntur
3597 3564 3837 3633 prophe-

2245 3664 2335 3720 tat,
2362 3671 2458 3724 per
2480 3671 2618 3726 quos
2643 3656 2876 3725 Spiritus
2903 3666 3122 3710 sanctus
3147 3656 3313 3710 libros
3343 3656 3475 3725 legis
3505 3672 3569 3712 ac
3597 3655 3835 3726 prophe-

2247 3757 2418 3803 tarum
2451 3764 2545 3803 sua
2576 3749 2929 3818 inspiratione
2950 3749 3235 3816 describit;
3265 3752 3332 3804 de
3361 3751 3552 3819 quibus
3583 3750 3637 3803 in
3680 3750 3836 3818 psal-

2247 3858 2338 3898 mo
2365 3844 2630 3913 scriptum
2652 3853 2773 3899 est:
2811 3843 3009 3898 Videbo
3038 3843 3189 3898 caelos
3218 3860 3372 3912 Opera
3412 3843 3690 3913 digitorum
3717 3852 3837 3898 tuo-

2247 3951 2363 3988 rum
2405 3932 2524 4005 (Ps.
2576 3951 2690 4002 vin,
2731 3935 2829 4007 4):
2878 3951 2976 4005 per
3018 3936 3186 3992 coslos
3226 3935 3372 3990 enim
3410 3936 3576 3990 libros
3601 3935 3737 4003 legis
3767 3950 3836 3998 ac

2247 4024 2630 4093 prophetarum
2661 4066 2676 4090 ,
2719 4040 2820 4095 per
2845 4025 3042 4096 digitos
3079 4041 3206 4080 vero
3240 4033 3461 4080 sanctos
3485 4065 3500 4090 ,
3542 4034 3598 4080 ut
3627 4027 3838 4082 dictum

2246 4125 2350 4183 est,
2379 4117 2696 4187 pr0pbetas,
2722 4119 2951 4190 mystice
2973 4119 3236 4174 insinuari
3265 4127 3479 4175 certum
3502 4128 3604 4174 est.

2317 4206 2500 4278 Imago
2531 4209 2623 4264 Dei
2651 4209 2827 4263 Patris
2855 4209 3164 4274 invisibilis,
3191 4211 3502 4280 unigenitus
3525 4209 3696 4266 Filius
3715 4211 3838 4278 ejus

2246 4311 2330 4359 est
2356 4319 2370 4358 :
2399 4303 2467 4357 de
2491 4319 2600 4372 quo
2629 4302 2962 4372 Apostolus:
2993 4301 3176 4373 Imago
3200 4305 3298 4358 Dei
3318 4303 3591 4358 invisibilis
3617 4301 3760 4369 (Col.
3792 4317 3836 4366 ι,

2248 4395 2365 4465 15).
2410 4391 2586 4450 Aliter
2623 4409 2856 4464 namque
2895 4404 2978 4450 est
3028 4396 3203 4464 imago
3255 4394 3349 4448 Dei
3400 4394 3578 4449 Patris
3604 4395 3661 4447 in
3691 4393 3840 4447 Filio

2247 4502 2368 4551 suo,
2400 4503 2560 4557 quem
2591 4503 2697 4542 non
2729 4487 2946 4541 aliunde
2972 4531 2987 4555 ,
3023 4486 3120 4542 sed
3149 4501 3215 4541 ex
3242 4485 3565 4554 semetipso,
3592 4484 3696 4540 hoc
3722 4492 3837 4550 est,

2249 4596 2317 4637 ex
2345 4581 2647 4636 substantia
2694 4595 2788 4634 sua
2821 4595 2918 4649 per
2955 4580 3134 4634 omnia
3168 4579 3273 4639 sibi
3307 4579 3542 4633 similem
3565 4576 3750 4646 genuit
3778 4584 3840 4632 et

2251 4673 2535 4741 aequalem.
2586 4671 2758 4726 Aliter
2803 4685 2930 4726 vero
2970 4669 3148 4723 anima
3203 4669 3468 4734 hominis,
3515 4681 3671 4738 quam
3722 4680 3838 4720 non

2250 4778 2318 4819 ex
2346 4778 2427 4830 se,
2460 4764 2515 4817 id
2539 4771 2652 4828 est,
2683 4762 2750 4816 de
2778 4775 2872 4815 sua
2911 4760 3209 4814 substantia
3231 4801 3245 4825 ,
3279 4761 3422 4814 sicut
3455 4758 3692 4828 plerique
3716 4756 3838 4820 ha:-

2250 4854 2617 4923 reticiopinati
2648 4861 2793 4916 sunt,
2819 4853 3024 4921 genuit,
3049 4851 3145 4906 sed
3175 4866 3238 4905 ex
3266 4852 3436 4905 nihilo
3456 4851 3679 4906 creavit.
3711 4847 3838 4904 Sie-

2251 4956 2312 5004 ut
2373 4948 2530 5002 aliter
2576 4947 2752 5013 imago
2799 4954 2884 5000 est
2932 4943 3221 5012 cujuslibet
3264 4944 3410 5013 regis
3467 4944 3522 4998 in
3563 4941 3672 4997 lilio
3706 4941 3837 5010 ejus

2249 5057 2408 5113 quem
2433 5057 2498 5097 ex
2523 5042 2817 5108 semetipso
2844 5039 2949 5094 sibi
2972 5038 3204 5093 similem
3225 5037 3432 5108 genuit,
3458 5037 3511 5093 id
3535 5046 3638 5102 est,
3663 5036 3837 5088 homo

2249 5135 2543 5191 hominem.
2590 5133 2761 5188 Aliter
2790 5146 2922 5188 vero
2953 5135 3005 5186 in
3027 5130 3246 5184 annullo
3273 5129 3393 5198 ejus
3415 5167 3433 5196 ,
3465 5129 3600 5183 sicut
3630 5129 3679 5182 in
3697 5139 3842 5181 cera

2249 5229 2428 5297 imago
2469 5227 2590 5295 ejus
2638 5227 2899 5293 impressa
2926 5260 2942 5288 ,
2987 5237 3109 5291 quae
3152 5237 3260 5276 non
3306 5229 3391 5278 est
3419 5219 3563 5289 quod
3587 5228 3640 5274 et
3668 5217 3838 5286 ipsa:

2248 5321 2389 5375 sicut
2417 5318 2558 5374 ﬁlius
2586 5319 2676 5388 qui
2707 5315 3024 5371 naturaliter
3056 5314 3159 5368 hoc
3189 5311 3442 5382 estquod
3469 5319 3525 5368 et
3549 5321 3711 5380 pater.

2320 5413 2426 5468 Cor
2465 5411 2559 5466 Dei
2599 5409 2777 5464 Patris
2826 5421 3080 5462 arcanum
3126 5402 3407 5476 sapientia
3457 5403 3575 5474 ejus
3601 5401 3841 5471 mystice

2249 5508 2443 5574 innuit,
2470 5521 2536 5562 ex
2561 5519 2668 5574 quo
2697 5500 2968 5568 Verbum,
3002 5499 3053 5555 id
3073 5508 3186 5565 est,
3220 5498 3418 5554 Filium
3449 5511 3600 5552 suum
3631 5497 3844 5564 impasa

2249 5600 2481 5656 sibiliter
2509 5596 2696 5669 genuit
2721 5596 2839 5651 sine
2867 5593 3051 5659 initio;
3087 5592 3205 5661 ipso
3230 5589 3452 5646 dicente
3473 5603 3567 5660 per
3587 5589 3842 5658 prophe-

2248 5703 2364 5752 tam
2391 5712 2404 5747 :
2437 5692 2703 5748 Eructavit
2744 5706 2833 5746 cor
2873 5703 3042 5744 meum
3071 5685 3278 5744 verbum
3313 5684 3506 5740 bonum
3531 5679 3640 5755 (Ps.
3666 5694 3838 5750 xuv,

2249 5786 2354 5851 2).
