4018 6338
222 303 319 362 73‘!

962 297 1164 355 LIBER
1201 287 1690 354 FORMULARUM
1728 284 2106 347 SPIRITALIS
2144 284 2727 348 INTELLIGENTIE.

3387 289 3494 354 738

220 422 493 483 secundum
516 418 748 474 ordinem
768 414 1144 472 Melchisedech
1164 414 1283 487 (Ps.
1304 428 1413 478 crx,
1432 410 1511 483 4).
1532 409 1803 466 Sacerdos
1827 408 1881 468 Α
1906 406 2149 476 Domini,
2187 408 2453 465 stabilitas
2486 407 2821 464 aeternitatis.
2851 405 2913 464 In
2940 407 3148 478 psalmo
3184 427 3196 464 :
3232 406 3301 464 Et
3330 414 3497 483 caligo

219 524 395 575 tamen
441 512 617 569 Patris
646 512 819 567 dictus
859 520 942 566 est
970 510 1143 567 Filius
1184 508 1296 576 Dei,
1347 520 1454 561 non
1503 503 1801 560 secundum

220 611 578 675 divinitatem,
607 606 702 662 sed
745 605 1041 662 secundum
1079 601 1498 665 humanitatem,
1525 597 1579 653 in
1612 611 1715 668 qua
1742 610 1803 652 se

221 721 316 777 pro
344 704 499 758 nobis
527 716 623 771 per
652 700 959 770 passionem
1001 706 1055 753 et
1086 704 1315 751 mortem
1344 707 1520 761 suam,
1550 698 1802 761 accepta-

220 798 324 853 bile
352 795 678 851 sacriﬁciqu
706 794 819 847 Deo
842 791 985 847 Patri
1009 788 1223 854 obtulit,
1248 797 1311 843 ut
1331 786 1447 856 ipse
1468 790 1614 841 esset
1631 780 1803 838 sacri-

221 890 417 955 ficium,
446 888 535 958 qui
567 885 845 942 sacerdos.

286 980 552 1037 Oblivisci
594 980 736 1034 Deus
765 976 981 1039 dicitur,
1022 988 1145 1030 cum
1188 970 1509 1044 quibusdam
1546 967 1725 1039 impiis
1754 973 1809 1023 et

222 1072 595 1147 peccatoribus
636 1086 744 1127 non
793 1070 1100 1125 miseretur.
1128 1066 1281 1136 Quod
1326 1068 1511 1135 utique
1544 1077 1651 1118 non
1682 1059 1813 1115 facit

223 1183 315 1237 per
343 1165 721 1221 crudelitatem
750 1178 870 1235 qiue
899 1164 953 1217 in
978 1161 1087 1217 Deo
1118 1175 1224 1216 non
1248 1169 1354 1227 est,
1379 1157 1476 1215 sed
1498 1172 1597 1229 per
1624 1153 1809 1211 occul-

225 1267 330 1312 tum
359 1257 675 1327 jnstumque
700 1253 965 1326 judicium
997 1268 1175 1309 suum.

287 1348 550 1404 Indurare
570 1348 712 1402 Deus
729 1346 929 1401 dicitur
949 1342 1305 1417 quorumdam
1330 1340 1595 1397 malorum
1620 1338 1809 1406 corda,

222 1441 358 1495 sicut
390 1442 454 1493 de
499 1438 776 1493 Pharaone
821 1454 939 1511 rege
968 1436 1190 1507 zEgypti
1221 1436 1468 1507 scriptum
1513 1440 1586 1488 est
1614 1429 1813 1504 (Exod.

223 1548 313 1596 vn,
348 1534 443 1603 5);
492 1549 600 1587 non
630 1532 774 1603 quod
823 1532 1169 1598 omnipotens
1201 1528 1344 1583 Deus
1391 1541 1489 1596 per
1515 1521 1816 1596 potentiam

223 1643 377 1682 suam
426 1642 614 1682 eorum
660 1624 824 1681 corda
874 1622 1113 1689 iuduret,
1165 1623 1308 1693 quod
1342 1619 1562 1690 impium
1613 1626 1696 1673 est
1743 1616 1815 1671 ita

224 1720 475 1783 credere,
495 1717 590 1773 sed
614 1715 962 1788 exigentibus
981 1729 1168 1772 eorum
1192 1712 1387 1783 culpis,
1411 1726 1532 1766 cum
1561 1707 1817 1765 duritiam

1903 504 2000 559 sub
2045 505 2257 575 pedibus
2306 510 2418 579 ejus
2452 504 2578 576 (Ps.
2612 521 2743 573 xvu,
2789 504 2913 577 10).
2967 504 3207 577 Vestigia
3258 507 3495 577 Domini,

1904 609 2130 666 operum
2160 607 2493 653 secretorum
2524 598 2695 669 signa.
2727 597 2785 653 ln
2812 598 3019 668 psalmo
3045 615 3059 654 :
3083 597 3154 652 Et
3175 602 3384 674 vestigia
3410 611 3497 655 tua

1905 705 2009 743 non
2049 700 2419 762 cOgnoscentur
2445 690 2565 762 (Ps.
2607 708 2799 758 Lxm,
2830 691 2946 763 20).
2981 692 3215 749 Gressus
3262 695 3497 761 Domini,

1907 781 2193 852 adventus,
2225 783 2309 837 vel
2341 783 2580 838 visitatio
2603 784 2839 839 Domini.
2872 784 2932 841 In
2960 786 3207 857 psalmo:
3250 784 3361 842 Visi
3383 798 3501 842 sunt

1906 872 2169 944 ingressus
2197 875 2291 943 tui,
2324 872 2466 929 Deus
2494 876 2513 945 (
2533 874 2622 930 Ps.
2649 892 2817 942 van,
2845 876 2974 948 25).

1982 968 2146 1021 Arma
2168 966 2411 1031 Domini,
2434 967 2760 1037 adjutorium
2786 968 2904 1040 ejus
2927 971 2978 1026 in
3009 980 3247 1030 sanctos.
3279 974 3335 1029 In
3362 975 3504 1044 psal-

1912 1075 2002 1117 mo
2029 1078 2044 1117 :
2073 1060 2411 1134 Appreltende
2436 1078 2580 1115 arma
2608 1073 2653 1116 et
2692 1074 2892 1117 scutum
2910 1062 3025 1136 (Ps.
3045 1082 3232 1135 xxxiv,
3254 1066 3332 1141 9.).
3367 1067 3504 1125 Scu-

1914 1164 2050 1223 tum,
2084 1159 2349 1225 protectio
2377 1154 2612 1210 Domini.
2641 1155 2700 1209 In
2730 1156 2978 1226 psalmo:
3015 1156 3249 1225 Domine,
3279 1169 3334 1214 ut
3362 1168 3506 1215 scuto

1916 1248 2061 1301 bona:
2081 1248 2359 1302 voluntatis
2381 1258 2480 1302 tua:
2498 1248 2757 1302 coronasti
2777 1264 2871 1302 nos
2893 1246 3013 1319 (Ps.
3034 1266 3090 1315 v,
3118 1249 3229 1322 1'5).
3255 1251 3295 1306 F
3302 1267 3506 1321 ramea,

1916 1339 2049 1395 ultio
2080 1339 2263 1394 divina
2292 1340 2347 1395 in
2370 1341 2587 1411 impios.
2612 1340 2669 1395 In
2694 1341 2941 1410 psalmo:
2974 1338 3202 1409 Eﬁ‘unde
3234 1348 3507 1415 frameam,

1916 1442 1965 1487 et
1992 1433 2238 1487 conclude
2270 1432 2395 1506 (Ps.
2430 1449 2620 1498 xxxtv,
2650 1433 2738 1506 5).
2783 1437 2978 1499 Arcus,
3026 1435 3258 1491 intentio
3287 1440 3513 1494 commi-

1918 1526 2153 1583 nationis
2190 1526 2409 1583 divinae.
2438 1529 2495 1583 In
2526 1529 2737 1598 psalmo
2765 1547 2778 1582 :
2806 1528 2995 1583 Arcum
3020 1545 3170 1583 suum
3201 1531 3432 1596 tetendit,
3465 1541 3513 1586 et

1920 1620 2122 1691 parauit
2147 1620 2298 1675 illum
2321 1619 2437 1692 (Ps.
2469 1636 2565 1686 vu,
2594 1620 2704 1693 15).
2735 1621 2983 1691 Sagittte,
3007 1629 3280 1693 przecepta
3310 1621 3510 1690 divina,

1920 1713 2183 1783 apostoli,
2228 1713 2313 1770 vel
2367 1715 2667 1785 prophetae.
2730 1715 2789 1769 In
2840 1716 3052 1786 psalmo
3083 1732 3096 1769 :
3130 1715 3276 1770 Misit
3303 1718 3518 1788 sagitta:

225 1811 408 1867 cordis
438 1827 545 1882 qua
586 1809 686 1879 ipsi
717 1808 897 1863 omnia
929 1808 1070 1862 mala
1114 1804 1478 1877 perpetrando
1517 1804 1813 1866 invertunt.
1842 1800 1893 1863 B
1919 1823 2061 1873 suas,
2096 1816 2144 1862 et
2169 1807 2434 1877 dissipavit
2455 1824 2537 1862 eos
2565 1806 2684 1881 (Ps.
2716 1824 2855 1875 xvu,
2882 1808 2991 1880 15).
3022 1810 3157 1866 Item
3184 1829 3196 1863 :
3226 1810 3441 1883 Sagitta:
3464 1812 3519 1867 ire

226 1922 331 1961 non
374 1904 593 1960 aufert:
632 1904 784 1973 quasi
816 1902 938 1957 illos
978 1900 1226 1968 iuduret,
1266 1913 1403 1970 quos
1441 1897 1589 1969 justo
1614 1895 1820 1966 judicio

226 2000 471 2056 indurari
500 1998 650 2052 sinit.

300 2094 552 2148 Dormire
593 2091 688 2147 Det
717 2101 822 2154 est,
855 2106 976 2146 cum
1021 2089 1331 2161 unigenitus
1364 2087 1533 2143 Filius
1562 2084 1736 2141 Patris
1766 2085 1819 2138 in

1923 1914 2083 1952 manu
2113 1899 2333 1967 potentis
2369 1898 2489 1972 (Ps.
2530 1914 2713 1965 cxxvx,
2741 1897 2804 1965 4;
2836 1915 2984 1966 cxtx,
3017 1899 3102 1971 4).
3132 1899 3374 1967 Gladius,
3404 1901 3520 1955 vin-

1923 1994 2088 2059 dicta,
2116 1993 2203 2049 vel
2225 2008 2405 2049 sermo
2428 1993 2659 2048 Domini.
2688 1993 2742 2047 in
2767 1994 3029 2063 Apostolo
3056 2012 3068 2047 :
3101 1992 3260 2048 Vivus
3286 2003 3360 2048 est
3381 1994 3516 2048 enim

1925 2102 2090 2141 sermo
2115 2085 2231 2151 Dei,
2258 2094 2303 2139 et
2323 2086 2521 2155 efﬁcax,
2555 2094 2598 2138 et
2625 2083 2989 2154 penetrabilior
3015 2087 3155 2139 omni
3176 2084 3351 2156 gladio
3379 2086 3522 2140 anci-

226 2194 507 2254 assutnpta
538 2199 702 2239 carne
747 2183 884 2239 mori
931 2198 1031 2253 pro
1085 2182 1241 2237 nobis
1289 2180 1542 2251 dignatus
1589 2186 1672 2233 est
1698 2195 1709 2228 :
1738 2174 1822 2231 cui
1928 2183 2019 2253 piri
2046 2180 2230 2250 (Hebr.
2255 2197 2329 2247 IV,
2360 2179 2470 2251 19.).
2496 2178 2965 2249 Romphea,idem
2990 2181 3132 2249 quod
3158 2194 3342 2249 supra.
3368 2178 3518 2233 Tuba

227 2292 378 2333 mors
409 2284 555 2332 recte
580 2275 753 2331 dulcis
777 2275 1065 2345 praedictus
1087 2283 1169 2328 est
1191 2286 1445 2336 somnus,
1469 2271 1588 2341 ipso
1610 2268 1824 2323 dicente
1930 2276 2167 2342 nomini,
2220 2290 2327 2330 vox
2383 2271 2671 2329 manifesta
2723 2273 2959 2328 Domini.
3016 2273 3071 2328 ιη
3121 2273 3382 2344 Αροειυιο
3417 2292 3428 2327 ε
3455 2273 3523 2327 ιη

228 2385 325 2441 per
356 2369 648 2425 Jeremiam
677 2368 1022 2438 prophetam,
1053 2364 1179 2421 Ideo
1208 2365 1357 2436 quasi
1390 2363 1452 2417 de
1480 2377 1658 2415 somno
1689 2360 1828 2413 exci-

1941 2374 2097 2438 iussu,
2122 2380 2167 2425 et
2184 2371 2238 2424 in
2258 2385 2376 2424 voce
2391 2369 2715 2440 archangeli,
2732 2376 2781 2423 et
2808 2368 2928 2421 tuba
2941 2366 3095 2439 Dei(l
3118 2365 3292 2421 Thess.
3308 2380 3387 2434 tv,
3408 2365 3522 2436 15).

229 2472 370 2516 tatus
398 2478 541 2530 sum,
585 2471 635 2516 et
663 2460 801 2527 vidi,
841 2468 891 2513 et
934 2475 1141 2513 somnus
1184 2474 1325 2513 nteus
1376 2456 1539 2509 dulcis
1583 2461 1655 2507 est
1703 2449 1828 2505 mihi

1941 2464 2136 2520 Burrus
2157 2464 2275 2533 Dei,
2304 2463 2461 2521 sedes
2484 2464 2602 2527 Dei,
2625 2463 2712 2519 vel
2737 2462 3181 2534 quadriformitas
3207 2462 3528 2531 Evangelia-

228 2554 451 2628 (Jerem.
480 2571 630 2621 mu,
656 2553 772 2625 26).
803 2554 978 2609 Aliter
1015 2552 1253 2607 dormire
1280 2550 1480 2605 dicitur
1507 2547 1673 2612 Deus,
1705 2559 1829 2600 cum

1941 2572 2071 2611 rum.
2096 2556 2157 2610 ln
2188 2556 2431 2627 psalmo:
2452 2554 2650 2610 Curras
2671 2553 2771 2610 Dei
2796 2554 2971 2611 decem
2999 2555 3224 2610 millibus
3253 2554 3529 2625 multiplex

231 2650 372 2706 ﬁdes
401 2650 518 2720 ejus
565 2650 708 2705 inter
756 2646 1145 2719 prosperitates
1194 2644 1353 2715 hujus
1398 2640 1585 2697 mundi
1609 2649 1662 2695 et
1690 2639 1829 2693 inter

229 2744 595 2816 quorumdam
627 2741 793 2799 corda
825 2740 1065 2797 ﬁdelium
1095 2757 1199 2796 non
1232 2738 1435 2810 vigilat,
1482 2736 1575 2792 sed
1607 2732 1828 2790 dormit.

232 2835 389 2893 Hanc
417 2835 800 2890 dormitionem
848 2834 964 2902 ipse
1009 2833 1173 2888 Jesus
1222 2830 1564 2901 signiﬁcavit,
1614 2843 1730 2880 eum
1777 2825 1832 2878 in

231 2930 373 2983 mari
400 2930 534 2982 inter
560 2928 746 2998 ﬂuctus
782 2926 941 2981 maris
969 2925 1205 2980 dormivit
1233 2922 1426 2996 (Marc.
1470 2936 1544 2988 tv,
1574 2920 1642 2974 38
1661 2920 1701 2990 ).
1737 2917 1834 2973 Vel

232 3033 411 3087 certe,
457 3020 701 3076 dormire
734 3019 851 3087 Dei,
904 3027 987 3074 est
1040 3017 1218 3073 anxiis
1270 3014 1474 3070 tardius
1518 3011 1830 3079 subvenire,

236 3114 386 3168 sicut
420 3121 506 3167 est
536 3110 668 3166 illud
695 3111 749 3166 in
781 3109 1031 3181 psalmo:
1057 3106 1315 3180 Exsurge,
1349 3120 1507 3177 quare
1547 3102 1831 3169 obdormis,

234 3201 465 3260 Domine
494 3201 612 3274 (Ps.
639 3217 791 3268 mu,
824 3202 942 3271 25),
973 3210 1082 3257 etc.

307 3297 552 3369 Vigilare
585 3295 700 3365 Dei,
733 3303 818 3350 est
853 3294 908 3350 in
938 3293 1258 3349 defensione
1282 3290 1584 3348 electorum
1614 3301 1835 3344 suorum

236 3406 296 3449 se
328 3389 682 3447 manifestum
711 3387 1115 3445 demonstrare.

878 3498 1106 3556 CAPUT
1144 3498 1207 3554 ΙΙ.

238 3594 320 3652 De
348 3596 436 3652 his
462 3611 578 3668 qua
605 3593 936 3669 appellantur
964 3594 1191 3669 membra
1220 3590 1451 3655 Domini,
1497 3589 1575 3644 vel
1622 3603 1738 3660 qua:
1777 3588 1842 3643 de

803 3682 861 3721 eo
888 3665 1271 3735 signiﬁcantur.

288 3761 452 3818 Oculi
473 3760 685 3816 Domini
708 3758 1078 3828 intelliguntur
1094 3756 1359 3825 inspectio
1378 3752 1574 3808 divina.
1598 3749 1656 3806 ln
1678 3750 1838 3821 psa|.:

240 3856 402 3913 Oculi
429 3854 637 3910 Domini
664 3868 816 3925 super
840 3856 1014 3925 justas
1040 3848 1162 3919 (Ps.
1194 3864 1359 3903 xxxttt
1378 3893 1392 3916 ,
1432 3847 1537 3918 l6).
1564 3846 1842 3916 Palpebrae

236 3948 367 4015 Dei,
400 3959 527 4004 sunt
548 3946 752 4017 judicia
782 3946 899 4014 ejus
928 3960 1047 4015 qua:
1092 3945 1325 4014 probant
1360 3943 1498 3995 ﬁlios
1530 3942 1839 4006 hominum;

236 4046 330 4115 qui
357 4058 538 4113 neque
560 4042 851 4112 fatigantur
876 4055 1059 4095 rerum
1086 4038 1535 4101 obscuritatibus,
1560 4036 1654 4091 sed
1687 4051 1844 4090 exer-

236 4150 467 4204 centur;
503 4152 677 4208 neque
725 4134 984 4190 inﬂantur
1013 4132 1340 4202 cognitione.
1388 4131 1484 4187 sed
1512 4128 1842 4185 conﬁrman-

236 4241 351 4286 tur.
390 4231 565 4286 Aures
589 4229 826 4295 Domini,
860 4243 982 4283 cum
1002 4225 1263 4283 exaudire
1291 4225 1562 4294 dignatur.
1590 4223 1649 4278 in
1679 4222 1842 4293 psal.:

237 4324 310 4379 Et
340 4341 496 4379 aures
519 4327 631 4397 ejus
659 4324 714 4377 in
747 4338 917 4392 preces
948 4336 1121 4375 eorum
1153 4317 1375 4390 (Ibid.).

310 4418 396 4474 Os
418 4416 658 4484 Domini,
688 4431 870 4472 sermo
913 4414 979 4470 ad
1012 4414 1280 4469 homines.
1312 4412 1370 4467 In
1404 4410 1667 4482 propheta
1714 4427 1726 4462 :
1774 4407 1844 4463 Os

240 4508 465 4565 Domini
490 4509 717 4563 locutum
738 4516 810 4562 est
838 4504 992 4578 (Isai.
1020 4521 1061 4573 ι,
1082 4504 1204 4576 20).

1934 2646 2054 2722 (Ps.
2077 2665 2250 2718 vau,
2282 2649 2397 2718 18).
2422 2648 2583 2720 Virga
2615 2648 2852 2713 Domini,
2882 2647 3035 2720 regni
3063 2646 3410 2718 signiﬁcatio,
3442 2647 3530 2704 vel

1934 2741 2213 2810 correptio
2261 2740 2587 2809 disciplinae.
2637 2739 2697 2795 In
2753 2740 3004 2809 psalmo:
3040 2739 3205 2811 Virga
3252 2740 3528 2809 tequitatt's,

1936 2833 2079 2903 uirga
2126 2833 2269 2903 regni
2319 2833 2391 2887 tui
2414 2830 2531 2903 (Ps.
2560 2847 2708 2900 thv,
2732 2831 2812 2903 7).
2840 2833 3033 2888 Manus
3077 2831 3313 2898 Domini,
3347 2834 3528 2900 mium,

1935 2930 2020 2983 vel
2051 2927 2303 2982 vindictas
2328 2926 2467 2996 ejus.
2497 2926 2729 2981 Baculus
2768 2925 3005 2991 Domini,
3038 2924 3356 2981 sustentatio
3396 2940 3532 2980 con-

1941 3022 2227 3078 solationis
2268 3021 2505 3078 Domini.
2538 3021 2597 3076 In
2627 3019 2835 3091 psalmo
2862 3037 2879 3075 :
2920 3020 3085 3091 Virga
3117 3030 3208 3074 tua
3243 3028 3292 3074 et
3320 3019 3533 3073 baculus

1942 3126 2061 3170 tuus
2089 3116 2206 3185 ipsa
2244 3132 2323 3170 me
2360 3116 2626 3168 consolata
2650 3123 2768 3167 sunt
2796 3111 2915 3183 (Ps.
2947 3126 3080 3177 xxtt,
3108 3111 3195 3181 4).
3236 3109 3406 3179 Alias,
3436 3111 3535 3166 ha-

1866 3189 1914 3254 c
1944 3210 2098 3266 culus
2152 3208 2399 3277 Domini,
2449 3216 2689 3263 sanctam
2744 3221 3004 3273 crucem,
3056 3206 3140 3260 vel
3197 3204 3536 3276 disciplinam

1944 3312 2151 3358 sanctae
2182 3300 2438 3357 Ecclesia:
2465 3300 2741 3370 designat.
2768 3297 2900 3353 ltem
2931 3297 3174 3366 baculus,
3199 3308 3537 3354 sustentacu-

1942 3399 2052 3454 lum
2076 3407 2160 3454 est
2183 3396 2493 3467 quodlibet,
2523 3403 2585 3450 ut
2612 3396 2664 3449 in
2690 3394 2830 3450 libro
2857 3392 3041 3449 Tobiae
3067 3412 3081 3448 :
3106 3393 3363 3449 Baculum
3383 3406 3538 3449 sene-

1943 3493 2107 3549 ctutis
2134 3502 2333 3547 nosme
2362 3488 2523 3563 (Tob.
2552 3506 2610 3557 v,
2637 3487 2751 3561 25).

2566 3625 2793 3683 CAPUT
2833 3624 2917 3682 Ill.

2417 3741 2493 3799 De
2530 3744 2768 3813 supernis
2805 3746 3075 3799 creaturis.

2017 3857 2316 3927 Carbones,
2347 3858 2488 3930 ignis
2518 3858 2821 3927 charitatis,
2867 3872 2957 3914 aut
2997 3859 3404 3929 exemplorum,
3447 3869 3542 3917 aut

1947 3953 2300 4023 pocuitentiae.
2332 3952 2388 4006 lu
2433 3952 2641 4021 psalmo
2667 3969 2680 4005 :
2712 3950 2841 4007 Cum
2871 3952 3174 4006 carbonibus
3219 3951 3545 4007 desolatoriis

1948 4033 2069 4112 (Ps.
2099 4060 2242 4111 cxtx,
2278 4042 2357 4115 4).
2389 4043 2613 4113 Fumus,
2666 4044 2813 4099 initia
2842 4043 3277 4114 compunctionis
3323 4045 3540 4112 futurae,

1947 4138 2036 4193 vel
2075 4139 2245 4208 ipsius
2290 4137 2725 4192 comminationis
2770 4136 2891 4192 Dei.
2923 4135 2980 4191 In
3022 4136 3231 4208 psalmo
3260 4154 3274 4190 :
3302 4137 3547 4192 Ascendit

1950 4234 2123 4302 fumus
2154 4231 2206 4283 in
2232 4230 2311 4281 ira
2332 4232 2445 4300 ejus
2468 4227 2588 4301 (Ps.
2616 4243 2722 4282 xvu
2740 4272 2753 4297 ,
2778 4227 2855 4297 9).
2887 4226 3022 4282 netu
3051 4232 3103 4282 lu
3129 4228 3289 4282 aliam
3314 4237 3545 4298 partem,

1950 4322 2088 4375 sicut
2119 4320 2297 4375 fumus
2323 4319 2498 4375 oculis
2524 4319 2741 4386 noxius,
2783 4318 2835 4373 id
2863 4328 2947 4373 est
2978 4318 3203 4374 vanitas.
3232 4319 3549 4389 lgnis,£pi—

1951 4415 2090 4468 ritus
2119 4422 2360 4467 sanctus.
2394 4411 2453 4467 In
2478 4411 2702 4469 Actibus
2727 4411 3114 4482 Apostolorum
3145 4430 3156 4465 :
3189 4411 3255 4465 Et
3284 4428 3548 4483 apparue-

1950 4516 2073 4560 runt
2101 4506 2206 4561 illis
2253 4506 2539 4575 dispertita:
2585 4506 2798 4575 lingua,
2833 4515 3091 4573 tamquam
3130 4505 3287 4577 ignis,
3318 4506 3550 4573 seditque

316 4601 566 4657 Verbum
595 4573 1066 4662 Domini,‘Filius.
1097 4573 1433 4668 Invpsalmo:
1466 4594 1731 4663 Eructavit
1760 4610 1847 4648 cor
1870 4573 1925 4635 D
1951 4616 2111 4669 supra
2138 4573 2371 4669 singulos
2418 4613 2616 4662 eorum,
2665 4573 2712 4651 et
2742 4596 2921 4667 repleti
2951 4607 3072 4651 sunt
3124 4573 3295 4651 omnes
3344 4595 3551 4668 Spiritu

238 4708 426 4747 meum
456 4693 668 4745 uerbum
698 4690 887 4743 bonum
916 4687 1034 4759 (Ps.
1061 4704 1209 4754 κων,
1239 4690 1319 4759 2).

318 4786 610 4842 Brachium
658 4785 897 4849 Domini,
928 4784 1014 4838 vel
1063 4798 1277 4849 manus,
1323 4781 1517 4846 Filius,
1548 4796 1646 4851 per
1689 4797 1849 4852 quem

241 4879 433 4934 omnia
471 4887 731 4947 operatus
758 4885 857 4933 est.
896 4876 954 4932 In
984 4876 1244 4946 pr0pheta
1287 4894 1299 4928 :
1338 4875 1406 4929 Et
1437 4877 1703 4929 brachium
1744 4872 1853 4929 Do-

190 4957 208 4972 ’
242 4972 381 5026 mini
404 4972 489 5024 cui
507 4972 786 5026 revelatum
815 4982 888 5026 est
917 4969 1074 5041 (Isai.
1107 4986 1229 5037 Lttt,
1258 4968 1335 5039 1).
1362 4970 1593 5025 Dextera
1616 4968 1850 5034 Domini,

242 5063 395 5118 idem
436 5063 584 5133 quod
634 5078 795 5131 supra
844 5062 897 5117 in
947 5062 1198 5131 psalmo:
1233 5062 1454 5117 Dextera
1481 5059 1694 5115 Domini
1736 5062 1855 5133 fecit

240 5158 492 5211 uirtutem
515 5154 633 5225 (Ps.
656 5171 827 5222 cxvu,
852 5154 966 5227 16).
996 5156 1204 5226 Digitus
1236 5155 1363 5221 Dei;
1394 5155 1591 5210 dicitur
1618 5155 1855 5225 Spiritus

242 5258 499 5313 sanctus,
535 5258 762 5318 prapter
804 5248 1153 5319 partitionem
1204 5249 1469 5304 bonorum
1520 5265 1641 5318 qua:
1670 5250 1739 5303 ab
1789 5263 1855 5304 eo

241 5340 455 5395 dantur
477 5341 769 5409 unicuique
798 5340 1042 5411 propria,
1071 5341 1188 5395 sive
1211 5339 1513 5403 hominum,
1547 5341 1661 5396 sive
1691 5355 1856 5411 ange-

242 5432 454 5487 lorum.
486 5430 545 5486 ln
578 5432 737 5487 nullis
766 5433 909 5487 enim
958 5433 1219 5487 membris
1265 5435 1465 5489 uestris
1509 5433 1589 5488 sic
1635 5440 1859 5504 apparet

240 5526 480 5594 partitio
501 5539 662 5593 quam
686 5524 739 5578 in
770 5524 975 5594 digitis.
1006 5525 1115 5581 Nec
1140 5536 1192 5581 te
1222 5526 1555 5582 scandalizet
1583 5528 1854 5581 membro-

242 5634 381 5676 rum
409 5618 726 5685 diversitas,
755 5635 878 5674 eum
907 5620 1137 5674 aediﬁcet
1170 5621 1415 5691 corporis
1438 5621 1637 5675 unitas.
1664 5619 1861 5676 Uterus

242 5713 497 5778 Domini,
521 5724 819 5778 secretum,
851 5730 919 5769 ex
942 5730 1049 5785 quo
1076 5714 1270 5770 Filimn
1302 5717 1547 5785 protulit.
1580 5715 1635 5770 In
1663 5719 1856 5786 psalm.

242 5802 353 5870 Ex
386 5814 534 5863 utero
574 5815 693 5863 ante
722 5806 991 5878 luciferum
1016 5809 1167 5881 genui
1198 5818 1246 5864 te
1274 5807 1393 5882 (Ps.
1422 5823 1511 5866 (ιιι
1532 5851 1546 5877 ,
1581 5813 1659 5882 5).
1689 5812 1861 5870 Pedes

1952 4700 2129 4748 sancto
2153 4692 2289 4762 (Act.
2320 4706 2379 4759 n,
2408 4692 2487 4761 5).
2512 4691 2748 4756 Caelum,
2776 4689 3035 4760 apostoli,
3061 4688 3179 4745 sive
3208 4690 3402 4757 sancti,
3430 4690 3550 4746 ideo

1953 4786 2096 4857 quod
2141 4786 2403 4841 Dominus
2450 4785 2716 4839 inhabitet
2754 4784 2807 4838 in
2832 4784 2936 4839 eis.
2980 4782 3107 4838 Caeli
3150 4794 3401 4839 enarrant
3438 4785 3552 4857 glo-

1956 4880 2088 4933 riam
2118 4876 2214 4933 Dei
2244 4877 2361 4944 (Ps.
2394 4893 2549 4943 xvut,
2580 4878 2658 4948 2).
2693 4875 2827 4935 Caeli
2854 4877 2907 4931 in
2929 4886 3117 4932 sancta
3150 4878 3425 4947 Scriptura
3456 4879 3552 4934 de—

1958 4971 2175 5042 signant
2212 4971 2505 5039 aliquando
2538 4970 2817 5041 superiora
2849 4970 3035 5026 mundi
3074 4986 3337 5041 corpora,
3370 4972 3550 5042 ignota

1959 5064 2114 5117 nobis
2145 5063 2341 5132 quibus
2382 5063 2558 5117 modis
2593 5061 2843 5117 distincta
2877 5072 3017 5129 smt,
3056 5070 3111 5118 et
3139 5062 3209 5117 de
3242 5061 3396 5131 queis
3422 5064 3554 5117 satis

1958 5155 2183 5211 difﬁcile
2222 5165 2306 5210 est
2335 5156 2650 5224 disputare,
2679 5155 2773 5211 sed
2816 5170 2921 5209 non
2950 5154 3316 5226 impossibile,
3349 5154 3431 5210 cui
3462 5154 3557 5210 dat

1960 5249 2102 5303 Deus
2138 5246 2477 5318 intelligere;
2508 5257 2561 5301 ut
2595 5246 2743 5302 dedit
2781 5249 3074 5317 Apostolo,
3112 5260 3260 5316 rapto
3299 5262 3458 5315 usque
3486 5247 3555 5300 ad

1961 5341 2169 5395 tertium
2192 5340 2375 5393 caelum
2408 5339 2472 5409 (ll
2501 5340 2618 5396 Cor.
2657 5356 2757 5407 xtt,
2786 5340 2867 5410 2);
2896 5340 3142 5409 exceptis
3166 5340 3274 5392 illis
3302 5341 3555 5393 materia-

1963 5439 2101 5494 libus
2132 5438 2307 5493 cmlis.
2340 5437 2602 5492 Dicuntur
2629 5435 2753 5491 coeli
2782 5434 2954 5490 sancti
2985 5432 3255 5503 apostoli,
3286 5431 3547 5502 prtedica-

1964 5542 2110 5587 tores
2138 5531 2292 5586 verbi
2314 5531 2591 5597 veritatis;
2618 5543 2718 5599 per
2738 5542 2874 5599 quos
2895 5526 3064 5581 ctelos
3087 5536 3357 5596 tamquam
3378 5524 3558 5594 pluvia

1964 5626 2167 5696 irrigati
2218 5640 2437 5690 sumus,
2479 5631 2538 5677 ut
2568 5638 2669 5691 per
2699 5632 2867 5675 totum
2895 5618 3151 5673 mundum
3185 5633 3343 5689 seges
3377 5615 3559 5671 Eccle-

1965 5720 2060 5773 sirc
2087 5718 2395 5787 pullularet.
2429 5717 2565 5770 Sunt
2586 5714 2747 5768 etiam
2777 5711 3107 5767 coeliomnes
3133 5710 3328 5766 animae
3356 5719 3558 5766 sancte

1967 5823 2022 5873 et
2053 5813 2217 5884 justas
2237 5853 2252 5883 ,
2283 5811 2337 5867 in
2375 5808 2569 5884 quibus
2598 5804 2745 5865 Deus
2778 5802 2985 5863 habitat
3019 5801 3076 5864 iu
3106 5804 3312 5881 templo
3348 5804 3474 5865 ﬁdei
3501 5812 3560 5868 et
