4018 6338
177 368 274 427 711

919 366 1123 428 LIBER
1162 352 1645 425 renuumnuu
1686 352 2063 424 srtutTALts
2100 348 2677 429 maneamne.

3331 370 3441 440 712

173 482 309 555 quod
351 482 709 555 occidentem,
758 488 810 543 id
854 496 936 544 est
975 498 1288 559 peccatum,
1338 482 1746 556 respicientibus
1774 480 1827 538 A
1852 480 2019 536 Ionem
2048 484 2223 556 (Amos
2254 503 2365 555 vni,
2396 489 2476 557 9);
2520 499 2572 546 et
2599 491 2763 547 alibi:
2805 493 2881 548 Ab
2910 495 3158 565 Aquilone
3181 500 3438 571 pandetur

172 580 357 631 dexter
385 577 495 633 ﬂat.
522 581 738 649 Auster,
759 582 1065 639 calorlidei.
1091 585 1146 641 ln
1173 584 1309 655 psal.
1332 603 1345 637 :
1371 585 1748 639 Sicuttorrens

171 671 220 724 in
251 679 432 724 austro
462 672 582 744 (Ps.
622 691 786 747 cxxv,
818 676 897 749 4).
934 679 1028 733 Est
1070 689 1121 733 et
1152 678 1388 747 Spiritus
1416 688 1654 745 sanctus,
1690 684 1750 730 ut

168 763 257 825 ibi,
289 764 475 835 Surge,
506 770 702 838 aquilo,
729 783 777 826 et
802 775 913 826 veni
934 784 1103 826 auster
1127 772 1298 841 (Cant.
1333 788 1405 839 tv,
1438 772 1492 844 6)
1520 788 1531 823 :
1564 771 1615 825 id
1643 780 1747 837 est,

168 856 399 924 Recede,
433 860 666 927 diabole,
702 873 755 919 et
787 866 939 935 veni,
972 866 1194 935 spiritus
1222 866 1380 919 alme.
1414 865 1544 927 Aer,
1573 861 1745 917 inani-

169 952 289 1003 tatis
327 954 653 1009 enuntiatio.
697 956 750 1009 In
786 958 1086 1026 Apostolo:
1118 957 1207 1014 Sic
1249 974 1442 1030 pugno,
1473 972 1575 1009 non
1603 956 1749 1027 quasi

166 1059 327 1096 aerem
362 1047 627 1102 verberans
659 1046 715 1121 (Ι
745 1046 864 1105 Cor.
896 1067 970 1117 lx,
1005 1049 1142 1125 26);
1188 1051 1241 1108 id
1271 1063 1387 1119 est,
1421 1068 1527 1106 non
1571 1050 1747 1105 inania

166 1148 499 1191 COIlSECiaIIS.

229 1227 520 1298 Tempora,
550 1244 854 1302 opportuna
881 1232 1190 1289 distributio
1211 1236 1505 1291 voluntatis
1527 1235 1743 1290 divinze.

164 1319 216 1374 In
246 1320 500 1375 Psalmo:
554 1321 702 1377 Fecit
751 1326 927 1380 lunam
960 1328 1012 1381 in
1056 1338 1285 1397 tempora
1327 1328 1445 1401 (Ps.
1480 1344 1593 1398 cm,
1632 1325 1743 1399 19).

164 1404 262 1469 Ver
292 1418 416 1468 vita:
458 1420 763 1486 renovatio,
795 1421 878 1475 vel
908 1436 1006 1491 per
1036 1423 1384 1489 baptismum,
1419 1422 1499 1475 vel
1533 1437 1631 1489 per
1659 1435 1746 1474 re-

160 1510 574 1564 sorrectionem.
624 1512 676 1565 In
721 1514 962 1579 psalmo:
996 1511 1253 1568 .Estatem
1296 1525 1340 1569 et
1387 1530 1469 1567 ver
1497 1523 1549 1565 tu
1581 1512 1744 1580 fecisti

158 1617 212 1653 ea
239 1599 357 1670 (Ps.
394 1619 578 1666 Lxsnt,
614 1605 725 1674 17).
755 1604 943 1661 Estas
968 1618 1207 1661 venturae
1230 1607 1580 1677 jurunditatis
1612 1621 1744 1675 prae-

159 1694 422 1763 ﬁguratio.
459 1698 515 1750 In
546 1697 772 1763 psalmo,
805 1708 860 1751 ut
888 1713 1073 1768 supra.
1114 1701 1314 1763 lliems,
1343 1714 1582 1767 prmsens
1608 1698 1740 1761 vita,

159 1788 484 1854 persecutio,
518 1789 598 1843 vel
632 1790 930 1845 tribulatio.
957 1790 1011 1844 In
1040 1792 1364 1861 Evangelio:
1404 1791 1469 1846 Ut
1506 1809 1605 1844 non
1648 1790 1740 1860 ﬁat

1852 573 2045 628 malum
2079 576 2209 647 (Jer.
2245 594 2281 644 t,
2318 582 2424 651 14).
2463 582 2634 647 Mane,
2666 584 2754 639 lux
2784 596 2998 642 actuum
3036 588 3321 661 bonorum,
3350 595 3441 656 vel

1850 662 2193 734 baptismum,
2218 670 2303 724 vel
2328 675 2655 731 resurrectio
2685 676 2977 734 Dominica.
3005 680 3058 736 In
3086 685 3251 753 psal.:
3280 685 3441 745 Mane

1851 757 2029 811 astabo
2060 760 2168 826 tibi,
2212 772 2256 814 et
2298 763 2472 817 videbo
2499 766 2616 835 (Ps.
2649 783 2699 834 v,
2731 768 2811 835 5);
2843 783 2895 825 et
2924 773 3049 826 alibi
3077 790 3089 826 :
3123 766 3167 827 Α
3204 778 3439 835 custodia

1849 853 2104 906 matutina
2150 872 2307 925 usque
2344 858 2409 910 ad
2452 871 2647 913 nectent
2688 875 2854 933 speret
2895 865 3065 921 Israel
3112 868 3165 923 in
3217 868 3437 927 Domino

1853 941 1969 1015 (Ps.
2000 959 2179 1012 cxsts,
2213 947 2291 1021 ὁ),
2325 948 2377 1003 id
2420 960 2502 1005 est
2538 968 2566 1005 a
2610 959 3014 1015 resurrectione
3059 959 3270 1017 Domini
3312 979 3436 1034 spes

1851 1049 2059 1104 nostra,
2094 1056 2261 1109 usque
2303 1044 2354 1096 in
2388 1041 2547 1098 linem
2589 1048 2790 1115 saeculi,
2835 1051 2886 1103 id
2929 1062 3009 1105 est
3052 1054 3190 1107 diem
3224 1055 3434 1125 jnnieii.

1850 1129 1955 1187 Per
1986 1150 2142 1189 mane
2171 1138 2332 1190 etiam
2362 1138 2442 1192 vel
2476 1139 2817 1208 matutinum,
2850 1148 3129 1211 praesentis
3158 1150 3282 1203 vita:
3313 1167 3435 1219 pro-

1852 1228 2081 1295 speritas
2112 1230 2462 1297 significatur,
2512 1242 2567 1285 ut
2606 1234 2774 1287 illud:
2822 1234 2908 1291 Va:
2950 1239 3059 1306 tibi,
3096 1248 3248 1302 terra,
3287 1248 3433 1312 cujus

1850 1335 1943 1372 rea:
1975 1321 2179 1388 juvenis
2224 1334 2318 1389 est,
2370 1330 2418 1377 et
2464 1328 2611 1397 cujus
2661 1329 2915 1398 principes
2970 1349 3119 1386 mane
3166 1339 3435 1395 comedunt

1850 1411 2019 1484 (Eccl.
2054 1432 2104 1481 x,
2144 1416 2256 1485 16);
2304 1434 2461 1473 mane
2506 1434 2682 1474 autem
2715 1424 3021 1491 comedunt,
3054 1430 3142 1497 qui
3175 1430 3240 1483 de
3278 1433 3433 1502 hujus

1850 1507 2032 1559 mundi
2068 1512 2515 1577 prosperitatibus
2559 1516 2910 1581 extolluntur,
2940 1518 3065 1572 dum
3098 1520 3149 1573 in
3189 1532 3435 1581 extremo

1849 1596 1965 1663 ejus
1998 1598 2259 1652 deberent
2304 1605 2625 1668 praestolari,
2660 1606 2757 1659 frui
2800 1610 3015 1663 mternis
3064 1609 3429 1671 felicitaibus.

1852 1686 2121 1755 Meridies,
2173 1691 2323 1759 plana
2374 1694 2735 1749 doctrinarum
2783 1698 3153 1773 factorumque
3192 1706 3430 1761 Claritas.

1850 1777 1907 1831 In
1940 1778 2178 1833 Salom.:
2226 1780 2323 1836 Ubi
2353 1784 2506 1837 cubas
2544 1787 2596 1839 in
2634 1790 2847 1842 meridie
2887 1790 3057 1857 (Cant.
3094 1810 3128 1859 t,
3165 1794 3243 1862 6).
3275 1796 3340 1850 Et
3381 1799 3434 1853 in

157 1887 315 1929 “me
344 1882 471 1949 fuga
498 1876 680 1945 hieme,
714 1882 795 1934 vel
819 1882 1031 1935 sabbato
1061 1882 1237 1952 (Μαι).
1265 1900 1406 1948 μιν,
1432 1881 1544 1952 90).
1574 1883 1737 1945 Anni,
1773 1861 1817 1920 B
1848 1871 2039 1924 malam
2076 1883 2279 1940 partem
2313 1874 2364 1928 iit
2402 1877 2536 1943 psal.
2567 1894 2580 1929 :
2616 1878 2657 1931 Α
2701 1880 2952 1935 ἀίεηιοηὶο
2983 1861 3268 1940 meridiano
3311 1888 3430 1960 (Ps.

157 1968 440 2036 aliquando
473 1987 567 2039 pro
592 1975 897 2028 teternitate
917 1974 1271 2041 accipiuntur,
1300 1984 1352 2027 ut
1380 1974 1449 2028 ibi
1477 1992 1489 2024 :
1522 1972 1587 2027 Et
1618 1976 1741 2028 anni

156 2058 226 2112 tui
252 2078 357 2113 non
381 2062 618 2127 deficient
651 2062 770 2134 (Ps.
799 2080 873 2132 Cl,
906 2065 1019 2134 28).
1054 2065 1329 2119 interdum
1365 2076 1418 2121 et
1449 2082 1542 2134 pro
1567 2066 1741 2119 brevi—

154 2160 255 2206 tate
288 2154 449 2222 hi.jus
476 2158 620 2218 vitae,
652 2168 709 2211 ut
741 2157 865 2219 hic:
897 2160 1038 2212 Anni
1067 2161 1230 2212 nostri
1259 2168 1518 2229 tamquam
1549 2176 1741 2213 aranea

154 2246 527 2301 meditabantur
556 2248 673 2319 (Ps.
715 2267 933 2312 LXXXIX.
966 2253 1046 2320 5).
1095 2252 1355 2306 Mensium
1401 2254 1619 2306 nomine
1649 2251 1739 2321 qui

153 2336 337 2393 diebus
392 2341 797 2408 coaduuantur,
848 2342 1198 2396 collec1iones
1245 2344 1546 2396 animarum
1591 2342 1739 2395 desi-

152 2440 404 2500 gnantur,
433 2433 515 2487 vel
545 2433 801 2500 perfectio
826 2445 1160 2501 sanctorum,
1191 2446 1248 2489 ut
1274 2433 1342 2489 ibi
1372 2453 1384 2488 :
1411 2433 1525 2487 Erit
1558 2436 1740 2488 mensis

154 2540 209 2577 ex
254 2542 434 2579 mense
481 2525 631 2599 (lsai.
680 2545 832 2597 val,
862 2527 991 2597 9.5):
1022 2529 1274 2583 videlicet
1318 2530 1481 2583 eisin
1530 2530 1736 2599 requie,

154 2616 341 2686 quibus
374 2634 515 2672 nunc
546 2620 801 2689 perfectio
845 2619 1008 2675 fuerit
1056 2622 1107 2674 in
1137 2623 1470 2690 operatione.
1524 2622 1645 2675 Dies
1689 2632 1741 2675 et

154 2723 270 2773 nox,
314 2710 531 2778 justitia
577 2722 631 2766 et
672 2712 945 2781 iniquitas,
990 2712 1121 2766 fides
1165 2721 1221 2766 et
1272 2712 1581 2776 infidelitas,
1618 2728 1740 2781 pio-

152 2813 301 2869 spera
338 2810 401 2855 et
431 2802 677 2855 adversa.
715 2803 771 2855 ln
798 2803 933 2871 psal.
959 2821 971 2856 :
1000 2801 1066 2855 In
1098 2802 1179 2854 die
1202 2806 1461 2856 mandavit
1494 2804 1741 2857 Dominus

154 2892 556 2946 misericordiam
576 2912 745 2962 suam,
770 2905 817 2948 et
837 2896 889 2949 in
912 2904 1055 2948 nocte
1078 2895 1375 2949 declaravit
1398 2894 1513 2957 (Ps.
1534 2912 1641 2961 xu,
1659 2896 1740 2965 9).

154 2981 373 3036 Dierum
414 2986 629 3039 nomine
658 2986 973 3055 intelligitur
1003 2988 1163 3039 etiam
1198 2988 1516 3039 illuminatio
1545 2989 1740 3041 divinae

152 3077 331 3145 gratia:
366 3093 463 3145 per
488 3078 702 3132 diversa
732 3080 870 3135 dona
901 3080 1177 3133 virtutum.
1200 3080 1328 3134 Item
1358 3081 1473 3135 dies
1496 3080 1743 3149 designat

152 3173 408 3240 angelum
453 3184 754 3243 apostatain
782 3192 794 3227 :
828 3174 955 3227 dum
989 3175 1093 3228 Joh
1125 3174 1194 3227 ita
1222 3175 1487 3242 loquitur:
1519 3174 1739 3229 Maledi-

151 3238 261 3316 sant
280 3265 331 3317 ei
361 3266 452 3335 qui
477 3238 787 3320 maledicunt
816 3267 919 3319 diei
954 3264 1074 3335 (Job
1127 3283 1201 3333 ιη,
1236 3267 1314 3335 8).
1352 3268 1534 3322 Noctis
1561 3279 1737 3323 autem
1769 3238 1814 3301 ε

153 3357 395 3419 nomine,
443 3357 531 3410 vel
590 3373 742 3411 error
782 3358 1099 3427 ignorantia:
1146 3357 1398 3424 caecitas,
1452 3359 1534 3412 vel
1581 3362 1740 3414 etiam

154 3447 343 3501 mortis
388 3449 659 3503 acerbitas
688 3450 969 3519 accipitur.
1010 3450 1215 3504 Lumen
1264 3460 1319 3505 et
1367 3453 1623 3516 tenebraz,
1672 3456 1741 3507 ita

155 3539 391 3593 maxime
438 3540 775 3609 accipiuntur
816 3552 872 3595 ut
908 3542 1022 3596 dies
1070 3551 1124 3595 et
1171 3558 1295 3596 nos.
1342 3541 1396 3594 In
1429 3558 1515 3611 ep.
1550 3544 1741 3597 Joan.:

159 3627 255 3692 Qui
284 3632 466 3703 diligit
491 3633 702 3702 fratrem
731 3650 901 3699 suum,
928 3634 981 3686 in
1017 3633 1209 3687 lumine
1239 3646 1446 3690 manet:
1468 3637 1555 3705 qui
1575 3645 1744 3689 autent

157 3721 258 3774 odit
290 3724 510 3791 fratrem
536 3742 705 3789 suum,
729 3725 783 3778 in
813 3726 1027 3779 tenebris
1053 3737 1125 3779 est
1157 3727 1197 3795 (Ι
1226 3722 1384 3780 Joan.
1416 3743 1476 3791 tt,
1508 3728 1617 3796 10).
1644 3729 1744 3783 Per

157 3811 339 3869 lumen
377 3817 536 3870 etiam
568 3818 793 3871 intentio
818 3819 999 3874 cordis
1026 3821 1350 3875 declaratur.
1375 3820 1595 3886 Umbra,
1624 3838 1747 3889 pro-

157 3909 312 3963 tectio
344 3911 552 3963 divina.
590 3912 643 3964 in
673 3927 752 3980 ps.
782 3931 795 3966 :
824 3910 932 3967 Sub
961 3914 1138 3967 umbra
1161 3915 1363 3968 alarum
1394 3925 1597 3968 tuarum
1629 3933 1746 3980 pro-

159 4008 262 4069 tege
292 4018 379 4053 me
410 4000 528 4068 (Ps.
572 4018 684 4066 xvi,
714 4002 794 4071 8).
841 4003 985 4058 Alias
1033 4005 1253 4069 oblivio,
1288 4006 1370 4060 vel
1416 4018 1652 4074 peccata,
1691 4016 1747 4060 ut

156 4089 258 4143 ibi:
293 4091 549 4146 Sedentes
577 4094 630 4146 in
663 4095 876 4148 tenebris
900 4106 945 4148 et
977 4098 1029 4149 in
1073 4096 1247 4148 umbra
1280 4099 1456 4149 mortis
1486 4097 1604 4168 (Ps.
1637 4114 1743 4164 CVI,

160 4178 266 4249 10).
310 4182 518 4237 Umbra
546 4194 627 4237 est
660 4185 949 4253 aliquando
979 4185 1263 4240 delectatio
1292 4200 1657 4255 peccatorum,
1694 4198 1749 4243 ut

158 4271 209 4326 in
234 4273 373 4328 Job:
410 4275 519 4330 Sub
548 4276 730 4330 umbra
760 4277 948 4330 dormit
988 4280 1039 4332 in
1084 4290 1273 4334 secreto
1328 4282 1451 4351 (Job
1503 4298 1589 4341 xc,
1634 4280 1744 4351 16).

159 4363 374 4422 Rursus
406 4369 593 4423 umbra
636 4372 965 4426 oblivionem
1000 4376 1215 4441 mentis,
1246 4375 1327 4427 vel
1362 4386 1587 4429 mortem
1632 4392 1749 4429 ear-

158 4458 260 4525 nis,
286 4459 382 4513 vel
408 4461 760 4517 imitationem
784 4463 981 4518 diaboli
1022 4466 1308 4534 significat.
1330 4466 1487 4520 Lucis
1510 4483 1745 4533 nomine,

160 4550 468 4616 Dominus,
520 4554 602 4608 vel
660 4556 884 4624 quilibet
947 4558 1124 4626 justus
1185 4559 1524 4627 intelligitur,
1582 4572 1637 4613 ut
1696 4563 1746 4615 in

1848 1980 1937 2030 xc,
1974 1965 2052 2034 6),
2105 1964 2157 2018 id
2203 1974 2285 2021 est
2334 1969 2640 2025 manifesto.
2677 1971 2933 2042 Vespere,
2989 1976 3109 2031 finis
3158 1981 3301 2043 vita},
3349 1981 3433 2037 Vel

1843 2056 2048 2119 swculi,
2078 2057 2161 2110 vel
2205 2073 2397 2125 patria;
2430 2061 2478 2113 iit
2514 2076 2595 2130 ps.
2626 2079 2638 2114 :
2686 2063 2766 2115 Ad
2800 2081 3063 2134 vesperum
3089 2069 3433 2123 demarabitur

1841 2149 2009 2219 ﬂetus,
2035 2160 2081 2201 et
2112 2150 2179 2201 ad
2209 2152 2514 2203 matutinunt
2544 2150 2736 2207 lcetitia:
2766 2152 2882 2225 (Ps.
2928 2173 3076 2223 uix,
3110 2159 3186 2229 6).
3217 2160 3433 2215 Aurora:

1843 2241 2059 2295 nomine
2102 2257 2255 2296 mens
2291 2242 2557 2311 jUstorum
2609 2248 2890 2315 accipitur,
2922 2265 3039 2318 quae
3091 2256 3295 2320 peccati
3349 2255 3430 2308 sui

1844 2334 2093 2389 tenebras
2136 2335 2466 2406 relinquens,
2501 2337 2566 2391 ad
2611 2341 2783 2394 lucem
2827 2345 3024 2411 erupit,
3059 2346 3171 2399 sole
3207 2346 3431 2415 justitite

1844 2424 2141 2480 illuminata
2175 2426 2348 2497 (Cant.
2375 2443 2450 2494 vi,
2481 2428 2560 2497 9).
2589 2430 2805 2485 Arcturi
2836 2436 3075 2497 nomine,
3109 2436 3198 2504 qui
3230 2439 3279 2490 in
3305 2440 3430 2494 ςαξιί

1843 2531 1943 2571 axe
1974 2515 2297 2571 constitutus
2327 2517 2413 2573 VII
2453 2521 2730 2575 stellarum
2762 2524 2927 2578 radiis
2951 2525 3138 2596 fulget,
3174 2529 3431 2585 Ecclesiae

1844 2610 2165 2664 universalis
2205 2610 2547 2678 exprimitur,
2593 2630 2711 2683 quae
2764 2616 2813 2670 in
2866 2621 3035 2686 Apoc.
3081 2620 3166 2675 J0.
3214 2639 3306 2691 per
3350 2624 3434 2681 ΠΙ

1845 2702 2051 2756 Eccles.
2084 2710 2139 2756 et
2172 2701 2256 2756 Vll
2287 2703 2612 2759 candelabra
2646 2708 2903 2775 ﬁguratur
2931 2710 3171 2779 (Apocal.
3220 2729 3265 2780 ι,
3316 2713 3425 2786 20).

1844 2792 2071 2846 Oriones
2123 2793 2175 2845 in
2210 2795 2447 2859 pondere
2496 2796 2689 2851 hiemis
2716 2800 2974 2866 orientes,
3027 2812 3243 2858 sanctos
3282 2806 3429 2860 desi-

1844 2897 2008 2955 gnant
2039 2896 2328 2958 martyres,
2350 2891 2489 2957 quod
2522 2892 2728 2959 pondus
2760 2897 3195 2965 persequentium
3219 2910 3271 2952 et
3296 2902 3431 2957 hanc

1843 2980 2007 3034 vitam
2039 2982 2328 3035 amantium
2363 2985 2721 3051 pertulerunt,
2753 2991 2890 3041 etad
2914 2993 3032 3045 οωῙὲ
3064 2994 3249 3047 raciem
3275 2995 3430 3063 quasi

1845 3072 1899 3125 in
1937 3073 2110 3128 hieme
2155 3088 2437 3131 venerunt.
2499 3078 2711 3146 Hyades
2739 3095 2767 3133 a
2800 3080 2985 3136 Graeca
3029 3082 3205 3138 littera
3236 3109 3266 3140 υ
3296 3104 3431 3141 nun-

1846 3175 2072 3231 cupatai,
2119 3181 2149 3219 a
2197 3166 2353 3237 cujus
2398 3172 2565 3223 forma
2616 3186 2720 3225 non
2764 3173 3073 3239 discrepant
3119 3178 3343 3244 vi~ione,
3376 3192 3431 3234 et

1846 3266 1979 3310 ortae
2026 3258 2235 3326 pluvias
2281 3259 2547 3315 nﬂerunt:
2590 3272 2805 3318 sanctos
2843 3267 3240 3335 prtedicatores,
3287 3271 3429 3340 quod

1845 3349 2024 3403 verbis
2054 3350 2241 3418 pluunt
2271 3361 2324 3403 et
2361 3353 2520 3407 corda
2553 3352 2827 3409 hominum
2869 3359 3156 3413 salubriter
3183 3362 3428 3430 irrrgant,

1846 3440 2149 3509 significant
2176 3461 2188 3494 :
2220 3444 2367 3505 ὑετὸς·
2406 3459 2635 3515 namque
2669 3448 2875 3515 Graece,
2922 3449 3079 3504 imber
3132 3452 3320 3509 Latine
3348 3454 3431 3509 di-

1846 3536 2006 3590 citur.

2427 3605 2703 3665 CAPUT
2757 3611 2858 3669 IV.

2462 3723 2541 3776 De
2573 3723 2827 3780 Terrent's.

1919 3811 2106 3879 Terra,
2140 3813 2302 3869 homo
2329 3814 2466 3883 ipse.
2500 3814 2553 3868 In
2590 3816 2832 3885 Evang.:
2866 3818 3023 3871 Aliud
3044 3822 3222 3873 cecidit
3243 3823 3295 3875 in
3322 3830 3429 3877 ter-

1848 3923 1958 3960 ram
1981 3910 2163 3959 bonam
2196 3906 2386 3977 (Marc.
2418 3923 2491 3971 tv,
2516 3908 2595 3977 8).
2618 3908 2746 3963 Item
2775 3927 2788 3963 :
2814 3908 2972 3963 Terra
2995 3928 3065 3975 es,
3098 3924 3145 3966 et
3173 3916 3220 3967 in
3246 3925 3431 3970 terram

1846 3997 1943 4050 ibis
1984 3995 2133 4067 (Gen.
2178 4012 2256 4063 tu,
2294 3996 2402 4065 19).
2442 3998 2572 4052 Item
2606 4001 2658 4053 in
2693 4001 2885 4054 malam
2927 4016 3164 4072 partem,
3209 4005 3276 4059 de
3310 4022 3433 4071 pec-

1848 4102 2031 4145 catorc
2056 4107 2070 4146 :
2104 4090 2314 4144 Terram
2335 4092 2450 4146 edes
2475 4092 2707 4145 omnibus
2735 4093 2912 4146 diebus
2932 4096 3047 4147 vita:
3062 4107 3161 4149 tuae
3183 4094 3335 4167 (Gen.
3352 4113 3428 4164 tn,

1851 4184 1962 4252 14).
1993 4185 2179 4250 Aliter,
2226 4193 2364 4239 terra
2414 4184 2785 4253 intelliguntur
2819 4186 2908 4254 qui
2955 4190 3180 4243 terrenis
3226 4188 3434 4245 actibus

1850 4278 2130 4344 occupati,
2181 4290 2277 4344 per
2321 4276 2696 4346 eleemosynas
2740 4288 2791 4331 et
2838 4277 3101 4347 lacrymas
3146 4279 3210 4332 ad
3265 4282 3431 4335 vitam

1851 4379 2104 4423 teternam
2128 4374 2449 4436 perveniunt
2474 4383 2487 4422 :
2513 4370 2653 4423 unde
2672 4371 2803 4438 psal.
2830 4370 3432 4428 :Advocavitctelumde-

1848 4478 2073 4521 sursum,
2092 4470 2139 4513 et
2154 4473 2335 4514 terram
2350 4460 2637 4515 discernere
2650 4461 2893 4530 papulum
2909 4462 3175 4535 suum(Ps.
3193 4480 3313 4520 xu:
3325 4508 3336 4527 ,
3354 4465 3430 4536 4).

1854 4554 2036 4619 Arida,
2071 4552 2386 4607 infrucumsi
2436 4553 2713 4607 homines:
2750 4556 2801 4607 in
2836 4554 2991 4610 Salo:
3028 4556 3296 4627 (.‘ooperire
3326 4560 3437 4613 ari-

161 4638 407 4715 Evang.:
442 4643 567 4698 Erat
589 4619 816 4700 lux-vera
843 4666 953 4718 qua:
984 4651 1237 4703 illuminat
1268 4668 1464 4703 omnem
1494 4654 1746 4705 hominem
1778 4619 1832 4679 Ι)
1856 4649 1977 4702 dam
2020 4649 2220 4701 malitia
2250 4658 2294 4700 et
2338 4647 2609 4700 dolositate
2653 4646 2820 4717 (Eccl.
2861 4663 3069 4710 xxxvu,
3117 4650 3194 4719 5).
3231 4649 3435 4717 Pulvis,

158 4737 446 4789 venientem
481 4739 532 4790 in
564 4738 701 4791 hunc
731 4746 978 4794 mundum
1024 4740 1199 4809 (Joan.
1237 4759 1274 4806 ι,
1309 4746 1384 4813 9).
1423 4746 1488 4799 Et
1517 4750 1745 4813 Aposto-

160 4824 280 4880 lus:
330 4825 538 4883 Fuistis
566 4831 845 4897 aliquando
892 4835 1126 4898 tenebras,
1181 4852 1317 4887 nunc
1347 4847 1516 4889 autem
1565 4837 1655 4889 lux
1694 4838 1749 4890 in

166 4917 387 4975 Domino
418 4923 581 4994 (Eph.
615 4941 668 4989 v,
703 4924 783 4996 8).
818 4925 1034 4980 Ponitur
1055 4930 1212 4980 etiam
1239 4944 1336 4997 pro
1360 4930 1749 4986 illuminatione

163 5009 310 5081 ﬁdei,
348 5023 403 5067 et
430 5031 528 5081 pro
553 5015 678 5069 vita.
713 5016 874 5077 llora,
900 5022 1174 5089 quingenti
1200 5023 1276 5089 (ut
1304 5031 1489 5089 putant
1509 5024 1747 5096 quidam)

162 5105 327 5159 anni:
382 5108 427 5161 si
468 5110 681 5176 quando
711 5110 827 5163 dies
874 5127 968 5179 pro
1002 5123 1111 5166 toto
1160 5116 1341 5169 mundi
1372 5116 1523 5169 istius
1554 5118 1753 5171 smeulo

164 5197 433 5266 accipitur
458 5219 469 5252 :
493 5201 547 5253 in
569 5201 809 5270 Epistola
831 5203 949 5257 Jo.:
981 5202 1161 5258 Filioli
1188 5209 1305 5272 mei,
1336 5210 1607 5263 novissima
1626 5212 1755 5266 liora

166 5298 239 5343 est
269 5291 313 5359 (1
350 5290 509 5344 Joan.
550 5309 609 5360 tt,
646 5294 758 5364 18).
790 5296 981 5350 Oriens
1010 5340 1023 5363 ,
1057 5301 1178 5365 quia
1221 5301 1289 5354 ab
1328 5300 1421 5354 illa
1465 5312 1617 5370 parte
1666 5305 1754 5358 lux

163 5380 367 5448 oritur,
418 5385 704 5439 Salvator:
755 5389 991 5442 maxime
1035 5390 1085 5442 in
1142 5390 1279 5445 Luca
1320 5408 1334 5446 :
1375 5390 1607 5446 Visitavit
1661 5412 1755 5449 nos

168 5471 366 5528 Oriens
396 5494 458 5530 ea;
486 5478 613 5533 alto.
645 5479 708 5533 Et
756 5479 808 5533 in
848 5479 1009 5539 Zach.
1049 5500 1061 5535 :
1095 5479 1225 5535 Ecce
1262 5484 1339 5535 vir
1366 5483 1545 5539 Oriens
1577 5504 1757 5541 nomen

165 5567 279 5637 ejus
313 5566 470 5637 (Luc.
503 5585 545 5633 ι,
575 5571 685 5640 78).
732 5572 1014 5636 Occidens,
1044 5576 1164 5626 vita:
1209 5576 1447 5629 melioris
1492 5579 1754 5633 defectus.

166 5655 227 5713 In
272 5661 540 5730 propheta
570 5681 581 5715 :
618 5664 824 5719 Occidet
854 5667 988 5722 vobis
1030 5668 1106 5721 sol
1133 5669 1183 5721 in
1216 5672 1421 5723 meridie
1462 5671 1642 5740 (Zach.
1684 5690 1755 5739 vt,

167 5751 288 5823 i2).
330 5758 677 5825 Aquilonaris
722 5776 842 5828 pars
886 5779 1101 5832 semper
1152 5768 1202 5819 in
1250 5768 1475 5819 adverso
1515 5771 1756 5837 ponitur,

169 5854 229 5899 ut
251 5848 455 5914 preph.
484 5851 553 5905 de
579 5853 793 5906 diabolo
820 5874 833 5909 :
865 5853 1066 5908 Ponant
1106 5859 1273 5910 sedent
1314 5870 1476 5912 ineant
1504 5862 1573 5913 ad
1601 5862 1759 5918 Aaui—

1856 4752 2188 4812 peccatores,
2216 4741 2298 4793 vel
2321 4739 2495 4793 carnis
2523 4740 2757 4793 vanitas:
2785 4742 2835 4792 in
2859 4739 3048 4806 psalm.
3071 4756 3084 4793 :
3104 4739 3251 4796 Sicut
3274 4745 3437 4812 pulvis

1856 4853 2001 4907 quem
2034 4836 2239 4908 projicit
2269 4844 2446 4888 ventus
2492 4833 2607 4905 (Ps.
2654 4848 2690 4897 ι,
2721 4833 2798 4905 4).
2844 4833 3055 4902 Lutum,
3091 4850 3437 4905 peccatorum

1857 4931 2121 5000 glutinum
2154 4947 2167 4981 :
2211 4930 2264 4983 in
2298 4944 2377 4996 ps.
2415 4944 2426 4979 :
2462 4926 2620 4997 Eripe
2660 4945 2738 4981 me
2782 4931 2845 4982 de
2878 4929 2983 4982 luto
3020 4938 3073 4983 ut
3104 4947 3205 4985 non
3249 4933 3440 5003 inﬁgat-

1861 5022 1976 5093 (Ps.
2002 5018 2318 5087 vant,15).
2346 5022 2473 5075 Item
2504 5020 2554 5074 in
2584 5018 2742 5073 aliam
2768 5032 2996 5089 partem.
3024 5020 3081 5076 In
3111 5022 3299 5077 lnam:
3334 5023 3436 5079 Lu-

1860 5127 1966 5170 tum
1996 5118 2133 5186 fecit,
2167 5127 2210 5169 et
2235 5115 2396 5168 linivit
2416 5114 2589 5168 oculos
2616 5132 2749 5167 meos
2772 5113 2954 5186 (Joan.
2988 5133 3063 5187 ιχ,
3100 5116 3207 5187 il).
3232 5117 3438 5175 Montes

1862 5210 2139 5275 Dominus,
2171 5208 2433 5270 Ecclesia,
2453 5208 2704 5275 apestoli,
2725 5208 2835 5261 sive
2856 5210 3047 5272 sancti,
3072 5225 3100 5263 a
3123 5210 3439 5267 celsitudine

1860 5302 2113 5355 virtutum
2146 5318 2158 5352 :
2194 5300 2244 5353 in
2280 5314 2395 5367 ps.:
2433 5297 2533 5364 Qui
2573 5298 2828 5353 descendit
2871 5316 3021 5370 super
3046 5308 3264 5354 montem
3309 5303 3439 5357 Sion

1862 5390 1979 5466 (Ps.
2006 5406 2206 5455 exuit,
2233 5390 2309 5459 5).
2337 5388 2464 5442 Item
2491 5389 2785 5457 propheta:
2816 5387 2931 5442 Erit
2960 5406 3101 5443 mons
3129 5392 3307 5444 domus
3335 5392 3442 5446 Do-

1865 5482 1989 5535 mini
2036 5499 2188 5545 super
2231 5482 2463 5534 verticem
2512 5483 2758 5533 montium
2811 5479 2942 5552 (lsa.
2981 5496 3042 5545 tt,
3087 5480 3166 5554 2).
3206 5482 3333 5537 ltcm
3386 5484 3441 5540 in

1865 5576 2025 5628 aliam
2060 5574 2252 5642 proph.
2283 5592 2294 5625 :
2333 5573 2415 5626 Ne
2458 5573 2662 5641 quando
2699 5572 2956 5640 oﬁ'endant
2994 5574 3143 5638 pedes
3187 5577 3340 5628 rostri
3375 5577 3442 5630 ad

1865 5680 2057 5721 montes
2096 5666 2402 5739 caliginosos
2436 5665 2568 5735 (Jer.
2614 5682 2726 5731 xm,
2775 5668 2884 5735 16),
2916 5667 2965 5720 id
2996 5676 3095 5730 est,
3132 5664 3438 5723 bmreticos.

1865 5761 2064 5825 Colles,
2095 5762 2287 5823 sancti,
2323 5761 2416 5812 sed
2453 5759 2677 5811 minoris
2709 5758 2885 5811 meriti
2916 5778 2933 5811 ε·
2958 5760 3012 5813 in
3042 5759 3209 5828 psal.:
3240 5757 3447 5817 Montes

1866 5866 1913 5914 et
1931 5872 2105 5911 omnes
2125 5856 2279 5907 colles
2301 5853 2420 5920 (Ps,
2448 5866 2669 5918 CXLVIII,
2687 5851 2763 5918 9).
2782 5850 2914 5907 hem
2940 5854 2995 5908 in
3016 5854 3173 5908 aliam
3194 5861 3409 5922 partem
3423 5870 3453 5927 :_
