4018 6338
204 334 309 392 745

962 334 1165 393 LIBER
1203 331 1687 391 FORMULARUM
1728 328 2105 390 SPlRITALlS
2144 331 2719 391 lNTELLlGENl‘le.

3382 341 3487 402 746

202 447 473 503 viventium
503 444 711 517 (Pun,
739 443 813 515 7).
843 444 1041 507 Arbor.
1059 447 1237 514 homo,
1268 464 1298 504 a
1322 452 1493 504 fructu
1524 459 1780 519 operum:
1813 449 1865 507 Α
1894 445 2079 501 lentiae
2109 448 2210 503 viri
2235 467 2247 503 :
2282 448 2339 503 In
2377 463 2462 519 ps.
2492 466 2505 501 :
2542 448 2611 503 Ut
2636 446 2820 502 cedrus
2843 445 3028 502 Libani
3062 452 3490 524 multiplicabitur

198 540 255 596 in
288 539 523 608 Evang.:
556 540 657 591 Aut
685 537 836 608 facite
859 538 1092 593 arborem
1119 540 1325 607 bonam,
1352 551 1395 596 et
1421 544 1647 611 fructum
1674 544 1787 611 ejus

200 633 387 686 bonum
419 630 637 701 (Matth.
671 647 765 695 xu,
796 630 918 701 33);
957 643 1012 687 et
1056 634 1108 686 in
1150 634 1343 689 malam
1380 642 1587 704 partem
1631 650 1645 687 :
1688 634 1789 686 Aut

200 727 355 796 facite
372 724 605 779 arborem
628 725 838 787 malam,
863 734 909 779 et
937 726 1159 794 fructum
1180 728 1294 796 ejus
1317 728 1531 782 malum.
1557 726 1785 795 Quidam

198 815 253 869 in
282 815 386 870 hoc
411 814 745 879 testimonio,
779 817 1026 871 arborem
1053 817 1213 884 hanc,
1244 819 1580 875 voluntatem
1612 818 1789 873 homi-

198 908 284 964 nis
323 909 493 979 magis
531 924 690 979 quam
725 907 899 980 ipsum
935 908 1207 966 hominem
1260 910 1632 981 accipiendum
1686 927 1786 979 pu-

199 1011 332 1059 tant.
372 1003 552 1059 Arbor
577 1005 738 1059 etiam
777 1003 875 1058 fuit
905 1002 1156 1060 Christus
1186 1020 1306 1061 cum
1334 1006 1653 1073 resurrexit,
1697 1004 1790 1075 qui

200 1111 323 1151 cum
371 1105 672 1153 moreretur
699 1112 921 1167 granum
954 1097 1073 1153 fuit.
1108 1098 1333 1165 Eamus,
1366 1104 1640 1155 successio
1667 1113 1681 1153 :
1732 1099 1787 1154 in

198 1191 490 1261 Apostolo:
525 1191 675 1258 Quod
697 1192 742 1246 si
767 1193 919 1246 radix
944 1202 1142 1258 sancta,
1176 1202 1223 1246 et
1250 1194 1381 1247 rami
1407 1194 1584 1262 (Rom.
1611 1209 1687 1260 χι,
1709 1192 1786 1264 6).

199 1283 331 1339 Item
373 1285 427 1340 in
469 1285 625 1339 aliam
667 1296 912 1357 partem:
948 1287 998 1343 in
1032 1287 1275 1342 Daniel.:
1315 1285 1593 1341 Prtecidite
1622 1301 1790 1340 ramos

200 1379 309 1448 ejus
334 1374 501 1448 (Dan.
533 1393 607 1444 tv,
638 1377 749 1449 il).
785 1377 913 1434 Item
940 1382 1074 1434 rami
1103 1390 1227 1435 sunt
1258 1378 1549 1435 sententite
1574 1387 1791 1433 sancto-

200 1486 319 1526 rum
357 1471 574 1526 Patrum
602 1491 613 1524 :
651 1472 705 1527 in
731 1473 939 1545 Evang.
961 1493 973 1528 :
995 1476 1099 1529 Alii
1127 1475 1386 1530 credebant
1416 1492 1585 1529 ramos
1615 1476 1679 1528 de
1708 1492 1795 1528 ar-

201 1562 407 1617 boribus
447 1561 629 1635 (Matt.
664 1579 777 1631 xxi,
813 1565 891 1636 8).
932 1564 1168 1634 Folium,
1201 1580 1377 1622 sermo
1407 1566 1703 1621 doctrina}:
1738 1566 1792 1620 in

201 1653 379 1722 psal.:
426 1651 496 1706 Et
535 1654 716 1724 folium
741 1656 849 1725 ejus
881 1672 983 1709 non
1022 1656 1208 1726 deﬂuet
1239 1655 1358 1728 (Ps.
1388 1672 1428 1723 ι,
1467 1651 1545 1727 5).
1575 1655 1646 1711 Ει
1691 1654 1793 1708 ali-

201 1753 303 1811 ter,
347 1745 557 1809 folium.
600 1748 829 1802 vestitus
866 1758 922 1805 et
955 1748 1123 1805 decor
1169 1764 1291 1805 cum
1336 1748 1669 1816 protectione
1710 1748 1793 1803 di-

1895 537 2015 610 (Ps.
2049 557 2157 609 xcr,
2192 543 2316 613 lii);
2355 552 2411 598 et
2446 542 2498 597 in
2528 542 2725 597 malam
2759 552 3000 612 partem,
3042 549 3283 616 superbi,
3322 551 3445 607 elati
3475 573 3490 609 :

1891 641 1951 689 ut
1990 632 2045 688 in
2078 634 2217 704 psal.
2265 653 2276 689 :
2324 634 2391 689 Et
2440 636 2731 707 confringet
2772 634 3027 691 Dominus
3070 641 3248 696 cedros
3307 642 3493 699 Libani

1893 725 2012 796 (Ps.
2046 742 2239 795 xxvut,
2262 726 2343 797 5).
2367 726 2521 795 Olea,
2549 738 2771 784 sanctus
2794 729 3181 788 misericordiae
3209 735 3493 794 abundans

1891 819 2156 875 fructibus
2184 838 2197 872 :
2227 820 2279 875 in
2314 836 2427 889 ps.:
2467 822 2575 895 Ego
2603 832 2775 877 autem
2815 825 2945 878 sicut
2977 825 3111 881 oliva
3139 827 3412 900 fructifera
3442 834 3495 887 in

1893 914 2046 968 domo
2085 912 2296 969 Domini
2332 913 2449 985 (Ps.
2478 932 2550 983 ιι,
2582 916 2694 987 10).
2738 917 3007 987 Oleaster,
3043 921 3206 977 homo
3232 923 3352 979 sine
3377 924 3496 980 fru-

1891 1015 2005 1072 ctu,
2026 1007 2106 1061 vel
2130 1007 2381 1077 gentilis:
2415 1007 2468 1061 in
2494 1009 2783 1077 Apostolo:
2806 1011 2868 1065 Si
2888 1022 3060 1067 autem
3088 1024 3143 1068 tu
3174 1031 3237 1070 ea:
3266 1006 3499 1073 naturali
3546 1058 3549 1059 ν

1893 1098 2093 1151 excisus
2134 1114 2184 1151 es
2232 1098 2451 1153 oleastro
2508 1097 2687 1172 (Rom.
2734 1116 2809 1168 xr,
2840 1100 2959 1173 24).
3002 1104 3183 1175 Ficus,
3224 1122 3498 1180 synagoga

1894 1190 2197 1245 interdum:
2233 1191 2287 1246 in
2324 1191 2561 1262 Evang.:
2594 1192 2664 1245 Et
2691 1193 2921 1263 arefacta
2954 1205 3028 1249 est
3056 1197 3301 1252 continuo
3350 1199 3501 1269 ﬁcul-

1896 1298 1990 1337 nea
2021 1282 2204 1354 (Matt.
2230 1300 2341 1350 xxt,
2368 1284 2479 1356 l9);
2503 1293 2557 1340 et
2588 1286 2638 1338 in
2674 1284 2924 1341 llabacuc
2966 1304 2977 1338 :
3008 1284 3169 1345 Ficus
3188 1307 3291 1345 non
3319 1290 3503 1366 afferet

1896 1380 2121 1447 fructum
2158 1377 2333 1449 (Hab.
2371 1394 2451 1445 tu,
2483 1377 2593 1449 17).
2638 1378 2799 1434 Ficus
2824 1389 2879 1434 et
2910 1379 2962 1435 in
3000 1381 3142 1438 bono
3171 1393 3229 1438 et
3264 1385 3318 1439 in
3356 1387 3502 1443 malo

1898 1468 2191 1538 accipitur:
2251 1478 2307 1524 ut
2358 1469 2586 1524 Esaias:
2643 1468 2715 1523 Et
2750 1471 2971 1525 ostendit
3009 1471 3136 1526 mihi
3181 1474 3312 1543 ﬁcus
3340 1477 3502 1533 bonas

1897 1561 2067 1629 valde,
2097 1572 2144 1617 et
2175 1563 2339 1616 malas
2380 1562 2530 1616 valde
2563 1561 2701 1633 (Jer.
2736 1578 2883 1630 xxiv,
2917 1563 2996 1636 5);
3027 1576 3083 1621 et
3117 1565 3379 1623 Dominus
3401 1568 3506 1624 Na-

1902 1653 2177 1710 thanaeli:
2232 1654 2361 1709 Cum
2392 1672 2524 1710 esses
2565 1655 2657 1710 sub
2706 1656 2809 1723 ficu
2854 1656 2929 1729 (id
2970 1666 3073 1725 est,
3128 1659 3228 1715 sub
3280 1671 3509 1732 peccato

1905 1748 2213 1819 originali),
2245 1749 2350 1802 vidi
2390 1758 2438 1803 te
2477 1750 2863 1820 redempturus
2891 1750 3073 1825 (Joan.
3105 1770 3146 1819 ι,
3186 1755 3303 1824 48).
3348 1755 3512 1812 Ficus

200 1839 346 1893 vina:
377 1840 591 1909 gratiae;
622 1848 676 1895 et
708 1840 760 1895 in
792 1841 984 1895 malam
1017 1850 1259 1910 partem:
1292 1840 1417 1896 Non
1451 1840 1638 1895 invenit
1666 1840 1717 1893 in
1747 1856 1809 1894 ea
1836 1822 1888 1885 Β
1913 1840 2076 1895 etiam
2122 1839 2444 1909 intelligitur
2474 1841 2704 1895 humana
2741 1822 2955 1908 natura,
2985 1844 3071 1899 vel
3104 1822 3379 1901 incredula
3421 1863 3511 1919 sy-

204 1934 435 2003 fructum
473 1943 679 2005 propter
719 1935 846 2004 folia
883 1934 1064 2005 (Matt.
1096 1951 1209 2001 ut,
1255 1934 1371 2005 i9),
1415 1934 1467 1989 id
1504 1942 1612 2001 est,
1642 1933 1810 1990 verba

203 2029 325 2083 sine
355 2026 533 2082 fructu
564 2045 577 2081 :
607 2027 749 2082 unde
774 2036 959 2083 monet
988 2027 1307 2097 Apostolus,
1326 2036 1380 2081 ut
1399 2026 1679 2097 diligamus
1708 2042 1811 2079 non

203 2121 357 2177 rerbo
382 2138 543 2190 neque
563 2122 760 2190 lingua,
783 2123 873 2177 sed
896 2125 1047 2192 opere
1062 2131 1110 2177 et
1130 2120 1396 2192 veritate(l
1418 2120 1577 2177 Joan.
1594 2136 1672 2185 tu,
1692 2118 1809 2190 18).

201 2211 335 2269 Com
348 2224 573 2285 paratur
600 2214 762 2270 etiam
792 2216 957 2269 homo
985 2214 1137 2283 folio,
1165 2215 1255 2287 qui
1294 2215 1364 2271 ab
1396 2214 1590 2269 arbore
1620 2212 1815 2269 cecidit

202 2307 255 2362 in
290 2308 569 2377 paradiso.
606 2307 791 2374 Poma,
824 2316 1138 2363 sanctorum
1174 2308 1226 2361 in
1256 2306 1547 2361 virtutibus
1578 2305 1811 2361 fructus:

203 2400 255 2455 in
287 2398 520 2455 Cantico
548 2410 724 2455 cant.:
757 2398 822 2452 Et
852 2400 1122 2454 manducet
1150 2402 1373 2465 fructum
1408 2412 1675 2469 pomorum
1696 2411 1819 2450 suo-

203 2510 325 2547 rum
372 2491 545 2563 (Cant.
579 2509 632 2561 v,
668 2493 743 2563 l).
785 2492 986 2558 Palma,
1029 2490 1293 2562 perfectio
1332 2491 1419 2544 vel
1456 2490 1680 2545 victoria
1712 2507 1723 2541 :
1762 2488 1818 2544 in

206 2586 348 2656 psal.
376 2603 388 2640 :
424 2584 607 2639 Justus
638 2594 693 2639 ut
725 2585 899 2656 palma
926 2584 1128 2654 ﬂorebit
1168 2581 1287 2655 (Ps.
1332 2598 1445 2650 ιρι,
1475 2581 1586 2653 1⁸5).
1632 2581 1819 2636 Palma

205 2676 355 2733 enim
389 2676 550 2732 tarde
589 2677 827 2747 proﬁcit,
866 2677 963 2733 sed
992 2677 1081 2733 diu
1120 2678 1173 2732 in
1220 2676 1503 2733 viriditate
1536 2675 1818 2747 persistit:

206 2771 278 2826 ita
309 2780 507 2827 sancta
527 2769 773 2827 Ecclesia
798 2786 920 2827 cum
950 2771 1136 2827 multis
1160 2770 1575 2827 difﬁcultatibus
1596 2770 1663 2824 ad
1692 2768 1821 2824 ﬁdei

208 2878 417 2925 statum
448 2872 617 2936 venit,
645 2879 699 2925 et
727 2885 823 2940 pro
855 2870 1179 2926 collectione
1210 2870 1567 2940 plurimorum
1598 2870 1651 2923 in
1685 2867 1821 2939 ejus-

206 2963 331 3019 dem
383 2962 503 3018 ﬁdei
557 2963 725 3034 gloria
779 2962 983 3019 diutius
1034 2972 1182 3021 stare
1225 2961 1589 3033 concupiscit.
1638 2960 1822 3016 Palma

208 3056 445 3112 inferius
468 3059 729 3113 corticum
759 3073 978 3112 suarum
1010 3058 1440 3113 involutionibus
1470 3063 1819 3127 angustatur,

207 3150 304 3205 sed
341 3150 596 3221 superius
643 3150 999 3221 amplitudine
1029 3150 1267 3221 pulchrae
1297 3151 1587 3207 viriditatis
1616 3165 1821 3221 expan-

208 3200 304 3205 _-_
341 3200 593 3221 -_,_____
644 3200 998 3221 ____,_____-__-
1031 3200 1266 3221 ,__-___
1622 3200 1788 3221 -.-τη

207 3242 392 3299 ditur:
435 3244 515 3300 sic
547 3244 844 3301 electorum
875 3244 990 3299 vita
1018 3244 1246 3301 inferius
1287 3254 1372 3300 est
1401 3245 1680 3315 despecta,
1719 3244 1816 3300 sed
1846 3200 1894 3265 Ω

209 3336 475 3407 superius
490 3335 739 3408 pulchra.
768 3336 941 3393 [labet
961 3337 1219 3407 quiddam
1239 3347 1294 3393 et
1315 3336 1463 3392 aliud
1488 3338 1687 3407 palma,
1708 3351 1818 3407 quo

209 3444 239 3483 a
287 3429 509 3485 cunctis
550 3428 802 3485 arborum
841 3430 1131 3501 generibus
1160 3429 1341 3485 differt
1387 3448 1399 3483 :
1454 3431 1631 3485 omnis
1673 3429 1819 3485 enim

210 3521 386 3576 arbor
408 3536 530 3592 qua!
556 3521 612 3578 in
640 3536 738 3577 suo
765 3522 965 3578 robore
989 3522 1142 3591 juxta
1159 3529 1359 3577 terram
1374 3531 1526 3577 vaste
1550 3522 1818 3589 subsistit,

210 3612 523 3669 crescendo
569 3614 818 3683 superius
862 3622 1211 3682 angustatur;
1254 3622 1307 3671 et
1346 3624 1603 3685 quantum
1653 3614 1823 3684 pauli-

211 3718 346 3775 sper
377 3704 687 3774 sublimior,
724 3714 932 3760 tantum
966 3706 1019 3760 in
1059 3706 1225 3761 altum
1264 3705 1508 3761 redditur
1539 3707 1820 3761 subtilior:

212 3795 400 3865 palma
448 3811 579 3852 vero
608 3796 677 3852 ab
709 3797 832 3852 imis
874 3796 1112 3864 inchoat,
1143 3806 1197 3853 et
1218 3796 1367 3867 juxta
1398 3813 1579 3852 ramos
1608 3812 1671 3853 ac
1710 3797 1824 3853 fru-

212 3898 336 3943 ctus
361 3889 617 3960 ampliori
644 3890 843 3945 robore
860 3890 1102 3960 exsurgit
1126 3907 1138 3942 :
1173 3899 1227 3944 et
1255 3905 1373 3959 qua:
1400 3891 1577 3944 tenuis
1604 3890 1672 3944 ab
1702 3890 1823 3946 imis

210 3980 468 4050 proﬁcit,
499 3984 702 4038 vastior
736 3982 803 4038 ad
836 3998 1101 4038 summam
1132 3982 1446 4038 succrescit.
1480 3982 1687 4048 Quibus
1716 3982 1823 4037 ita-

212 4089 323 4145 que
357 4073 489 4129 talia
517 4074 757 4141 arbusta,
787 4074 889 4130 nisi
914 4074 1145 4131 terrenis
1174 4075 1448 4130 mentibus
1475 4074 1826 4131 inveniuntur

214 4182 343 4224 esse
391 4167 613 4233 similia,
666 4168 889 4225 inferius
920 4177 1093 4234 vasta,
1125 4169 1376 4239 superius
1406 4178 1670 4238 angusta:
1703 4169 1825 4239 quia

212 4260 489 4317 nimirum
514 4275 703 4317 omnes
737 4261 899 4331 hujus
928 4261 1110 4317 saeculi
1136 4262 1479 4331 dilectiones,
1510 4261 1564 4316 in
1595 4262 1826 4317 terrenis

211 4355 392 4411 rebus
430 4362 559 4409 sunt
590 4353 778 4420 fortes,
822 4355 874 4409 in
916 4353 1227 4410 coelestibus
1257 4354 1505 4410 debiles:
1549 4369 1649 4425 pro
1685 4364 1827 4411 tem-

213 4450 403 4520 porali
446 4449 614 4521 gloria
657 4464 825 4519 usque
866 4448 933 4503 ad
964 4459 1196 4505 mortem
1232 4448 1501 4504 desudare
1540 4457 1826 4520 appetunt,

215 4552 273 4598 et
304 4557 413 4613 pro
442 4555 541 4612 spe
571 4552 828 4611 perpetua
857 4557 926 4597 ne
956 4555 1141 4611 parum
1168 4540 1386 4611 quidem
1418 4542 1471 4596 in
1496 4540 1684 4597 labore
1706 4541 1831 4597 sub«

217 4635 475 4692 sistunt:
519 4648 616 4703 pro
654 4634 887 4689 terrenis
923 4633 1091 4689 lucris
1129 4632 1398 4704 quaslibet
1428 4633 1656 4703 injurias
1693 4634 1830 4690 tole-

216 4739 371 4798 rant,
399 4738 462 4785 et
494 4742 591 4798 pro
618 4728 825 4785 cmlesti
870 4726 1120 4784 mercede
1163 4727 1247 4784 vel
1280 4728 1624 4783 tenuissimas
1668 4728 1830 4785 unius

217 4824 380 4881 verbi
428 4822 790 4879 contumelias
830 4821 973 4878 ferre
1017 4830 1293 4877 recusant.
1333 4820 1467 4876 Nam
1507 4831 1567 4877 ut
1611 4832 1831 4878 terreno

214 4916 401 4989 judici
435 4924 578 4970 totos
607 4915 727 4972 dies
757 4914 1033 4983 assistant,
1069 4914 1233 4970 fortes
1275 4924 1440 4970 sunt:
1484 4916 1539 4969 in
1585 4915 1831 4972 oratione

218 5024 362 5066 vero
392 5023 581 5065 coram
628 5008 885 5076 Domino,
918 5008 1001 5063 vel
1037 5008 1200 5063 unius
1237 5007 1385 5064 horae
1422 5019 1698 5064 momento
1724 5009 1833 5065 las-

218 5113 446 5160 santur.
476 5103 632 5171 Saepe
662 5102 982 5167 nuditatem,
1015 5100 1247 5173 vigilias,
1270 5101 1491 5168 famem,
1526 5118 1622 5174 pro
1648 5102 1834 5173 acqui-

219 5197 421 5256 rendis
462 5195 669 5251 divitiis
718 5204 771 5251 et
809 5195 1110 5250 honoribus
1157 5196 1420 5261 tolerant,
1461 5204 1517 5251 et
1558 5196 1724 5251 multa
1773 5210 1833 5252 se

220 5291 566 5348 abstinentia
604 5288 869 5344 cruciant.
909 5288 979 5343 At
1017 5297 1208 5344 contra
1260 5303 1327 5343 ex
1371 5288 1681 5358 aequalitate
1720 5289 1835 5358 pal-

220 5401 449 5443 marum
479 5382 791 5453 designatur
831 5382 1121 5452 proﬁciens
1148 5382 1256 5437 vita
1290 5382 1581 5453 iustorum,
1619 5382 1712 5452 qui
1742 5398 1835 5438 ne-

220 5491 507 5549 quaquam
554 5476 606 5529 in
646 5472 878 5529 terrenis
919 5473 1119 5529 studiis
1154 5482 1279 5529 sunt
1312 5474 1501 5538 fortes,
1531 5482 1588 5529 et
1631 5474 1683 5529 in
1715 5489 1831 5531 coe-

220 5570 473 5627 lestibus
506 5567 746 5635 debiles;
791 5566 888 5623 sed
930 5566 1145 5637 longius
1185 5576 1348 5636 atque
1391 5565 1680 5621 distantius
1727 5576 1834 5621 stu-

223 5663 429 5719 diosos
455 5675 516 5716 se
540 5660 648 5714 Deo
670 5658 949 5725 exhibent,
976 5673 1133 5729 quam
1167 5658 1364 5714 steculo
1384 5656 1550 5712 fuisse
1571 5656 1837 5713 memine-

222 5762 394 5815 runt.
424 5753 697 5823 Scriptum
728 5759 811 5807 est
835 5751 1017 5822 itaque
1047 5761 1217 5819 recte,
1253 5761 1310 5805 ut
1335 5749 1625 5805 admonui:
1653 5748 1837 5807 Justus

226 5864 294 5913 ut
329 5853 511 5927 palma
550 5850 792 5917 ﬁorebit;
828 5859 882 5906 et
912 5858 1129 5907 caetera.
1161 5846 1344 5919 Cedri,
1385 5846 1706 5906 excelsioris
1736 5861 1838 5917 po-

574 5944 849 6010 PATROL.
898 5943 962 6002 L.

1852 4589 1910 4652 D

1913 1946 2161 2002 nagoga;
2194 1947 2317 2003 quae
2341 1932 2480 1989 bene
2505 1933 2722 1988 condita
2753 1935 2973 2005 propria
3002 1944 3195 2004 sponte
3225 1944 3310 1992 est
3334 1936 3509 2007 lapsa,

1914 2032 1969 2080 et
1998 2024 2230 2079 fructum
2265 2026 2520 2095 praecepti
2552 2026 2670 2092 Dei,
2702 2026 2787 2081 vel
2826 2026 2983 2081 bona:
3019 2028 3353 2097 operationis
3402 2046 3513 2086 non

1917 2116 2180 2184 protulit:
2214 2116 2360 2171 unde
2391 2115 2445 2171 in
2473 2131 2537 2172 ea
2568 2118 2798 2173 fructum
2847 2118 3109 2174 Dominus
3142 2120 3316 2176 tribus
3355 2122 3514 2178 annis

1917 2210 2234 2282 exquisivit,
2282 2225 2383 2267 nec
2414 2210 2653 2267 invenit:
2685 2211 2810 2282 quia
2841 2227 2958 2267 eam
2987 2215 3089 2270 sub
3129 2214 3289 2269 tribus
3318 2224 3513 2284 tempo-

1918 2305 2059 2360 ribus
2091 2302 2248 2376 (Luc.
2274 2320 2394 2370 xm,
2425 2302 2506 2377 7),
2536 2303 2590 2358 id
2617 2312 2719 2372 est,
2750 2314 2877 2362 ante
2908 2306 3103 2376 legem,
3127 2307 3228 2363 sub
3248 2308 3389 2378 lege,
3412 2308 3514 2364 sub

1920 2398 2093 2470 gratia
2122 2396 2489 2463 admonendo,
2520 2396 2789 2453 visitando
2819 2399 3122 2468 requisivit.
3167 2402 3310 2455 Ante
3336 2401 3516 2471 legem

1922 2493 2195 2565 parcendo
2232 2492 2522 2558 sustinuit;
2570 2491 2673 2547 sub
2715 2492 2911 2562 gratia,
2956 2494 3080 2562 quia
3126 2493 3519 2549 incarnationis

1921 2602 2035 2642 sua:
2057 2586 2400 2656 praesentiam
2425 2583 2731 2640 exhibendo
2758 2584 3111 2649 monstravit;
3144 2583 3200 2638 in
3228 2583 3368 2655 lege,
3391 2585 3519 2655 quia

1924 2679 2286 2751 praecipiendo
2313 2677 2531 2733 docuit:
2556 2674 2756 2747 quibus
2776 2684 2957 2732 tamen
2984 2676 3159 2731 tribus
3182 2677 3520 2744 temporibus

1923 2774 2259 2831 infructuosa
2300 2771 2585 2839 remansit,
2613 2780 2671 2827 et
2694 2785 2723 2824 a
2749 2770 3024 2825 radicibus
3052 2758 3212 2824 aruit.
3256 2770 3521 2841 Sycomo-

1922 2883 2037 2935 rus,
2068 2868 2202 2923 ﬁcus
2240 2866 2383 2921 fatua
2410 2864 2636 2920 dicitur:
2659 2878 2819 2933 quam
2843 2861 3069 2933 pusillus
3091 2860 3342 2917 Zachteus
3363 2860 3522 2916 subiit

1923 2960 2077 3031 (Luc.
2109 2976 2224 3026 xix,
2266 2959 2350 3029 4),
2389 2966 2444 3014 et
2491 2957 2780 3013 Dominum
2811 2956 2980 3011 vidit:
3032 2955 3153 3026 quia
3196 2958 3285 3027 qui
3333 2959 3521 3014 mundi

1924 3056 2247 3127 sapientiam
2300 3050 2577 3108 humiliter
2624 3051 2855 3121 eligunt,
2901 3049 3005 3120 ipsi
3056 3050 3150 3105 Dei
3199 3049 3523 3120 sapientiam

1927 3148 2201 3204 subtiliter
2246 3145 2537 3217 aspiciunt.
2564 3143 2869 3200 Prudenter
2896 3156 3242 3215 sycomorum
3274 3143 3524 3199 ascendi-

1925 3257 2067 3309 mus,
2098 3241 2145 3296 si
2178 3239 2408 3311 provide
2432 3253 2552 3294 eam
2592 3252 2713 3308 qua:
2741 3234 2999 3291 divinitus
3036 3236 3369 3305 praecipitur,
3407 3237 3524 3292 lau-

1924 3334 2163 3389 dabilem
2180 3341 2237 3388 et
2263 3331 2565 3402 sapientem
2588 3327 2889 3383 fatuitatem
2913 3336 3182 3382 tenemus.
3211 3326 3353 3394 Quid
3375 3326 3526 3382 enim

1923 3428 1977 3483 in
2009 3427 2113 3484 hoc
2151 3425 2356 3481 mundo
2395 3422 2738 3492 insipientius
2766 3434 2926 3489 quam
2959 3420 3159 3475 amissa
3206 3435 3311 3474 non
3375 3435 3526 3490 qum.

1924 3534 2082 3577 rere:
2110 3531 2362 3590 possessa
2405 3515 2612 3587 largiri,
2645 3513 2983 3583 rapientibus
3022 3513 3291 3581 relaxare,
3322 3514 3529 3570 nullam

1926 3630 2025 3686 pro
2071 3612 2308 3683 acceptis
2367 3608 2581 3679 injuriis
2637 3605 2890 3678 injuriam
2937 3604 3331 3660 redderezsed
3369 3607 3528 3676 juxta

1927 3715 2258 3781 praeceptum
2282 3700 2645 3767 Dominicum,
2681 3698 2736 3753 in
2766 3696 3023 3753 omnibus
3046 3697 3360 3767 patientiam
3390 3712 3529 3767 prac~

1926 3802 2091 3859 bere?
2134 3798 2435 3870 Hyssopus,
2464 3793 2631 3849 herba
2661 3790 2901 3855 humilis,
2935 3798 2991 3845 et
3014 3789 3179 3859 lapidi
3211 3790 3261 3843 in
3295 3805 3401 3859 quo
3430 3806 3528 3845 na-

1928 3896 2101 3951 scitur
2125 3889 2367 3954 astricta,
2419 3884 2576 3955 cujus
2612 3882 2827 3939 radices
2872 3895 3063 3936 saxum
3112 3889 3400 3950 penetrare
3440 3881 3528 3937 di-

1927 3996 2154 4043 cuntur:
2188 3982 2305 4054 ipsa
2328 3992 2460 4035 vero
2486 3976 2761 4047 praecipue
2792 3974 3079 4045 pulmones
3110 3982 3282 4029 curat.
3314 3973 3373 4029 In
3404 3976 3525 4044 pul-

1930 4092 2092 4136 mone
2122 4083 2337 4131 notatur
2364 4068 2653 4141 superbia:
2680 4067 2795 4122 illic
2823 4065 3049 4130 inﬂatio,
3083 4065 3199 4121 illic
3227 4065 3523 4123 anhelitus.

1930 4172 1990 4228 In
2018 4172 2255 4242 hyssopo
2292 4165 2457 4236 igitur
2485 4160 2802 4231 designatur
2841 4157 3118 4213 humilitas
3147 4165 3204 4214 et
3244 4159 3527 4228 patientia.

1931 4264 2233 4326 Rhamnus,
2255 4260 2461 4321 urticae,
2489 4253 2697 4318 cardui,
2729 4259 2936 4319 sentes,
2962 4250 3176 4320 paliuri,
3194 4250 3376 4308 herbae
3397 4267 3530 4310 acu-

1932 4358 2034 4415 leis
2063 4354 2275 4411 refertae
2299 4368 2312 4405 :
2344 4348 2650 4420 signiﬁcant
2675 4346 2938 4412 immites,
2962 4342 3208 4414 dolosos,
3235 4345 3530 4416 superbos,

1933 4460 1989 4507 et
2031 4461 2225 4505 omnes
2251 4441 2546 4514 improbos,
2580 4452 2717 4510 quos
2743 4437 2926 4493 nullus
2953 4435 3217 4492 bonorum
3248 4440 3329 4493 vel
3375 4453 3532 4495 man-

1936 4551 2212 4600 suetorum
2233 4543 2409 4609 potest
2431 4532 2767 4602 contingere,
2794 4530 2877 4585 vel
2900 4530 3163 4601 castigare
3183 4530 3302 4587 sine
3323 4531 3532 4588 doloris

1935 4628 2375 4703 compunctione.
2408 4626 2542 4683 Item
2564 4620 2869 4694 signiﬁcant
2894 4620 3046 4689 vitia,
3085 4629 3141 4678 et
3170 4623 3532 4680 tentationum

1935 4725 2264 4783 inﬁictiones
2290 4738 2302 4773 ε
2343 4726 2402 4773 ut
2431 4717 2485 4772 in
2517 4715 2712 4771 Genesi
2737 4730 2750 4766 :
2795 4712 2990 4781 Spinas
3016 4720 3063 4765 et
3093 4713 3308 4768 tributos
3336 4716 3531 4786 germi-

1935 4818 2077 4874 nabit
2124 4815 2215 4870 tibi
2270 4810 2423 4881 (Gen.
2452 4824 2534 4875 tu,
2585 4805 2695 4877 18).
2738 4804 3120 4875 Malagranata,
3172 4805 3415 4862 Ecclesia
3462 4807 3534 4865 de

1935 4912 2121 4970 multis
2142 4906 2391 4981 gentibus
2414 4904 2531 4959 sive
2554 4901 2800 4955 diversas
2812 4900 3016 4969 gratias
3043 4898 3283 4955 habens:
3306 4900 3363 4957 in
3390 4901 3533 4957 Can-
3599 4969 3605 4975 .

1937 5008 2062 5063 ticis
2086 5002 2421 5061 canticorum
2448 5014 2462 5049 :
2494 4993 2811 5049 Emissiones
2842 4999 2945 5047 tute
2976 4992 3245 5061 paradisus
3271 4995 3534 5065 matagra-
3588 5004 3597 5012 ‘

1943 5107 2183 5156 natorum
2205 5107 2321 5146 cum
2343 5092 2515 5162 fructu
2538 5100 2805 5156 pomorum
2830 5082 3092 5156 (Cant.tv,
3121 5084 3360 5156 5).Alias
3388 5084 3533 5141 mala

1940 5189 2316 5258 intelliguntur
2362 5182 2569 5236 fructus
2621 5177 2777 5232 bonae
2829 5176 3163 5246 operationis
3210 5190 3333 5230 cum
3385 5176 3535 5234 bono

1939 5284 2130 5347 odore,
2153 5279 2204 5334 id
2227 5284 2330 5341 est,
2359 5273 2531 5344 gratia
2554 5271 2709 5325 bona:
2730 5268 2908 5337 famas,
2933 5278 2988 5324 et
3009 5283 3219 5323 morum
3244 5267 3530 5326 fructibus.

1940 5372 2186 5437 Arundo,
2227 5373 2499 5439 peccator,
2545 5362 2626 5418 vel
2656 5361 2860 5432 fragilis
2900 5360 2953 5415 in
2986 5361 3113 5429 ﬁde,
3145 5360 3231 5415 vel
3265 5363 3318 5415 in
3352 5362 3537 5432 aliqua

1939 5465 2263 5524 tentatione:
2296 5460 2349 5514 in
2380 5455 2714 5526 Evangelio:
2761 5452 3077 5506 Arundinem
3106 5461 3400 5523 quassatam
3430 5471 3537 5511 non

1939 5558 2222 5629 confringet
2262 5548 2481 5623 (Matth.
2528 5563 2625 5611 xu,
2657 5544 2775 5616 20).
2817 5543 2948 5599 ltem
2995 5544 3223 5609 arundo,
3256 5544 3536 5603 inﬁrmum

1940 5652 2233 5711 auxilium:
2266 5648 2318 5702 in
2350 5642 2539 5699 Esaia:
2564 5638 2704 5707 Quid
2731 5637 2949 5706 conﬁdis
2975 5637 3029 5690 in
3057 5638 3238 5692 baculo
3259 5639 3358 5694 isto
3374 5655 3538 5694 arun-

1944 5750 2093 5803 dinea
2117 5737 2406 5814 .Egyplio?
2431 5733 2518 5790 cui
2549 5732 2594 5787 si
2614 5728 2731 5799 quis
2755 5728 3062 5795 incubuerit,
3087 5732 3535 5802 conquassabimr,

1943 5853 1991 5899 et
2021 5836 2301 5914 perforabit
2325 5840 2533 5887 manum
2572 5821 2755 5894 ejus...
2797 5817 2951 5972 (13:.
2992 5836 3177 5893 xxxvr,
3212 5821 3291 5895 6).
3319 5822 3534 5901 Bubus,
