4018 6338
218 367 317 431 με

961 362 1167 421 LIBER
1208 360 1689 427 FORMULARUM
1730 359 2111 419 SPlRlTALlS
2154 354 2733 416 lNTEl.LlGENTUE.

3397 368 3500 427 750

144 457 154 473 '
215 485 503 558 Evangel.:
546 484 616 540 Et
648 484 767 556 fecit
794 498 965 539 ramos
994 500 1208 553 magnos
1235 523 1251 548 ,
1283 483 1356 536 ita
1385 487 1441 535 ut
1469 490 1675 551 possent
1704 479 1799 533 sub
1827 486 1877 544 Δ
1906 480 2094 551 (Prov.
2128 495 2260 547 xxx,
2298 480 2409 550 17).
2438 480 2571 537 Item
2600 480 2656 535 in
2678 479 2874 535 bonam
2901 488 3129 551 partem.
3174 482 3236 538 In
3254 482 3498 543 Cantieis

214 582 395 637 umbra
421 581 531 651 ejus
571 595 688 633 aves
727 578 839 634 ctuti
864 576 1098 631 habitare
1120 574 1314 649 (Marc.
1344 590 1418 644 rv,
1442 573 1557 644 52).
1602 572 1808 629 Intelli-

212 686 411 747 guntur
450 676 612 730 etiam
648 688 742 744 per
771 687 897 728 aves
929 669 1212 741 superﬂuae
1236 667 1590 740 cogitationes
1610 707 1627 735 ,
1659 664 1804 737 quod

214 776 549 824 monstratur
576 781 673 836 per
718 764 1002 830 Abraham,
1053 763 1143 832 qui
1187 778 1304 815 cunt
1339 759 1655 829 sacriﬁcium
1697 756 1807 813 Deo

213 858 420 927 oﬂ'erret
451 899 469 923 ,
519 858 830 912 insistentes
858 868 986 910 aves
1014 852 1322 924 perferebat
1348 893 1364 919 ,
1413 867 1544 923 quas
1572 849 1806 920 abigebat

214 950 370 1023 (Gen.
396 965 496 1017 xv,
524 948 649 1022 ll):
696 948 844 1018 quod
876 947 1021 1003 enim
1064 946 1120 1001 in
1147 944 1408 1001 orationis
1434 941 1702 999 sacriﬁcio
1745 956 1807 998 se

213 1043 545 1114 importuna:
560 1040 924 1111 cogitationes
952 1038 1236 1109 ingerunt,
1260 1044 1314 1093 et
1341 1034 1578 1094 subortae
1597 1075 1613 1101 ,
1640 1031 1804 1089 corda

209 1138 478 1208 iustorum
504 1136 788 1208 polluant:
819 1134 917 1191 sed
942 1135 1073 1191 dum
1092 1133 1257 1189 citius
1278 1147 1441 1188 manu
1460 1128 1805 1186 discretionis

210 1232 526 1302 abiguntur,
562 1231 755 1287 festive
779 1230 982 1302 agitur,
1037 1244 1107 1285 ne
1150 1226 1333 1283 cordis
1380 1225 1577 1281 {aciem
1629 1224 1806 1294 caligo

211 1325 532 1383 tentationis
551 1326 783 1397 operiat,
812 1340 932 1396 qua:
959 1331 1087 1379 ante
1112 1322 1225 1392 jam
1267 1334 1335 1375 ex
1363 1318 1545 1374 illicita
1566 1317 1807 1373 delecta-

210 1421 358 1476 tione
420 1418 691 1490 tangebat.
761 1416 1026 1481 Volatus,
1084 1419 1395 1467 sanctorum
1441 1421 1700 1465 excessus
1749 1407 1806 1462 in

209 1517 407 1586 Deum,
437 1518 521 1573 vel
551 1517 605 1571 in
634 1512 932 1584 Scripturis
962 1510 1289 1565 intellectus.
1329 1508 1387 1562 in
1411 1505 1586 1562 Psal.:
1618 1502 1688 1559 Et
1716 1517 1805 1556 vo-

209 1611 323 1665 labo
363 1622 411 1665 et
456 1610 772 1680 requiescam
803 1604 921 1678 (Ps.
953 1620 1058 1669 LIV,
1094 1602 1172 1674 7).
1221 1601 1511 1667 Volucres,
1562 1600 1615 1654 in
1658 1597 1805 1657 bono

208 1703 561 1773 accipiuntur
592 1743 607 1767 ,
636 1712 697 1754 ut
718 1698 786 1754 de
812 1697 1002 1752 avibus
1027 1695 1280 1750 diximus.
1315 1693 1375 1748 ln
1405 1690 1552 1746 malo
1580 1697 1757 1747 autem
1782 1728 1801 1757 ,

208 1797 447 1866 superba
472 1794 739 1850 diemonia
768 1790 1073 1862 designant,
1120 1797 1181 1846 ut
1226 1790 1279 1841 in
1318 1785 1575 1857 Evangel.
1622 1784 1806 1839 Domi-

1908 574 2241 635 canticorum
2275 574 2343 630 de
2366 588 2608 645 sponso:
2641 575 2817 630 Crines
2837 577 2949 645 ejus
2994 586 3051 633 ut
3076 577 3261 634 abietes
3284 621 3299 645 ,
3360 582 3497 655 nigrs

1907 667 2041 722 sicut
2064 666 2201 720 corvi
2225 664 2401 735 (Cant.
2428 682 2479 733 v,
2510 666 2618 738 ll).
2674 666 2891 735 Perdix,
2937 668 3204 726 diabolus.
3244 671 3305 727 In
3367 689 3497 741 pro-

1909 760 2068 831 pheta
2097 778 2110 814 :
2135 758 2394 815 Clamavit
2420 761 2607 831 perdix
2631 805 2645 829 ,
2676 764 3005 834 congregavit
3033 780 3147 834 qua
3168 780 3271 821 non
3302 768 3498 839 peperit

1909 854 2045 926 (Jer.
2077 870 2214 919 xvii,
2246 855 2359 926 tl).
2383 853 2668 921 Columba,
2702 856 2936 926 Spiritus
2956 870 3201 915 sanctus.
3227 859 3286 917 In
3315 862 3495 919 Evan-

1908 948 2081 1019 gelio:
2112 948 2182 1003 Et
2206 949 2311 1004 vidi
2356 950 2615 1020 Spiritum
2657 949 2754 1005 Dei
2799 952 3187 1009 descendentem
3224 957 3358 1012 sicut
3403 974 3494 1014 co-

1909 1040 2133 1096 lumbam
2156 1040 2343 1114 (Joan.
2378 1058 2416 1108 ι,
2446 1042 2721 1111 5%).Jtem
2766 1045 2821 1100 in
2849 1047 3043 1102 malam
3074 1055 3310 1117 partem,
3344 1059 3402 1106 ut
3441 1053 3497 1109 in

1907 1137 2201 1206 propheta:
2222 1135 2290 1189 Et
2313 1139 2478 1207 factus
2495 1135 2749 1207 Ephraim
2771 1140 2919 1206 quasi
2942 1141 3177 1196 columba
3201 1144 3309 1197 sine
3319 1160 3493 1212 sensu,

1907 1244 2009 1282 non
2030 1227 2223 1283 habens
2242 1244 2330 1283 cor
2356 1226 2573 1299 (Ezech.
2604 1244 2697 1297 vn,
2726 1228 2840 1301 ll).
2873 1231 3088 1302 Turtur,
3114 1233 3344 1304 Spiritus
3371 1252 3496 1293 san-

1906 1330 2028 1376 ctus
2048 1361 2063 1387 ,
2091 1329 2185 1377 aut
2202 1322 2286 1376 vir
2306 1332 2524 1377 sanctus
2558 1366 2571 1390 ,
2597 1329 2690 1376 aut
2718 1322 3074 1394 intelligentia
3101 1328 3382 1396 spiritalis.
3434 1330 3495 1386 In

1907 1413 2145 1471 Canticis
2183 1415 2552 1473 canticorum:
2596 1414 2709 1471 Vox
2737 1418 2951 1472 turturis
2977 1420 3159 1473 audita
3188 1430 3259 1475 est
3280 1422 3335 1477 in
3361 1433 3498 1481 terra

1906 1515 2085 1561 nostra
2115 1506 2283 1579 (Cant.
2305 1523 2363 1574 ιι,
2399 1507 2637 1579 12).8θά
2674 1518 2799 1565 tunc
2826 1511 3077 1566 columba
3110 1512 3344 1582 Spiritus
3372 1531 3499 1572 san-

1906 1611 2025 1659 ctus
2055 1602 2254 1658 dicitur
2276 1604 2490 1673 quando
2530 1602 2823 1675 Scriptura:
2851 1620 3019 1661 sacrm
3050 1605 3330 1664 manifesta
3379 1609 3493 1664 dis-

1907 1695 2076 1750 sertio
2105 1702 2210 1750 est.
2244 1696 2395 1750 Tunc
2427 1710 2557 1751 vero
2582 1705 2763 1752 turtur
2787 1698 3021 1767 Spiritus
3047 1708 3265 1756 sanctus
3298 1680 3499 1759 intelli-

1910 1789 2077 1859 gitur,
2104 1803 2227 1844 cum
2278 1789 2574 1858 Scriptura:
2602 1789 2726 1845 altis
2772 1798 2932 1862 atque
2960 1792 3205 1848 obscuris
3228 1797 3499 1866 mysteriis

210 1906 309 1945 nus
336 1908 350 1942 :
384 1890 544 1944 Aliud
570 1906 739 1944 semen
769 1887 947 1944 cecidit
973 1902 1120 1941 secus
1164 1884 1320 1950 viam,
1348 1890 1399 1936 et
1428 1881 1657 1935 volucres
1693 1876 1806 1933 caeli
1836 1883 1884 1947 B
1910 1881 2210 1939 elevantur.
2262 1882 2529 1937 Columba
2561 1885 2724 1939 etiam
2752 1884 3173 1955 simplicitatem,
3204 1895 3379 1944 turtur
3411 1890 3497 1945 in-

207 1985 538 2036 contederunt
563 1981 695 2036 illud
718 1981 873 2053 (Luc.
906 1994 1024 2045 vnt,
1055 1976 1142 2049 5):
1175 1977 1300 2047 quia
1336 1973 1554 2044 maligni
1580 1970 1807 2042 spiritus

207 2074 479 2131 humanas
501 2085 712 2131 mentes
731 2073 1067 2142 obsidentes,
1093 2072 1219 2126 dum
1244 2069 1596 2139 cogitationes
1618 2068 1809 2121 noxias

206 2169 485 2239 ingerunt,
513 2169 739 2225 verbum
766 2170 888 2223 vita:
919 2183 949 2222 e
972 2166 1233 2221 memoria
1252 2162 1520 2219 evellunt.
1552 2159 1808 2227 Alae,duo

206 2261 583 2319 Testamenta.
610 2263 666 2317 ln
695 2260 1008 2318 Ezechiele:
1046 2257 1460 2329 Unumquodque
1486 2254 1689 2308 duabus
1707 2254 1808 2308 alis

206 2356 413 2410 velabat
439 2373 625 2427 corpus
655 2372 803 2410 suum
828 2353 1047 2426 (Ezech.
1075 2368 1116 2418 1,
1144 2350 1259 2422 Q5).
1305 2349 1443 2404 Sunt
1472 2347 1635 2404 etiam
1664 2345 1765 2399 alat
1787 2384 1805 2411 ,

208 2450 444 2505 virtutes
494 2457 805 2503 sanctorum
831 2488 847 2513 ,
880 2462 974 2517 per
1003 2459 1140 2515 quas
1174 2443 1243 2498 ad
1293 2440 1808 2509 contemplationem

209 2544 293 2599 vel
325 2544 400 2597 ad
425 2542 666 2599 coelestia
693 2542 948 2597 evolant:
972 2539 1052 2594 vel
1082 2537 1347 2608 proiectio
1377 2536 1575 2589 divina.
1610 2534 1809 2589 Pennas

207 2636 537 2707 Scriptura).
578 2637 636 2692 In
685 2636 933 2707 psalmo:
988 2634 1181 2687 Pennas
1228 2630 1477 2686 columba:
1528 2636 1811 2697 argentata;

208 2727 332 2801 (Ps.
370 2746 544 2797 vau,
574 2730 686 2801 14).
719 2729 906 2796 Nidus,
938 2728 1203 2791 Ecclesia,
1227 2734 1319 2781 aut
1344 2726 1561 2795 requies
1589 2723 1809 2779 excelsa

207 2824 438 2880 sanctis.
464 2824 522 2879 ln
547 2824 715 2895 psal.:
740 2823 812 2877 Et
854 2831 1019 2876 turtur
1047 2821 1229 2875 nidum
1272 2820 1405 2884 sibi,
1455 2818 1541 2872 ubi
1594 2826 1811 2887 reponat

206 2919 385 2987 pullos
412 2934 536 2972 suos
566 2916 685 2988 (Ps.
709 2931 935 2983 uxxrtt,
983 2913 1067 2985 4).
1098 2914 1161 2967 Et
1194 2912 1351 2967 aliter
1376 2952 1390 2977 ,
1436 2910 1596 2965 nidus
1622 2950 1636 2973 ,
1666 2910 1809 2965 bona

205 3009 549 3065 conscientia
578 3049 593 3075 ,
644 3010 695 3062 in
720 3022 825 3078 qua
852 3007 1117 3061 bonarum
1148 3004 1531 3075 cogitationum
1554 3001 1698 3056 fetus
1723 3000 1807 3054 io-

206 3111 410 3158 ventur
435 3147 449 3171 ,
477 3112 636 3173 atque
659 3102 713 3157 in
745 3116 912 3171 opere
935 3100 1218 3169 pariuntur
1242 3140 1257 3166 ,
1287 3105 1343 3151 ut
1376 3106 1561 3167 postea
1590 3095 1684 3150 lilii
1713 3109 1809 3165 ap-

206 3195 508 3265 pellentur.
554 3194 612 3249 in
642 3194 884 3264 psalmo:
920 3190 1051 3247 Filii
1079 3193 1188 3259 tui,
1235 3192 1364 3244 sicut
1396 3188 1607 3244 novella:
1649 3189 1810 3243 oliva-

1910 1974 2054 2030 dicat
2072 1981 2400 2042 castitatem,
2429 1977 2553 2046 quia
2575 2018 2590 2043 ,
2624 1976 2827 2031 amisso
2868 1977 3043 2046 primo
3073 1980 3321 2052 conjuge,
3354 1981 3495 2038 ultra

1909 2066 2115 2123 socium
2142 2084 2249 2123 non
2277 2069 2524 2138 requirit.
2554 2068 2745 2124 Milvus
2772 2070 3058 2140 signiﬁcat,
3082 2082 3141 2126 ut
3170 2083 3317 2142 puto,
3343 2090 3499 2145 rapa-

1909 2177 2026 2217 cem
2058 2202 2072 2226 ,
2108 2164 2192 2217 vel
2220 2163 2443 2218 elatum.
2496 2164 2553 2218 In
2581 2164 2819 2234 psalmo,
2873 2166 3167 2220 secundum
3200 2166 3497 2225 Hebraeos:

1911 2256 2059 2311 Milvi
2088 2255 2237 2312 abies
2266 2256 2461 2311 domus
2489 2265 2595 2312 est.
2624 2258 2895 2327 Accipiter
2915 2302 2928 2327 ,
2958 2259 3227 2314 interdum
3255 2271 3497 2329 sanctus,

1913 2358 1971 2402 ut
1994 2350 2379 2418 puto,rapiens
2398 2365 2619 2420 regnum
2646 2349 2879 2419 Dei:qui
2902 2359 3100 2405 mutata
3130 2354 3296 2409 veteri
3326 2368 3501 2424 penna

1910 2449 2279 2507 renovatur,et
2298 2440 2895 2511 projiciensinveterata
2912 2442 3084 2499 studia
3106 2444 3307 2500 dolosae
3332 2448 3502 2502 actio-

1912 2531 1996 2586 nis
2019 2575 2034 2599 ,
2083 2533 2361 2603 simplices
2390 2541 2543 2589 actus
2584 2535 2809 2590 assumit
2832 2536 2973 2592 bene
3004 2537 3244 2595 vivendi.
3272 2538 3327 2594 ln
3358 2540 3501 2595 Job:

1914 2625 2180 2695 Numquid
2204 2627 2260 2679 in
2291 2628 2543 2696 sapientia
2590 2634 2679 2681 tua
2710 2628 2981 2697 plumcscit
3007 2630 3292 2701 accipiter?
3320 2633 3504 2704 Nycti-

1912 2714 2073 2773 corak
2112 2718 2398 2784 Christus,
2432 2719 2515 2774 vel
2544 2719 2626 2775 vir
2650 2728 2870 2776 sanctus
2913 2721 3218 2781 inﬁdelibus
3259 2725 3503 2796 despica-

1912 2813 2057 2869 bilis.
2081 2814 2138 2868 ln
2174 2816 2411 2885 psalmo:
2440 2812 2633 2872 Factus
2661 2834 2776 2872 sum
2820 2820 2951 2873 sicut
2980 2821 3283 2892 nycticorax
3309 2824 3363 2879 in
3405 2826 3503 2880 do-

1911 2909 2101 2963 micilio
2134 2908 2252 2980 (Ps.
2285 2925 2357 2977 Cl,
2392 2907 2468 2980 7).
2500 2910 2694 2967 Passer
2720 2953 2735 2978 ,
2786 2928 3188 2986 nonnumquam
3218 2917 3502 2986 Dominus,

1912 3013 2003 3057 aut
2034 3004 2116 3057 vir
2145 3015 2387 3058 sanctus.
2416 3002 2475 3058 In
2506 3005 2742 3072 psalmo:
2767 3004 2973 3061 Etenim
2997 3025 3176 3079 passer
3196 3010 3387 3067 invenit
3406 3014 3505 3068 sibi

1911 3096 2117 3149 domum
2144 3094 2261 3168 (Ps.
2297 3096 2613 3168 Lxxxrtt,4).
2642 3098 2708 3152 Et
2727 3098 2881 3167 alibi,
2903 3101 3501 3176 quilibetChristianus,

1911 3187 1999 3243 cui
2016 3186 2083 3241 ab
2096 3186 2367 3243 haereticis
2383 3187 2597 3253 dicitur,
2614 3190 2707 3258 qui
2738 3190 3129 3263 Christum,qui
3146 3195 3196 3249 in
3210 3196 3503 3267 Scripturis

205 3303 323 3340 rum
370 3288 427 3340 in
477 3287 695 3340 circuitu
747 3299 933 3339 mensa:
972 3294 1073 3339 ture
1131 3282 1249 3354 (Ps.
1290 3297 1502 3350 cxxvn,
1533 3282 1610 3351 5).
1639 3280 1803 3346 Pulli,
1834 3278 1881 3341 C
1912 3296 2067 3337 mons
2112 3283 2443 3347 nominatur,
2479 3296 2599 3337 sese
2643 3284 2989 3341 solummodo
3027 3298 3217 3358 putant
3266 3291 3499 3349 habere:

206 3379 411 3434 sancti.
448 3378 507 3433 In
539 3378 674 3447 psal.
696 3387 755 3432 ut
777 3391 960 3447 supra.
1007 3377 1159 3431 Sicut
1202 3376 1257 3430 in
1290 3375 1435 3430 libro
1463 3374 1601 3429 Job:
1662 3372 1811 3427 Pulli

206 3474 319 3543 ejus
380 3472 597 3528 lambent
641 3473 945 3541 sanguinem
994 3469 1114 3540 (Job
1156 3485 1322 3525 χχιιι
1352 3510 1366 3534 ,
1396 3468 1527 3533 50);
1573 3467 1716 3538 quod
1740 3467 1811 3522 de

208 3566 340 3620 ﬁliis
374 3574 575 3620 sancta:
597 3563 859 3620 Ecclesia:
886 3562 1082 3618 dicitur
1111 3602 1125 3628 ,
1152 3562 1244 3632 qui
1268 3562 1583 3630 sanguinem
1606 3559 1811 3615 Christi

210 3655 431 3712 bibunt.
459 3656 525 3711 Et.
554 3657 608 3710 in
639 3656 836 3711 malam
861 3663 1090 3725 partem.
1124 3654 1182 3707 In
1208 3654 1498 3709 Salomone
1523 3670 1535 3704 :
1570 3652 1638 3706 Et
1679 3652 1813 3722 pulli

209 3750 512 3819 aquilarum
535 3748 777 3804 devorent
818 3764 933 3802 eum
981 3745 1167 3820 (Prov.
1225 3762 1362 3814 xxx,
1419 3744 1527 3813 l7).
1583 3746 1812 3815 Aquilae,

208 3843 414 3899 sancti.
447 3841 508 3896 In
539 3842 830 3912 Evangelio
849 3860 860 3895 :
882 3841 992 3897 Ubi
1016 3842 1169 3912 fuerit
1192 3856 1378 3911 corpus
1403 3881 1417 3904 ,
1469 3840 1578 3893 illic
1600 3855 1816 3911 congre-

208 3937 483 4007 gabunttsr
506 3935 691 4004 aquila:
717 3932 935 4006 (Matth.
965 3948 1117 4001 xxiv,
1138 3931 1264 4001 28):
1308 3932 1432 4001 quia
1472 3931 1816 4002 egredientes

211 4036 423 4084 sancta:
456 4028 648 4081 animae
674 4025 742 4081 de
767 4039 997 4094 corpore
1026 4026 1094 4080 ad
1120 4024 1394 4080 Christum
1422 4064 1437 4091 ,
1470 4024 1561 4093 qui
1590 4039 1689 4095 pro
1709 4024 1816 4083 illis

210 4120 508 4177 moriendo
536 4117 766 4174 cadaver
807 4118 982 4173 factus
1011 4126 1094 4174 est
1118 4159 1134 4185 ,
1166 4126 1542 4189 aggregautur.
1578 4118 1773 4188 Aquila
1801 4159 1817 4185 ,

212 4213 500 4269 Christum
520 4213 682 4267 etiam
713 4210 1000 4282 signiﬁcat,
1032 4218 1092 4265 ut
1119 4210 1414 4267 Salomon:
1481 4209 1576 4264 Via
1628 4212 1819 4281 aquila:

209 4312 261 4364 in
294 4310 433 4365 creto
461 4306 646 4379 (Prov.
669 4321 806 4373 nx,
830 4303 950 4377 19),
976 4304 1029 4360 id
1057 4313 1139 4361 est
1160 4348 1174 4373 ,
1206 4304 1406 4360 Christi
1448 4305 1713 4360 ascensio.
1748 4304 1819 4359 Et

210 4403 265 4457 in
298 4402 510 4457 malam
553 4410 796 4469 partem:
848 4398 989 4454 Pulli
1032 4399 1333 4469 aquilarum
1377 4399 1643 4454 devorent
1666 4412 1813 4453 eum.

214 4493 280 4550 Ut
325 4495 383 4547 in
419 4492 691 4547 Hieremia
717 4535 731 4558 ,
786 4490 855 4547 de
879 4491 1126 4560 malignis
1153 4491 1465 4560 spiritibus:
1530 4490 1817 4546 Velociores

211 4586 429 4656 fuerunt
455 4593 801 4655 persecutores
828 4584 988 4638 nostri
1006 4583 1195 4653 aquilis
1226 4581 1444 4653 (Thren.
1473 4598 1550 4651 tv,
1578 4583 1689 4653 t9).
1715 4583 1819 4639 Per

1917 3372 2247 3447 Transmigra
2261 3375 2312 3427 in
2322 3384 2542 3429 montem
2555 3375 2685 3429 sicut
2700 3393 2873 3445 passer
2884 3377 3065 3448 (Ps.x,
3080 3381 3136 3451 2)
3150 3422 3162 3437 .
3180 3382 3387 3453 Gallus,
3406 3386 3505 3441 Do-

1914 3467 2172 3534 minus,ut
2188 3476 2435 3537 puto,aut
2451 3478 2689 3525 sanctus.
2710 3469 2767 3524 In
2783 3469 3075 3529 Salomone
3094 3488 3107 3530 :
3125 3473 3191 3528 Et
3208 3478 3378 3547 gallus
3395 3497 3507 3535 am~

1915 3562 2097 3615 bulans
2112 3562 2241 3615 inter
2254 3562 2475 3632 gallinas
2492 3562 2636 3616 laetus
2652 3562 2773 3635 (Pr.
2790 3580 2925 3629 xxx,
2946 3565 3058 3635 51).
3079 3566 3211 3623 Elin
3227 3569 3358 3626 Job:
3382 3574 3506 3640 Quis

1915 3653 2051 3707 dedit
2066 3652 2604 3726 gallointelligentiam
2621 3653 2744 3727 (Job
2761 3672 2791 3711 ιι
2804 3672 2987 3723 xxvm,
3002 3658 3115 3731 56).
3134 3661 3196 3715 Et
3210 3662 3261 3717 in
3277 3664 3508 3723 alteram

1917 3752 2123 3816 partem
2147 3761 2159 3799 :
2190 3745 2259 3798 Et
2287 3747 2548 3817 asportari
2577 3756 2626 3800 te
2650 3748 2839 3819 faciant
2862 3750 2990 3803 sicut
3018 3761 3315 3823 asportatur
3335 3756 3507 3827 gallus

1916 3842 2235 3913 gallinaceus
2262 3840 2397 3912 (Isa.
2433 3858 2566 3907 xm,
2590 3843 2711 3914 l7).
2745 3844 2884 3899 Galli
2906 3846 3125 3903 nomine
3157 3847 3508 3920 designantur

1915 3935 2302 4005 praedicatores
2322 3936 2492 3991 sancti
2520 3936 2631 4005 qui,
2664 3935 2807 3990 inter
2835 3938 3087 3995 tenebras
3109 3941 3233 4005 vitae
3265 3957 3505 4013 praesen-

1917 4026 2008 4094 tis,
2041 4027 2261 4082 student
2286 4035 2565 4082 venturam
2599 4028 2771 4083 lucem
2811 4029 3152 4098 praedicando
3182 4035 3333 4102 quasi
3381 4051 3508 4091 can—

1917 4119 2079 4175 tando
2119 4120 2400 4175 nuntiare:
2453 4121 2641 4175 dicunt
2664 4124 2847 4178 enim:
2893 4122 3009 4179 Nox
3033 4129 3345 4197 praecessit,
3390 4131 3507 4187 dies

1918 4223 2097 4268 autem
2125 4213 2599 4283 appropinquabit.
2630 4212 2815 4269 Gallus
2836 4216 2997 4271 etiam
3020 4218 3292 4273 succinctis
3323 4222 3508 4279 lumbis

1917 4306 2149 4361 incedere
2174 4307 2411 4360 scribitur
2436 4303 2620 4379 (Prov.
2655 4322 2782 4371 xxx,
2807 4307 2921 4378 51),
2965 4309 3089 4379 quia
3122 4311 3221 4380 ipsi
3247 4314 3508 4382 praedica-

1923 4407 2069 4454 tores
2090 4399 2263 4453 sancti
2289 4400 2431 4453 inter
2460 4397 2622 4468 hujus
2653 4399 2827 4454 noctis
2856 4400 3107 4456 tenebras
3138 4418 3322 4459 verum
3346 4422 3507 4469 mane

1920 4492 2230 4545 nuntiantes
2254 4530 2270 4555 ,
2330 4490 2386 4544 in
2415 4490 2674 4545 membris
2721 4491 2832 4546 suis
2858 4492 3086 4548 luxuria:
3117 4494 3263 4551 ﬂuxa
3284 4501 3510 4563 restrin-

1919 4590 2071 4652 gunt,
2096 4581 2291 4652 quibus
2317 4596 2349 4636 a
2374 4580 2601 4636 Domino
2618 4581 2835 4652 dicitur,
2867 4585 2983 4640 Sint
3006 4586 3163 4641 lumbi
3190 4592 3347 4648 vestri
3371 4609 3506 4666 prap-

208 4677 460 4747 aqnilam
511 4673 829 4745 designatur
853 4674 1015 4730 etiam
1045 4681 1602 4737 terrenatempestas.
1656 4672 2243 4745 Stru-Dcincti(Luc.
2291 4690 2387 4742 xu,
2416 4676 2527 4746 55).
2582 4674 2739 4731 Gallo
2793 4678 2952 4734 etiam
3001 4674 3355 4753 intelligentia
3413 4686 3510 4743 de.

213 4774 333 4831 thro
355 4816 369 4840 ,
403 4774 634 4844 quiltnet
656 4771 964 4831 haereticus,
998 4769 1089 4830 vel
1116 4764 1490 4836 philosophus,
1526 4760 1609 4814 vel
1644 4763 1815 4831 hypo-

211 4869 397 4934 crita,
432 4866 527 4936 qui
567 4864 719 4935 quasi
766 4878 888 4917 cum
930 4862 1121 4932 pennis
1150 4856 1425 4929 sapientiae
1475 4863 1593 4918 est,
1637 4861 1815 4909 tamen

179 4964 185 4973 '
212 4973 329 5015 non
358 4957 562 5013 evolat.
589 4958 649 5011 in
677 4956 812 5011 lsaia
847 4972 859 5007 :
895 4953 1007 5007 Erit
1028 4952 1194 5008 cubile
1214 4950 1519 5009 draconum,
1540 4955 1588 4998 et
1620 4958 1817 5011 pascua

210 5054 578 5109 struthionum
620 5049 757 5122 (Isti.
787 5064 971 5114 xxxrv,
1003 5047 1116 5115 15).
1155 5045 1222 5099 Et
1250 5039 1483 5097 struthio
1511 5052 1610 5093 ova
1640 5036 1814 5106 parit,

212 5145 318 5200 sed
356 5143 535 5213 pullos
563 5140 689 5196 inde
719 5153 824 5193 non
857 5139 1026 5192 nutrit
1054 5154 1068 5189 :
1111 5136 1233 5206 quia
1265 5130 1543 5203 hypocrita
1558 5128 1819 5199 quamvis

212 5246 377 5293 recte
404 5232 683 5304 praedicet,
710 5240 891 5287 tamen
920 5245 1015 5301 per
1041 5225 1349 5296 exemplum
1372 5224 1527 5278 bonae
1553 5222 1680 5275 vitae
1702 5218 1824 5274 nul-

212 5330 303 5384 los
326 5327 476 5383 ﬁlios
495 5332 743 5397 generat,
762 5334 828 5378 aut
850 5324 904 5378 in
926 5322 1066 5378 libro
1087 5319 1187 5376 Job
1214 5337 1226 5371 :
1253 5316 1489 5374 Str-uthio
1510 5315 1566 5368 in
1588 5323 1723 5367 terra
1740 5328 1824 5367 re-

214 5422 422 5494 linquit
464 5435 695 5475 ovasua
716 5462 731 5488 ,
760 5427 807 5473 et
836 5415 1147 5471 obliviscitur
1166 5411 1303 5483 quod
1332 5427 1418 5481 pes
1454 5407 1717 5463 conculcet
1756 5420 1823 5460 ea

214 5516 381 5589 (Job.
409 5531 603 5582 xxxix,
634 5512 767 5584 tit).
792 5510 1123 5577 Palicanus,
1168 5507 1442 5564 Dominus
1488 5503 1737 5560 Christus
1764 5502 1822 5558 in

216 5609 518 5676 Passieno,
550 5616 641 5663 aut
660 5608 741 5663 vir
766 5614 986 5661 sanctus
1002 5601 1280 5659 solitudini
1300 5600 1536 5656 deditus.
1558 5599 1615 5653 in
1642 5598 1778 5669 psal.
1795 5618 1817 5656 εκ

222 5702 444 5758 Similis
487 5704 651 5772 [actus
697 5715 806 5753 sum
840 5697 1069 5767 pelicano
1109 5692 1402 5749 solitudinis
1445 5690 1565 5765 (Ps.
1613 5706 1700 5759 at,
1742 5689 1821 5759 7).

220 5796 470 5861 Corvus,
500 5794 720 5865 nigredo
750 5800 1126 5863 peccatorum,
1154 5789 1238 5843 vel
1263 5787 1557 5843 daemones.
1587 5784 1641 5838 ln
1673 5782 1825 5839 Salo-

224 5905 407 5945 mone
440 5907 452 5943 :
491 5888 749 5956 Eﬁodiant
770 5902 885 5942 eum
912 5885 1047 5941 corvi
1070 5884 1132 5938 de
1169 5892 1389 5937 torrente
1417 5880 1495 5935 vel
1525 5883 1585 5935 tle
1612 5876 1826 5947 rupibus

1917 4782 2081 4837 super
2111 4766 2382 4835 tribuitur,
2433 4770 2561 4839 quia
2608 4768 2818 4826 doctori
2864 4772 3115 4830 veritatis
3164 4776 3510 4835 discretionis

1915 4861 2109 4929 virtus,
2137 4868 2198 4916 ut
2227 4862 2477 4929 noverit,
2507 4862 2702 4933 quibus
2727 4906 2743 4931 ,
2777 4864 2904 4935 quid
2932 4906 2946 4933 ,
2976 4868 3194 4938 quando
3216 4911 3232 4938 ,
3264 4872 3349 4929 vel
3377 4889 3511 4945 quo-

1921 4956 2082 5012 modo
2128 4956 2371 5024 inserat,
2402 4956 2661 5013 divinitus
2686 4957 3041 5017 ministratur.
3075 4962 3193 5019 Non
3225 4968 3369 5021 enim
3402 4984 3509 5022 una

1921 5048 2217 5118 eademque
2263 5049 2475 5105 cunctis
2532 5050 2837 5106 exhortatio
2884 5057 3179 5123 convenit,
3227 5060 3355 5127 quia
3408 5076 3509 5115 nec

1924 5149 2146 5195 cunctos
2168 5155 2265 5209 par
2289 5155 2501 5196 morum
2529 5142 2758 5212 qualitas
2779 5148 3118 5217 constringit.
3150 5147 3383 5215 Gallina,
3417 5166 3506 5205 sa—

1920 5232 2142 5301 pientia,
2183 5232 2297 5288 sive
2342 5233 2609 5304 Ecclesia,
2656 5237 2770 5293 sive
2814 5238 3012 5295 anima.
3065 5240 3121 5294 In
3174 5239 3506 5314 Evangelia:

1921 5326 2071 5381 Sicut
2098 5328 2295 5397 gallina
2316 5340 2589 5402 congregat
2607 5331 2779 5401 pullos
2802 5350 2919 5388 suos
2944 5336 3036 5389 sub
3054 5334 3153 5390 alis
3170 5338 3275 5392 suis
3292 5338 3506 5408 (Matth.

1918 5434 2070 5487 χχιιι,
2092 5420 2207 5489 57).
2244 5419 2663 5492 Vespertiliones
2688 5466 2704 5493 ,
2754 5426 3023 5482 idolorum
3069 5439 3313 5485 monstra
3356 5440 3511 5488 tene-

1922 5511 2035 5568 bris
2054 5512 2267 5569 dedita.
2295 5512 2353 5568 In
2377 5516 2674 5586 pr0pheta:
2712 5516 2781 5572 Ut
2803 5519 3023 5573 adoretis
3049 5521 3216 5588 talpas
3240 5531 3286 5577 el
3317 5539 3510 5596 vesper-

1922 5606 2122 5663 tiliones
2164 5606 2321 5681 (Isai.
2370 5623 2433 5677 tt,
2463 5606 2577 5681 20).
2618 5609 2755 5665 Sunt
2801 5612 2962 5665 etiam
3013 5611 3368 5683 cogitationes
3411 5616 3511 5672 im~

1924 5703 2165 5771 mundae,
2191 5718 2311 5775 quae
2336 5720 2437 5774 per
2461 5703 2735 5759 daemones
2760 5704 2983 5759 intrant.
3011 5705 3326 5765 Scarabteus
3352 5752 3365 5777 ,
3394 5727 3511 5780 pro.

1925 5796 2113 5866 pheta:
2165 5797 2234 5853 Et
2261 5799 2565 5853 scarabteus
2605 5798 2674 5853 de
2695 5797 2844 5869 ligno
2872 5800 3167 5869 clamabit,
3222 5813 3279 5859 ut
3329 5816 3511 5875 putant

1927 5888 2163 5958 quidam,
2194 5887 2262 5944 de
2294 5889 2542 5946 Domino.
2583 5889 2851 5957 Locusttc,
2877 5891 3079 5963 populi.
3105 5893 3163 5950 ιιι
3190 5892 3510 5959 Evangelia;
