4018 6338
476 368 575 430 ’181

1453 360 1514 421 S.
1556 352 1880 418 EUCllERll
1919 351 2403 416 LUGDUNENSIS
2438 344 2751 413 EPISCOPI

3657 347 3772 406 752

445 522 449 527 .
476 478 613 538 Esca
638 486 811 533 autem
837 477 947 549 ejus
971 482 1079 530 erat
1102 472 1300 529 locusta
1322 471 1543 542 (Matth.
1576 488 1652 539 111,
1686 470 1767 543 ο1).
1803 470 2061 526 Locusta-
2089 470 2141 531 Α
2167 468 2315 524 ribus
2345 475 2646 523 versantur.
2693 464 2752 520 In
2778 462 2911 520 Job:
2946 462 3074 529 Quis
3101 462 3321 518 dimittet
3348 476 3601 535 onagrum
3629 465 3768 521 libe-

445 551 449 555 ’
476 585 596 629 rum
619 569 835 626 nomine
852 565 1142 638 aliquando
1167 564 1484 620 Judteorum
1509 563 1760 633 populus,
1780 561 2069 633 aliquando

476 676 740 722 conversa
784 659 1058 731 gentilitas
1084 699 1101 726 ,
1154 656 1444 725 aliquando
1476 655 1811 710 adulantium
1840 654 2025 724 lingua
2050 694 2066 719 ,

476 752 769 823 aliquando
797 766 895 822 per
920 749 1380 820 comparationem
1426 750 1757 804 resurrectio
1787 745 2068 802 Dominica

475 845 815 914 designatur,
833 841 1122 912 aliquando
1146 841 1250 895 vita
1277 838 1690 911 praedicatorum
1710 837 2064 908 significatur.

475 936 608 1005 Apis
638 935 811 989 forma
834 932 1179 1003 virginitatis,
1208 932 1322 988 sive
1344 932 1645 1003 sapientiae.
1664 930 1722 986 ln
1739 929 2065 986 Salomone:

484 1027 629 1082 Vade
651 1028 720 1081 ad
747 1042 896 1097 apem
924 1037 972 1081 et
996 1028 1134 1080 disce
1154 1042 1307 1096 quam
1324 1026 1588 1097 operatria:
1615 1026 1682 1078 sit
1700 1021 1882 1094 (Prov.
1899 1019 2065 1091 v1.6).

474 1121 541 1178 Et
572 1122 625 1176 in
654 1120 847 1177 malam
876 1129 1118 1190 partem:
1145 1120 1197 1175 in
1228 1119 1523 1190 prapheta:
1550 1118 1618 1173 Et
1639 1119 1752 1187 apis
1772 1132 1888 1189 quw
1915 1125 1986 1170 est
2014 1116 2069 1168 iu

476 1213 635 1268 Assur
660 1208 814 1283 (Isai.
849 1226 943 1278 v11,
977 1209 1087 1281 18).
1118 1210 1186 1265 Et
1214 1209 1659 1265 circumdederunt
1685 1224 1767 1263 me
1790 1208 1921 1261 sicut
1946 1222 2068 1277 apes

479 1302 600 1374 (Ps.
623 1316 785 1367 cxvu,
821 1300 913 1372 12)
937 1342 955 1370 ,
987 1301 1039 1356 id
1066 1310 1186 1367 est,
1238 1301 1495 1357 malitiosi
1534 1309 1591 1355 et
1634 1298 1896 1355 iracundi.
1923 1297 2068 1368 Apes

475 1395 639 1450 etiam
669 1409 791 1464 qum
811 1393 917 1448 mel
950 1394 1122 1448 inore
1156 1391 1356 1449 habent
1383 1434 1397 1458 ,
1450 1402 1506 1448 et
1534 1393 1588 1447 in
1639 1390 1851 1447 occulto
1879 1390 2068 1447 cauda:

474 1485 694 1552 vulnus,
741 1500 843 1540 suo
892 1486 1110 1540 nomine
1159 1484 1464 1554 signiﬁcant
1512 1497 1703 1538 omnes
1746 1483 1839 1553 qui
1886 1483 2068 1553 lingua

473 1581 861 1650 blandiuntur,
911 1580 1005 1635 sed
1038 1580 1271 1635 latenter
1313 1595 1379 1634 ex
1422 1579 1624 1634 malitia
1661 1578 1887 1634 feriunt:
1943 1578 2067 1648 quia

473 1672 747 1744 loquendo
774 1672 1113 1727 dulcedinem
1147 1671 1325 1727 mellis
1358 1671 1670 1741 propinant,
1698 1670 1793 1725 sed
1824 1669 2068 1725 feriendo

474 1767 671 1823 vulnus
693 1767 953 1822 inferunt.
987 1765 1225 1821 Possunt
1252 1765 1418 1821 etiam
1451 1765 1554 1820 hoc
1584 1764 1805 1820 nomine
1834 1764 2071 1831 pruden-

2170 577 2285 615 rum
2316 560 2437 631 (Job
2483 557 2778 629 xxxix,5)?
2797 557 2980 612 Potest
3004 566 3059 612 et
3086 556 3317 628 populus
3347 555 3771 614 illeludasorum

2170 668 2371 724 onager
2399 654 2527 719 dici,
2560 653 2684 723 quia
2716 650 2960 720 sequitur
2990 650 3043 704 in
3090 648 3282 703 eodem
3325 648 3502 704 libro:
3539 649 3606 704 Et
3648 651 3772 706 vin-

2169 752 2287 805 cula
2335 750 2453 818 ejtts
2495 748 2616 818 quis
2642 746 2803 802 solvit
2848 745 3059 799 vincula
3107 743 3291 814 utique
3342 751 3762 813 praeceptorum.

2170 841 2459 909 llinnulus,
2491 840 2762 906 Christus,
2792 844 2884 892 aut
2912 838 3109 903 sancti,
3140 850 3238 905 pro
3264 837 3557 905 gratiarum
3589 836 3772 891 varie-

2170 942 2300 991 tate.
2328 934 2384 989 ln
2409 933 2701 991 Salomone
2727 948 2741 984 :
2776 930 2976 985 Similis
3002 945 3053 983 es
3085 943 3159 993 tu,
3192 928 3453 998 fratruelis
3483 943 3646 995 meus,
3672 928 3772 981 da—

2170 1028 2345 1093 multa,
2372 1037 2462 1080 aut
2485 1025 2702 1079 hinnulo
2725 1037 2988 1077 cervorum
3010 1018 3187 1091 (Cant.
3220 1034 3280 1087 ιι,
3306 1019 3385 1089 9).
3411 1020 3599 1086 Dama,
3622 1018 3769 1074 idem

2169 1102 2312 1191 quod
2342 1134 2524 1188 supra.
2561 1118 2760 1187 Lepus,
2785 1116 2981 1171 timens
3020 1113 3212 1169 Deum.
3242 1111 3300 1167 ln
3329 1112 3569 1183 psalmo:
3601 1110 3775 1166 Petra

2168 1214 2426 1287 refugium
2447 1212 2701 1283 leporibus
2722 1219 2770 1265 et
2791 1208 3026 1264 erinaciis
3051 1205 3172 1278 (Ps.
3194 1221 3309 1273 c111,
3324 1205 3436 1277 18).
3455 1206 3768 1271 Erinacius,

2171 1306 2312 1362 idem
2337 1305 2478 1376 quod
2507 1318 2707 1373 supra:
2736 1312 2792 1357 et
2812 1299 3036 1358 erinacii
3064 1314 3198 1370 gens
3228 1297 3482 1367 invalida,
3505 1298 3597 1368 qui
3620 1297 3772 1353 fece—

2171 1407 2299 1453 runt
2326 1398 2379 1451 in
2414 1397 2578 1466 petris
2605 1394 2796 1451 domos
2822 1393 2947 1449 sibi.

2244 1490 2467 1559 Vulpes,
2495 1488 2784 1543 haereticus
2816 1486 2902 1542 vel
2931 1484 3181 1541 diabolus
3208 1526 3222 1549 ,
3255 1483 3338 1540 vel
3355 1492 3624 1568 peccator
3653 1484 3772 1539 cal-

2168 1584 2406 1641 lidus.ln
2437 1584 2761 1655 Evangelia:
2780 1581 2884 1648 Ite,
2908 1582 3061 1636 dicite
3090 1582 3229 1651 vulpi
3251 1582 3330 1635 illi
3344 1580 3494 1651 (Luc.
3514 1580 3770 1649 3111,32).

2171 1679 2412 1742 Animal,
2443 1678 2607 1732 homo
2628 1676 2882 1732 carnalis.
2908 1674 2963 1729 In
2996 1677 3291 1741 Apostmo:
3316 1674 3568 1727 Animalis
3596 1682 3775 1727 autem

2171 1768 2327 1824 homo
2366 1786 2469 1824 non
2512 1769 2726 1840 percipit
2749 1784 2810 1821 ea
2835 1782 2951 1838 quin
2970 1776 3090 1821 sunt
3112 1766 3323 1833 spiritus
3354 1764 3449 1819 Dei
3479 1765 3525 1837 (l
3552 1763 3675 1819 Cor.
3702 1778 3769 1831 ιι,

477 1860 608 1914 tium
637 1859 779 1914 dicta
809 1857 1035 1929 signari,
1065 1865 1124 1911 ut
1145 1865 1227 1912 est
1253 1856 1415 1911 illud:
1449 1857 1497 1909 ιε’
1499 1873 1625 1910 avus
1668 1855 1836 1909 mellis
1865 1871 2062 1910 sermo-
2094 1850 2143 1911 B
2170 1862 2285 1929 14),
2313 1860 2645 1925 Jumemum,
2679 1859 2951 1914 intelleciu
2984 1857 3068 1912 vel
3093 1858 3311 1927 eloquio
3334 1872 3529 1912 carens
3555 1898 3570 1919 ,
3598 1857 3773 1911 inger.

474 1967 563 2006 nes
584 1950 702 2005 boni
728 1949 909 2021 (Prov.
944 1965 1053 2015 χνι,
1076 1948 1193 2019 24).
1226 1949 1403 2005 Musca
1429 1990 1444 2015 ,
1476 1949 1722 2004 diabolus
1745 1988 1760 2014 ,
1788 1949 1879 2003 vel
1908 1947 2068 2003 mini.

474 2052 589 2099 ster
618 2044 735 2113 eius
760 2084 775 2112 ,
824 2044 910 2098 vel
951 2042 1227 2113 spurcitia:
1258 2042 1603 2099 idololatriae.
1649 2044 1705 2098 In
1736 2044 2064 2099 Salomone:

474 2135 674 2190 Musca:
712 2136 979 2189 moritura:
1006 2136 1351 2189 eaterminaut
1387 2136 1488 2190 olei
1533 2136 1833 2189 suavitatem
1891 2132 2064 2204 (Eccl.

473 2244 529 2295 χ,
565 2228 643 2296 1).
677 2226 1179 2294 Bestiae,diabolus,
1206 2228 1293 2283 vel
1326 2227 1573 2284 homines
1596 2228 1715 2283 feri.
1745 2228 1803 2282 ln
1825 2228 2063 2299 psalmo:

474 2318 560 2373 Ne
589 2319 765 2373 tradas
792 2318 964 2373 bestiis
1003 2319 1204 2373 animas
1231 2319 1531 2388 conﬁtentes
1579 2321 1668 2375 tibi
1705 2318 1826 2390 (Ps.
1877 2334 2063 2386 Lxxm,

475 2409 589 2481 19).
622 2409 752 2473 Leo,
788 2408 1066 2476 Dominus,
1098 2419 1160 2464 ut
1194 2408 1517 2480 Apostolus:
1557 2410 1693 2465 Vicit
1736 2410 1814 2465 leo
1842 2410 1906 2464 de
1934 2410 2070 2464 tribu

474 2502 617 2559 Iuda
642 2502 828 2574 (Apoc.
859 2518 917 2570 v,
942 2502 1020 2574 5).
1052 2501 1186 2557 ltem
1209 2504 1263 2557 in
1284 2502 1475 2557 malam
1499 2511 1737 2572 partem:
1762 2501 1847 2557 Ne
1865 2502 2069 2573 quando

473 2598 641 2669 rapiat
664 2605 719 2651 ut
747 2596 826 2650 leo
855 2596 1081 2649 animant
1110 2612 1275 2651 meam
1304 2595 1421 2667 (Ps.
1450 2612 1547 2660 v11,
1576 2597 1653 2667 5).
1679 2596 1841 2651 Item:
1878 2596 2071 2650 Adver-

472 2691 641 2745 sarius
668 2701 837 2744 noster
862 2688 1098 2743 diabolus
1124 2690 1273 2759 quasi
1304 2688 1382 2744 leo
1426 2691 1607 2743 circuit
1637 2688 1680 2760 (l
1726 2688 1873 2743 Petr.
1907 2703 1961 2753 v,
1991 2688 2066 2757 8).

472 2782 670 2840 Leana
714 2782 982 2854 significat
1017 2782 1282 2853 superbos
1311 2783 1397 2838 vel
1444 2781 1774 2853 praecipites.
1817 2779 2025 2836 Pardus
2050 2820 2066 2846 ,

476 2876 750 2942 diabolus,
779 2875 866 2932 vel
892 2884 1144 2947 peccator
1174 2877 1420 2932 moribus
1445 2877 1649 2932 variis:
1679 2877 1732 2931 in
1765 2874 2027 2946 propheta
2054 2893 2068 2928 :

476 2968 627 3026 Sicut
659 2966 906 3040 rEthiops
933 2984 1036 3023 non
1063 2969 1281 3023 mutabit
1310 2969 1519 3040 pellem,
1551 2976 1599 3023 et
1627 2967 1821 3037 pardus
1846 2966 2070 3021 varieta-

475 3068 575 3114 tem
622 3058 754 3130 (Jer.
790 3074 908 3126 χιιι,
952 3058 1070 3129 25).
1120 3058 1356 3129 Elephas
1396 3066 1651 3129 peccator
1687 3058 1958 3114 immanis.
2015 3058 2072 3113 1n

476 3152 682 3224 Regum
706 3169 719 3206 :
752 3151 818 3207 Et
840 3150 1182 3207 adducebant
1212 3150 1281 3206 ad
1306 3151 1652 3207 Salomonem
1678 3152 1857 3205 simias
1894 3158 1941 3204 et
1971 3149 2075 3204 ele-

2170 1954 2298 2009 dum
2328 1953 2663 2009 obedientes.
2698 1953 2755 2006 ln
2782 1951 3024 2021 psalmo:
3060 1949 3127 2004 Ut
3145 1951 3434 2021 jumentum
3463 1953 3633 2019 factus
3651 1965 3773 2002 sum

2170 2045 2311 2113 apud
2340 2053 2387 2098 te
2413 2043 2531 2115 (Ps.
2563 2058 2731 2110 ιχχιι,
2758 2041 2873 2111 75),
2903 2040 3177 2097 interdum
3205 2040 3487 2105 luxuriosi,
3517 2047 3575 2094 ut
3597 2039 3769 2094 illud:

2170 2139 2602 2207 Computruerunt
2625 2140 2867 2209 jumenta
2895 2136 2948 2189 in
2978 2143 3201 2189 stercore
3230 2150 3324 2188 suo
3354 2132 3515 2203 (Joel.
3544 2148 3622 2198 1v,
3653 2130 3768 2203 ιτ).

2171 2231 2377 2300 Equus,
2401 2230 2486 2284 vir
2506 2238 2748 2285 sanctus.
2779 2227 2836 2282 In
2868 2227 3085 2281 Abacuc
3110 2242 3124 2279 :
3176 2226 3278 2292 Qui
3306 2226 3586 2279 ascendens
3613 2240 3775 2289 super

2172 2340 2325 2394 equos
2355 2332 2466 2375 tuos
2490 2320 2675 2391 (Abac.
2700 2335 2779 2381 ιιι,
2808 2319 2888 2389 8).
2918 2317 2989 2372 Et
3007 2318 3059 2372 in
3085 2316 3278 2371 malam
3307 2324 3544 2385 partem:
3569 2312 3777 2368 Fallax

2171 2432 2329 2486 equus
2358 2416 2427 2468 ad
2462 2416 2678 2471 salutem
2703 2412 2824 2483 (Ps.
2850 2428 3026 2478 χχχιι,
3054 2410 3127 2481 1),
3157 2409 3482 2465 irrationalis
3514 2409 3770 2479 quisque.

2174 2510 2231 2564 In
2261 2509 2471 2580 psalmo
2497 2526 2511 2563 :
2541 2508 2721 2563 Nolite
2741 2508 2855 2577 ﬁeri
2892 2509 3025 2563 sicut
3064 2521 3221 2574 equus
3248 2514 3298 2559 et
3339 2503 3512 2558 mulus
3537 2544 3551 2567 ,
3583 2504 3771 2568 quibus

2170 2620 2273 2658 non
2300 2614 2375 2658 est
2396 2604 2686 2659 intellectus
2716 2602 2835 2673 (Ps.
2866 2617 2994 2657 χχχι
3016 2641 3031 2664 ,
3064 2600 3144 2672 9).
3176 2601 3395 2665 Asinus,
3439 2614 3638 2668 corpus
3668 2597 3773 2652 hu-

2172 2711 2391 2751 manum
2423 2739 2437 2764 ,
2469 2696 2556 2752 vel
2605 2694 2836 2766 populus
2860 2693 3163 2764 gentilium.
3214 2692 3272 2748 ln
3304 2692 3604 2764 Evangelia
3632 2710 3645 2743 :
3698 2690 3771 2744 Et

2172 2786 2501 2840 adduxerunt
2542 2786 2610 2839 ad
2634 2783 2813 2839 Jesum
2842 2786 3039 2839 asinam
3077 2793 3124 2838 et
3154 2785 3353 2853 pullum
3374 2787 3489 2856 ejus
3520 2824 3535 2849 ,
3576 2794 3624 2836 et
3651 2798 3771 2835 eum

2173 2878 2391 2947 desuper
2428 2876 2604 2931 sedere
2650 2877 2883 2948 fecerunt
2917 2874 3139 2947 (Matth.
3183 2891 3295 2941 χχι,
3346 2876 3424 2944 7).
3477 2874 3771 2929 Asinorum

2174 2973 2396 3026 nomine
2422 2970 2710 3025 stultorum
2736 2970 2949 3040 pigritia
2977 2968 3338 3039 signiﬁcatur,
3385 2968 3514 3022 dum
3557 2968 3772 3040 Moyses

2175 3071 2424 3119 testatur.
2458 3064 2579 3118 Non
2606 3063 2779 3117 orabis
2804 3064 2857 3116 in
2878 3063 3000 3117 bore
3021 3064 3176 3116 simul
3205 3072 3252 3116 et
3277 3064 3422 3115 asino
3447 3062 3772 3131 (Deut.xx11,

2176 3157 2294 3227 10),
2328 3157 2430 3213 hoc
2458 3166 2561 3223 est,
2594 3158 2645 3211 in
2682 3156 3065 3226 przedicatione
3085 3170 3193 3210 non
3220 3156 3517 3225 coniungas
3536 3155 3775 3225 pruden-

478 3223 699 3316 phantos
730 3243 823 3314 (Ill
853 3244 985 3313 Reg.
1018 3260 1075 3311 κ,
1100 3242 1213 3315 2‘2).
1245 3242 1447 3311 UrSUS,
1475 3243 1723 3299 diabolus
1748 3285 1763 3312 ,
1791 3253 1883 3298 aut
1904 3243 2070 3299 duces
2096 3223 2142 3287 (ἶ
2178 3223 2285 3305 tem
2313 3264 2438 3304 cum
2471 3250 2647 3305 fatuo:
2683 3223 3020 3318 simplicitas
3066 3248 3210 3302 enim
3256 3223 3496 3302 ﬁdelium
3538 3223 3648 3302 hoc
3676 3264 3775 3303 no-

476 3338 629 3406 saevi,
661 3337 746 3393 vel
789 3337 1156 3393 insidiatores.
1185 3337 1241 3392 111
1272 3337 1615 3407 Regnorum:
1644 3336 1711 3391 Ει
1741 3337 1928 3408 egressi
1952 3346 2071 3391 sunt
2173 3343 2320 3399 mine
2347 3343 2669 3413 exprimitur
2692 3384 2709 3410 ,
2759 3358 2922 3413 quam
2949 3340 3200 3397 Christus
3226 3341 3467 3412 regendo
3498 3349 3555 3398 ει
3586 3344 3775 3411 νεικεῖ.

476 3431 582 3485 duo
604 3430 712 3483 ursi
739 3469 755 3496 ,
802 3438 849 3485 et
890 3430 1221 3485 comederunt
1258 3445 1341 3482 eos
1367 3427 1456 3499 (lV
1482 3427 1609 3497 Reg.
1638 3444 1675 3483 11
1703 3467 1719 3495 ,
1747 3427 1843 3497 24)
1871 3468 1888 3495 ,
1946 3428 2071 3498 quia
2175 3434 2355 3491 dendo
2379 3434 2447 3489 ad
2480 3434 2833 3501 Hierusalem,
2863 3433 2917 3489 id
2941 3444 3047 3500 est,
3070 3434 3331 3489 visionem
3359 3434 3512 3504 pacis
3531 3433 3773 3490 deducit.

476 3526 844 3598 Vespasianus
881 3536 937 3583 et
980 3528 1131 3582 Titus
1180 3527 1409 3583 Romani
1454 3527 1812 3597 imperatores
1853 3526 2071 3583 Iudaeos
2176 3528 2333 3587 Unde
2359 3531 2587 3586 dicitur:
2640 3530 2857 3601 Agnovit
2897 3539 2944 3585 et
2980 3530 3155 3585 asinus
3193 3546 3421 3600 praesepe
3463 3531 3665 3585 domini
3691 3532 3777 3585 sui

476 3620 813 3677 deleverunt.
843 3620 1068 3686 Cervus,
1097 3619 1365 3688 Christus,
1400 3619 1489 3675 vel
1515 3621 1708 3676 sancti.
1742 3619 1799 3675 ln
1829 3619 2068 3689 psalmo:
2176 3620 2327 3693 (Isai.
2362 3639 2401 3689 1,
2435 3621 2523 3694 '5):
2554 3637 2743 3678 rursus
2772 3623 2927 3678 asino
2956 3622 3268 3692 designatur
3296 3623 3654 3678 immoderata
3681 3638 3775 3693 pe-

474 3713 629 3772 Sicut
647 3728 821 3768 cervus
840 3711 1093 3767 desiderat
1124 3711 1193 3764 ad
1218 3712 1386 3781 fontes
1413 3726 1665 3782 aquarum
1694 3711 1812 3783 (Ps.
1848 3727 1957 3778 xu,
1988 3710 2069 3783 2).
2177 3715 2461 3771 tulantium
2490 3714 2722 3784 luxnria,
2756 3723 2815 3769 ut
2836 3713 3095 3785 propheta
3122 3732 3135 3767 :
3190 3714 3424 3781 Quorum
3451 3730 3635 3769 carnes
3654 3725 3777 3769 sunt

474 3805 547 3864 Et
575 3820 764 3863 rursus
789 3805 845 3861 in
874 3804 1099 3875 psalm.:
1133 3804 1332 3861 Montes
1374 3806 1563 3862 excelsi
1586 3806 1743 3861 cervis
1764 3845 1780 3873 ,
1811 3815 1955 3877 petra
1992 3822 2075 3860 re-
2176 3817 2232 3861 ut
2255 3823 2435 3862 carnes
2458 3808 2722 3862 asinorum
2749 3805 2962 3877 (Ezech.
2994 3822 3148 3874 χχιιι,
3179 3805 3293 3876 20).

477 3899 681 3972 fugiunt
705 3898 951 3953 erinaceis
999 3897 1119 3969 (Ps.
1152 3912 1267 3964 c111,
1316 3896 1438 3969 l8):
1492 3912 1614 3952 nam
1648 3898 1737 3953 hic
1782 3899 1906 3954 vita:
1934 3913 2071 3954 con-
2247 3899 2435 3963 Asina,
2467 3914 2595 3955 caro
2625 3898 2710 3954 vel
2733 3900 2885 3968 plebs
2910 3913 3104 3954 carens
3144 3897 3237 3953 Dei
3258 3898 3471 3954 notitia.
3502 3898 3560 3953 ln
3588 3899 3774 3954 Evan-

476 3992 806 4064 templativze
829 3990 995 4047 dediti
1026 3991 1420 4062 signiﬁcantur.
1449 3991 1675 4062 Lupus,
1708 3991 1955 4047 diabolus
1986 3990 2073 4047 vel
2176 3991 2338 4060 gelio,
2392 3991 2533 4047 idem
2588 3990 2731 4061 quod
2783 4005 2968 4060 supra.
3021 3990 3298 4055 Camelus,
3357 3989 3555 4046 divites
3607 3991 3775 4046 rebus

476 4085 793 4142 haereticus.
826 4084 884 4139 ln
918 4084 1243 4153 Evangelia:
1278 4082 1598 4139 lntrinsecus
1626 4092 1797 4138 autem
1817 4094 1934 4139 sunt
1964 4083 2072 4155 lupi
2176 4082 2361 4136 surculi
2387 4083 2565 4136 onusti
2593 4122 2608 4148 ,
2657 4080 2742 4137 vel
2788 4081 3032 4136 moribus
3063 4080 3297 4135 distorti.
3349 4079 3408 4134 ln
3436 4081 3735 4153 Evangelia
3755 4100 3774 4138 :

476 4194 692 4250 rapaces
738 4175 955 4248 (Matth.
1006 4192 1099 4244 v11,
1135 4175 1248 4247 15).
1299 4176 1432 4232 Item
1481 4176 1535 4231 in
1585 4176 1781 4232 bonam
1823 4187 2068 4248 partem:
2178 4175 2413 4231 Facilius
2438 4185 2511 4231 est
2533 4176 2783 4230 camelum
2811 4191 2899 4245 per
2924 4177 3156 4245 foramen
3193 4190 3314 4229 acus
3341 4176 3582 4243 transire,
3616 4192 3779 4245 quam

474 4267 755 4341 Benjamin
795 4268 951 4340 lupus
997 4284 1163 4337 rapax
1212 4267 1369 4339 (Gen.
1414 4285 1572 4337 xux,
1612 4269 1729 4337 27),
1770 4270 2073 4340 apostolum
2178 4268 2387 4330 divitem
2426 4269 2620 4323 intrare
2664 4267 2719 4322 in
2761 4283 2921 4338 regna
2959 4268 3201 4321 caelorum
3246 4265 3464 4339 (Matth.
3510 4283 3624 4333 χιχ,
3653 4267 3773 4338 26).

475 4360 710 4419 Paulum
756 4361 1088 4432 signiﬁcans.
1149 4364 1336 4429 Aper,
1386 4360 1657 4417 diabolus.
1713 4361 1772 4417 ln
1826 4362 2072 4432 psalmo:

475 4448 857 4508 Exterminabit
887 4467 999 4504 eam
1028 4466 1152 4522 aper
1178 4451 1242 4504 de
1274 4452 1403 4506 silva
1450 4452 1571 4524 (Ps.
1623 4470 1807 4523 Lxxtx,
1844 4453 1953 4527 14).
1978 4455 2071 4510 Ti-

476 4543 591 4615 gris
614 4582 630 4608 ,
657 4544 884 4599 feminea
915 4542 1185 4598 interdum
1221 4553 1553 4615 arroganua.
1588 4546 1645 4601 In
1694 4547 1832 4603 libro
1858 4548 1961 4604 Job
1986 4564 2074 4604 se-

2177 4359 2384 4417 Cameli
2413 4361 2633 4416 nomine
2659 4361 2820 4415 etiam
2851 4360 2967 4431 ipse
2993 4360 3249 4415 Dominus
3279 4360 3637 4431 signiﬁcatur,
3670 4370 3730 4417 ut
3756 4378 3776 4417 :

2177 4452 2455 4523 Liquantes
2477 4454 2690 4508 culicem
2706 4468 2725 4507 :
2747 4454 2997 4508 camelum
3014 4464 3185 4509 autem
3205 4453 3772 4526 deglutientes.(.ilatth.

2177 4562 2330 4616 χχιιι,
2360 4547 2490 4619 24);
2520 4548 2623 4604 hoc
2653 4548 2707 4603 in
2736 4548 2856 4604 loco
2893 4547 3153 4603 Dominus
3197 4556 3384 4618 aperte
3412 4548 3729 4619 designatur
3756 4591 3774 4617 ,

478 4613 715 4690 cundum
745 4634 1061 4692 Hebraeum:
1087 4634 1254 4707 Tigris
1282 4613 1451 4704 periit,
1473 4652 1531 4691 eo
1551 4639 1687 4707 quod
1716 4654 1817 4692 non
1840 4638 2074 4696 habuerit
2098 4613 2155 4676 Ῑ)
2177 4641 2266 4710 qui
2295 4613 2488 4710 sponte
2516 4640 2830 4695 humiliatus
2852 4681 2867 4705 ,
2898 4613 3457 4696 inﬁrmitatis-uastae
3487 4613 3659 4696 onera
3681 4613 3777 4697 su;

479 4726 716 4796 pmdam
743 4725 867 4796 (Job
918 4743 991 4793 1v,
1026 4727 1138 4798 11).
1166 4727 1516 4795 Monaceron,
1542 4729 1645 4785 hoc
1668 4738 1752 4786 est
1773 4732 2066 4791 unicornis.

478 4818 540 4875 In
573 4819 814 4889 psalmo:
859 4817 928 4873 Et
976 4820 1189 4874 dilectus
1229 4823 1661 4891 quemadmodum
1699 4824 1837 4892 filius
1864 4826 2072 4881 unicor-

478 4909 627 4965 nium
652 4907 773 4982 (Ps.
806 4925 990 4976 xxvm,
1022 4910 1096 4981 6),
1144 4910 1199 4966 id
1225 4922 1329 4979 est,
1361 4913 1653 4983 singularis
1684 4917 1956 4984 potentiae,
1985 4918 2071 4975 vel

480 5012 793 5059 sanctorum
838 5002 927 5071 qui
971 5011 1182 5059 teneant
1222 5005 1437 5061 unicum
1472 5008 1567 5063 Dei
1613 5007 1861 5063 verbum.
1903 5009 1971 5064 Et
2014 5011 2071 5067 in

477 5097 639 5152 aliam
667 5103 911 5166 partem:
964 5094 1032 5151 Et
1053 5114 1085 5150 a
1105 5098 1343 5152 cornibus
1372 5100 1700 5154 unicornium
1727 5100 2070 5157 humilitatem

478 5209 644 5249 meam
668 5189 893 5262 (Psalm.
924 5206 1034 5257 χχι,
1060 5188 1258 5261 22).]11
1282 5193 1478 5248 malam
1507 5203 1715 5264 partem
1736 5196 1953 5265 ponitur
1972 5211 2070 5268 pro

440 5285 721 5361 (quolibet
763 5283 999 5355 superbo
1045 5282 1321 5353 violento,
1369 5286 1455 5340 vel
1496 5302 1660 5341 unum
1690 5296 2068 5345 testamentum

475 5389 695 5437 tenente
718 5421 734 5445 ,
775 5387 834 5434 ut
867 5376 1152 5433 Psalmista
1200 5377 1253 5432 in
1296 5393 1525 5446 persona
1558 5382 1764 5446 passuri
1812 5381 2022 5437 Domini
2052 5400 2066 5438 :

426 5462 429 5465 λ
476 5468 674 5527 Libera
728 5485 837 5534 me,
867 5468 1112 5534 Domine,
1142 5483 1173 5522 a
1226 5468 1484 5552 carnibus
1532 5472 1893 5532 unicornium.
1937 5474 2069 5529 Rhi-

474 5580 713 5622 noceron
744 5605 759 5630 ,
792 5565 946 5619 tortis
976 5565 1211 5634 quique:
1240 5564 1325 5618 vel
1358 5564 1410 5618 in
1440 5565 1636 5620 bonam
1663 5568 1746 5621 vel
1779 5568 1831 5622 in
1868 5568 2063 5625 malam

474 5671 705 5733 partem.
729 5658 786 5715 In
819 5659 957 5715 libro
983 5658 1417 5724 Job,secundum
1449 5659 1731 5715 liebrmum
1757 5679 1768 5714 :
1794 5661 2065 5734 Numquid

474 5752 607 5806 volet
630 5752 925 5806 rhinoceros
950 5751 1137 5805 servire
1157 5750 1247 5804 tibi
1271 5747 1395 5821 (Job
1456 5766 1651 5817 χχχιχ,
1684 5752 1762 5821 9).

548 5842 757 5907 Onager
780 5882 795 5905 ,
823 5842 1045 5909 eremita
1073 5881 1088 5908 ,
1114 5841 1203 5898 vel
1234 5842 1323 5912 qui
1356 5846 1546 5902 remoti
1575 5859 1604 5900 a
1637 5844 1806 5902 turbis
1836 5848 2063 5918 popula-

2176 4732 2350 4801 Sluiil,
2382 4742 2435 4788 et
2456 4747 2609 4787 acum
2639 4731 2967 4802 punctionis,
2994 4732 3378 4802 angustiasque
3406 4730 3691 4788 foraminis
3718 4735 3777 4793 in

2176 4825 2362 4882 dolore
2401 4840 2513 4881 suae
2555 4826 2842 4896 passionis.
2893 4824 3063 4881 Culex
3104 4825 3441 4882 susurranda
3479 4827 3730 4882 vulnerat
3756 4868 3777 4895 ,

2176 4918 2416 4974 camelos
2446 4927 2627 4974 autem
2654 4928 2848 4988 sponte
2892 4932 2953 4973 se
2986 4918 3057 4972 ad
3095 4917 3438 4988 suscipienda
3478 4934 3645 4974 onera
3686 4918 3777 4974 in-

2174 5011 2378 5068 clinat:
2412 5012 2752 5084 liquaverunt
2781 5025 2912 5082 ergo
2942 5009 3115 5064 Judaei
3155 5009 3383 5065 culicem
3410 5052 3425 5075 ,
3467 5011 3591 5080 quia
3624 5009 3776 5066 sedi-

2174 5106 2374 5161 tiosum
2402 5104 2664 5159 latronem
2694 5102 2889 5158 dimitti
2920 5102 3194 5172 petierunt
3219 5118 3233 5155 :
3288 5101 3555 5156 camelum
3585 5109 3775 5158 autem

2172 5197 2491 5268 glutierunt,
2521 5195 2643 5266 quia
2667 5210 2788 5250 eum
2812 5195 2905 5264 qui
2936 5196 3003 5249 ad
3033 5193 3377 5265 suscipienda
3401 5203 3602 5250 nostrae
3630 5211 3776 5250 mor.

2176 5289 2401 5345 talitatis
2430 5302 2596 5343 onera
2627 5295 2818 5358 sponte
2849 5286 3213 5343 descenderat
3239 5327 3255 5352 ,
3284 5288 3633 5358 exstinguere
3659 5288 3777 5343 οἰδα

2174 5382 2373 5438 manda
2402 5380 2582 5436 conati
2610 5390 2756 5436 sunt.
2790 5380 2972 5445 Tauri,
3009 5381 3281 5450 principes
3307 5383 3653 5452 populorum.
3710 5381 3773 5438 In

2172 5476 2416 5548 psalmo:
2447 5473 2608 5529 Tauri
2637 5476 2850 5545 pingurs
2881 5474 3187 5529 obsederunt
3209 5490 3289 5528 me
3333 5472 3453 5546 (Ps.
3482 5491 3571 5531 χχι
3596 5516 3613 5541 ,
3652 5473 3770 5547 15).

2171 5566 2345 5623 Boves
2368 5607 2383 5631 .
2433 5564 2663 5635 apostoli
2690 5605 2706 5632 ,
2737 5566 2826 5635 qui
2856 5575 3107 5637 suscepto
3149 5566 3277 5636 iugo
3306 5564 3508 5623 Christi
3537 5609 3552 5633 ,
3585 5565 3774 5622 Evan-

2167 5661 2294 5732 gelii
2351 5674 2571 5715 vomere
2628 5658 2888 5713 mundum
2946 5668 3330 5713 exaraverunt.
3395 5658 3451 5713 ln
3508 5658 3768 5729 psalmo:

2171 5751 2403 5819 Oﬁ'eram
2441 5750 2542 5804 tibi
2585 5749 2732 5806 boves
2769 5766 2886 5804 cum
2915 5749 3071 5805 hircis
3117 5748 3233 5821 (Ps.
3275 5765 3396 5819 va,
3438 5749 3551 5820 15).
3586 5750 3772 5807 Boves

2165 5847 2327 5903 etiam
2356 5844 2645 5902 stultorum
2670 5841 2976 5900 vecordiam
3003 5842 3306 5915 signiﬁcant
3330 5884 3351 5913 ,
3404 5849 3461 5898 ut
3486 5849 3637 5899 recte
3668 5857 3775 5914 per
