4018 6338
510 343 613 403 755
1490 346 1547 401 S.
1592 343 1922 401 EUCHERII
1962 344 2101 402 LUG

2217 347 2444 409 ιεΝειδ
2483 347 2796 406 EPISCO"

3709 363 3804 422 756

506 464 622 521 litis
667 464 729 518 tit
759 461 1095 520 confusionis
1147 461 1276 517 tilia.
1329 461 1441 515 Rex
1465 501 1478 524 ,
1524 460 1798 518 Dominus.
1842 459 1900 516 In
1958 459 2102 530 Apo-
2130 463 2183 525 Α
2209 462 2283 517 ibi
2312 481 2329 518 :«
2363 461 2456 518 Vc
2477 463 2592 530 tibi,
2620 474 2778 533 terra,
2807 465 2960 535 cujus
2987 465 3080 521 rea:
3100 468 3307 539 juvenis
3332 468 3805 546 est(Eeel.x,tti).

507 559 651 615 διθὶο
681 575 694 612 :
722 556 834 614 Res
860 573 1038 627 regum
1063 597 1078 622 ,
1105 565 1156 610 et
1188 555 1436 610 Dominus
1478 556 1856 610 dominantium
1887 554 1943 626 (1
1966 554 2103 610 Tim.

505 664 586 720 νι,
613 652 732 722 15).
756 652 824 706 Ει
843 651 895 705 in
925 650 1120 705 malam
1155 657 1384 720 partem,
1413 658 1472 704 ut
1500 649 1568 704 de
1589 648 1814 706 diabolo
1839 664 1854 704 ε
1890 647 2016 718 Ipse
2036 657 2108 704 est

506 762 598 802 rex
635 761 792 815 super
840 744 1104 798 universos
1145 741 1286 811 ﬁlios
1327 741 1581 812 superbia;
1634 738 1774 813 (Job
1828 755 1941 806 ιιι,
1966 737 2040 796 25
2064 739 2105 812 ).

506 838 738 908 Regina,
765 835 1032 893 Ecclesia.
1068 834 1125 891 In
1158 835 1406 905 psalmo:
1433 835 1608 889 Astitit
1642 835 1830 908 regina
1854 850 1887 887 a
1911 833 2112 889 dextris

507 931 611 987 tuis
641 929 760 1002 (Ps.
793 944 944 997 xuv,
980 927 1090 998 10).
1126 927 1196 984 Et
1234 927 1429 983 iterum
1467 927 1674 997 regina,
1715 926 1898 982 anima
1937 925 2110 995 impe-

505 1024 896 1095 ranscorpori.
932 1024 1114 1088 Pater,
1161 1021 1449 1079 Dominus.
1499 1021 1554 1076 ln
1582 1020 1894 1092 propheta:
1929 1019 1994 1075 Et
2015 1029 2108 1075 ero

505 1118 650 1174 vobis
687 1119 742 1172 in
771 1126 989 1188 patrem,
1016 1125 1064 1171 et
1093 1132 1182 1170 eos
1217 1117 1360 1171 eritis
1396 1115 1528 1171 mihi
1568 1116 1624 1171 in
1657 1115 1797 1185 filios
1842 1122 1889 1170 et
1929 1116 2104 1185 ﬁlias,

508 1212 634 1267 dicit
650 1210 902 1268 Dominus
921 1210 1236 1282 omnipotens
1250 1209 1466 1282 (lerant.
1482 1225 1633 1276 ηιι,
1651 1208 1708 1279 9)
1729 1226 1744 1275 ι
1770 1217 1830 1264 et-
1845 1209 1898 1264 in
1921 1209 2106 1264 Evan-

506 1305 690 1376 gelia:
726 1302 876 1359 Unus
916 1313 990 1357 est
1034 1304 1169 1357 enim
1207 1301 1370 1358 Pater
1414 1310 1608 1369 vester,
1655 1303 1748 1372 qui
1788 1303 1841 1356 in
1867 1300 2008 1356 aclis
2032 1310 2110 1356 est

509 1395 578 1468 (ll
609 1394 729 1452 Cor.
758 1411 812 1464 ν,
850 1396 964 1464 18).
988 1391 1122 1450 Item
1154 1393 1223 1449 de
1245 1393 1463 1450 diabolo
1498 1411 1511 1448 :
1539 1394 1679 1461 Quia
1706 1394 1928 1450 mendas
1958 1406 2031 1450 est
2059 1405 2108 1450 et

506 1497 657 1560 pater
697 1490 811 1561 ejus
835 1487 1053 1560 (Matth.
1084 1501 1236 1557 xxm,
1262 1487 1341 1558 9),
1364 1487 1528 1544 Pater
1581 1487 1851 1544 Mendacii
1892 1497 1947 1545 et
1989 1503 2106 1544 am-

505 1581 659 1636 nium
687 1582 776 1652 qui
822 1580 877 1636 in
918 1579 1146 1636 veritate
1191 1595 1300 1634 non
1339 1582 1757 1651 permanserint.

578 1673 770 1740 Mater,
800 1673 1063 1741 Ecclesia,
1095 1674 1180 1729 vel
1210 1673 1552 1730 Hierusalem
1583 1676 1846 1732 cmlestis.
1871 1674 1928 1731 In
1960 1676 2107 1746 Apo-

508 1769 657 1825 stola
686 1786 700 1822 :
725 1767 834 1824 Illa
861 1779 1032 1824 autem
1059 1785 1175 1840 qua
1203 1785 1407 1824 sursum
1435 1777 1510 1824 est
1539 1768 1864 1824 Hierusalem
1889 1813 1904 1836 ,
1945 1771 2110 1825 libera

2212 556 2508 623 Parvnius,
2554 567 2736 613 tuente
2765 557 2987 614 humilis
3013 569 3074 616 et
3091 561 3344 632 simpla.
3373 562 3434 618 in
3455 565 3759 636 Evangelia
3785 587 3800 624 :

2211 649 2660 706 Abscondistiluto
2680 668 2714 704 a
2740 652 3058 722 sapientibus
3079 664 3126 709 et
3151 656 3485 724 prudentibus
3504 667 3553 714 et
3575 663 3805 718 revelant

2209 757 2273 796 ca
2309 743 2542 814 parvulis
2571 742 2762 812 (Marc.
2794 759 2868 812 ιι,
2888 744 3007 816 35).
3039 746 3116 801 Et.
3138 747 3195 802 in
3214 749 3510 821 Evangelia
3537 770 3551 805 :
3584 751 3712 808 Nisi
3733 762 3804 827 efa

2211 837 2460 904 fieiamini
2481 839 2612 893 sicut
2639 838 2864 908 parvuli,
2895 855 3000 894 non
3019 839 3277 895 intrabitis
3311 843 3365 896 in
3406 853 3626 915 regnum
3655 847 3803 902 cato.

2209 946 2324 985 rum
2355 930 2569 999 (Matth.
2615 947 2772 1001 xvm,
2800 933 2834 988 5
2858 932 2898 1004 ).
2947 933 3016 988 Et
3062 936 3362 1003 Apostolus
3396 954 3408 992 :
3443 938 3660 994 Malitia
3691 959 3804 1014 ρατ-

2208 1025 2318 1080 vuli
2343 1031 2522 1093 estote,
2552 1025 2782 1080 sensibus
2809 1035 2978 1081 autem
3002 1029 3216 1099 perfecti
3248 1039 3408 1084 estote
3433 1031 3486 1102 (i
3516 1031 3639 1087 Cor.
3691 1050 3801 1102 ιιι,

2208 1117 2324 1188 20).
2359 1117 2488 1174 item
2518 1120 2570 1174 in
2603 1120 2830 1175 alteram
2871 1131 3112 1190 partem;
3157 1124 3210 1177 in
3239 1123 3506 1193 Apostolo
3537 1125 3706 1180 :Ctmr
3734 1144 3806 1183 es-

2207 1227 2315 1266 sem
2335 1211 2610 1284 parvulus,
2649 1213 2890 1284 loquebar
2927 1222 2982 1268 ut
3015 1215 3260 1286 parvulus
3285 1215 3338 1287 (1
3367 1214 3492 1272 Cor.
3541 1233 3667 1283 xm,
3699 1220 3805 1276 tu.

2207 1302 2472 1359 Parvulos
2501 1306 2665 1360 etiam
2696 1303 2948 1362 Christus
2976 1307 3292 1379 inteliigitur
3315 1351 3332 1377 ,
3363 1310 3456 1382 qui
3479 1326 3540 1365 ss
3565 1309 3808 1366 Issa-ilia-

2206 1398 2277 1450 vit
2302 1412 2460 1468 usque
2489 1399 2559 1452 ad
2587 1408 2802 1454 mortem
2827 1398 3001 1470 (Phil.
3025 1417 3084 1466 ιι,
3113 1401 3191 1471 8).

2278 1491 2554 1559 Meretrix,
2580 1494 2760 1548 anima
2776 1497 3076 1565 peccatrix,
3094 1511 3238 1567 quae,
3258 1497 3680 1554 relictoctnlesti
3699 1499 3808 1556 viro

2207 1599 2327 1652 suo,
2362 1584 2414 1640 id
2445 1594 2526 1640 est
2551 1585 2804 1655 Christo,
2829 1589 3169 1645 adulterinos
3191 1591 3260 1644 de
3285 1589 3508 1645 diabolo
3539 1592 3800 1662 iniquita-

2207 1677 2277 1731 tis
2309 1677 2519 1734 l'rucms
2547 1680 2817 1750 concepit.
2847 1681 2910 1736 in:
2930 1681 3202 1738 iet-emis:
3229 1682 3417 1741 Facies
3437 1685 3678 1739 mittier-is
3709 1697 3802 1740 tne-

2208 1771 2411 1826 retricis
2435 1775 2574 1842 facta
2601 1782 2678 1828 est
2706 1774 2798 1827 tibi
2825 1773 2887 1847 (J
2897 1787 2968 1828 er.
3001 1789 3081 1840 ιιι,
3109 1777 3142 1830 5
3169 1776 3209 1847 ).
3238 1777 3503 1847 Operarii,
3538 1778 3799 1848 apostoli.

507 1871 606 1931 est,
637 1881 752 1936 qua
782 1875 856 1920 est
881 1875 1045 1919 mater
1085 1874 1264 1918 nostra
1297 1862 1494 1935 (Joan.
1533 1879 1652 1932 vnt,
1682 1863 1808 1935 44).
1842 1863 1977 1920 Item
2013 1865 2106 1935 qui
2135 1858 2186 1924 Β
2220 1865 2310 1920 vel
2352 1865 2740 1937 praedicatores
2768 1867 3068 1938 Evangelii.
3128 1869 3189 1923 In
3253 1869 3552 1941 Evangelia
3582 1888 3599 1925 :
3634 1869 3810 1927 lassis

506 1959 655 2015 bene
691 1959 961 2031 lotruenda
987 1958 1176 2015 ﬁdeles
1195 1958 1418 2014 Christo
1447 1969 1711 2029 generant
1741 1957 1798 2014 et
1826 1960 2063 2016 educant
2087 2001 2104 2026 ,

506 2063 716 2111 matres
751 2056 804 2109 in
849 2064 1080 2124 utroque
1107 2069 1266 2121 sexu,
1302 2054 1414 2124 ipso
1436 2051 1640 2107 Christo
1681 2062 1822 2118 teste,-
1856 2055 2110 2110 existunt

506 2146 654 2218 (Gal,
677 2165 748 2214 tv,
770 2145 886 2219 26).
914 2148 1130 2212 Frater,
1157 2145 1430 2212 Christus,
1451 2146 1536 2201 vel
1552 2145 1854 2215 prosimus.
1881 2146 1940 2200 in
1961 2145 2108 2217 psal-

506 2256 599 2296 mo
628 2258 646 2297 :-
675 2242 919 2296 Narrabo
961 2255 1148 2297 nomen
1187 2251 1334 2295 tuum
1377 2241 1625 2313 fratribus
1670 2242 1798 2296 nteis
1827 2239 1959 2311 (Ps.
1990 2255 2104 2307 χιιι,

505 2333 639 2405 25);
669 2345 725 2390 ct
763 2335 880 2402 ipse
905 2335 980 2390 ait
1011 2352 1024 2388 :
1058 2333 1164 2401 Ite,-
1200 2334 1431 2388 κηπείαις
1451 2334 1702 2403 fratribus
1729 2334 1856 2386 meis
1884 2329 2105 2403 (Matth.

506 2441 694 2492 xxvnt,
730 2427 842 2498 10).

583 2518 750 2575 Soror
770 2559 785 2585 ,
817 2517 1080 2584 Ecclesia,
1112 2518 1417 2589 Synagoga,
1449 2517 1535 2574 vel
1571 2515 1777 2573 Christi
1811 2519 2013 2574 anima.
2047 2519 2104 2575 In

509 2610 745 2667 Canticis
775 2611 1110 2666 canticorum
1145 2628 1158 2665 :
1195 2610 1357 2666 Soror
1384 2627 1495 2664 mea
1517 2626 1710 2680 sponsa
1735 2610 1913 2681 (Cant.
1944 2611 2103 2682 tv,9).

508 2702 610 2762 Vir
633 2713 688 2760 et
717 2717 875 2772 uxor,
907 2697 1158 2759 Christus
1204 2709 1256 2758 et
1289 2693 1529 2758 Ecclesia
1557 2744 1573 2767 ,
1608 2702 1914 2759 intellectus
1947 2706 2107 2774 Spiri-

508 2796 635 2852 talls
664 2798 718 2853 et
745 2796 972 2852 historia
999 2797 1434 2867 Seripturarum.
1466 2796 1519 2849 ln
1540 2795 1825 2866 Apastolo,
1867 2796 1998 2864 Viri,
2028 2799 2108 2852 di-

511 2891 653 2962 ligite
681 2901 868 2948 mres
894 2900 1107 2957 vestras,
1127 2891 1260 2945 sicut
1288 2900 1337 2945 et
1357 2891 1597 2945 Christus
1624 2885 2109 2946 dilexitEcctesiam

513 2983 728 3057 (Ephes.
763 3000 843 3054 ιιι,
865 2985 982 3055 25).
1015 2983 1280 3055 Sponsus,
1310 2983 1560 3040 Christus
1581 3025 1596 3049 ,
1631 2981 1756 3040 ideo
1779 2983 1922 3054 quod
1945 2999 1974 3039 a
2002 2981 2107 3038 Pa-

511 3088 597 3134 tre
623 3079 691 3133 ab
717 3079 871 3133 initia
897 3076 970 3133 sit
992 3077 1306 3148 promiseras.
1341 3076 1395 3132 ln
1421 3077 1635 3147 psalmo
1670 3095 1682 3130 :
1717 3065 1788 3130 Et
1822 3078 1930 3146 ipse
1976 3086 2110 3131 tam-

511 3185 664 3242 quam
684 3183 904 3242 sponsus
926 3171 1211 3242 procedens
1241 3169 1303 3224 de
1325 3169 1557 3224 thalamo
1580 3183 1673 3224 suo
1691 3169 1807 3242 (Ps.
1842 3185 1999 3240 xvm,
2025 3170 2104 3242 9).

508 3238 580 3319 Et
626 3265 678 3318 in
712 3238 1071 3333 'Evangelio:
1109 3264 1213 3332 Qui
1253 3263 1403 3319 habet
1457 3238 1707 3334 sponsam
1755 3238 1992 3336 sponsus
2029 3238 2104 3320 est
2136 3238 2184 3312 (ξ

510 3355 692 3430 (ιοηη.
727 3369 806 3425 ιιι,
829 3357 943 3429 sa).

580 3451 813 3522 Sponsa,
836 3451 1102 3519 Ecclesia,-
1125 3465 1246 3522 quze
1277 3451 1462 3522 utique
1490 3449 1688 3506 divinis
1717 3451 2102 3521 sponsionibus

509 3546 580 3601 sit
605 3533 892 3616 pruinissa.
916 3544 972 3599 ln
1003 3541 1242 3600 Canticis
1272 3545 1610 3600 cauticbrum
1640 3561 1652 3596 :
1684 3533 1862 3599 Venia
1882 3543 2102 3613 Libano,

510 3650 723 3712 sponsa,
752 3637 864 3694 vent
889 3653 920 3694 a
944 3638 1144 3695 Libano
1184 3637 1362 3712 (Cant.
1396 3649 1476 3704 tv,
1503 3638 1582 3709 8).
1625 3633 1796 3693 Filius
1826 3656 1838 3691 :
1875 3639 2106 3709 populus

510 3735 871 3792 credentium.
899 3735 959 3792 In
983 3734 1249 3807 Apostolo
1281 3752 1295 3789 :
1327 3732 1448 3788 Jam
1478 3747 1579 3789 non
1609 3745 1682 3789 est
1702 3743 1900 3802 servus,
1923 3734 2012 3789 sed
2041 3737 2108 3805 fi-

512 3833 655 3899 lius;
683 3831 823 3902 quod
846 3832 892 3886 si
921 3831 1082 3901 ptius,
1108 3839 1157 3885 et
1183 3827 1346 3885 haeres
1373 3845 1464 3901 per
1488 3827 1657 3884 Deum
1681 3829 1700 3899 (
1731 3827 1848 3884 Gal.
1885 3843 1958 3894 tv,
1985 3828 2016 3883 7
2045 3827 2064 3900 )
2090 3847 2104 3883 :

507 3927 674 3994 illius,
713 3927 767 3982 id
809 3935 930 3994 est,
983 3923 1286 3992 Dominus;
1331 3933 1392 3980 ut
1420 3923 1496 3980 ibi
1531 3924 1715 3995 :quod
1753 3924 1798 3980 si
1829 3921 1998 3979 Filius
2019 3931 2110 3980 vos

510 4017 800 4076 liberaverit
825 4019 1005 4093 (Jaan.
1021 4035 1140 4087 vm,
1170 4018 1287 4089 36).

577 4113 749 4187 Filia,
783 4114 964 4173 anima
1024 4111 1248 4172 ﬁdelis?
1278 4113 1396 4170 sive
1440 4111 1704 4170 Ecclesia.
1739 4109 1796 4166 in
1853 4113 2106 4182 psalmo:

507 4215 678 4284 Audi,
726 4213 870 4284 filia,
909 4211 1093 4267 etvide
1120 4207 1239 4283 (Ps.
1274 4208 1572 4279 ιιιιν,11);
1601 4215 1655 4262 et
1679 4206 1732 4262 in
1763 4205 1960 4261 malam
1986 4221 2111 4275 par-

509 4319 620 4368 tem
654 4305 869 4375 :Supet‘
912 4305 1079 4378 filiam
1119 4309 1303 4377 bdgam
1341 4303 1559 4372 dispone
1604 4299 1894 4354 custodiam
1925 4292 2106 4371 (Eccl.

508 4416 641 4468 xui,
674 4394 789 4471 il),
810 4395 862 4454 id
881 4406 986 4467 est,
1015 4395 1212 4453 anima:
1235 4394 1532 4450 levitatem.
1561 4389 1825 4461 Proximi,
1853 4387 1959 4446 lide
1985 4401 2111 4459 pro-

507 4492 716 4566 pinqui,
740 4500 796 4550 et
823 4493 915 4563 qui
943 4489 1374 4546 misericordiam
1401 4485 1720 4556 impebdttnt
1743 4484 1910 4554 inopi.
1933 4483 1991 4540 ln
2013 4483 2112 4541 Sa-

757 4604 770 4642 :
807 4579 1012 4642 Venite.
1041 4583 1373 4642 manducata.
1407 4589 1454 4637 ct
1477 4581 1648 4642 bibite,
1673 4585 1721 4635 et
1753 4579 2103 4642 inebriamt‘ni,
2161 4634 2167 4640 ,

509 4587 729 4644 lomone
757 4604 770 4642 :
807 4573 1012 4653 Venite,
1041 4583 1373 4652 manducata,
1407 4589 1454 4637 et
1477 4581 1648 4649 bibite,
1673 4585 1721 4635 et
1753 4579 2103 4650 inebriamini,
2161 4634 2167 4640 ,
2221 4573 2477 4627 hominem
2501 4587 2602 4628 non
2630 4575 3009 4629 t-estitttmreste
3034 4573 3254 4644 nuptiali
3280 4573 3498 4644 (Matth.
3526 4588 3671 4644 xxn,
3692 4575 3810 4644 il);

509 4681 734 4746 proximi
757 4679 930 4746 (Cant.
961 4685 1016 4746 v,
1052 4675 1127 4746 1).
2130 4643 2188 4708 D
2214 4684 2268 4732 et
2298 4673 2632 4746 Apostolus:
2665 4669 2854 4729 Omnes
2880 4675 2966 4746 nui
2991 4673 3195 4729 Christo
3226 4674 3626 4745 baptizaticstis,
3666 4673 3810 4729 Chri-

509 4681 734 4755 proximt
757 4679 930 4754 (Cant.
961 4685 1016 4748 ν,
1052 4675 1127 4752 1).

581 4774 792 4840 Amici,
824 4769 1127 4839 concordes
1175 4772 1229 4828 in
1276 4767 1472 4827 Deum.
1523 4767 1581 4825 in
1624 4765 1967 4840 Evangelia:
2008 4765 2106 4824 Vos

510 4868 667 4925 amici
695 4869 793 4923 mei
841 4868 959 4922 estis
985 4865 1177 4939 (Jaan.
1214 4877 1304 4931 xv,
1337 4863 1450 4937 M).
1483 4863 1676 4928 Senes,
1712 4872 2106 4918 consummato:

509 4961 754 5036 jubtitim.
786 4949 846 5015 ib
871 4953 1066 5014 Genesi
1099 4977 1111 5011 :
1148 4955 1216 5012 Et
1246 4961 1476 5012 mortuus
1505 4965 1576 5011 est
1602 4955 1862 5010 Abraham
1880 4969 2032 5010 senex
2059 4965 2107 5009 et

509 5051 693 5131 plenus
723 5045 924 5109 dierum
953 5050 1106 5123 (Gen.
1135 5067 1266 5119 xxv,
1301 5052 1373 5120 8).
1405 5050 1462 5105 In
1485 5050 1808 5106 Salomone:
1843 5047 1972 5104 Cant
1984 5057 2109 5103 sunt

511 5145 734 5205 hominis
793 5157 991 5212 sensus,
1053 5143 1101 5199 et
1155 5149 1280 5200 tetas
1317 5141 1588 5199 senectutis
1622 5145 1724 5198 'vita
1763 5143 2104 5198 immaculata

513 5243 671 5316 (Sap.
696 5245 770 5310 tv',
799 5239 876 5314 9).
913 5240 978 5296 Et
1006 5240 1060 5295 in
1088 5239 1365 5295 sinistram
1401 5237 1627 5308 partem,
1681 5233 1748 5295 de
1769 5237 2061 5295 Salomone
2093 5257 2105 5291 :

512 5334 739 5407 Cumque
761 5339 876 5408 jam
897 5347 1051 5389 senest
1080 5339 1232 5398 esset,
1266 5329 1602 5400 depravatum
1631 5335 1704 5385 est
1755 5347 1843 5387 cor
1876 5335 1984 5406 ejus
2010 5325 2110 5402 (iii

513 5429 642 5501 Reg.
679 5444 753 5494 xt,
779 5426 863 5500 4).
893 5425 1154 5491 Iuvenes,
1195 5424 1404 5480 alacres
1435 5423 1488 5478 in
1521 5422 1714 5479 Deum.
1766 5417 1827 5478 in
1861 5413 2108 5494 Epistoia

512 5523 736 5579 Joannis
769 5537 784 5576 :
819 5516 1002 5578 Scriba
1039 5517 1209 5586 vobis,
1245 5521 1499 5592 juvenes,
1533 5518 1653 5587 quia
1694 5517 1850 5583 fortes
1879 5517 2031 5583 estis;
2061 5527 2109 5572 et

512 5616 723 5672 uerbum
749 5603 844 5670 Dei
872 5617 925 5671 in
947 5613 1087 5672 nobis
1105 5621 1297 5682 manet,
1317 5624 1362 5669 et
1377 5613 1564 5669 vicistis
1586 5605 1874 5682 Matignum
1891 5607 2105 5682 (lJoan.

513 5725 572 5776 ιι,
607 5709 718 5781 M).
751 5710 822 5765 Et
850 5709 903 5766 in
934 5710 1128 5765 malam
1158 5720 1389 5780 partem,
1435 5708 1489 5762 in
1517 5701 1828 5775 Regnorum
1869 5703 2014 5759 libro
2041 5703 2109 5760 de

515 5799 760 5859 Rohoam
795 5822 806 5855 :
842 5799 1098 5857 Derelicto
1130 5801 1342 5857 consitio
1371 5800 1656 5866 seniorum,
1688 5797 1890 5853 locutus
1919 5803 1991 5854 est
2026 5811 2104 5853 se-

518 5895 747 5952 cundum
794 5895 1067 5952 comitium
1103 5899 1352 5965 juvenum
1385 5893 1481 5966 (111
1508 5891 1637 5964 Reg.
1673 5909 1768 5966 xu,
1807 5893 1871 5951 11
1895 5892 1937 5964 ).
1972 5892 2106 5951 Item

2209 1960 2413 2031 quidem
2444 1961 2630 2027 multa,
2653 1962 2878 2033 aporarii
2901 1971 3070 2017 autem
3091 1964 3244 2031 pauci
3273 1962 3492 2035 (Matth.
3547 1979 3627 2027 ιι.
3662 1965 3775 2034 37).

2279 2049 2492 2121 Pastor,
2523 2051 2780 2110 Dominus
2812 2073 2824 2108 :
2859 2049 2972 2126 Ego
2991 2071 3104 2110 sum
3131 2055 3324 2110 Pastor
3353 2055 3518 2112 bonus
3541 2057 3732 2129 (locis.
3757 2075 3808 2127 x,

2211 2145 2324 2216 11).
2353 2143 2484 2201 Item
2520 2155 2702 2216 pastor
2725 2148 3039 2215 Apostolus.
3069 2145 3124 2202 in
3158 2149 3677 2221 Evangelio:Pasee
3704 2165 3811 2206 ores

2210 2253 2349 2294 meas
2379 2237 2558 2311 (toan.
2594 2253 2708 2306 ιιιιι,
2742 2241 2867 2311 17);
2897 2251 2952 2296 et
2981 2243 3034 2296 in
3076 2241 3269 2296 malum
3298 2251 3508 2312 partem
3542 2261 3554 2295 :
3591 2243 3662 2298 Et
3689 2245 3807 2297 abiit

2211 2344 2266 2388 ut
2295 2344 2523 2404 pasceret
2550 2349 2734 2405 porcos
2763 2334 2915 2405 (Luc.
2949 2349 3038 2400 xv,
3075 2337 3193 2406 15),
3223 2336 3275 2392 id
3297 2345 3400 2407 est,
3430 2339 3521 2408 qui
3552 2345 3687 2392 sunt
3711 2341 3808 2392 lm-

2214 2427 2431 2482 mundis
2478 2426 2920 2496 cegitationihus.
2970 2425 3316 2495 Meroensrii,
3354 2431 3668 2486 servientes
3699 2430 3807 2486 Do-

2211 2521 2361 2576 mino
2385 2531 2490 2576 non
2521 2533 2619 2591 pro
2649 2535 2840 2576 amare
2867 2530 3076 2577 tantum
3108 2522 3315 2591 divina,
3346 2523 3442 2579 sed
3477 2538 3580 2594 pro
3605 2534 3812 2593 tempo-

2212 2613 2313 2669 Pali
2372 2613 2758 2669 retributione.
2792 2614 2848 2670 In
2890 2611 3230 2685 Evangelia:
3263 2614 3458 2680 Quanti
3509 2618 3812 2670 mercenarit

2211 2707 2372 2778 patris
2402 2706 2500 2760 mei
2527 2705 2789 2760 abundant
2822 2705 3042 2776 panibus
3074 2705 3231 2777 (Luc.
3264 2721 3353 2771 xv,
3385 2705 3534 2777 i7)?
3564 2706 3809 2761 Piscato-

2210 2811 2319 2864 res,
2363 2801 2618 2869 apostoli,
2643 2799 2730 2854 vel
2761 2797 3042 2854 dootores.
3073 2798 3131 2854 ln
3161 2800 3452 2868 Evangelia
3481 2815 3498 2854 ε
3531 2799 3603 2853 Et
3626 2802 3812 2871 faciant

2212 2903 2300 2946 vos
2324 2891 2441 2961 fieri
2474 2893 2753 2963 piscatores
2778 2891 3041 2946 hominum
3061 2889 3275 2963 (Matth.
3302 2892 3518 2960 tv,i5).
3537 2891 3803 2959 Medicus,

2212 2984 2492 3052 Christus,
2535 2987 2619 3041 vel
2658 2985 2872 3042 doctus.
2917 2986 2974 3041 ln
3004 2987 3296 3042 Salomone
3333 3003 3346 3040 :
3380 2985 3692 3040 Mannetus
3741 2988 3814 3039 uir

2213 3078 2386 3134 cordis
2427 3086 2504 3133 est
2542 3080 2790 3133 medicus.
2826 3079 2988 3145 item,
3016 3079 3140 3133 Non
3162 3087 3308 3152 egent
3338 3081 3451 3134 sani
3479 3080 3708 3147 medico,
3730 3079 3813 3134 sed

2215 3170 2351 3225 male
2378 3171 2618 3226 habentes
2654 3172 2815 3242 (Luc.
2847 3188 2900 3237 v,
2929 3173 2991 3228 51
3018 3173 3058 3243 ).
3088 3172 3249 3228 Dives
3275 3215 3288 3239 ,
3320 3173 3497 3229 [idolis
3529 3173 3815 3228 abundans

2211 3266 2546 3335 spiritalibus
2571 3266 2748 3320 bonis.
2780 3265 2836 3321 In
2857 3266 3124 3336 Apostolo
3151 3284 3161 3319 :
3199 3266 3335 3333 Quia
3363 3267 3546 3320 diritas
3575 3267 3710 3336 facti
3735 3282 3811 3320 es-

2211 3359 2278 3413 tis
2309 3359 2362 3412 in
2397 3357 2491 3412 illo
2534 3358 2589 3411 in
2615 3359 2753 3412 omni
2783 3360 2999 3413 scientia
3029 3365 3075 3413 et
3105 3360 3159 3413 in
3196 3361 3338 3412 omni
3365 3359 3515 3414 verba
3550 3360 3593 3431 (I
3620 3359 3744 3414 Cor.
3768 3373 3807 3429 ι,

2210 3450 2268 3524 5)
2295 3469 2308 3518 ;
2343 3453 2496 3508 dives
2529 3451 2692 3507 etiam
2718 3451 2986 3519 Christus,
3021 3461 3079 3508 ut
3107 3453 3238 3508 illud
3270 3470 3282 3506 ε
3313 3452 3466 3509 Dives
3493 3455 3549 3508 in
3577 3454 3813 3509 omnibus

2209 3547 2296 3617 qui
2324 3547 2560 3601 invocant
2588 3546 2736 3600 illum
2765 3546 2941 3619 (Rom.
2960 3561 3014 3616 x,
3034 3547 3147 3617 10).
3177 3546 3311 3601 Etin
3344 3548 3506 3601 aliam
3543 3555 3759 3616 partem
3788 3563 3801 3600 :

2215 3641 2270 3694 in
2306 3641 2594 3709 Evangelia
2622 3655 2636 3694 :
2674 3639 2762 3694 γω
2789 3641 2928 3693 vobis
2957 3640 3196 3694 divitibus
3223 3640 3374 3712 (Luc.
3401 3655 3477 3707 vr,
3506 3641 3582 3694 2L
3604 3639 3649 3711 ).
3681 3640 3815 3696 Ριιιι

2214 3747 2332 3806 per,
2368 3733 2588 3788 humilis
2619 3752 2629 3786 :
2658 3735 2709 3788 in
2737 3734 3029 3803 Evangelia
3063 3751 3074 3789 :
3105 3727 3177 3787 Et
3200 3743 3307 3788 erat
3339 3735 3547 3805 quidem
3580 3734 3812 3789 Laurus

2217 3826 2586 3898 paup'er(Luc.
2612 3835 2720 3893 xvi,
2748 3827 2864 3899 24).
2899 3827 2968 3881 Ει
2992 3827 3186 3882 lterum
3220 3827 3408 3883 :Beati
3437 3838 3698 3898 pauperes
3718 3830 3815 3902 spt«

2215 3922 2319 3973 ritu
2348 3918 2580 3990 (Matth.
2614 3935 2667 3984 v,
2699 3919 2796 3989 '5).
2841 3919 3053 3990 Pauper
3101 3922 3265 3975 etiam
3305 3929 3392 3976 est
3436 3921 3728 3986 Christus,
3760 3931 3813 3976 ut

2215 4012 2516 4083 Apostolus
2574 4031 2585 4064 :
2638 4011 2872 4067 Christus
2917 4029 3106 4084 egenus
3161 4029 3256 4086 pro
3292 4016 3439 4069 nobis
3483 4013 3660 4084 factus
3713 4023 3812 4080 est,

2217 4121 2332 4160 cum
2352 4113 2480 4160 esset
2509 4106 2648 4160 dives
2679 4105 2748 4178 (ll
2777 4106 2899 4160 Cor.
2926 4121 3042 4174 vtn,
3069 4105 3148 4177 9).
3178 4108 3240 4161 Et
3262 4107 3315 4162 in
3357 4109 3556 4162 malam
3581 4119 3813 4177 partem.

2217 4198 2274 4253 in
2333 4199 2580 4268 psalmo:
2621 4199 2756 4266 Quia
2809 4215 3057 4272 pauperes
3093 4202 3218 4272 facti
3256 4215 3434 4255 sumus
3475 4202 3631 4256 nimis
3674 4199 3790 4274 (Ps.

2215 4307 2438 4359 Lxxvm,
2462 4292 2496 4348 8
2520 4293 2561 4365 ).

2289 4385 2566 4453 Vestitus‘,
2609 4386 2813 4443 habens
2861 4386 3118 4457 baptismi
3156 4387 3239 4442 vel
3267 4387 3387 4442 fidei
3416 4388 3806 4456 integritatem,

2218 4485 2311 4532 aut
2343 4477 2568 4548 justitite
2601 4480 2998 4534 indumentum.
3029 4480 3085 4536 In
3120 4479 3414 4550 Evangelia
3446 4497 3460 4535 :
3489 4477 3555 4533 Et
3585 4482 3717 4534 sidit
3740 4480 3808 4536 ibi

2221 4573 2477 4627 hominem
2501 4587 2602 4628 non
2630 4575 2863 4628 vestitum
2879 4583 3009 4629 reste
3034 4567 3254 4644 nuptiali
3280 4571 3498 4644 (Matth.
3526 4588 3671 4644 xxn,
3692 4575 3810 4644 il);

2217 4775 2352 4824 stum
2380 4769 2622 4823 induistis
2645 4766 2788 4836 (Gut.
2823 4781 2900 4833 ιιι,
2932 4765 3047 4838 27).
3082 4766 3288 4831 Nudus,
3321 4781 3522 4822 carens
3554 4764 3810 4836 Περιίεωί

2213 4871 2557 4918 sacramento
2586 4857 2769 4935 [Forte
2793 4859 3157 4930 vestimento],
3192 4861 3272 4914 vel
3301 4857 3489 4914 divino
3517 4858 3808 4929 adiutorio,

2217 4955 2302 5011 vel
2331 4955 2490 5011 bonis
2521 4953 2799 5024 operibus.
2829 4953 2883 5008 ln
2915 4953 3240 5024 Apocalypsi
3270 4969 3283 5004 :
3318 4952 3400 5006 Tu
3436 4959 3608 5007 autem
3637 4953 3808 5005 nudus

2215 5059 2262 5106 et
2293 5051 2447 5105 miser
2471 5050 2657 5123 (Apoc.
2677 5064 2759 5114 ιιι,
2791 5047 2901 5119 17).
2922 5047 2986 5104 Et
3015 5047 3066 5102 In
3088 5049 3284 5102 bonam
3309 5055 3540 5116 partem.
3563 5041 3619 5102 In
3633 5046 3809 5102 Evan-

2216 5143 2358 5213 galia
2393 5160 2405 5194 :
2441 5138 2501 5195 Et
2527 5143 2741 5211 rejerta.
2788 5141 2982 5210 inquit,
3022 5140 3239 5194 sindone
3275 5139 3446 5194 nudus
3485 5140 3721 5210 profugit
3747 5138 3808 5190 ab

2213 5235 2285 5288 eis
2318 5229 2510 5305 (Marc.
2540 5243 2649 5299 xtv,
2681 5229 2798 5300 δὲ),
2832 5231 2885 5286 id
2915 5239 2997 5286 est
3026 5231 3204 5284 nudus
3232 5238 3451 5285 terrens
3485 5227 3771 5285 facultate.

2290 5323 2425 5395 Vivl,
2455 5325 2612 5395 justi.
2646 5319 2700 5377 in
2733 5324 2962 5393 psaltria,
2996 5320 3222 5376 Ptnrebo
3256 5319 3480 5375 Domino
3507 5323 3558 5376 in
3587 5323 3801 5391 regione

2212 5424 2440 5477 vivorum
2461 5419 2580 5490 (Ps.
2609 5429 2753 5486 cxtv,
2783 5417 2861 5488 9).
2895 5417 2962 5472 Et
2991 5418 3044 5471 in
3077 5419 3301 5472 alterum
3335 5425 3545 5486 partem
3571 5433 3586 5483 ;
3617 5417 3677 5471 in
3709 5415 3807 5470 Sa.

2208 5515 2430 5571 lomone
2449 5529 2462 5566 :
2485 5511 2551 5565 Et
2571 5509 2780 5566 laudavi
2798 5511 2961 5581 magis
2977 5515 3205 5565 mortuos
3226 5523 3379 5580 quam
3399 5510 3617 5564 uiuentes
3632 5508 3804 5581 (Eccl.

2216 5623 2288 5678 tv,
2320 5607 2400 5679 2).
2430 5601 2647 5672 Martui,
2679 5614 3017 5675 peccatores,
3047 5604 3126 5660 vel
3167 5591 3523 5659 inﬁdelemtn
3565 5603 3808 5671 Evnugob

2214 5704 2288 5759 lio
2313 5721 2325 5756 :
2363 5702 2494 5758 Sine
2514 5710 2742 5755 mortuos
2772 5699 2988 5770 sepelire
3012 5707 3131 5752 suos
3159 5705 3386 5752 mortuos
3421 5695 3646 5767 (latth.
3692 5708 3801 5762 vni,

2211 5786 2329 5869 Ξῖ).
2355 5786 2425 5850 Et
2451 5795 2502 5850 in
2535 5794 2729 5851 bonam
2767 5803 2974 5863 partem
3009 5811 3020 5846 :
3063 5791 3210 5847 Beati
3243 5792 3436 5846 mortui
3474 5792 3558 5863 qui
3597 5791 3652 5845 in
3696 5788 3804 5844 lio-

2214 5889 2356 5946 mino
2387 5889 2675 5943 moriuntur
2703 5887 2940 5961 (Apocal.
2968 5901 3078 5950 xtv.
3111 5885 3220 5956 15).
3257 5885 3390 5942 item
3411 5883 3632 5943 :Morttti
3658 5884 3799 5951 estis,
