4018 6338
625 278 727 334 759
1609 285 1666 341 S.
1711 284 2034 342 EUCHERII
2074 284 2554 344 LUGDUNENSIS
2593 289 2901 349 EPISCOPI
3724 326 3808 386 76°.

619 394 766 462 pitur
797 410 811 448 :
845 394 1035 450 Levita
1071 395 1258 450 radant
1291 414 1467 454 omnes
1504 400 1640 471 pilos
1673 403 1845 458 carnis
1874 419 1983 458 suae
2008 402 2199 474 (Nunt.
2230 406 2282 463 Α
2311 417 2408 472 per
2439 406 2621 461 vinum
2660 410 3009 465 mordeantur
3037 410 3275 480 vulnera,
3317 432 3408 489 per
3432 423 3589 482 oleum
3627 431 3797 496 fovean-

619 501 730 552 vm,
758 489 838 556 7).
869 488 1119 558 Sanguis,
1153 491 1394 559 operatio
1415 494 1678 559 carnalis;
1713 497 1765 550 in
1797 496 1934 565 psal.
1967 513 1981 549 :
2016 495 2207 550 Libera
2308 505 2418 551 tur.
2450 496 2667 566 Oleum,
2712 501 3106 568 misericordia,
3146 507 3226 561 vel
3275 488 3492 580 spiritus
3526 533 3723 583 sanctus.

615 593 696 632 me
724 579 788 632 de
809 580 1165 648 sanguinibus,
1201 579 1357 646 Deus,
1399 582 1538 638 Deus
1575 587 1758 641 salutis
1783 603 1909 642 mea:
1939 585 2114 658 (Psul.
2150 604 2200 651 ι,

532 651 543 713 ἰ
610 670 727 739 16).
763 669 829 723 Et
855 671 983 724 item
1015 689 1028 724 :
1065 668 1198 726 Caro
1221 683 1270 726 et
1296 677 1507 746 sanguis
1549 694 1759 749 regnum
1790 678 1888 734 Dei
1912 651 2013 734 non
2039 681 2203 751 possi-

607 760 800 815 debunt
829 761 874 830 (Ι
902 759 1024 817 Cor.
1059 779 1160 831 xv,
1205 765 1321 836 50).
1360 768 1425 823 Et
1466 770 1632 825 Isaias
1665 790 1678 824 :
1715 771 1946 845 Sanguis
1981 774 2198 845 sangui-

606 867 725 904 nem
750 853 916 923 tetigit
947 852 1094 922 (Ose.
1125 855 1296 927 ιιι,2).
1331 859 1462 915 Item
1515 862 1568 917 in
1608 864 1804 919 bonam
1847 877 2054 935 partem
2083 910 2099 934 ,
2141 876 2202 923 ιιι

606 942 934 1012 Apostolus:
968 945 1034 1000 Et
1063 951 1274 1018 sanguis
1309 950 1437 1007 .Iesu
1491 953 1686 1011 Christi
1724 960 1970 1013 emundat
2005 977 2098 1014 nos
2133 960 2197 1015 ab

605 1035 744 1090 omni
781 1047 990 1106 peccato
1013 1038 1172 1107 (Heb.
1207 1041 1321 1112 1x);
1353 1058 1504 1114 caro,
1540 1047 1702 1103 homo
1741 1051 2002 1106 exterior.
2035 1053 2092 1107 In
2125 1056 2197 1108 A-

603 1128 856 1197 postolo:
888 1128 1023 1185 Caro
1053 1133 1186 1186 enim
1217 1139 1528 1206 concupiscit
1543 1143 1786 1196 adversus
1802 1144 2193 1214 spiritum,spi-

602 1222 734 1274 ritus
753 1232 925 1276 autem
943 1224 1187 1279 adversus
1215 1242 1420 1282 carnem
1451 1229 1594 1303 (Gal.
1630 1249 1681 1298 v,
1718 1232 1828 1304 17).
1862 1233 2003 1290 Caro
2041 1236 2192 1305 juxta

600 1321 872 1378 naturam,
895 1323 954 1366 ut
985 1331 998 1366 :
1029 1313 1146 1368 Hoc
1174 1332 1310 1370 nunc
1331 1336 1387 1374 os
1415 1337 1478 1375 ea:
1504 1324 1702 1378 ossibus
1727 1328 1870 1393 meis,
1901 1334 1949 1380 et
1975 1341 2096 1380 caro
2130 1327 2194 1382 de

599 1419 752 1459 carne
787 1423 900 1460 mea
923 1405 1076 1476 (Gen.
1105 1423 1166 1472 ιι,
1196 1407 1314 1479 25),
1344 1421 1400 1466 et
1427 1414 1501 1470 ibi
1533 1434 1545 1469 :
1589 1415 1808 1471 Verbum
1839 1435 1960 1472 caro
1986 1419 2190 1488 factum

599 1507 674 1552 est
710 1497 905 1568 (Joan.
939 1517 978 1564 ι,
1031 1503 1142 1574 14).
1177 1501 1330 1559 Unde
1377 1507 1667 1576 Apostolus
1704 1527 1715 1563 :
1775 1509 1872 1564 Vos
1910 1520 2083 1565 autem
2136 1512 2191 1566 in

598 1604 749 1644 carne
790 1609 894 1646 non
930 1597 1081 1662 estis,
1127 1598 1215 1652 sed
1246 1599 1298 1653 in
1324 1599 1511 1670 spiritu
1546 1599 1739 1669 (Rom.
1770 1617 1887 1669 vsu,
1921 1603 2013 1674 9).
2055 1604 2188 1659 Item

597 1697 726 1737 caro
749 1683 903 1754 juxta
917 1689 1153 1756 culpam,
1189 1700 1245 1746 ut
1277 1709 1289 1745 :
1334 1690 1458 1746 Non
1485 1695 1797 1762 permanebit
1819 1697 2030 1766 spiritus
2047 1713 2189 1752 meus

2311 536 2418 551 ...ιο
2453 536 2667 566 νινυιιη,
2712 536 3106 568 uuam-unum,
3151 536 3226 561 vos
3275 536 3492 580 optutus
3526 536 3723 583 sanctus,
3759 536 3796 592 1η

2307 589 2472 658 psal.,
2507 587 2574 645 In
2595 592 2708 646 oleo
2734 603 2912 648 sancto
2939 610 3048 649 utea
3070 595 3324 653 linivieum
3341 600 3453 670 (Ps.
3477 622 3696 683 Lxxxvm,
3711 621 3794 697 21),

2305 680 2363 736 ιη
2395 683 2556 740 aliam
2590 694 2794 755 partem
2821 703 2835 740 :
2869 686 3052 743 Oleum
3080 700 3248 745 autem
3269 702 3529 761 peccatoris
3552 721 3640 760 non
3657 680 3796 783 ititpiii.

2303 783 2423 844 guet
2449 785 2601 848 caput
2628 793 2800 832 meum
2831 778 2950 849 (Ps.
2980 795 3105 849 ch,
3138 783 3215 852 5),
3244 783 3294 839 id
3330 797 3432 857 est,
3460 792 3682 854 adulatio.
3706 778 3786 862 Por.

2303 867 2447 933 cina,
2472 880 2710 939 peccata.
2735 871 2790 926 In
2814 873 3032 942 psalm.,
3056 873 3335 932 Saturatus
3347 895 3458 935 sum
3481 888 3683 952 porcina.
3701 898 3795 969 Αη.

2301 975 2470 1027 mum,
2505 962 2794 1019 sinceritas
2820 966 3023 1033 cordis,
3075 968 3192 1024 sine
3240 968 3494 1030 fermento
3527 980 3723 1040 malitiae.
3757 962 3795 1047 In

2301 1057 2562 1122 Apostolo
2583 1075 2594 1109 :
2617 1055 2685 1110 In
2718 1061 2915 1129 azymis
2954 1061 3258 1116 sinceritatis
3287 1072 3334 1117 et
3361 1068 3567 1124 veritatis
3593 1072 3628 1144 (I
3651 1074 3794 1150 Com,

2301 1145 2378 1217 8).
2409 1148 2608 1216 Ovum,
2642 1163 2768 1220 spes
2801 1161 2950 1207 certa
2987 1151 3246 1209 ﬁdelium.
3276 1155 3403 1212 Item
3441 1159 3489 1213 in
3523 1165 3685 1221 malam
3706 1145 3795 1240 par.

2299 1245 2408 1292 tem
2443 1255 2454 1291 :
2493 1239 2596 1306 Qui
2646 1242 2919 1297 comederit
2969 1243 3034 1297 de
3070 1246 3176 1299 ovis
3216 1262 3387 1301 eorum
3435 1254 3648 1308 morietur
3684 1239 3793 1330 (lsai.

2298 1345 2415 1395 th,
2434 1330 2514 1400 5),
2537 1331 2882 1402 deimprobis
2909 1343 2964 1391 et
2987 1337 3132 1392 male
3155 1337 3348 1392 doctis.
3372 1339 3623 1414 Similago,
3648 1353 3794 1416 paritas

2297 1423 2514 1489 mentis,
2544 1433 2599 1480 et
2621 1423 2878 1482 fortitudo
2903 1428 3200 1483 charitatis.
3230 1428 3286 1483 In
3317 1430 3543 1489 Levitico
3565 1452 3578 1489 :
3601 1437 3651 1492 Si
3673 1453 3794 1499 autem

2296 1514 2475 1567 anima
2498 1513 2648 1580 olfert
2687 1532 2877 1571 munus
2910 1518 3225 1588 sacriﬁcium
3255 1518 3382 1588 Deo,
3411 1524 3621 1596 similago
3650 1531 3701 1584 sit
3718 1551 3795 1587 mu.

2297 1619 2393 1657 nus
2444 1607 2558 1676 ejus
2615 1605 2776 1677 (Lev.
2827 1623 2895 1672 ιι,
2945 1607 3039 1680 1).
3089 1609 3498 1667 Subcineritium
3553 1615 3794 1680 humilitatis

2297 1697 2519 1753 oblatio.
2557 1698 2614 1753 In
2645 1698 2846 1757 Genesi
2877 1719 2890 1753 :
2927 1698 3256 1756 Festinanter
3291 1719 3553 1778 consperge
3587 1718 3669 1764 tres
3692 1730 3793 1769 ηιεη.

595 1777 648 1830 in
680 1777 969 1837 hominibus
999 1784 1129 1850 istis,
1153 1787 1276 1856 quia
1303 1804 1421 1840 caro
1451 1797 1573 1841 sunt
1601 1787 1756 1859 (Gen.
1791 1805 1865 1857 γι,
1897 1789 1974 1856 5).
2000 1792 2190 1847 Genua
2216 1792 2268 1854 B
2296 1808 2446 1846 suras
2475 1793 2803 1863 similaginis,
2832 1804 2880 1848 et
2923 1795 3007 1863 {ac
3037 1795 3392 1850 subcineritios
3421 1797 3568 1865 (Gen.
3595 1817 3712 1868 xVItt,
3737 1806 3790 1878 6).

595 1872 865 1927 confessio
897 1873 1235 1934 humilitatis.
1268 1879 1325 1933 In
1352 1879 1590 1946 Cantic.,
1625 1880 1692 1935 Et
1733 1899 1868 1936 nunc
1905 1884 2058 1952 ﬂecto
2099 1902 2186 1956 ge-

591 1980 697 2018 nua
743 1968 912 2022 cordis
950 1972 1047 2025 mei
1078 1971 1252 2045 (Eph.
1300 1990 1376 2041 ιιι,
1410 1976 1526 2044 14),
1560 1987 1614 2031 et
1643 1977 1698 2031 ist
1727 1979 1971 2046 psalmo:
2005 1979 2184 2035 Genua

591 2074 703 2112 mea
721 2059 984 2128 infirmata
1011 2075 1130 2118 sunt
1160 2069 1413 2138 ajejunio
1440 2067 1558 2140 (Ps.
1592 2085 1741 2134 cvm,
1773 2071 1888 2141 24).
1921 2072 2187 2142 Aliquan-

589 2149 661 2204 do
701 2151 870 2207 virtus
908 2153 1071 2210 ﬁdei:
1116 2157 1169 2211 in
1215 2159 1480 2228 propheta
1528 2180 1540 2213 :
1587 2161 1789 2232 Reliqui
1829 2163 1956 2217 mihi
1988 2177 2183 2237 septem

587 2243 759 2298 ntillia
787 2247 1050 2316 virorum,
1092 2252 1183 2322 qui
1220 2266 1322 2307 non
1364 2266 1698 2311 curvaverant
1724 2274 1890 2330 genua
1910 2269 2028 2313 ante
2051 2260 2184 2314 Baal

588 2334 693 2403 (llI
714 2335 842 2407 Reg.
895 2355 1082 2406 xxxix,
1120 2343 1246 2414 18).
1284 2344 1476 2410 Pedes,
1507 2362 1700 2404 cursus
1730 2349 1874 2416 vitae,
1899 2351 1987 2406 vel
2017 2352 2182 2408 stabi-

587 2427 718 2483 litas
748 2432 965 2496 mentis,
990 2435 1076 2488 vel
1109 2435 1258 2491 ﬁdei.
1295 2437 1351 2491 In
1393 2441 1600 2507 psalmo
1636 2458 1647 2492 :
1685 2442 1893 2496 Stantes
1924 2455 2070 2498 erant
2095 2463 2183 2514 pe-

589 2523 678 2575 des
712 2524 873 2575 nostri
910 2524 1039 2593 (Ps.
1081 2541 1228 2593 cxxt,
1272 2528 1367 2600 2).
1417 2530 1484 2584 Et
1522 2532 1575 2586 in
1621 2533 1816 2588 malam
1849 2545 2091 2604 partem;
2123 2539 2179 2594 in

586 2613 848 2684 propheta
877 2634 888 2670 :
919 2615 1024 2670 Cur
1053 2619 1363 2676 claudicatis
1392 2632 1612 2695 utroque
1639 2627 1768 2696 pede
1788 2625 1879 2696 (III
1904 2629 2031 2700 Reg.
2061 2631 2179 2703 21).

587 2708 676 2774 Et,
717 2707 927 2765 Veloces
954 2712 1109 2783 pedes
1144 2731 1318 2768 eorum
1354 2717 1423 2770 ad
1455 2716 1826 2783 effundendum
1875 2726 2180 2795 sanguinem

587 2801 706 2875 (Ps.
740 2819 857 2869 xtn,
889 2805 969 2876 5).
997 2805 1359 2876 Calcaneum,
1394 2812 1764 2880 supplantatio
1809 2816 2088 2872 vitiorum.
2121 2818 2178 2874 ln

585 2895 784 2953 Genesi
822 2916 833 2951 :
870 2898 989 2970 Ipse
1034 2909 1177 2955 tuum
1208 2903 1488 2958 observavit
1525 2916 1679 2974 caput
1703 2949 1718 2974 ,
1752 2917 1796 2962 et
1817 2918 1871 2964 tu
1901 2911 2044 2966 illius
2071 2913 2180 2967 cal-

585 3003 800 3044 caneunt
837 2991 990 3061 (Gen.
1016 3009 1096 3059 ιιι,
1132 2993 1253 3067 15).
1286 2995 1439 3063 Item,
1468 3001 1728 3054 terminus
1757 3003 2010 3072 actionis,
2040 3017 2097 3060 ut
2123 3007 2179 3062 in

581 3082 796 3148 psalmo
829 3098 845 3139 :
879 3082 992 3153 Ipsi
1037 3087 1338 3142 calcaneum
1373 3105 1544 3144 meum
1585 3092 2058 3167 observabunt(Ps.
2090 3114 2178 3164 Lv,

2292 1881 2362 1937 Et
2390 1883 2444 1937 in
2475 1883 2670 1938 malam
2703 1894 2911 1954 partem
2950 1902 2963 1938 :
2997 1884 3193 1938 Factus
3223 1896 3296 1940 est
3327 1884 3561 1958 Ephraim
3583 1893 3795 1949 subcineri-

2291 1979 2394 2031 tius
2424 1977 2572 2048 (Ose.
2604 1994 2758 2042 xvttt,
2789 1977 2868 2048 6).
2902 1978 3032 2046 Lac,
3078 1981 3279 2035 mentis
3305 1981 3585 2036 sinceritas.
3628 1982 3672 2038 In
3705 1987 3793 2057 Epi-

2291 2069 2428 2124 stola
2466 2069 2611 2125 Petri
2656 2089 2668 2123 :
2723 2071 3074 2126 Rationabiles
3119 2072 3232 2126 sine
3265 2071 3380 2126 dolo
3417 2075 3491 2128 lac
3531 2079 3794 2145 concupiscite

2291 2164 2332 2231 (I
2369 2163 2516 2218 Petr.
2543 2179 2603 2231 ιι,
2635 2164 2716 2232 2).
2751 2163 2884 2220 Item
2915 2169 2968 2218 in
2996 2164 3158 2219 aliam
3213 2173 3439 2233 partem,
3468 2165 3529 2220 de
3565 2167 3740 2224 rudibus
3759 2173 3792 2226 in

2291 2255 2533 2311 Ecclesia
2568 2273 2580 2309 :
2616 2255 2720 2311 Lac
2749 2256 2886 2311 vobis
2917 2265 3097 2326 potum
3125 2258 3268 2322 dedi,
3296 2274 3398 2312 non
3424 2273 3602 2325 escam;
3626 2263 3793 2316 nondum

2287 2349 2421 2402 enim
2451 2350 2696 2420 poteratis
2728 2349 2769 2420 (l
2800 2348 2922 2403 Cor.
2969 2364 3047 2416 ιιι,
3079 2348 3168 2420 2).
3202 2349 3297 2405 Hic
3336 2351 3417 2406 lac
3454 2351 3680 2421 exiguitas
3708 2368 3793 2410 sen-

2287 2458 2402 2497 sus.
2455 2441 2564 2496 Lac
2609 2443 2974 2512 coagulatum,
3018 2443 3166 2497 vitiis
3212 2450 3535 2498 concretum.
3583 2444 3632 2499 In
3657 2447 3788 2515 psal.:

2289 2535 2631 2608 Coagulatum
2673 2546 2746 2590 est
2784 2538 2915 2590 sicut
2945 2535 3027 2590 lac
3056 2553 3149 2591 cor
3177 2553 3353 2592 eorum
3395 2536 3506 2609 (Ps.
3535 2554 3687 2602 cxvttt.
3709 2542 3793 2608 70H

2288 2628 2400 2694 Sal,
2431 2629 2835 2684 condimentum
2869 2629 3172 2699 sapientiae.
3227 2630 3285 2684 In
3330 2631 3558 2701 Evang.:
3587 2630 3673 2686 Vos
3708 2634 3791 2686 estis

2283 2723 2366 2776 sal
2389 2730 2536 2776 terra:
2558 2721 2770 2790 (Matth.
2794 2739 2846 2788 v,
2875 2722 2987 2794 15),
3005 2732 3057 2778 et
3074 2724 3254 2778 habete
3274 2723 3354 2794 sal
3378 2725 3429 2778 in
3453 2724 3722 2795 vobiswar.
3739 2741 3790 2790 ιχ,

2284 2813 2402 2885 49).
2433 2814 2558 2878 Mel,
2581 2813 2812 2869 dulcedo
2843 2824 3240 2886 praeceptorum
3271 2817 3383 2871 Dei.
3410 2816 3466 2871 In
3492 2815 3610 2887 psal.
3634 2835 3646 2870 :
3671 2815 3793 2883 Quam

2285 2909 2459 2963 dulcia
2491 2908 2723 2980 faucibus
2753 2910 2878 2962 meis
2903 2909 3104 2978 eloquia
3126 2921 3240 2976 tua,
3265 2908 3497 2982 Domine,
3521 2928 3652 2990 super
3667 2913 3743 2966 mel
3761 2921 3793 2964 et

2284 3007 2459 3072 favum
2485 3004 2562 3056 ori
2591 3018 2699 3056 meo
2729 3001 2851 3070 (Ps.
2881 3017 3025 3067 cvm,
3076 3002 3225 3074 103).
3268 3001 3397 3059 Item
3429 3003 3588 3069 aliter,
3615 3005 3658 3058 in
3681 3004 3792 3060 Salo-

2287 3111 2449 3152 mone
2483 3113 2495 3148 :
2546 3092 2818 3150 Inveniens
2867 3097 2986 3158 mel,
3037 3097 3299 3152 manduca
3337 3097 3468 3167 quod
3504 3099 3612 3151 satis
3642 3108 3715 3161 est,
3751 3114 3794 3150 ne

584 3173 617 3228 7
637 3173 678 3244 ).
708 3174 942 3230 Gressus
967 3217 982 3242 ,
1015 3179 1292 3245 profectus
1347 3196 1593 3251 operum.
1645 3185 1703 3238 In
1753 3188 1889 3255 psal.
1928 3208 1940 3240 :
1976 3187 2179 3259 Perﬁce
2204 3167 2253 3233 (ἶ
2285 3192 2418 3259 forte
2443 3191 2657 3242 satiatus
2685 3203 2886 3243 evomas
2931 3187 3112 3260 (Prov.
3147 3204 3275 3255 xxv,
3305 3188 3418 3260 18),
3449 3188 3499 3243 id
3533 3198 3624 3257 est,
3658 3188 3795 3242 altiora

588 3282 792 3336 gressus
820 3284 955 3322 meos
983 3269 1036 3323 in
1065 3271 1255 3326 semitis
1281 3274 1384 3328 tuis
1414 3274 1530 3342 (Ps.
1565 3293 1673 3342 xvr,
1699 3277 1777 3347 5).
1810 3279 2070 3351 Vestigia,
2107 3283 2180 3338 si-

587 3372 690 3428 gna
719 3358 1004 3415 virtutum.
1039 3361 1094 3416 In
1126 3365 1372 3432 psalmo:
1408 3365 1477 3421 Ut
1499 3385 1601 3421 non
1623 3383 1925 3426 moveantur
1967 3377 2178 3446 vestigia

581 3465 718 3503 mea.
753 3449 821 3505 Et
848 3452 900 3505 in
931 3455 1162 3508 alteram
1194 3466 1421 3524 partem,
1451 3459 1504 3512 in
1531 3459 1824 3520 Salomone
1851 3483 1864 3520 :
1898 3465 1964 3521 Et
1994 3476 2175 3523 trans-

582 3543 658 3596 iet
695 3541 802 3597 vita
835 3542 1174 3617 (impiorum)
1205 3557 1478 3619 tamquam
1522 3554 1802 3624 vestigium
1832 3558 2024 3612 maris.
2051 3559 2178 3615 Sto-

580 3634 663 3701 la,
714 3635 1092 3693 indumentum
1135 3640 1386 3711 baptismi
1425 3647 1507 3700 vel
1541 3648 1687 3702 fidei.
1721 3649 1776 3704 In
1821 3651 2121 3722 Evangelio
2158 3671 2174 3709 :

582 3726 695 3783 Cito
727 3734 949 3799 proferte
968 3734 1155 3787 stolam
1184 3737 1406 3806 primam
1437 3737 1589 3811 (an.
1626 3757 1715 3807 xv,
1748 3743 1864 3813 22).
1895 3745 2170 3814 Cilicium,

580 3822 922 3890 poenitentite
967 3826 1356 3882 testimonium.
1401 3829 1457 3884 In
1499 3832 1701 3903 Evang.
1754 3834 1892 3888 Olim
1926 3838 1979 3890 in
2009 3839 2175 3894 cinere

578 3924 628 3968 et
656 3916 824 3970 cilicio
854 3918 1201 3983 paenitentiam
1229 3923 1446 3990 egissent
1475 3923 1656 3996 (Matt.
1705 3944 1779 3996 XI,
1824 3929 1940 4000 21).
1975 3931 2171 4001 Cingu-

578 4007 711 4074 lum,
746 4010 1004 4077 spiritalis
1031 4011 1210 4081 operis
1241 4015 1535 4072 accinctus.
1570 4019 1625 4072 In
1660 4021 1905 4088 psalmo:
1941 4022 2009 4076 Et
2040 4041 2174 4094 prse-

578 4102 787 4156 cimvisti
818 4120 897 4158 me
925 4104 1106 4158 latitia
1136 4104 1254 4177 (Ps.
1289 4123 1436 4172 xxix,
1467 4110 1578 4182 12).
1602 4111 1768 4179 Zona,
1803 4114 1982 4169 cordis
2012 4132 2168 4172 mun-

575 4194 730 4249 ditia.
765 4197 1055 4264 Apostolus
1093 4214 1107 4253 :
1156 4197 1428 4254 Prazcincti
1463 4203 1599 4258 circa
1641 4206 1838 4260 lumbos
1881 4211 2024 4263 zonis
2073 4228 2171 4264 au-

574 4289 677 4340 reis
707 4287 893 4358 (Apoc.
926 4304 1014 4352 xv,
1054 4291 1130 4359 6).
1170 4291 1574 4360 Calciamenta,
1621 4298 1946 4367 prta-paratio
1997 4302 2164 4370 pacis.

573 4379 632 4432 In
665 4380 924 4447 ApOstolo
953 4401 969 4438 :
1001 4382 1218 4438 Calciati
1250 4386 1401 4456 pedes
1433 4387 1486 4440 in
1525 4393 1952 4458 prwparationem
1996 4393 2170 4449 Evan-

574 4473 696 4541 gelii
725 4476 887 4542 pacis.
937 4479 1097 4532 Arma
1140 4479 1416 4534 interioris
1462 4480 1718 4546 hominis,
1754 4485 1804 4537 in
1862 4487 2162 4554 Apostolo:

2283 3291 2331 3336 te
2361 3298 2423 3336 ne
2448 3282 2714 3353 quwsieris
2753 3279 2943 3349 (Eccli.
2966 3295 3047 3348 ιιι,
3071 3278 3186 3351 22).
3245 3280 3364 3349 Fel,
3395 3280 3664 3335 amaritudo
3684 3281 3795 3335 mali-

2283 3377 2392 3431 tiae.
2426 3375 2482 3430 In
2513 3377 2761 3446 psalmo:
2791 3375 3059 3430 Dederunt
3101 3376 3156 3429 in
3203 3393 3376 3431 escam
3426 3392 3575 3430 meam
3611 3376 3668 3446 fel
3707 3372 3790 3446 (I’s.

2282 3483 2464 3532 vam,
2493 3467 2608 3538 22).

2353 3559 2602 3627 Acetum,
2634 3559 2897 3630 asperitas
2942 3570 3210 3630 corruptae
3245 3561 3459 3616 mentis.
3506 3558 3558 3613 In
3600 3557 3790 3628 psalmo:

2280 3649 2349 3706 Et
2375 3652 2428 3706 in
2456 3652 2541 3706 siti
2568 3668 2682 3705 mea
2725 3661 3025 3717 potaverunt
3072 3669 3152 3706 me
3190 3661 3339 3707 aceto
3385 3651 3501 3722 (Ps.
3533 3666 3684 3715 vam,
3709 3645 3789 3717 22).

2278 3743 2410 3799 Item
2453 3754 2688 3808 acetum,
2731 3747 3002 3813 correptio
3046 3744 3361 3810 doctorum,
3396 3743 3527 3798 unde
3553 3741 3789 3798 Salomon:

2278 3837 2490 3890 Acetum
2543 3836 2596 3889 in
2643 3837 2778 3891 nitro
2816 3836 2904 3908 qui
2947 3848 3120 3891 cantat
3170 3839 3404 3892 carmina
3451 3837 3589 3891 corde
3629 3833 3793 3906 pessimo

2282 3926 2462 3998 (Prov.
2495 3944 2628 3994 xxv,
2653 3928 2769 3999 20).
2802 3929 2920 3997 Pix,
2953 3930 3420 4000 inquinamentum
3442 3941 3493 3987 et
3518 3927 3707 3999 nigredo
3727 3925 3792 3980 dcc

2278 4019 2548 4074 lictorum.
2577 4021 2632 4075 In
2662 4019 2988 4077 Salomone:
3026 4022 3128 4089 Qui
3157 4024 3325 4094 tangit
3356 4025 3530 4093 picem,
3560 4018 3791 4090 inquinabi-

2277 4123 2360 4166 tur
2389 4115 2452 4167 ab
2487 4131 2546 4168 ea
2575 4115 2746 4186 (Eccl.
2785 4133 2902 4182 xnt,
2937 4116 3013 4189 1).
3059 4117 3273 4182 Sicera,
3315 4117 3570 4174 confectio
3604 4113 3791 4184 quasdam

2275 4207 2492 4262 malitite
2520 4218 2572 4262 et
2603 4210 2878 4279 nequitias.
2905 4210 2960 4264 In
2999 4209 3336 4280 Evangelio:
3367 4210 3544 4264 Vinum
3567 4217 3610 4263 et
3629 4208 3791 4262 siceram

2273 4318 2375 4355 non
2405 4301 2535 4356 bibet
2557 4300 2711 4374 (Luc.
2743 4319 2783 4367 ι,
2811 4303 2923 4372 15).
2947 4303 3122 4369 Calix,
3155 4303 3371 4359 Domini
3401 4303 3584 4373 passio.
3607 4300 3654 4355 In
3688 4296 3791 4368 psal-

2273 4411 2363 4450 mo
2391 4415 2402 4449 :
2437 4395 2659 4451 Calicem
2687 4397 2932 4450 salutaris
2959 4397 3209 4466 accipiam
3232 4396 3357 4468 (Ps.
3383 4412 3500 4462 cxv,
3520 4394 3618 4465 13).
3638 4393 3692 4447 Et
3707 4391 3791 4461 ipse

2273 4488 2532 4544 Dominus
2552 4507 2562 4541 ε
2583 4489 2762 4557 Pater,
2777 4493 2999 4560 transfer
3023 4490 3233 4544 calicem
3260 4491 3395 4544 hunc
3411 4505 3440 4541 a
3466 4505 3538 4542 me
3557 4484 3690 4558 (Har.
3710 4497 3786 4544 sit,

571 4561 757 4618 Induti
807 4567 1020 4621 loricam
1076 4573 1328 4642 justitia',
1370 4583 1418 4626 et
1447 4582 1645 4626 scutum
1683 4576 1830 4644 ﬁdei,
1874 4549 1925 4632 el
1961 4580 2164 4647 galeam
2196 4549 2245 4610 Β
2269 4579 2385 4653 56).
2426 4583 2494 4636 Et
2525 4582 2575 4636 in
2609 4549 2804 4636 malam
2854 4549 3058 4651 pai'lem
3097 4601 3110 4634 :
3152 4580 3305 4638 Calia:
3348 4597 3526 4636 aureus
3569 4572 3788 4647 Babylonis

571 4656 792 4722 salutis,
839 4669 887 4712 et
933 4661 1166 4729 gladium
1213 4667 1458 4736 spiritus,
1502 4669 1640 4738 quod
1681 4678 1756 4723 est
1791 4669 2021 4727 Verbum
2064 4674 2165 4730 Dei

572 4746 734 4818 (Eph.
763 4767 832 4817 vt,
869 4750 975 4823 I5).

1170 4826 1397 4886 CAPUT
1429 4829 1564 4886 VIII.

717 4911 798 4966 De
825 4913 905 4968 his
935 4932 1045 4984 quae
1080 4918 1131 4972 in
1161 4936 1260 4974 usu
1286 4932 1439 4994 atque
1467 4925 1518 4977 in
1551 4925 1719 4980 medio
1745 4926 2022 4986 habentur.

640 5029 823 5095 Panis,
872 5028 1140 5098 Christus,
1189 5036 1276 5090 vel
1321 5051 1503 5094 sermo
1547 5039 1664 5094 Dei.
1720 5042 1774 5096 In
1812 5042 2152 5115 Evangelio:

566 5122 681 5192 Ego
705 5141 816 5177 sum
849 5126 996 5194 panis
1027 5128 1162 5182 vivus
1194 5128 1373 5200 (Joan.
1409 5148 1479 5200 vt,
1511 5133 1604 5205 41)
1633 5153 1647 5196 ;
1679 5145 1732 5190 et
1763 5138 1894 5192 alibi
1927 5155 1940 5192 :
1977 5139 2157 5195 Mitta-

562 5229 676 5268 mus
703 5217 898 5287 lignum
928 5218 977 5271 in
1005 5236 1188 5289 panem
1215 5226 1327 5293 ejus
1349 5220 1485 5296 (ler.
1518 5242 1593 5295 XI,
1630 5226 1723 5298 19)
1755 5246 1770 5283 :
1804 5229 1856 5284 id
1886 5241 1994 5297 est,
2031 5248 2156 5288 cru-

561 5322 681 5362 cem
711 5307 760 5361 in
790 5323 986 5378 corpus
1012 5311 1151 5380 ejus,
1178 5323 1233 5367 et
1265 5316 1416 5383 panis
1455 5319 1916 5384 quemadmodum
1947 5323 2154 5379 doctri-

560 5413 710 5460 nam,
738 5404 806 5454 ita
830 5410 883 5456 et
912 5403 1106 5456 malum
1135 5405 1423 5473 signiﬁcat,
1458 5419 1517 5463 ut
1547 5409 1619 5464 ibi
1654 5429 1666 5464 :
1692 5410 1856 5467 Panis
1878 5415 2150 5472 abscondi-

559 5499 641 5544 tus
669 5493 873 5546 suavior
904 5493 1084 5564 (Prov.
1118 5512 1195 5563 sx,
1230 5497 1342 5569 I7).
1376 5498 1568 5556 Vinum
1616 5504 1759 5559 idem
1789 5507 1932 5574 quod
1961 5522 2144 5578 supra.

557 5584 612 5638 in
644 5584 853 5640 Salom.
889 5606 900 5640 :
937 5588 999 5642 Et
1026 5589 1178 5644 bibite
1201 5591 1372 5646 vinum
1401 5595 1541 5659 quod
1569 5598 1753 5652 miscui
1782 5599 1919 5654 vobis
1963 5599 2144 5671 (Prov.

555 5689 632 5742 sx,
667 5678 744 5748 5).
781 5677 974 5733 Vinum
1007 5682 1171 5736 etiam
1201 5685 1548 5742 securitatem
1576 5689 1915 5747 rectitudinis
1943 5692 2149 5763 signiﬁ-

526 5771 663 5830 ‘cat,
700 5777 795 5824 ut:
826 5768 1116 5839 Infundens
1146 5775 1314 5830 oleum
1343 5787 1392 5832 et
1419 5782 1594 5835 vinum
1642 5781 1792 5852 (Luc.
1829 5800 1882 5852 x,
1914 5784 2038 5852 34);
2087 5795 2149 5843 ut

2269 4671 2482 4742 (Jeretn.
2517 4689 2590 4739 LI,
2623 4672 2703 4742 7).
2738 4673 2967 4740 Merum,
3005 4673 3290 4729 sinceritas
3315 4671 3496 4742 judicii
3526 4679 3609 4725 aut
3641 4665 3786 4722 verita-

2265 4763 2357 4829 tis,
2391 4765 2474 4819 vel
2503 4764 2655 4819 calor
2705 4764 2853 4820 ﬁdei.
2905 4765 2966 4820 In
3006 4765 3215 4835 psalmo
3261 4783 3273 4818 :
3337 4764 3455 4819 Vini
3497 4764 3610 4818 meri
3651 4759 3788 4831 plenus

2265 4857 2423 4910 mixto
2455 4855 2574 4928 (Ps.
2606 4873 2788 4924 Lxxtv,
2815 4858 2893 4929 9).
2929 4857 3060 4926 Fex,
3096 4858 3344 4913 ultimum
3369 4856 3569 4928 judicii.
3599 4855 3648 4908 In
3678 4850 3787 4922 psal-

2265 4966 2381 5004 mo:
2412 4949 2765 5006 Verumtamen
2795 4952 2883 5023 [επ
2909 4953 3020 5024 ejus
3046 4969 3148 5007 non
3176 4963 3250 5007 est
3275 4953 3554 5007 exinanita.
3582 4949 3710 5014 Item,
3731 4942 3787 4999 illi

2261 5044 2349 5113 qui
2390 5057 2580 5098 secure
2626 5046 2678 5098 in
2719 5045 2957 5113 peccatis
3001 5045 3317 5115 quiescunt;
3371 5044 3508 5100 unde
3541 5040 3782 5112 propheta:

2259 5133 2522 5204 Requievit
2551 5135 2604 5188 in
2633 5135 2828 5204 fecibus
2869 5137 2975 5189 suis
3007 5134 3224 5206 (Ierem.
3269 5151 3457 5201 vant,
3503 5133 3608 5202 11).
3642 5128 3782 5186 Cibus.

2257 5241 2438 5281 sermo
2461 5227 2544 5282 vel
2573 5228 2820 5282 voluntas
2846 5229 3080 5284 Domini.
3111 5229 3170 5284 In
3194 5230 3483 5300 Evangelia
3502 5245 3514 5282 :
3534 5224 3665 5280 Heus
3679 5219 3784 5274 οἰὺκσ

2253 5327 2330 5372 est
2381 5327 2437 5373 ut
2478 5317 2665 5388 faciam
2710 5319 3022 5374 voluntatem
3071 5322 3182 5392 ejus
3224 5321 3313 5390 qui
3356 5335 3437 5373 me
3483 5316 3610 5373 misit
3648 5309 3784 5367 Patri!

2258 5413 2441 5486 (Joan.
2472 5430 2548 5477 tv,
2577 5413 2691 5484 54).
2723 5413 2911 5481 Potus,
2944 5414 3093 5471 idem
3115 5415 3256 5486 quod
3285 5428 3469 5484 supra.
3497 5412 3550 5468 In
3578 5406 3780 5480 psalmo:

2259 5506 2321 5561 Et
2360 5514 2578 5562 torrente
2606 5507 2881 5578 voluptatis
2913 5516 3018 5562 tute
3063 5508 3259 5578 potabis
3285 5523 3372 5561 eos
3418 5504 3530 5578 (Ps.
3562 5513 3700 5560 xxxv.
3723 5494 3780 5563 9).

2251 5599 2304 5654 id
2336 5609 2420 5656 est
2440 5599 2643 5670 Spiritu
2673 5609 2882 5656 sancto.
2907 5599 2974 5654 Et
2998 5598 3286 5655 Psalmista
3309 5615 3324 5652 :
3349 5597 3406 5653 In
3427 5585 3780 5666 compungendo

2250 5703 2428 5764 potum
2452 5709 2619 5748 meum
2649 5709 2767 5747 cum
2794 5696 2919 5763 ﬂetu
2949 5691 3293 5763 temperabam
3319 5689 3437 5761 (Ps.
3461 5703 3531 5755 Cl,
3557 5685 3654 5756 10).
3679 5682 3780 5738 Item

2252 5787 2304 5842 in
2337 5788 2498 5843 aliam
2543 5797 2750 5859 partem
2783 5805 2796 5840 :
2831 5786 2956 5842 Non
2985 5797 3060 5842 est
3098 5802 3310 5858 regnum
3342 5784 3438 5840 Dei
3468 5798 3576 5841 esca
3599 5789 3640 5835 et
3661 5783 3778 5852 potus
