4018 6338
206 339 308 397 ’161

213 455 386 529 (Rom.
420 462 527 512 xiv,
562 438 674 513 17).
703 431 1099 503 Promptuaria,
1134 422 1316 478 cordis
1341 410 1697 484 receptacula.
1731 406 1787 460 In
1816 405 1869 466 Α

210 503 419 604 cantico
446 527 844 596 Deuteronomii
875 543 887 578 :
917 524 973 579 In
997 513 1377 592 promptuariis
1400 520 1584 564 eorum
1612 503 1791 558 timor.

210 639 369 701 Pera,
399 635 575 687 victus
603 619 926 684 sollicitudo,
957 627 1011 671 et
1054 608 1440 680 impedimenta
1483 594 1684 655 saeculi.
1736 591 1795 645 In

210 684 506 798 Ilva—tigelio
534 739 549 777 :
582 719 703 775 Non
726 729 902 786 peram
928 712 981 765 in
1002 710 1085 763 via
1114 703 1290 775 (Matt.
1316 699 1402 760 10,
1428 695 1509 764 9).
1539 684 1797 745 Sacculns

212 782 594 879 thesaiirizatio
622 813 674 867 in
705 782 837 864 Iieo.
868 802 926 858 In
951 796 1242 868 Evangelio
1272 810 1286 847 :
1316 789 1500 844 Facite
1528 782 1664 838 vobis
1684 794 1800 835 sac-

213 916 355 972 culos
385 911 475 984 qui
504 925 603 963 non
646 906 958 959 veterascant
989 894 1141 970 (Luc.
1172 905 1268 955 xu,
1297 884 1411 956 '53).
1460 882 1526 938 Et
1557 879 1610 934 in
1638 876 1797 930 aliam

213 1017 424 1082 partem
459 1023 471 1057 :
508 998 787 1059 Saeculum
816 1003 1137 1047 communem
1167 981 1516 1057 possideamus
1546 971 1730 1043 (Prov.
1758 982 1798 1034 ι,

1145 1079 1156 1082 -
1371 1073 1383 1082 .
1499 1069 1532 1082 ..
1576 1068 1587 1078 .
1638 1079 1651 1082 Α
1744 1062 1798 1082 ._

216 1062 331 1171 Il),
366 1100 419 1155 id
450 1106 553 1164 est,
606 1090 905 1147 avaritiam.
960 1079 1217 1143 Pecunia,
1273 1073 1434 1130 verba
1483 1068 1683 1123 divina.
1744 1062 1802 1116 In

214 1195 512 1266 Evangelio
543 1209 556 1248 :
593 1187 837 1261 Oportuit
880 1197 1001 1254 ergo
1028 1188 1075 1232 te
1116 1175 1314 1228 mittere
1343 1164 1611 1238 pecuniam
1636 1170 1803 1212 meum

216 1250 526 1347 n—umu'lariis
559 1250 712 1357 (Mat.
747 1295 871 1344 xxv,
908 1250 1025 1345 2'7).
1074 1271 1138 1325 Et
1165 1261 1444 1335 sapientia,
1477 1256 1622 1312 unde
1651 1250 1805 1353 Salo-

216 1398 341 1439 mon
375 1398 391 1437 :
424 1342 696 1449 Sapientia
725 1370 923 1426 occulta
953 1342 999 1422 et
1029 1364 1300 1418 thesaurus
1328 1353 1548 1413 invisus,
1574 1360 1685 1416 qua:
1705 1342 1807 1397 uti-

219 1436 335 1531 litas
366 1436 420 1527 in
448 1436 677 1540 utrisque
718 1464 887 1538 (Eccl.
919 1476 1013 1525 xx,
1050 1456 1163 1527 52).
1196 1450 1405 1513 VeIIus,
1450 1441 1695 1514 populus.
1720 1436 1805 1540 “In

217 1529 470 1641 psalmo:
507 1563 571 1617 Et
591 1529 860 1616 descendit
907 1565 1162 1621 tamquam
1207 1546 1377 1614 pluvia
1406 1541 1460 1593 in
1497 1536 1659 1590 vellus
1688 1529 1806 1641 (Ps:

219 1620 369 1723 im,
400 1656 482 1726 6).
522 1654 736 1717 Linum,
766 1645 1024 1718 spiritalis
1054 1636 1333 1703 fortitudo,
1362 1632 1451 1687 vel
1473 1627 1698 1689 candor,
1723 1620 1811 1677 vel

218 1718 492 1810 subtilitas
519 1747 941 1814 Scripturarum.
965 1739 1021 1793 In
1039 1732 1234 1790 Exodo
1263 1749 1275 1784 :
1305 1727 1471 1781 Porro
1492 1722 1616 1792 ﬁliis
1638 1718 1811 1771 Aaron

967 307 1172 367 LIBER
1213 292 1691 361 FORMULARU“
1731 285 2109 346 SPIRITALIS
2152 280 2724 340 INTELLIGENTI/E.

1894 402 2067 456 nullus
2094 403 2219 455 ordo
2247 398 2386 471 (Job.
2430 416 2486 466 x,
2522 398 2637 470 22).
2688 396 2755 452 Ει
2795 396 2917 467 quia
2950 394 3139 450 umbra
3178 409 3284 451 non
3317 394 3476 466 longe

3376 278 3475 337 ιδ’

1899 503 1982 550 est
2009 494 2077 549 ab
2104 508 2168 548 ea
2197 509 2257 548 re
2286 493 2438 562 cujus
2468 501 2552 547 est
2580 488 2791 555 umbra,
2824 488 2900 543 ita
2931 496 2985 544 et
3012 500 3158 543 mors
3187 502 3293 543 non
3323 486 3480 558 longe

1900 597 1983 644 est
2010 602 2040 642 a
2068 601 2225 657 paena
2247 601 2367 656 quae
2397 584 2560 641 infert
2583 593 2832 640 mortem.
2861 581 3063 639 Umbra
3090 581 3375 654 aliquando
3399 589 3483 639 est

1899 683 2188 741 delectatio
2217 692 2593 752 peccatorum;
2620 680 2673 735 in
2702 678 2803 735 Job
2825 678 2893 733 de
2919 677 3136 733 diabolo
3168 693 3183 730 :
3213 676 3324 733 Sub
3361 693 3483 731 um-

1901 775 1994 829 bra
2019 776 2207 830 dormit
2233 775 2289 828 in
2310 780 2500 827 secreto
2525 770 2712 825 calami
2741 772 2795 825 in
2849 770 2973 825 locis
3002 768 3329 825 humentibus
3359 766 3483 839 (Job

1901 887 1992 937 xu,
2026 870 2137 939 16).
2164 871 2231 924 Ει
2258 882 2444 924 rursus
2464 867 2673 939 species
2693 864 2887 936 aliquae
2910 864 3090 935 specie
3112 877 3217 919 una
3239 878 3327 919 res
3348 859 3488 918 mul-

1902 971 1987 1018 tas
2012 962 2334 1033 signiﬁcant.

1979 1057 2093 1111 Duo
2121 1059 2464 1120 testamenta,
2489 1065 2557 1108 eo
2587 1050 2731 1122 quod
2761 1049 2848 1106 hic
2893 1049 3001 1104 duo
3028 1047 3107 1104 illi
3134 1046 3341 1118 lapides
3370 1061 3488 1103 mo-

1904 1153 2047 1204 lares
2073 1148 2285 1218 possint
2312 1145 2637 1216 signiﬁcare,
2666 1142 3102 1199 memoravimus.
3129 1141 3197 1195 Et
3226 1140 3351 1195 item
3379 1138 3492 1196 duo

1906 1249 2248 1303 testamenta,
2266 1240 2373 1294 duo
2400 1238 2698 1303 Cherubin,
2720 1237 2774 1291 in
2798 1234 2984 1291 Exodo
3005 1231 3200 1307 (Exod.
3228 1232 3488 1302 xxv,20);

1909 1336 2016 1391 duo
2061 1336 2338 1400 animalia,
2390 1334 2444 1388 in
2499 1332 2782 1397 Habacuc;
2827 1329 2949 1384 dum
2980 1337 3169 1398 petrae,
3212 1327 3267 1380 in
3307 1325 3494 1380 Exodo

1911 1429 2109 1503 (Exod.
2149 1444 2276 1492 xvu,
2309 1426 2366 1497 6)
2400 1434 2456 1482 et
2501 1426 2553 1480 in
2582 1424 2818 1480 Canticis
2846 1422 3177 1479 canticorum
3228 1417 3402 1488 (Cant.
3432 1433 3491 1485 ιι,

1911 1520 2028 1591 14),
2056 1535 2281 1593 quarum
2313 1519 2637 1584 velamento,
2681 1532 2873 1587 sponsa
2909 1524 2957 1568 et
2989 1512 3194 1583 Moyses
3223 1518 3497 1581 protegun-

1915 1624 2030 1680 tur;
2053 1614 2157 1668 duo
2185 1622 2377 1667 montes
2402 1612 2549 1677 aenei,
2574 1611 2627 1665 in
2650 1610 2933 1676 Zacharia,
2962 1606 3030 1662 de
3051 1621 3269 1676 quorum
3297 1602 3499 1674 frutetis

1916 1710 2174 1780 myrtinis,
2207 1719 2265 1763 et
2292 1706 2522 1761 obscura
2552 1705 2819 1774 opacitate
2846 1701 3195 1772 egrediuntur
3224 1695 3499 1768 quadriga:

221 1786 424 1899 :unicas
454 1786 615 1895 ιῖηῖιὲε
645 1786 853 1908 parabis
880 1786 1293 1902 (Exod—.Vxxvut,
1317 1816 1431 1889 50).
1455 1786 1589 1871 Item
1617 1812 1670 1866 in
1700 1822 1812 1863 ma-
1838 1790 1888 1851 Β
1915 1818 2039 1859 cum
2069 1802 2221 1873 equis
2246 1799 2397 1867 ruﬁs,
2432 1798 2622 1868 nigris,
2654 1796 2793 1852 albis
2822 1804 2876 1850 et
2904 1792 3065 1848 variis
3110 1788 3295 1862 (Zach.
3320 1802 3395 1854 vi,
3423 1786 3500 1857 I).

1921 1895 1953 1908 η
2011 1896 2023 1908 .
2058 1894 2069 1908 ι
2135 1907 2141 1908 ,
2205 1902 2236 1908 .,
2377 1907 2398 1908 η
2454 1888 2701 1908 ι.ε,--)--
2747 1885 3160 1908 -ς..-εη--ιε,..υι,.
3192 1882 3245 1908 ε..
3278 1876 3500 1908 εζητ-..κε

220 1938 327 1993 Iam
361 1944 569 2004 partem
598 1945 613 1983 :
646 1907 771 1982 Non
792 1924 971 1980 indues
1000 1928 1184 1973 vestem
1213 1930 1274 1967 ea:
1299 1910 1421 1965 lana
1463 1907 1669 1972 linoque
1695 1916 1816 1953 con-

222 2000 420 2084 textam
451 2024 626 2097 (Deut.
660 2035 793 2085 xxii,
834 2016 942 2087 11).
983 2012 1158 2072 Utres,
1191 2019 1318 2061 vasa
1366 2000 1583 2055 humani
1616 2008 1814 2063 corpo-

220 2121 316 2176 ris.
354 2118 412 2172 In
444 2114 736 2183 Evangelia
769 2128 781 2165 :
822 2108 1011 2162 Vinum
1041 2118 1228 2157 novum
1261 2100 1310 2151 in
1339 2106 1479 2150 utres
1508 2105 1660 2146 novos
1686 2085 1819 2139 mitti

223 2214 373 2267 debet
405 2209 554 2282 (Luc.
582 2178 635 2271 v,
658 2206 772 2275 38).
805 2200 1021 2265 Farina,
1050 2208 1185 2265 opus
1212 2192 1432 2251 bonum,
1459 2184 1540 2239 vel
1568 2178 1815 2236 scientia.

222 2302 279 2363 ἔτι
334 2269 635 2370 Ev‘angelio
684 2315 697 2350 :
746 2290 1024 2349 Abscondit
1056 2284 1238 2340 mulier
1270 2283 1323 2335 in
1366 2278 1553 2349 farina:
1583 2282 1695 2326 sata
1720 2269 1821 2321 tria

224 2397 389 2469 (Luc.
421 2408 539 2459 xui,
570 2389 683 2461 21).
717 2388 845 2443 Item
878 2386 930 2438 in
961 2380 1155 2437 malam
1187 2384 1392 2445 partem
1426 2387 1441 2424 :
1474 2378 1643 2420 vanas
1670 2360 1821 2431 cogi-

226 2456 491 2553 tationes,
523 2456 586 2539 ut
619 2456 881 2552 propheta
916 2494 929 2531 :
961 2471 1109 2528 Tolle
1140 2469 1326 2523 malum
1356 2474 1401 2519 et
1440 2462 1573 2516 mole
1602 2456 1823 2527 farinam

229 2579 373 2651 (lsa.
403 2549 566 2643 vatt,
596 2549 675 2645 2).
703 2549 861 2635 IlIoIa,
887 2569 1012 2623 vitae
1037 2563 1394 2620 conversatio.
1421 2556 1479 2611 In
1503 2549 1823 2617 Evangelio:

231 2647 375 2725 Duae
395 2669 637 2724 molentes
665 2666 718 2718 in
746 2663 885 2717 mola
937 2657 1149 2724 (Matth.
1183 2668 1312 2708 xxiv
1331 2695 1345 2717 ,
1377 2648 1489 2717 41).
1525 2647 1754 2699 Possunt
1775 2647 1828 2693 et

232 2762 345 2818 duo
391 2767 714 2816 testamenta
760 2751 966 2824 lapides
1006 2748 1159 2803 molae
1204 2741 1527 2814 significare,
1563 2751 1659 2806 per
1696 2744 1830 2803 quos

234 2856 431 2911 labore
468 2822 846 2907 disserentium
898 2843 1133 2898 triticum
1160 2835 1360 2892 veteris
1401 2825 1745 2887 Instrumenti
1777 2822 1830 2877 in

236 2948 475 3003 farinam
507 2939 785 3012 Evangelii
811 2944 1171 2993 convertatur.

311 3041 447 3095 Haec
492 3039 655 3109 igitur
695 3032 908 3089 nomina
956 3045 1076 3086 cum
1127 3027 1179 3081 in
1220 3031 1366 3079 textu
1396 3032 1561 3075 sacrm
1588 3012 1835 3072 lectionis

244 3334 358 3389 que
388 3315 806 3389 signiﬁcationes
837 3325 937 3383 pro
960 3321 1193 3380 persona
1220 3303 1306 3358 vel
1336 3309 1580 3370 tempore
1611 3295 1691 3350 vel
1720 3292 1841 3347 loco

246 3420 474 3478 exeant,
506 3419 666 3477 atque
695 3408 749 3461 in
780 3403 976 3474 ﬁguras
1024 3398 1159 3455 locis
1204 3408 1468 3465 congruas
1511 3405 1607 3460 pro
1636 3386 1844 3442 ratione

248 3505 564 3577 allegorica:
594 3495 1057 3569 interpretationis
1086 3496 1393 3559 erumpant.
1442 3484 1573 3539 Nam
1601 3490 1656 3537 et
1683 3480 1844 3548 abys-

251 3570 748 3664 sus'intelligitur,
806 3590 946 3645 sicut
998 3598 1157 3654 supra
1207 3580 1461 3641 diximus,
1509 3570 1847 3643 profunditas

254 3660 691 3759 Scripturaruin,
717 3692 771 3738 et
802 3683 929 3736 item
956 3678 1184 3749 abyssus
1208 3688 1360 3743 aqua:
1382 3666 1713 3724 immensitas
1737 3680 1749 3716 :
1781 3660 1850 3715 Et

252 3756 400 3847 rupti
431 3789 549 3834 sunt
599 3778 764 3847 fontes
806 3772 977 3843 abyssi
1019 3782 1218 3839 magna?
1248 3762 1401 3837 (Gen.
1431 3776 1521 3825 vu,
1557 3757 1669 3828 11).
1717 3756 1849 3809 Item

254 3846 521 3941 abyssus,
569 3846 860 3923 ineffabilia
884 3859 1083 3933 judicia
1116 3857 1234 3913 Dei.
1267 3856 1324 3909 In
1356 3851 1562 3922 psalmo
1594 3865 1610 3903 :
1641 3846 1853 3901 Judicia

257 3939 354 4021 tua
396 3966 609 4034 abyssus
640 3960 802 4014 multa
848 3955 967 4029 (Ps.
998 3968 1161 4016 xxxv,
1195 3949 1271 4020 7).
1303 3948 1434 4002 Item
1475 3944 1723 4012 abyssus,
1770 3939 1854 3994 in-

256 4030 493 4114 fernus':
527 4055 628 4107 Aut
653 4054 766 4119 quis
796 4046 1055 4103 descendit
1094 4046 1150 4097 in
1178 4042 1416 4112 abyssum
1455 4034 1631 4106 (Rom.
1675 4050 1727 4101 x,
1759 4030 1853 4099 7)?

258 4150 317 4207 id
374 4160 479 4214 est,
521 4144 783 4203 Christum
819 4143 881 4195 de
908 4137 1122 4193 mortuis
1148 4141 1367 4190 revocat.
1421 4130 1553 4183 Item
1603 4125 1852 4195 abyssus,

259 4242 433 4299 corda
466 4239 743 4295 hominum
774 4232 1102 4290 facinoribus
1154 4227 1438 4283 tenebrosa
1470 4240 1481 4274 :
1516 4221 1739 4289 Abyssus
1771 4215 1855 4268 di-

261 4337 339 4390 xit
360 4349 380 4388 :
400 4331 524 4387 Non
540 4339 610 4385 est
633 4343 827 4383 mecum
856 4322 981 4395 (Job
1004 4335 1197 4385 xxvut,
1223 4316 1336 4387 14),
1366 4314 1419 4369 id
1442 4322 1545 4374 est,
1572 4307 1856 4380 sapientia.

263 4427 437 4499 Ignis,
463 4425 599 4479 sicut
626 4422 873 4491 superius
902 4412 1347 4475 memoravimus,
1392 4404 1655 4471 accipitur
1694 4400 1863 4470 Spiri-

265 4531 367 4575 tus
396 4527 634 4580 sanctus,
667 4522 724 4568 ut
752 4512 948 4567 Paulus
980 4527 995 4563 :
1026 4507 1166 4561 Deus
1195 4511 1367 4557 noster
1395 4499 1525 4570 ignis
1564 4508 1861 4551 consumens

270 4623 349 4668 est
384 4610 543 4685 (Heb.
572 4624 670 4674 xu,
708 4606 822 4675 29).
851 4604 918 4659 Et
946 4603 1164 4665 iterum,
1199 4597 1337 4667 ignis
1364 4591 1598 4648 charitas
1628 4588 1860 4642 circum-

272 4677 434 4775 septa
461 4702 601 4772 ejus,
656 4700 1014 4764 circumsepta
1063 4690 1204 4761 ignis
1234 4688 1465 4742 ﬂammae
1514 4682 1654 4751 ejus.
1697 4677 1861 4747 Ignis,

274 4770 586 4854 tribulatio.
636 4793 693 4847 In
726 4786 987 4845 Psalterio
1021 4802 1035 4839 :
1070 4782 1200 4855 Igne
1244 4796 1339 4833 nos
1366 4773 1696 4837 examinasti,
1734 4770 1866 4825 sicut

276 4893 401 4963 igne
439 4886 763 4941 examinatur
791 4888 1057 4949 argentum
1103 4873 1223 4944 (Ps.
1252 4887 1376 4935 va,
1412 4868 1501 4935 10,
1532 4866 1645 4936 11).
1686 4864 1815 4917 Item
1852 4877 1865 4913 :

278 4957 620 5038 transivimus
644 4992 734 5049 per
758 4975 926 5046 ignem
952 4979 997 5023 et
1025 4982 1231 5038 aquam.
1256 4963 1418 5034 Ignis,
1441 4962 1516 5014 ira
1549 4976 1561 5011 :
1591 4957 1661 5011 Et
1680 4969 1874 5011 consu-

285 5088 434 5130 mam
466 5085 560 5127 eos
598 5069 649 5123 in
682 5069 803 5138 igne
830 5065 924 5119 ira:
955 5075 1111 5127 meae,
1144 5058 1219 5113 ait
1245 5056 1525 5110 Dominus.
1578 5049 1737 5119 Ignis,
1781 5061 1878 5100 vo-

284 5167 475 5235 luptas
518 5181 529 5217 :
579 5158 783 5216 Omnes
820 5155 1195 5212 adulterantur
1241 5149 1381 5204 sicut
1425 5144 1669 5200 clibanus
1716 5138 1878 5195 corda

288 5227 508 5312 eorum.
532 5252 664 5307 Item
690 5248 849 5320 ignis,
876 5245 1069 5300 mentis
1090 5240 1326 5302 malitia;
1350 5246 1405 5291 ut
1426 5253 1437 5286 :
1462 5233 1603 5287 Tunc
1629 5230 1764 5304 ignis
1779 5227 1878 5282 ad-

288 5348 548 5405 versarios
571 5343 821 5400 consumit
840 5339 1000 5411 (Heb.
1026 5335 1211 5405 x,27).
1237 5334 1367 5387 Item
1390 5330 1561 5384 virtus
1579 5324 1880 5390 charitatis,

292 5451 362 5497 ut
388 5459 401 5495 :
434 5437 630 5496 Currus
658 5435 756 5490 Dei
786 5437 998 5505 flamma
1041 5430 1197 5501 ignis,
1226 5434 1353 5480 rotae
1381 5426 1494 5495 ejus
1530 5420 1662 5494 ignis
1698 5433 1880 5471 accen-

294 5554 389 5590 sus
418 5533 582 5605 (Dan.
614 5546 714 5598 vn,
743 5527 824 5599 9).
857 5525 1077 5592 Umbra,
1110 5531 1167 5576 ut
1196 5517 1572 5580 indicavimus,
1612 5511 1884 5582 significa-

298 5642 393 5683 tur
424 5627 685 5697 protectio
713 5623 913 5677 divina.
939 5619 1068 5674 Item
1092 5616 1277 5670 umbra
1304 5608 1608 5681 aliquando,
1634 5612 1885 5675 peccata:

303 5696 552 5778 Sedentes
576 5720 631 5773 in
655 5715 868 5773 tenebris
907 5724 954 5768 et
976 5713 1029 5766 in
1057 5708 1236 5764 umbra
1259 5705 1433 5760 mortis
1460 5700 1578 5773 (Ps.
1602 5713 1747 5767 cvut,
1772 5696 1887 5768 10).

1920 1895 2027 1951 Sed
2058 1894 2153 1947 has
2204 1902 2309 1946 tam
2360 1888 2705 1945 multimodas
2744 1885 3163 1956 significationes
3192 1882 3248 1935 in
3278 1876 3504 1949 singulis

1918 1983 2176 2055 prosequi
2223 1981 2549 2044 nominibus,
2592 1994 2698 2034 non
2756 1978 2929 2031 solum
2975 1973 3177 2029 laboris
3226 1968 3503 2036 immensi,

1920 2093 2107 2133 verum
2138 2078 2300 2132 etiam
2333 2073 2664 2145 impossibile
2693 2069 2937 2126 arbitrati
2965 2080 3169 2123 sumus.
3198 2064 3352 2119 Nunc
3377 2077 3507 2134 ergo

1925 2168 1991 2224 ad
2009 2184 2133 2224 eum
2157 2165 2615 2239 interpretationis
2640 2163 2855 2220 modum
2878 2170 3040 2230 atque
3064 2158 3507 2227 ordinem,quem

1924 2262 2200 2334 paululum
2230 2275 2332 2331 pro
2377 2258 2699 2316 necessitate
2739 2253 3047 2326 disputandi
3093 2250 3507 2321 interrupimus,

1924 2364 2282 2414 revertamur.

1998 2448 2249 2520 Cophini,
2282 2446 2535 2516 apostoli.
2581 2443 2640 2498 In
2666 2442 2925 2513 Evangel.
2958 2458 2971 2494 :
3006 2439 3073 2493 Et
3114 2436 3344 2494 tulerunt
3388 2437 3514 2491 reli-

1929 2540 2074 2610 quias
2105 2538 2372 2591 duodecim
2402 2536 2646 2607 cophinos
2689 2537 3096 2605 fragmentorum
3140 2529 3317 2599 plenos
3355 2526 3514 2598 (Mat.

1930 2647 2040 2699 xiv,
2074 2628 2188 2701 20).
2220 2628 2351 2683 Item
2396 2628 2450 2682 in
2480 2627 2639 2681 aliam
2688 2635 2892 2695 partem
2937 2642 2950 2677 :
2997 2622 3185 2677 Manus
3214 2622 3325 2693 ejus
3346 2621 3401 2673 in
3430 2636 3517 2675 co-

1933 2724 2094 2793 phino
2123 2722 2399 2775 servierunt
2446 2717 2565 2789 (Ps.
2592 2733 2753 2781 Lxxx,
2787 2714 2864 2786 7),
2910 2715 2963 2771 id
3004 2724 3107 2783 est,
3156 2714 3207 2767 in
3237 2712 3518 2777 servitute,

1934 2816 2021 2869 vel
2050 2813 2419 2878 tribulatione,
2453 2825 2610 2880 quam
2643 2807 2885 2879 Egyptii
2916 2806 3232 2860 intulerunt.

2008 2906 2299 2971 Cathedra,
2326 2905 2589 2959 doctrina.
2621 2901 2679 2956 In
2709 2900 2918 2970 psalmo
2946 2913 2961 2950 :
2992 2906 3041 2952 et
3074 2899 3129 2951 in
3175 2895 3421 2949 cathedra
3445 2909 3524 2947 se-

1938 3003 2144 3057 niorum
2170 2999 2379 3053 laudent
2412 3012 2525 3050 eum
2554 2993 2675 3064 (Ps.
2699 3007 2806 3059 cv1,
2836 2990 2953 3061 52).
2982 2990 3115 3044 Item
3138 2989 3191 3043 in
3219 2987 3376 3041 aliam
3408 3001 3525 3054 par-

1943 3297 2117 3341 torum
2149 3281 2436 3350 subjectio.
2493 3278 2548 3331 In
2591 3274 2799 3345 psalmo
2827 3289 2840 3325 ε
2874 3270 3050 3324 Donec
3080 3283 3267 3338 ponam
3294 3265 3530 3318 inimicos

1942 3388 2057 3433 tuos
2088 3374 2365 3431 scabellum
2390 3371 2578 3444 pedum
2605 3377 2810 3421 tuorunt
2835 3362 2957 3434 (Ps.
2988 3376 3095 3426 etx,
3129 3356 3205 3427 1).
3246 3356 3399 3421 Item,
3433 3354 3534 3410 bu-

1945 3469 2176 3526 manitas
2205 3464 2428 3530 Christi,
2460 3470 2520 3516 ut
2543 3459 2600 3515 in
2622 3458 2865 3528 psalmo:
2898 3452 3124 3507 Adorate
3149 3446 3427 3503 scabellum
3449 3462 3536 3515 pe-

1951 3565 2073 3617 dum
2096 3565 2206 3633 ejus
2232 3557 2352 3630 (Ps.
2382 3570 2564 3618 xcvm,
2597 3551 2674 3623 5).
2725 3549 2960 3613 Statera,
3008 3544 3258 3613 aequitas,
3283 3539 3370 3595 vel
3396 3539 3534 3594 divi-

1949 3670 2032 3709 ηαξ
2061 3631 2466 3722 gubernationis
2513 3642 2773 3714 p0tentia.
2823 3640 2880 3693 In
2926 3636 3065 3692 Isaia
3095 3652 3111 3690 :
3142 3632 3209 3688 Et
3252 3631 3454 3687 libravit
3485 3631 3539 3684 in

1952 3747 2174 3817 pondere
2192 3750 2407 3804 montes,
2439 3746 2486 3792 et
2508 3737 2661 3791 colles
2683 3736 2737 3789 in
2768 3741 2956 3787 statera
2981 3728 3117 3801 (lsa.
3149 3743 3239 3794 ιι,
3277 3725 3391 3797 12).

2024 3838 2194 3902 Cinis,
2228 3837 2478 3889 humanae
2508 3823 3101 3900 fragilitatisinanitas.
3128 3820 3185 3874 In
3208 3817 3499 3875 Salomone
3524 3835 3536 3870 :

1959 3933 2094 4001 Quid
2120 3928 2375 3999 superbis,
2409 3934 2549 3979 terra
2578 3932 2625 3977 et
2671 3922 2799 3976 ciuis
2829 3918 3000 3991 (Eccl.
3026 3933 3080 3979 x,
3110 3915 3203 3985 9)?
3242 3912 3382 3980 Olla,
3416 3926 3542 3981 pro-

1955 4025 2124 4096 sapiat.
2154 4022 2210 4077 In
2241 4020 2448 4087 psalmo
2475 4033 2489 4069 :
2525 4014 2681 4069 Moab
2710 4013 2814 4068 olla
2840 4011 2947 4082 spei
2976 4023 3101 4063 mete
3129 4005 3246 4078 (Ps.
3280 4020 3390 4067 ιιι.
3425 4001 3537 4073 10),

1957 4119 2010 4174 id
2052 4127 2157 4183 est,
2185 4112 2330 4185 quod
2368 4111 2437 4166 de
2477 4108 2621 4164 Ruth
2665 4103 2951 4161 Moabitide
2998 4100 3199 4157 Christi
3245 4097 3541 4154 secundum

1959 4225 2178 4267 carnem
2211 4203 2457 4276 prosapia
2479 4198 2840 4256 descenderit.
2876 4196 3004 4250 Item
3037 4194 3089 4247 in
3118 4192 3277 4246 aliam
3307 4198 3541 4261 partem,

1962 4307 2089 4374 olla,
2112 4299 2477 4359 tribulationis
2507 4294 2777 4359 excoctio;
2815 4291 2871 4345 in
2902 4289 3161 4360 propheta
3196 4304 3209 4339 :
3240 4284 3308 4339 Et
3338 4282 3440 4338 vidi
3469 4283 3547 4336 ol-

1965 4400 2066 4454 lam
2091 4409 2383 4451 succensam
2407 4409 2440 4446 a
2479 4388 2611 4461 {acie
2640 4382 2892 4455 aquilonis
2920 4379 3135 4452 (Jerem.
3164 4393 3204 4443 ι,
3234 4376 3344 4445 15).
3392 4374 3549 4429 Lam-

1966 4492 2152 4562 pades,
2194 4487 2388 4541 animai
2422 4480 2631 4552 iustitia
2673 4477 2962 4547 fulgentes.
3011 4472 3067 4527 In
3115 4468 3447 4539 Evangelio:
3484 4466 3551 4522 Et

1888 4557 1943 4619 Β
1968 4557 2275 4659 paraverunt
2305 4576 2569 4649 lampades
2596 4570 2910 4642 suas(Matt.
2938 4581 3064 4631 xxv,
3096 4563 3172 4635 7).
3206 4561 3361 4629 Item,
3392 4559 3553 4614 clari-

1967 4687 2051 4731 tas
2080 4664 2484 4737 miraculorum,
2508 4666 2594 4721 vel
2615 4664 2778 4719 verha
2804 4659 3239 4730 praedicatorum,
3255 4668 3377 4724 qua:
3399 4650 3553 4709 stulti

1969 4773 2343 4829 contemnunt,
2375 4769 2433 4816 ut
2471 4758 2575 4815 Job
2615 4773 2629 4810 :
2668 4754 2889 4824 Lampus
2929 4755 3221 4817 contempta
3249 4744 3389 4817 apud
3417 4743 3557 4814 cogi-

1973 4859 2190 4914 tationes
2250 4853 2391 4909 stulti
2439 4849 2557 4923 (Job
2586 4862 2688 4915 xu,
2716 4845 2796 4914 5).
2849 4840 3109 4896 Tenebrae
3170 4837 3558 4893 delectationes

1975 4955 2061 5009 vel
2090 4951 2348 5008 doctrinae
2376 4959 2577 5018 pravae,
2632 4949 2689 4995 ut
2733 4939 2785 4994 in
2816 4936 3023 5008 psalmo
3050 4952 3064 4989 :
3101 4931 3168 4987 In
3209 4930 3424 4986 tenebris
3449 4944 3561 4982 am-

1984 5048 2160 5103 bulant
2188 5042 2305 5114 (Ps.
2329 5053 2519 5103 Lxxxt,
2545 5034 2625 5106 5).
2651 5032 2804 5095 Item,
2835 5028 3043 5084 occulta
3059 5024 3258 5095 judicia
3287 5021 3483 5087 Dei,ut
3508 5020 3562 5074 in

1986 5138 2120 5212 psal.
2148 5154 2160 5189 :
2197 5110 2379 5188 Posuit
2404 5127 2633 5184 tenebras
2660 5122 2929 5178 latibulum
2951 5134 3102 5173 suum
3130 5114 3250 5188 (Ps.
3280 5127 3413 5177 xvu,
3448 5110 3560 5180 12).

1985 5200 2144 5297 Item,
2176 5221 2466 5294 castigatio
2495 5217 2582 5273 vel
2620 5213 2941 5277 adversitas,
2990 5219 3048 5264 ut
3075 5206 3238 5264 Isaias
3272 5221 3286 5258 :
3320 5201 3431 5273 Ego
3460 5200 3566 5255 Do-

1988 5324 2155 5378 minus
2187 5323 2413 5390 {ormans
2444 5316 2631 5378 lucem,
2655 5320 2703 5364 et
2726 5324 2903 5363 creans
2923 5315 3153 5359 tenebras
3177 5308 3315 5370 (lsa.
3339 5312 3463 5363 ην,
3488 5294 3567 5365 7).

1987 5416 2258 5478 Lucerna,
2283 5406 2545 5472 Ecclesia,
2595 5404 2677 5458 vel
2733 5401 2929 5455 anima.
2980 5396 3035 5450 In
3086 5389 3380 5461 Evangelio
3413 5406 3425 5441 :
3454 5388 3572 5444 Sint

1990 5505 2147 5563 lumbi
2175 5503 2325 5558 vestri
2346 5499 2564 5555 accincti
2591 5506 2638 5551 et
2664 5495 2887 5548 lucernas
2910 5488 3145 5543 ardentes
3167 5483 3319 5553 (Luc.
3344 5498 3436 5549 xu,
3456 5479 3571 5553 55).

1991 5597 2293 5671 Aliquoties
2310 5596 2566 5657 lucernae,
2583 5601 2744 5659 opera
2767 5586 2903 5638 bona
2929 5596 2944 5634 :
2968 5578 3245 5645 Sicluceat
3270 5574 3441 5629 lumen
3468 5589 3575 5628 ves-

1992 5667 2150 5759 trum,
2178 5698 2233 5744 ut
2258 5688 2457 5743 videant
2479 5697 2635 5752 opera
2653 5688 2818 5735 vestra
2846 5676 2977 5730 bona
3008 5669 3223 5745 (Matth.
3248 5685 3302 5738 v,
3330 5667 3445 5740 I6).
3464 5667 3577 5722 Mo-

309 5814 513 5873 Umbra
545 5810 829 5884 aliquando
860 5759 1041 5881 pain-av,
1061 5759 1329 5859 "indoli:
1377 5759 1570 5852 Umbra
1609 5759 1788 5847 mortis
1842 5759 1893 5843 et
1995 5785 2139 5854 dius,
2169 5794 2364 5854 corpus
2386 5779 2698 5842 humanum,
2725 5768 2808 5824 vel
2827 5766 2959 5841 legis
3001 5765 3206 5834 littera,
3234 5760 3318 5819 vel
3346 5759 3579 5833 populus
