4018 6338
238 331 340 391 765

980 331 1180 385 LIBER
1218 328 1697 388 FORMULARUM
1739 332 2120 392 SPI'AITALIS
2161 334 2731 393 INTELLIGEN'I'DE.

3396 344 3497 401 766

238 428 290 480 in
317 423 519 479 civitate
540 421 693 491 (Luc.
722 436 878 489 xxiv,
895 422 1008 493 49).
1037 423 1245 490 lacere,
1274 431 1365 477 aut
1394 422 1561 487 vitiis,
1586 432 1675 477 aut
1699 432 1816 478 ten—
1842 426 1898 489 Α
1919 435 2064 479 sanat
2091 443 2261 483 omnes
2293 430 2563 500 languores
2589 439 2704 484 mas
2722 428 2839 503 (Ps.
2859 445 2957 500 cu,
2976 430 3055 503 ὅ).
3077 428 3149 489 Et.
3172 434 3231 490 ιι
3254 433 3498 508 Evange-

237 519 531 574 tationibus
550 517 919 571 succumbere.
946 517 998 571 In
1018 515 1298 586 Evangel.:
1319 513 1383 568 Et
1406 516 1589 569 invenit
1606 532 1713 568 eam
1727 519 1816 590 ja-

237 618 425 668 centem
452 612 506 665 in
543 612 670 666 lecto
708 609 900 682 (Marc.
922 624 1017 675 vn,
1044 606 1157 681 30).
1191 606 1445 675 Currere,
1478 608 1528 662 in
1561 608 1813 680 operibus

234 705 391 761 bonis
433 716 743 774 properare.
777 702 833 759 In
872 703 1150 773 Apostolo.
1178 699 1267 757 Sic
1286 702 1472 756 currite
1499 708 1553 757 ut
1585 716 1816 771 compre-

234 799 472 853 ltendatis
503 796 548 870 (I
578 795 697 852 Cor.
732 812 805 864 rx,
830 794 946 867 ‘21).

302 891 564 961 Vigilare,
597 891 895 946 custodiam
921 890 1101 945 cordis
1123 889 1399 956 adhibere,
1434 889 1515 943 vel
1560 888 1612 942 in
1647 888 1811 944 Deum

231 997 537 1053 resurgere.
587 983 643 1037 In
691 984 940 1052 psalmo:
969 983 1014 1036 Α
1053 983 1225 1053 vigilia
1263 981 1511 1035 matutina
1550 998 1703 1052 usque
1746 984 1816 1037 ad

231 1090 429 1132 noctem
459 1077 576 1147 (Ps.
604 1092 785 1143 cxxtx,
815 1077 891 1148 ti).
918 1074 985 1132 Et
1015 1077 1299 1144 Apostolus
1329 1094 1342 1129 :
1376 1074 1629 1145 Evigilate
1656 1079 1808 1146 iuste,

230 1172 458 1225 etnolite
478 1186 686 1241 peccare
712 1167 757 1243 (I
777 1168 893 1224 Cor.
927 1185 1014 1235 xv,
1040 1168 1153 1241 51).
1184 1168 1317 1224 Item
1347 1168 1472 1222 alibi
1510 1187 1521 1221 :
1566 1166 1809 1240 Vigilate,

230 1272 360 1317 state
388 1264 443 1315 in
472 1263 592 1331 ﬁde,
624 1262 840 1315 viriliter
868 1261 1001 1331 agite
1031 1259 1073 1333 (l
1103 1260 1219 1315 Cor.
1251 1276 1357 1328 xvr,
1389 1259 1499 1331 15).
1544 1258 1809 1327 Dormire,

228 1360 352 1425 post
379 1356 662 1410 transitum
697 1356 834 1423 apud
885 1354 1046 1409 Deum
1081 1355 1440 1423 requiescere.
1474 1352 1528 1406 In
1562 1353 1807 1423 psalmo:

229 1444 505 1515 Numquid
527 1449 615 1517 qui
642 1445 850 1510 dormit,
875 1462 975 1500 non
1001 1447 1215 1520 adjiciet
1241 1454 1295 1499 ut
1317 1454 1549 1518 resurgat
1579 1443 1693 1518 (Ps.
1726 1461 1808 1513 XL,

226 1529 321 1609 9)?
369 1540 441 1595 Et
476 1542 651 1604 aliter,
701 1540 957 1603 dormire,
1001 1547 1340 1608 peccatorum
1390 1552 1584 1605 sopore
1635 1546 1812 1607 torpe-

226 1645 400 1687 scere.
437 1631 493 1687 ln
525 1631 785 1701 Apastala
813 1645 827 1685 :
860 1630 1153 1702 Surge,qui
1181 1629 1371 1683 dormis
1410 1627 1574 1701 (Eph.
1609 1643 1658 1693 v,
1698 1626 1809 1700 Μ).

224 1724 563 1781 Erubescere
604 1726 656 1778 in
703 1724 842 1778 malo
878 1726 1157 1793 optimum,
1192 1722 1244 1777 in
1289 1722 1427 1777 bona
1474 1721 1807 1792 pessimum;

1918 518 1990 575 lio
2021 538 2032 572 :
2059 519 2180 591 Ipse
2200 525 2473 593 languares
2494 533 2701 580 nostros
2722 524 2841 580 ωιίι
2873 525 3024 597 (Isai.
3056 542 3166 593 un,
3191 528 3268 599 ι).
3299 527 3493 599 Lepra,

1916 621 2258 683 peccatorum
2283 615 2695 673 contaminatis.
2716 617 2770 673 ιιι
2794 617 3121 691 Evangelia:
3144 620 3215 679 Et
3231 623 3494 695 confestim

1914 706 2158 763 mundata
2184 716 2260 764 est
2282 707 2427 779 lepra
2457 712 2565 781 ejus
2601 709 2813 781 (Matth.
2835 726 2951 780 vui,
2972 712 3053 785 ὃ).

2544 844 2771 903 CAI’U'I‘
2810 846 2877 903 Χ.

2216 960 2293 1016 De
2316 960 2643 1017 Hierusalem
2660 1003 2677 1029 ,
2704 963 2781 1018 vel
2810 963 3041 1020 adversis
3076 969 3207 1043 ejus.

1989 1076 2343 1143 Hierusalem,
2359 1077 2595 1133 Ecclesia
2618 1077 2701 1134 vel
2724 1083 2916 1135 anima.
2942 1079 3001 1137 In
3023 1080 3261 1149 psalmo:
3284 1080 3487 1149 Lauda,

1917 1168 2252 1224 Hierusalem
2282 1168 2399 1243 (Ps.
2452 1185 2651 1235 chvn,
2685 1169 2797 1239 12).
2856 1170 2925 1227 Et
2970 1172 3301 1241 natandum,
3350 1174 3491 1244 quod

1913 1277 2262 1337 quaecumque
2290 1264 2340 1316 in
2376 1262 2612 1316 Ecclesia
2645 1261 2967 1332 generaliter
2995 1262 3345 1333 conveniunt,
3376 1264 3493 1321 haec

1914 1355 1981 1411 ad
2005 1354 2237 1413 animam
2269 1354 2463 1409 referri
2491 1364 2736 1423 possunt.
2774 1353 2925 1420 Sion,
2953 1353 3091 1409 idem
3122 1354 3263 1423 quod
3307 1369 3488 1426 supra.

1915 1445 1970 1499 In
2005 1447 2211 1516 psalmo
2243 1464 2254 1497 ε
2290 1444 2473 1499 Lauda
2520 1446 2687 1499 Deum
2716 1455 2900 1512 tuum,
2952 1446 3084 1502 Sion
3126 1445 3343 1516 (Ibid).
3374 1448 3494 1503 Filii

1913 1538 2066 1605 Sion,
2099 1538 2191 1593 ﬁlii
2214 1538 2489 1592 Ecclesiar.
2525 1538 2580 1592 lu
2615 1539 2818 1608 psalmo
2849 1554 2863 1595 :
2896 1538 2959 1592 Et
2984 1540 3082 1609 ﬁlii
3111 1541 3240 1595 Sion
3261 1542 3491 1595 exsulta-

1912 1646 2088 1691 verunt
2116 1651 2269 1705 super
2295 1651 2461 1706 regem
2492 1650 2640 1688 suum
2670 1634 2789 1704 (Ps.
2819 1636 3098 1704 cxmﬂ).
3132 1634 3280 1689 Filia:
3306 1636 3497 1691 Hieru-

1914 1728 2107 1791 salem,
2136 1728 2279 1782 idem
2324 1736 2384 1781 ut
2427 1742 2587 1795 supra
2618 1742 2633 1782 :
2668 1726 2722 1781 id
2744 1734 2856 1789 est,
2888 1727 3083 1781 animae
3126 1726 3332 1782 cmlesti
3374 1729 3496 1783 vita:

225 1816 376 1872 unde
396 1817 591 1871 dicitur
620 1834 633 1868 :
660 1814 753 1869 Est
780 1816 1014 1885 confusio
1036 1816 1294 1869 adducens
1318 1824 1601 1884 peccatum,
1625 1824 1671 1867 et
1694 1831 1815 1868 con-

1930 1821 2135 1878 deditte.
2168 1822 2317 1875 Alias
2343 1820 2467 1875 ﬁlia:
2512 1828 2635 1874 sunt
2664 1819 2888 1877 iulernte
2937 1823 3157 1883 animm,
3187 1831 3243 1876 ut
3276 1822 3327 1876 in
3362 1822 3497 1879 libro

226 1910 367 1981 fusio
396 1909 656 1965 adducens
687 1911 905 1981 gloriam
936 1908 1107 1978 (Eccl.
1139 1925 1211 1975 tv,
1240 1910 1351 1979 25).

294 2008 592 2071 Ascensus,
626 2003 895 2075 prolectus
924 2004 977 2057 in
1014 2000 1176 2056 Deum
1209 2022 1219 2055 :
1254 2000 1311 2056 In
1345 2001 1549 2073 psalmo
1577 2019 1588 2055 :
1620 2003 1811 2058 Ascen-

224 2110 309 2151 sus
344 2098 399 2150 in
425 2098 577 2151 corde
606 2095 713 2165 eius
736 2092 850 2167 (Ps.
869 2110 1093 2159 Lxxxnt,
1122 2093 1199 2165 6).
1230 2095 1553 2160 Descensus,
1578 2094 1817 2151 deleatus

223 2200 253 2243 ι
275 2189 415 2245 Dea.
439 2189 496 2244 In
521 2189 721 2261 Evang.
741 2207 752 2243 :
772 2186 941 2244 Homo
964 2188 1173 2259 quidam
1192 2189 1521 2244 descendebat
1545 2191 1607 2244 ab
1627 2188 1815 2245 Hieru-

224 2282 393 2339 salem
439 2285 491 2338 in
539 2283 747 2339 Jericlto
804 2281 954 2356 (Luc.
990 2298 1042 2350 x,
1092 2282 1203 2355 50).
1266 2282 1385 2349 Via,
1443 2281 1711 2339 Christus.
1760 2284 1816 2338 In

224 2376 477 2449 Evang.:
512 2378 622 2447 Ego
650 2394 762 2432 sum
792 2378 889 2444 via,
924 2377 1106 2431 veritas
1146 2384 1192 2430 et
1232 2377 1330 2430 vita
1368 2375 1548 2446 (Joan.
1590 2392 1698 2443 xlv,
1737 2375 1816 2447 6).

226 2470 293 2526 Ει
335 2470 517 2535 aliter,
550 2469 633 2523 via
674 2470 779 2523 vita
819 2469 1073 2523 hominis.
1120 2469 1173 2522 In
1217 2469 1467 2537 psalmo:
1524 2467 1641 2521 Vias
1685 2484 1820 2522 meas

227 2562 520 2629 enuntiavi,
551 2572 597 2616 et
626 2562 877 2616 exaudisti
910 2577 986 2614 me
1031 2560 1147 2631 (Ps.
1178 2575 1359 2621 cxvtn,
1394 2558 1506 2632 26).
1556 2560 1620 2614 Et
1661 2559 1817 2616 Salo-

227 2670 365 2711 mon
399 2673 414 2710 :
444 2652 720 2709 Comedent
748 2654 973 2723 fructum
1000 2654 1199 2707 viarum
1238 2670 1445 2706 suarum
1474 2652 1657 2722 (Prov.
1680 2669 1719 2721 ι,
1744 2654 1817 2725 ὅ).

295 2746 591 2818 Speciosa,
621 2746 871 2800 vitiorum
901 2744 1169 2800 illecebris
1196 2745 1381 2799 dilata.
1414 2745 1466 2797 In
1494 2743 1819 2814 Evangelia:

225 2839 372 2895 Lata
398 2848 546 2911 porta
577 2849 623 2895 et
660 2838 885 2909 spatiosa
926 2839 1030 2904 via,
1058 2852 1174 2909 qua:
1210 2838 1350 2891 ducit
1377 2836 1444 2891 ad
1486 2837 1823 2905 perditionem

229 2937 454 3011 (Matth.
480 2952 571 3002 vti,
594 2934 722 3004 '15).
761 2939 945 2998 Arata,
977 2934 1241 2995 districta.
1280 2942 1360 2987 vel
1394 2933 1823 2989 tribulationibus

227 3047 444 3103 pressa,
472 3046 589 3101 qua:
618 3029 763 3085 ducit
784 3029 850 3083 ad
874 3029 1059 3082 vitam.
1095 3028 1148 3083 In
1182 3027 1472 3098 Evangelia
1498 3046 1509 3080 :
1544 3028 1711 3094 Quam
1733 3045 1825 3083 an-

228 3132 389 3196 gusta
415 3132 562 3196 porta
582 3130 629 3176 et
652 3130 792 3176 arcta
816 3123 896 3175 via
922 3138 1035 3192 qua:
1064 3121 1201 3175 ducit
1223 3122 1288 3174 ad
1318 3122 1467 3174 vitam
1495 3120 1707 3191 (Ibid.).

1918 1915 2208 1986 Sapientia:
2240 1932 2251 1966 :
2280 1912 2435 1967 Filite
2457 1914 2547 1968 tibi
2571 1922 2706 1977 sunt,
2734 1928 2873 1969 serva
2897 1930 3079 1983 corpus
3101 1912 3492 1985 illarum(Eccl.

1921 2024 2017 2076 vn,
2041 2007 2153 2078 26).
2182 2006 2629 2072 Tabernaculnm,
2652 2020 2847 2073 corpus
2873 2005 3101 2071 Domini,
3120 2005 3204 2059 vel
3238 2006 3495 2062 Ecclesia.

1918 2098 1977 2155 In
2010 2098 2214 2169 psalmo
2246 2116 2256 2151 :
2313 2095 2380 2150 In
2423 2098 2529 2151 sole
2558 2098 2728 2166 posuit
2778 2096 3161 2151 tabernaculum
3199 2114 3345 2151 suum
3378 2096 3496 2168 (Ps.

1922 2208 2079 2257 xvnt,
2101 2190 2181 2261 6).
2213 2190 2364 2253 Item,
2398 2190 2632 2246 caelestis
2665 2190 2853 2256 patria,
2882 2198 2942 2243 ut
2970 2190 3021 2243 in
3048 2192 3283 2259 psalmo:
3311 2187 3496 2261 Ingre-

1920 2285 2036 2337 diar
2064 2283 2118 2336 in
2144 2283 2315 2337 locum
2340 2281 2655 2335 tabernaculi
2677 2280 2794 2350 (Ps.
2826 2296 2931 2349 xu,
2958 2280 3035 2351 5).

1995 2383 2155 2445 Area,
2187 2395 2315 2436 caro
2345 2379 2642 2443 Daminica,
2690 2380 2778 2435 vel
2825 2379 2987 2434 corda
3035 2388 3340 2435 sanctarum
3390 2382 3501 2438 Deo

1922 2475 2103 2544 plana.
2144 2473 2201 2527 In
2246 2473 2451 2542 psalmo
2487 2489 2499 2524 :
2532 2470 2613 2526 Tu
2653 2481 2701 2526 et
2758 2488 2881 2525 arca
2928 2472 3347 2541 sanctiﬁcationis
3401 2483 3502 2528 tua

1924 2564 2044 2636 (Ps.
2067 2580 2251 2629 cxxxt,
2276 2564 2355 2636 8).
2384 2564 2536 2628 Item,
2572 2578 2718 2630 arca,
2749 2564 3010 2628 Ecclesia,
3039 2564 3175 2618 intra
3201 2580 3360 2634 quam
3397 2564 3505 2620 sal-

1923 2657 2097 2712 vanda
2132 2656 2474 2712 clauduntur.
2505 2656 2559 2710 Ιιο
2585 2656 2783 2712 Genesi
2817 2674 2831 2710 :
2862 2655 3129 2710 Remansit
3156 2666 3325 2711 autem
3363 2658 3504 2712 solus

1926 2752 2065 2817 Noe,
2089 2761 2135 2806 et
2160 2752 2247 2822 qui
2271 2768 2387 2804 cum
2416 2767 2472 2804 eo
2503 2761 2646 2804 erant
2672 2752 2729 2803 in
2748 2766 2871 2804 arca
2901 2749 3055 2820 (Gen.
3088 2766 3181 2816 vn,
3209 2751 3324 2823 23).

1998 2844 2216 2900 Tabulas
2257 2844 2483 2915 lapidea:
2503 2845 2644 2909 duae,
2674 2853 2731 2898 ut
2758 2853 2905 2914 puto,
2938 2854 3159 2914 propter
3184 2854 3502 2901 testamenta

1925 2940 2053 3005 duo,
2103 2938 2190 2993 vel
2221 2948 2438 3007 propter
2490 2937 2595 2991 dua
2642 2948 2908 3006 praecepta
2961 2937 3264 2992 dilectionis
3321 2938 3410 2993 Dei
3451 2948 3505 2995 et

1927 3029 2176 3101 proximi.
2226 3030 2282 3084 In
2330 3028 2512 3085 Exodo
2544 3045 2558 3083 :
2594 3028 2662 3082 Et
2696 3028 2830 3082 dixit
2860 3028 3117 3083 Dominus
3146 3031 3209 3082 ad
3240 3027 3453 3099 Moysen
3486 3047 3499 3083 :

1930 3122 2125 3178 Εωεὶάσ
2164 3123 2256 3177 tibi
2283 3122 2412 3177 duas
2444 3122 2641 3176 tabulas
2673 3120 2865 3192 (Exod.
2899 3137 3080 3186 xxxxv,
3106 3121 3179 3190 1).
3209 3121 3336 3183 Lex.
3370 3136 3505 3191 pra:-

300 3214 546 3281 Direcm,
579 3212 862 3283 praeceptis
892 3212 985 3267 Dei
1016 3212 1282 3267 ordinata.
1321 3210 1377 3266 In
1424 3211 1596 3267 Isaia:
1644 3211 1827 3267 Rectus
1854 3207 1902 3272 C
1930 3228 2082 3286 cepta
2113 3216 2312 3273 divina.
2349 3216 2404 3272 In
2452 3217 2660 3285 psalmo
2701 3236 2711 3269 :
2762 3214 2870 3269 Lea:
2917 3215 3127 3269 Domini
3176 3217 3503 3270 immaculata

231 3308 393 3378 facite
431 3308 637 3361 semitas
667 3310 777 3379 ejus
824 3304 979 3379 (Isai.
1004 3322 1090 3370 XL,
1120 3305 1199 3375 5).
1252 3304 1441 3372 Prava,
1485 3320 1513 3357 a
1561 3305 1652 3359 Dei
1691 3322 1827 3375 pra:-

231 3398 408 3471 ceptis
440 3400 615 3453 devia.
649 3397 706 3453 In
738 3397 871 3454 Isaia
904 3416 915 3450 :
952 3397 1015 3451 Et
1058 3408 1205 3451 erunt
1244 3414 1396 3469 prava
1438 3398 1491 3451 in
1528 3397 1735 3465 directa,
1779 3409 1825 3453 et

231 3512 425 3569 aspera
455 3497 505 3549 in
533 3496 640 3549 vias
669 3491 851 3566 planas
874 3491 1086 3565 (Ibid).
1117 3491 1305 3560 Plana,
1339 3490 1644 3546 obedientia
1685 3508 1822 3562 pra:-

232 3593 521 3657 ceptorum
553 3596 855 3656 exaequata.
888 3584 943 3638 ln
977 3582 1135 3649 Isaia,
1171 3594 1227 3637 ut
1264 3598 1447 3653 supra.
1484 3583 1711 3651 Aspera,
1747 3585 1825 3639 in-

234 3680 566 3736 obedientia:
592 3678 880 3749 asperitate
903 3677 1141 3744 horrida,
1176 3686 1233 3729 ut
1262 3691 1444 3745 supra.
1473 3675 1517 3730 Α
1542 3676 1767 3743 dextris,
1796 3692 1827 3731 a

234 3784 395 3844 parte
420 3771 665 3843 iustitiae.
714 3771 767 3826 In
804 3772 1134 3843 Evangelia:
1171 3771 1371 3826 Statuet
1406 3772 1609 3839 quidem
1642 3787 1753 3825 ores
1798 3787 1830 3824 a

235 3868 460 3933 dextris,
485 3866 659 3921 haedos
680 3876 848 3921 autem
870 3884 899 3919 a
921 3867 1140 3921 sinistris
1168 3864 1358 3935 (Marc.
1387 3880 1519 3930 xxv,
1553 3863 1662 3934 55).
1695 3864 1739 3917 Α
1762 3864 1830 3918 si-

237 3961 454 4027 nistris,
494 3976 524 4014 a
566 3972 717 4031 parte
758 3961 1053 4031 injustitim.
1102 3961 1156 4015 In
1192 3959 1510 4029 Evangelia,
1550 3966 1607 4012 ut
1646 3973 1825 4029 supra.

236 4053 445 4117 Fovea,
477 4052 656 4121 dolus,
690 4054 773 4109 vel
798 4054 977 4124 lapsus
1001 4054 1051 4107 in
1083 4064 1333 4106 mortem.
1363 4052 1422 4105 In
1459 4052 1696 4119 psalmo:
1724 4050 1833 4106 Fo-

237 4148 431 4200 derunt
457 4155 573 4200 ante
594 4146 775 4215 faciem
798 4162 959 4200 meam
983 4146 1180 4215 foveam
1204 4143 1321 4213 (Ps.
1345 4159 1451 4212 va,
1474 4144 1586 4212 17).
1610 4144 1829 4211 Puteus,

236 4240 513 4310 diabolus,
546 4241 630 4295 vel
663 4239 922 4295 internus.
948 4240 1003 4293 In
1028 4239 1216 4308 psalm.
1248 4256 1260 4290 :
1287 4237 1465 4307 Neque
1485 4246 1660 4309 urgeat
1680 4254 1834 4307 super

237 4353 319 4392 me
343 4345 527 4407 puteus
556 4352 611 4391 os
639 4351 787 4390 suum
814 4333 929 4405 (Ps.
963 4348 1147 4399 vant,
1181 4331 1291 4401 16).
1322 4331 1391 4385 Ει
1414 4332 1466 4385 in
1489 4332 1683 4386 bonam
1714 4346 1835 4400 par-

239 4439 386 4493 tem;
424 4429 475 4482 in
508 4427 703 4483 Genesi
731 4444 743 4479 :
776 4425 858 4480 Ad
880 4436 1085 4495 puteum
1098 4424 1381 4497 juramenti
1408 4422 1557 4493 (Gen.
1584 4439 1730 4494 xui,
1754 4422 1831 4494 1),

238 4519 294 4576 id
331 4530 439 4584 est,
470 4519 536 4575 ad
566 4534 754 4591 aquam
782 4518 926 4573 ﬁdei.
962 4518 1115 4580 Item,
1145 4516 1357 4571 initium
1378 4516 1521 4579 ﬁdei,
1546 4516 1676 4570 utin
1698 4516 1835 4571 Can-

1929 3311 2049 3381 (Ps.
2075 3326 2228 3376 xvnl,
2248 3309 2324 3378 8).

1998 3402 2467 3471 Cbiragraphum,
2534 3400 2864 3470 conscriptio
2919 3400 3152 3455 hominis
3209 3398 3507 3468 peccatoris

1927 3512 2049 3553 cum
2081 3495 2298 3551 diabolo
2349 3510 2444 3565 per
2471 3506 2685 3547 manum
2739 3493 3057 3561 iniquitatis.
3106 3492 3161 3546 In
3205 3492 3504 3561 Apostola:

1933 3588 2344 3661 Chirograpltum
2400 3587 2592 3656 peccati
2650 3587 2785 3655 quod
2840 3595 2951 3638 erat
2997 3586 3317 3639 contrarium
3366 3583 3508 3637 nobis

1932 3679 2156 3749 (Coloss.
2179 3694 2237 3743 ιι,
2268 3680 2384 3747 lxi).

2002 3777 2244 3842 Pactum,
2278 3774 2664 3829 conimderatio
2687 3774 2876 3844 gratim
2907 3772 3101 3827 divina:
3127 3783 3247 3825 cum
3269 3769 3506 3825 homine.

1933 3868 1989 3923 In
2016 3868 2220 3937 psalmo
2254 3886 2266 3920 :
2304 3866 2424 3920 Vidi
2454 3882 2557 3919 non
2605 3873 2861 3919 servantes
2913 3874 3139 3936 pactum.
3190 3862 3509 3917 Testamen-

1934 3969 2067 4022 tum.
2094 3960 2431 4015 conﬁrmatio
2461 3958 2754 4013 voluntatis
2778 3958 2993 4013 divinae.
3028 3957 3084 4009 In
3115 3952 3371 4025 propheta
3403 3970 3417 4007 τ
3442 3951 3512 4007 Et

1937 4053 2253 4121 confirmabo
2304 4060 2657 4105 testamentum
2711 4066 2875 4103 meum
2920 4065 3073 4119 super
3124 4046 3329 4100 domum
3369 4044 3512 4098 Iuda

1934 4144 2095 4216 (Heb.
2124 4159 2238 4209 vtn,
2292 4142 2369 4212 8).
2406 4142 2589 4212 Ξενίας
2641 4143 2833 4212 ferreus
2863 4139 2984 4211 (Job
3033 4154 3145 4206 xix,
3175 4138 3311 4209 91),
3362 4136 3512 4191 fortis

1934 4239 2201 4295 sententia
2229 4237 2395 4293 divini
2422 4237 2592 4292 verbi.

2008 4329 2353 4399 Praeputium,
2384 4329 2490 4383 vita
2522 4326 2755 4398 gentilis.
2793 4326 2850 4381 In
2883 4324 3145 4395 Apastolo
3173 4340 3186 4377 :
3211 4322 3278 4377 In
3308 4337 3513 4395 prcipu-

1936 4426 2010 4480 tio
2041 4422 2226 4492 ntiquis
2249 4432 2454 4477 vocatus
2475 4430 2569 4486 est,
2592 4436 2693 4474 non
2739 4418 3137 4473 circumcidatur
3166 4416 3218 4489 (l
3246 4417 3365 4471 Cor.
3407 4429 3510 4482 vn,

1939 4518 2053 4589 18),
2086 4516 2139 4572 id
2170 4523 2278 4583 est,
2303 4515 2465 4571 etiam
2496 4516 2584 4585 qui
2619 4528 2684 4569 ex
2715 4512 2963 4582 gentibus
3004 4510 3073 4566 ad
3116 4510 3274 4565 tidem
3314 4507 3513 4563 Christi

238 4613 371 4667 ticis
406 4630 418 4664 :
454 4608 593 4664 Fons
616 4610 881 4665 hortorum
904 4611 1021 4679 fons
1062 4625 1311 4679 aquarum
1348 4608 1618 4662 viventium
1659 4606 1830 4678 (Cant.
1857 4596 1911 4658 D
1936 4610 2102 4675 venit,
2125 4623 2352 4679 corpora
2382 4622 2489 4663 non
2517 4604 2956 4663 circumcidatur.

238 4720 316 4770 tv,
354 4702 469 4773 15).
504 4702 666 4767 Fons,
698 4701 965 4767 Christus,
1008 4709 1065 4755 ut
1094 4702 1148 4755 in
1180 4699 1385 4769 psalmo
1417 4716 1430 4752 :
1467 4698 1641 4754 Sitivit
1661 4700 1834 4753 anima

238 4814 361 4852 mea
394 4798 462 4851 ad
505 4794 781 4851 Dominum
810 4798 1004 4866 fontem
1040 4794 1206 4847 vivum
1254 4791 1370 4862 (Ps.
1397 4807 1517 4860 xu,
1558 4789 1635 4861 5).
1678 4792 1829 4858 Item,

238 4890 384 4945 dona
412 4889 533 4955 Dei,
561 4898 618 4943 ut
640 4889 692 4941 in
726 4887 933 4957 psalmo
958 4903 970 4937 :
1005 4884 1073 4937 Et
1094 4891 1451 4953 apparuerunt
1473 4884 1643 4953 fontes
1673 4899 1836 4954 aqua-

238 4998 359 5035 rum
392 4977 511 5054 (Ps.
547 4995 680 5049 xvn,
707 4978 815 5052 16).
845 4978 973 5034 Item
997 4978 1050 5033 in
1073 4980 1267 5035 malam
1297 4986 1525 5046 partem,
1555 4989 1835 5046 perversos

238 5093 362 5132 sum
386 5077 696 5146 dogmatum
720 5074 991 5141 doctores,
1010 5082 1064 5128 et
1087 5072 1265 5140 iniqua
1280 5081 1522 5140 agentes,
1539 5079 1594 5124 ut
1610 5069 1829 5125 Petrus:

240 5166 319 5221 Hi
339 5177 455 5222 sunt
482 5167 647 5237 fontes
678 5168 787 5222 sine
801 5182 934 5238 aqua
955 5164 1023 5239 (ll
1042 5163 1185 5217 Petr.
1211 5178 1272 5230 ll,
1299 5160 1409 5231 17).
1439 5160 1695 5226 Tarrens,
1719 5169 1836 5217 ten-

240 5259 509 5319 tationum
541 5261 622 5316 vis
645 5269 881 5315 mentem
913 5258 1221 5328 impellens,
1259 5267 1315 5309 ut
1345 5257 1396 5309 in
1430 5256 1639 5323 psalmo
1666 5272 1678 5307 :
1707 5252 1836 5308 Tor-

237 5364 435 5409 rentem
466 5355 792 5425 pertransivit
821 5355 993 5408 anima
1014 5360 1188 5406 nostra
1207 5350 1327 5421 (Ps.
1350 5366 1518 5405 cxxm
1536 5390 1550 5415 ,
1574 5350 1653 5416 5).
1681 5349 1831 5417 Item,

236 5446 411 5521 frigus
438 5455 804 5517 peccatorum,
845 5460 875 5499 a
922 5459 1028 5515 qua
1062 5442 1224 5498 David
1265 5443 1481 5498 liberari
1520 5442 1831 5499 desiderans

235 5542 347 5595 ait:
368 5540 635 5609 Converte,
664 5538 903 5605 Domine,
931 5539 1277 5610 captivitatem
1304 5549 1550 5601 nostram,
1577 5538 1707 5592 sicut
1724 5547 1827 5593 tor-

234 5648 359 5687 rens
380 5632 433 5685 in
460 5640 637 5687 austro
657 5629 773 5703 (Ps.
800 5646 958 5698 cxxv,
990 5630 1069 5701 6).
1100 5628 1340 5695 Sanitas,
1376 5630 1570 5684 mentis
1606 5629 1827 5699 integri-

235 5732 359 5789 tas;
396 5722 450 5780 in
474 5723 718 5795 psalmo:
756 5720 985 5778 Clamavi
1027 5720 1095 5777 ad
1132 5729 1201 5791 te,
1244 5728 1292 5775 et
1338 5720 1537 5775 sanasti
1583 5736 1663 5773 me
1704 5719 1825 5789 (Ps.

235 5834 390 5887 xxix,
406 5820 485 5889 5).
510 5818 778 5891 Languor,
804 5817 1054 5876 vitiorum
1076 5816 1326 5884 morbus;
1374 5815 1428 5873 in
1450 5814 1691 5887 psalmo:
1728 5814 1829 5883 Qui

2007 4701 2393 4765 Circumcislo.
2452 4698 2771 4769 exspoliatio
2810 4697 3082 4753 vitiorum.
3124 4694 3180 4748 In
3211 4691 3509 4762 Apastalo:

1942 4793 2243 4849 Circumcisi
2268 4793 2390 4849 estis
2440 4790 2825 4846 circumcisione
2852 4804 2952 4842 non
2980 4800 3136 4840 manu
3163 4785 3316 4855 facta,
3346 4783 3403 4837 in
3422 4798 3513 4836 es:-

1938 4888 2243 4959 spoliatione
2261 4886 2493 4956 corporis
2515 4884 2687 4939 carnis
2707 4881 2930 4952 (Coloss.
2961 4896 3019 4943 ll,
3052 4878 3379 4949 il).Carnu,
3405 4877 3516 4930 lor-

1939 4978 2144 5043 titudo,
2193 4977 2276 5032 vel
2324 4992 2572 5046 regnum.
2616 4974 2673 5031 In
2708 4972 3106 5042 lRegnorum.
3162 4968 3230 5024 Et
3274 4967 3519 5023 exultavit

1936 5088 2098 5126 cornu
2127 5068 2321 5125 Christi
2346 5070 2429 5124 sui
2456 5068 2499 5139 (l
2530 5068 2656 5138 Reg.
2699 5082 2776 5132 ιι,
2821 5064 2930 5135 10).
2980 5063 3245 5133 Purpura,
3273 5062 3515 5131 martyrii

1935 5164 2145 5234 species
2167 5177 2264 5232 per
2291 5176 2560 5217 cruorem.
2600 5160 2658 5214 In
2683 5157 2867 5214 Exodo
2898 5176 2913 5211 :
2962 5156 3142 5211 Omnis
3184 5154 3272 5224 qui
3305 5153 3519 5224 percipit

1937 5256 2111 5325 corde,
2143 5254 2320 5323 aﬂ'eret
2350 5254 2498 5309 initia
2527 5251 2777 5319 Domino,
2801 5264 3024 5313 aurum,
3052 5256 3347 5319 argentarii,
3387 5259 3519 5298 ara-

1937 5361 2181 5416 mentum,
2227 5350 2591 5421 Ityacintltum,
2636 5362 2944 5419 purpuram,
2992 5358 3201 5398 coccum
3244 5350 3412 5396 aettem
3470 5347 3519 5395 et

1940 5445 2150 5515 byssum
2187 5441 2387 5514 (Exod.
2420 5456 2588 5505 xxxv,
2620 5440 2699 5511 5).

2010 5536 2286 5601 Fimbriae,
2322 5535 2487 5592 verba
2533 5532 2656 5589 (idsi
2682 5532 2969 5602 diligenter
2995 5526 3275 5585 retinenda
3298 5566 3318 5593 ,
3363 5535 3424 5582 ut
3464 5526 3521 5582 in

1932 5628 2128 5699 psalm.
2156 5644 2172 5684 t
2204 5626 2389 5682 Ouinis
2417 5627 2586 5698 gloria
2604 5629 2720 5697 ejus
2762 5624 2887 5692 ﬁlia:
2912 5623 3047 5693 regis
3074 5621 3138 5676 ab
3165 5622 3306 5675 intus
3332 5620 3385 5674 in
3406 5620 3523 5689 ﬁtn-

1932 5722 2043 5777 bria
2076 5719 2175 5794 (Ps
2204 5735 2345 5786 xuv,
2382 5719 2487 5789 14).
2543 5717 2749 5772 Caccus
2772 5757 2786 5781 ,
2821 5714 2961 5770 idem
3012 5712 3151 5784 quod
3207 5726 3400 5783 supra;
3436 5712 3520 5768 vel

1934 5814 2214 5872 charitatis
2236 5812 2427 5877 ardor,
2454 5810 2536 5866 vel
2566 5807 2747 5864 crucis
2776 5806 3003 5865 mentio.
3034 5804 3097 5863 In
3127 5805 3336 5874 Exodo,
3380 5805 3523 5862 sicut
