  <div class='ocr_page' id='page_1' title='image "/cluster/home/n/w/nwhite01/storage/ocr_20150623/50/hvd.32044015471550/388.png"; bbox 0 0 4018 6338; ppageno 0'>
   <div class='ocr_carea' id='block_1_1' title="bbox 242 277 345 338">
    <p class='ocr_par' dir='ltr' id='par_1_1' title="bbox 242 277 345 338">
     <span class='ocr_line' id='line_1_1' title="bbox 242 277 345 338; baseline 0.019 -2"><span class='ocrx_word' id='word_1_1' title='bbox 242 277 345 338; x_wconf 81' lang='grc'><strong>769</strong></span> 
     </span>
    </p>
   </div>
   <div class='ocr_carea' id='block_1_2' title="bbox 986 272 2765 347">
    <p class='ocr_par' dir='ltr' id='par_1_2' title="bbox 986 272 2765 347">
     <span class='ocr_line' id='line_1_2' title="bbox 986 272 2765 347; baseline 0.008 -18"><span class='ocrx_word' id='word_1_2' title='bbox 986 273 1192 329; x_wconf 77' lang='lat' dir='ltr'><strong>LIBER</strong></span> <span class='ocrx_word' id='word_1_3' title='bbox 1238 272 1724 335; x_wconf 66' lang='lat' dir='ltr'><strong>I&#39;OIHIULARUM</strong></span> <span class='ocrx_word' id='word_1_4' title='bbox 1767 276 2145 342; x_wconf 67' lang='lat' dir='ltr'><strong>SPIRI&#39;I&#39;ALIS</strong></span> <span class='ocrx_word' id='word_1_5' title='bbox 2187 286 2765 347; x_wconf 64' lang='lat' dir='ltr'><strong>INTELLIGENTM‘I.</strong></span> 
     </span>
    </p>
   </div>
   <div class='ocr_carea' id='block_1_3' title="bbox 3420 292 3528 350">
    <p class='ocr_par' dir='ltr' id='par_1_3' title="bbox 3420 292 3528 350">
     <span class='ocr_line' id='line_1_3' title="bbox 3420 292 3528 350; baseline 0 0"><span class='ocrx_word' id='word_1_6' title='bbox 3420 292 3528 350; x_wconf 73' lang='grc' dir='ltr'><strong>πο</strong></span> 
     </span>
    </p>
   </div>
   <div class='ocr_carea' id='block_1_4' title="bbox 240 389 3511 475">
    <p class='ocr_par' dir='ltr' id='par_1_4' title="bbox 240 389 3511 475">
     <span class='ocr_line' id='line_1_4' title="bbox 240 389 3511 475; baseline 0.002 -21"><span class='ocrx_word' id='word_1_7' title='bbox 240 398 331 455; x_wconf 86' lang='lat' dir='ltr'><strong>Dei</strong></span> <span class='ocrx_word' id='word_1_8' title='bbox 351 403 407 452; x_wconf 86' lang='lat' dir='ltr'><strong>et</strong></span> <span class='ocrx_word' id='word_1_9' title='bbox 434 392 688 465; x_wconf 77' lang='lat' dir='ltr'><strong>proximi.</strong></span> <span class='ocrx_word' id='word_1_10' title='bbox 718 391 778 446; x_wconf 91' lang='lat' dir='ltr'><strong>In</strong></span> <span class='ocrx_word' id='word_1_11' title='bbox 809 389 1017 460; x_wconf 86' lang='lat' dir='ltr'><strong>psalmo</strong></span> <span class='ocrx_word' id='word_1_12' title='bbox 1045 407 1057 443; x_wconf 91' lang='lat'><strong>:</strong></span> <span class='ocrx_word' id='word_1_13' title='bbox 1089 392 1323 444; x_wconf 86' lang='lat' dir='ltr'><strong>Landate</strong></span> <span class='ocrx_word' id='word_1_14' title='bbox 1346 408 1461 446; x_wconf 88' lang='lat' dir='ltr'><strong>eum</strong></span> <span class='ocrx_word' id='word_1_15' title='bbox 1492 394 1545 446; x_wconf 87' lang='lat' dir='ltr'><strong>in</strong></span> <span class='ocrx_word' id='word_1_16' title='bbox 1575 396 1819 464; x_wconf 79' lang='lat' dir='ltr'><strong>cymbalis</strong></span> <span class='ocrx_word' id='word_1_17' title='bbox 1850 394 1896 455; x_wconf 78' lang='grc' dir='ltr'>Α</span> <span class='ocrx_word' id='word_1_18' title='bbox 1926 397 2029 453; x_wconf 87' lang='lat' dir='ltr'><strong>duo</strong></span> <span class='ocrx_word' id='word_1_19' title='bbox 2060 401 2109 455; x_wconf 88' lang='lat' dir='ltr'><strong>in</strong></span> <span class='ocrx_word' id='word_1_20' title='bbox 2137 404 2450 470; x_wconf 78' lang='lat' dir='ltr'><strong>motmdino,</strong></span> <span class='ocrx_word' id='word_1_21' title='bbox 2483 405 2582 457; x_wconf 87' lang='lat' dir='ltr'><strong>duo</strong></span> <span class='ocrx_word' id='word_1_22' title='bbox 2622 405 2675 457; x_wconf 89' lang='lat' dir='ltr'><strong>in</strong></span> <span class='ocrx_word' id='word_1_23' title='bbox 2701 404 2828 457; x_wconf 88' lang='lat' dir='ltr'><strong>leclo</strong></span> <span class='ocrx_word' id='word_1_24' title='bbox 2856 400 3007 475; x_wconf 86' lang='lat' dir='ltr'><strong>(Luc.</strong></span> <span class='ocrx_word' id='word_1_25' title='bbox 3038 416 3167 471; x_wconf 83' lang='lat' dir='ltr'><strong>xvn,</strong></span> <span class='ocrx_word' id='word_1_26' title='bbox 3196 399 3290 474; x_wconf 67' lang='grc'><strong>51)</strong></span> <span class='ocrx_word' id='word_1_27' title='bbox 3322 400 3511 474; x_wconf 71' lang='grc' dir='ltr'>Ιεειιιιο</span> 
     </span>
    </p>
   </div>
   <div class='ocr_carea' id='block_1_5' title="bbox 237 484 1825 558">
    <p class='ocr_par' dir='ltr' id='par_1_5' title="bbox 237 484 1825 558">
     <span class='ocr_line' id='line_1_5' title="bbox 237 484 1825 558; baseline -0.003 -12"><span class='ocrx_word' id='word_1_28' title='bbox 237 493 357 547; x_wconf 81' lang='lat' dir='ltr'><strong>bene</strong></span> <span class='ocrx_word' id='word_1_29' title='bbox 384 485 683 543; x_wconf 88' lang='lat' dir='ltr'><strong>sonantibus</strong></span> <span class='ocrx_word' id='word_1_30' title='bbox 708 484 827 558; x_wconf 88' lang='lat' dir='ltr'><strong>(Ps.</strong></span> <span class='ocrx_word' id='word_1_31' title='bbox 858 502 944 551; x_wconf 81' lang='lat' dir='ltr'><strong>CL,</strong></span> <span class='ocrx_word' id='word_1_32' title='bbox 978 484 1058 554; x_wconf 90' lang='lat'><strong>5).</strong></span> <span class='ocrx_word' id='word_1_33' title='bbox 1091 484 1367 551; x_wconf 85' lang='lat' dir='ltr'><strong>Juhilatio,</strong></span> <span class='ocrx_word' id='word_1_34' title='bbox 1402 488 1609 541; x_wconf 83' lang='lat' dir='ltr'><strong>clamor</strong></span> <span class='ocrx_word' id='word_1_35' title='bbox 1664 487 1825 557; x_wconf 74' lang='lat' dir='ltr'><strong>spiri~</strong></span> 
     </span>
    </p>
   </div>
   <div class='ocr_carea' id='block_1_6' title="bbox 234 579 1825 649">
    <p class='ocr_par' dir='ltr' id='par_1_6' title="bbox 234 579 1825 649">
     <span class='ocr_line' id='line_1_6' title="bbox 234 579 1825 649; baseline -0.004 -8"><span class='ocrx_word' id='word_1_36' title='bbox 234 584 323 641; x_wconf 83' lang='lat' dir='ltr'><strong>tali</strong></span> <span class='ocrx_word' id='word_1_37' title='bbox 355 583 568 639; x_wconf 83' lang='lat' dir='ltr'><strong>fervore</strong></span> <span class='ocrx_word' id='word_1_38' title='bbox 597 579 927 649; x_wconf 85' lang='lat' dir='ltr'><strong>expressior.</strong></span> <span class='ocrx_word' id='word_1_39' title='bbox 962 579 1019 632; x_wconf 93' lang='lat' dir='ltr'><strong>In</strong></span> <span class='ocrx_word' id='word_1_40' title='bbox 1065 579 1255 648; x_wconf 72' lang='lat' dir='ltr'><strong>psalm.</strong></span> <span class='ocrx_word' id='word_1_41' title='bbox 1294 598 1305 632; x_wconf 90' lang='lat'>:</span> <span class='ocrx_word' id='word_1_42' title='bbox 1364 579 1601 635; x_wconf 79' lang='lat' dir='ltr'><strong>Laudate</strong></span> <span class='ocrx_word' id='word_1_43' title='bbox 1630 598 1741 636; x_wconf 90' lang='lat' dir='ltr'><strong>eum</strong></span> <span class='ocrx_word' id='word_1_44' title='bbox 1770 582 1825 635; x_wconf 89' lang='lat' dir='ltr'><strong>in</strong></span> 
     </span>
    </p>
   </div>
   <div class='ocr_carea' id='block_1_7' title="bbox 190 654 1067 747">
    <p class='ocr_par' dir='ltr' id='par_1_7' title="bbox 190 654 1067 747">
     <span class='ocr_line' id='line_1_7' title="bbox 190 654 1067 747; baseline -0.005 -18"><span class='ocrx_word' id='word_1_45' title='bbox 190 654 199 659; x_wconf 75' lang='grc'>’</span> <span class='ocrx_word' id='word_1_46' title='bbox 234 674 476 747; x_wconf 75' lang='lat' dir='ltr'><strong>cymbalis</strong></span> <span class='ocrx_word' id='word_1_47' title='bbox 498 672 824 743; x_wconf 77' lang='lat' dir='ltr'><strong>jubilationis</strong></span> <span class='ocrx_word' id='word_1_48' title='bbox 847 668 1067 742; x_wconf 69' lang='lat' dir='ltr'><strong>(Ibid).</strong></span> 
     </span>
    </p>
   </div>
   <div class='ocr_carea' id='block_1_8' title="bbox 299 764 1821 839">
    <p class='ocr_par' dir='ltr' id='par_1_8' title="bbox 299 764 1821 839">
     <span class='ocr_line' id='line_1_8' title="bbox 299 764 1821 839; baseline -0.001 -15"><span class='ocrx_word' id='word_1_49' title='bbox 299 767 589 839; x_wconf 68' lang='lat' dir='ltr'><strong>Egyptus,</strong></span> <span class='ocrx_word' id='word_1_50' title='bbox 624 765 860 820; x_wconf 91' lang='lat' dir='ltr'><strong>mundus</strong></span> <span class='ocrx_word' id='word_1_51' title='bbox 891 764 1001 831; x_wconf 92' lang='lat' dir='ltr'><strong>hic,</strong></span> <span class='ocrx_word' id='word_1_52' title='bbox 1035 764 1120 819; x_wconf 90' lang='lat' dir='ltr'><strong>vel</strong></span> <span class='ocrx_word' id='word_1_53' title='bbox 1150 765 1432 834; x_wconf 76' lang='lat' dir='ltr'><strong>gentilium</strong></span> <span class='ocrx_word' id='word_1_54' title='bbox 1457 768 1705 837; x_wconf 90' lang='lat' dir='ltr'><strong>populus.</strong></span> <span class='ocrx_word' id='word_1_55' title='bbox 1764 769 1821 823; x_wconf 92' lang='lat' dir='ltr'><strong>In</strong></span> 
     </span>
    </p>
   </div>
   <div class='ocr_carea' id='block_1_9' title="bbox 231 857 1819 931">
    <p class='ocr_par' dir='ltr' id='par_1_9' title="bbox 231 857 1819 931">
     <span class='ocr_line' id='line_1_9' title="bbox 231 857 1819 931; baseline 0 -16"><span class='ocrx_word' id='word_1_56' title='bbox 231 862 435 931; x_wconf 77' lang='lat' dir='ltr'><strong>psalmo</strong></span> <span class='ocrx_word' id='word_1_57' title='bbox 464 876 481 917; x_wconf 86' lang='lat'><strong>:</strong></span> <span class='ocrx_word' id='word_1_58' title='bbox 515 858 730 914; x_wconf 85' lang='lat' dir='ltr'><strong>Venient</strong></span> <span class='ocrx_word' id='word_1_59' title='bbox 755 858 912 929; x_wconf 78' lang='lat' dir='ltr'><strong>legati</strong></span> <span class='ocrx_word' id='word_1_60' title='bbox 950 874 1013 912; x_wconf 77' lang='lat' dir='ltr'><strong>ea:</strong></span> <span class='ocrx_word' id='word_1_61' title='bbox 1058 857 1295 929; x_wconf 76' lang='lat' dir='ltr'><strong>/qupto</strong></span> <span class='ocrx_word' id='word_1_62' title='bbox 1326 857 1448 928; x_wconf 82' lang='lat' dir='ltr'><strong>(Ps.</strong></span> <span class='ocrx_word' id='word_1_63' title='bbox 1496 877 1666 927; x_wconf 79' lang='lat' dir='ltr'><strong>vau,</strong></span> <span class='ocrx_word' id='word_1_64' title='bbox 1702 859 1819 931; x_wconf 73' lang='lat'><strong>52).</strong></span> 
     </span>
    </p>
   </div>
   <div class='ocr_carea' id='block_1_10' title="bbox 230 948 1821 1022">
    <p class='ocr_par' dir='ltr' id='par_1_10' title="bbox 230 948 1821 1022">
     <span class='ocr_line' id='line_1_10' title="bbox 230 948 1821 1022; baseline -0.002 -12"><span class='ocrx_word' id='word_1_65' title='bbox 230 953 527 1022; x_wconf 66' lang='lat' dir='ltr'><strong>Ethiopia,</strong></span> <span class='ocrx_word' id='word_1_66' title='bbox 558 950 799 1007; x_wconf 85' lang='lat' dir='ltr'><strong>Ecclesia</strong></span> <span class='ocrx_word' id='word_1_67' title='bbox 823 966 886 1005; x_wconf 83' lang='lat' dir='ltr'><strong>ex</strong></span> <span class='ocrx_word' id='word_1_68' title='bbox 918 950 1185 1019; x_wconf 76' lang='lat' dir='ltr'><strong>gentibus.</strong></span> <span class='ocrx_word' id='word_1_69' title='bbox 1216 948 1274 1004; x_wconf 91' lang='lat' dir='ltr'><strong>In</strong></span> <span class='ocrx_word' id='word_1_70' title='bbox 1309 951 1519 1020; x_wconf 84' lang='lat' dir='ltr'><strong>psalmo</strong></span> <span class='ocrx_word' id='word_1_71' title='bbox 1557 972 1569 1005; x_wconf 88' lang='lat'><strong>:</strong></span> <span class='ocrx_word' id='word_1_72' title='bbox 1605 952 1821 1007; x_wconf 60' lang='lat' dir='ltr'><strong>zEthio-</strong></span> 
     </span>
    </p>
   </div>
   <div class='ocr_carea' id='block_1_11' title="bbox 231 1040 1821 1118">
    <p class='ocr_par' dir='ltr' id='par_1_11' title="bbox 231 1040 1821 1118">
     <span class='ocr_line' id='line_1_11' title="bbox 231 1040 1821 1118; baseline -0.001 -17"><span class='ocrx_word' id='word_1_73' title='bbox 231 1048 317 1118; x_wconf 89' lang='lat' dir='ltr'><strong>pia</strong></span> <span class='ocrx_word' id='word_1_74' title='bbox 337 1046 593 1117; x_wconf 77' lang='lat' dir='ltr'><strong>perueniet</strong></span> <span class='ocrx_word' id='word_1_75' title='bbox 627 1060 811 1097; x_wconf 89' lang='lat' dir='ltr'><strong>manus</strong></span> <span class='ocrx_word' id='word_1_76' title='bbox 836 1047 948 1115; x_wconf 85' lang='lat' dir='ltr'><strong><em>ejus</em></strong></span> <span class='ocrx_word' id='word_1_77' title='bbox 972 1040 1084 1096; x_wconf 91' lang='lat' dir='ltr'><strong>Deo</strong></span> <span class='ocrx_word' id='word_1_78' title='bbox 1106 1041 1325 1114; x_wconf 86' lang='lat' dir='ltr'><strong>(lbid.).</strong></span> <span class='ocrx_word' id='word_1_79' title='bbox 1348 1043 1484 1099; x_wconf 90' lang='lat' dir='ltr'><strong>Item</strong></span> <span class='ocrx_word' id='word_1_80' title='bbox 1510 1046 1671 1100; x_wconf 90' lang='lat' dir='ltr'><strong>aliam</strong></span> <span class='ocrx_word' id='word_1_81' title='bbox 1697 1061 1821 1115; x_wconf 87' lang='lat' dir='ltr'><strong>par-</strong></span> 
     </span>
    </p>
   </div>
   <div class='ocr_carea' id='block_1_12' title="bbox 226 1136 1819 1211">
    <p class='ocr_par' dir='ltr' id='par_1_12' title="bbox 226 1136 1819 1211">
     <span class='ocr_line' id='line_1_12' title="bbox 226 1136 1819 1211; baseline -0.01 -14"><span class='ocrx_word' id='word_1_82' title='bbox 226 1150 369 1208; x_wconf 86' lang='lat' dir='ltr'><strong>tem,</strong></span> <span class='ocrx_word' id='word_1_83' title='bbox 396 1140 449 1195; x_wconf 92' lang='lat' dir='ltr'><strong>in</strong></span> <span class='ocrx_word' id='word_1_84' title='bbox 482 1138 692 1210; x_wconf 87' lang='lat' dir='ltr'><strong>psalmo</strong></span> <span class='ocrx_word' id='word_1_85' title='bbox 724 1155 737 1193; x_wconf 87' lang='lat'><strong>:</strong></span> <span class='ocrx_word' id='word_1_86' title='bbox 770 1136 972 1190; x_wconf 88' lang='lat' dir='ltr'><strong>Dedisti</strong></span> <span class='ocrx_word' id='word_1_87' title='bbox 1011 1153 1124 1190; x_wconf 90' lang='lat' dir='ltr'><strong>eum</strong></span> <span class='ocrx_word' id='word_1_88' title='bbox 1169 1153 1336 1191; x_wconf 88' lang='lat' dir='ltr'><strong>escam</strong></span> <span class='ocrx_word' id='word_1_89' title='bbox 1382 1138 1576 1211; x_wconf 78' lang='lat' dir='ltr'><strong>papula</strong></span> <span class='ocrx_word' id='word_1_90' title='bbox 1607 1139 1819 1194; x_wconf 70' lang='grc' dir='ltr'><strong>Αῐιήίο-</strong></span> 
     </span>
    </p>
   </div>
   <div class='ocr_carea' id='block_1_13' title="bbox 225 1229 1816 1306">
    <p class='ocr_par' dir='ltr' id='par_1_13' title="bbox 225 1229 1816 1306">
     <span class='ocr_line' id='line_1_13' title="bbox 225 1229 1816 1306; baseline 0 -19"><span class='ocrx_word' id='word_1_91' title='bbox 225 1249 346 1305; x_wconf 83' lang='lat' dir='ltr'><strong>pum</strong></span> <span class='ocrx_word' id='word_1_92' title='bbox 372 1230 497 1306; x_wconf 88' lang='lat' dir='ltr'><strong>(Ps.</strong></span> <span class='ocrx_word' id='word_1_93' title='bbox 528 1247 718 1297; x_wconf 73' lang='lat' dir='ltr'><strong>usus,</strong></span> <span class='ocrx_word' id='word_1_94' title='bbox 750 1229 859 1300; x_wconf 78' lang='lat' dir='ltr'><strong>M).</strong></span> <span class='ocrx_word' id='word_1_95' title='bbox 888 1230 1147 1299; x_wconf 80' lang='lat' dir='ltr'><strong>Babylon,</strong></span> <span class='ocrx_word' id='word_1_96' title='bbox 1177 1240 1267 1283; x_wconf 90' lang='lat' dir='ltr'><strong>aut</strong></span> <span class='ocrx_word' id='word_1_97' title='bbox 1309 1231 1566 1298; x_wconf 81' lang='lat' dir='ltr'><strong>mundus,</strong></span> <span class='ocrx_word' id='word_1_98' title='bbox 1592 1240 1684 1287; x_wconf 89' lang='lat' dir='ltr'><strong>aut</strong></span> <span class='ocrx_word' id='word_1_99' title='bbox 1706 1233 1816 1287; x_wconf 83' lang='lat' dir='ltr'><strong>Ro-</strong></span> 
     </span>
    </p>
   </div>
   <div class='ocr_carea' id='block_1_14' title="bbox 223 1321 1817 1395">
    <p class='ocr_par' dir='ltr' id='par_1_14' title="bbox 223 1321 1817 1395">
     <span class='ocr_line' id='line_1_14' title="bbox 223 1321 1817 1395; baseline -0.002 -14"><span class='ocrx_word' id='word_1_100' title='bbox 223 1342 326 1381; x_wconf 85' lang='lat' dir='ltr'><strong>ma.</strong></span> <span class='ocrx_word' id='word_1_101' title='bbox 374 1326 429 1380; x_wconf 95' lang='lat' dir='ltr'><strong>In</strong></span> <span class='ocrx_word' id='word_1_102' title='bbox 455 1323 817 1395; x_wconf 78' lang='lat' dir='ltr'><strong>Apocalypsi:</strong></span> <span class='ocrx_word' id='word_1_103' title='bbox 860 1322 922 1375; x_wconf 87' lang='lat' dir='ltr'><strong>Et</strong></span> <span class='ocrx_word' id='word_1_104' title='bbox 947 1321 1179 1393; x_wconf 83' lang='lat' dir='ltr'><strong>Babylon</strong></span> <span class='ocrx_word' id='word_1_105' title='bbox 1223 1339 1411 1391; x_wconf 88' lang='lat' dir='ltr'><strong>magna</strong></span> <span class='ocrx_word' id='word_1_106' title='bbox 1455 1325 1589 1377; x_wconf 80' lang='lat' dir='ltr'><strong>venit</strong></span> <span class='ocrx_word' id='word_1_107' title='bbox 1628 1326 1681 1378; x_wconf 91' lang='lat' dir='ltr'><strong>in</strong></span> <span class='ocrx_word' id='word_1_108' title='bbox 1711 1342 1817 1380; x_wconf 82' lang='lat' dir='ltr'><strong>me—</strong></span> 
     </span>
    </p>
   </div>
   <div class='ocr_carea' id='block_1_15' title="bbox 221 1413 1816 1484">
    <p class='ocr_par' dir='ltr' id='par_1_15' title="bbox 221 1413 1816 1484">
     <span class='ocr_line' id='line_1_15' title="bbox 221 1413 1816 1484; baseline -0.002 -11"><span class='ocrx_word' id='word_1_109' title='bbox 221 1419 442 1473; x_wconf 84' lang='lat' dir='ltr'><strong>moriam</strong></span> <span class='ocrx_word' id='word_1_110' title='bbox 469 1426 587 1471; x_wconf 87' lang='lat' dir='ltr'><strong>ante</strong></span> <span class='ocrx_word' id='word_1_111' title='bbox 620 1415 780 1469; x_wconf 90' lang='lat' dir='ltr'><strong>Deum</strong></span> <span class='ocrx_word' id='word_1_112' title='bbox 805 1415 926 1468; x_wconf 90' lang='lat' dir='ltr'><strong>dare</strong></span> <span class='ocrx_word' id='word_1_113' title='bbox 971 1415 1015 1467; x_wconf 90' lang='lat' dir='ltr'><strong>ei</strong></span> <span class='ocrx_word' id='word_1_114' title='bbox 1043 1414 1251 1467; x_wconf 86' lang='lat' dir='ltr'><strong>calicem</strong></span> <span class='ocrx_word' id='word_1_115' title='bbox 1298 1413 1401 1467; x_wconf 77' lang='lat' dir='ltr'><strong>vini</strong></span> <span class='ocrx_word' id='word_1_116' title='bbox 1448 1416 1816 1484; x_wconf 84' lang='lat' dir='ltr'><strong>indignationis</strong></span> 
     </span>
    </p>
   </div>
   <div class='ocr_carea' id='block_1_16' title="bbox 220 1504 1810 1583">
    <p class='ocr_par' dir='ltr' id='par_1_16' title="bbox 220 1504 1810 1583">
     <span class='ocr_line' id='line_1_16' title="bbox 220 1504 1810 1583; baseline -0.005 -14"><span class='ocrx_word' id='word_1_117' title='bbox 220 1516 309 1569; x_wconf 69' lang='lat' dir='ltr'><strong>ira</strong></span> <span class='ocrx_word' id='word_1_118' title='bbox 349 1513 463 1583; x_wconf 82' lang='lat' dir='ltr'><strong>ejus</strong></span> <span class='ocrx_word' id='word_1_119' title='bbox 491 1511 673 1583; x_wconf 82' lang='lat' dir='ltr'><strong>(Apoc.</strong></span> <span class='ocrx_word' id='word_1_120' title='bbox 699 1524 809 1572; x_wconf 77' lang='lat' dir='ltr'><strong>xvr,</strong></span> <span class='ocrx_word' id='word_1_121' title='bbox 846 1507 955 1578; x_wconf 83' lang='grc'><strong>19).</strong></span> <span class='ocrx_word' id='word_1_122' title='bbox 981 1504 1214 1571; x_wconf 89' lang='lat' dir='ltr'><strong>Inimici,</strong></span> <span class='ocrx_word' id='word_1_123' title='bbox 1245 1506 1514 1571; x_wconf 85' lang='lat' dir='ltr'><strong>diabolus,</strong></span> <span class='ocrx_word' id='word_1_124' title='bbox 1546 1508 1629 1562; x_wconf 92' lang='lat' dir='ltr'><strong>vel</strong></span> <span class='ocrx_word' id='word_1_125' title='bbox 1660 1507 1810 1562; x_wconf 91' lang='lat' dir='ltr'><strong>vitia.</strong></span> 
     </span>
    </p>
   </div>
   <div class='ocr_carea' id='block_1_17' title="bbox 219 1598 1813 1675">
    <p class='ocr_par' dir='ltr' id='par_1_17' title="bbox 219 1598 1813 1675">
     <span class='ocr_line' id='line_1_17' title="bbox 219 1598 1813 1675; baseline -0.004 -14"><span class='ocrx_word' id='word_1_126' title='bbox 219 1604 270 1661; x_wconf 92' lang='lat' dir='ltr'><strong>In</strong></span> <span class='ocrx_word' id='word_1_127' title='bbox 305 1606 505 1675; x_wconf 89' lang='lat' dir='ltr'><strong>psalm.</strong></span> <span class='ocrx_word' id='word_1_128' title='bbox 540 1618 554 1655; x_wconf 73' lang='grc' dir='ltr'>ε</span> <span class='ocrx_word' id='word_1_129' title='bbox 594 1601 716 1655; x_wconf 84' lang='lat' dir='ltr'><strong>Non</strong></span> <span class='ocrx_word' id='word_1_130' title='bbox 766 1598 1110 1668; x_wconf 78' lang='lat' dir='ltr'><strong>confundetur</strong></span> <span class='ocrx_word' id='word_1_131' title='bbox 1161 1614 1278 1652; x_wconf 87' lang='lat' dir='ltr'><strong>cum</strong></span> <span class='ocrx_word' id='word_1_132' title='bbox 1315 1602 1550 1669; x_wconf 81' lang='lat' dir='ltr'><strong>loquetur</strong></span> <span class='ocrx_word' id='word_1_133' title='bbox 1589 1600 1813 1655; x_wconf 88' lang='lat' dir='ltr'><strong>inimicis</strong></span> 
     </span>
    </p>
   </div>
   <div class='ocr_carea' id='block_1_18' title="bbox 218 1692 1071 1770">
    <p class='ocr_par' dir='ltr' id='par_1_18' title="bbox 218 1692 1071 1770">
     <span class='ocr_line' id='line_1_18' title="bbox 218 1692 1071 1770; baseline -0.011 -16"><span class='ocrx_word' id='word_1_134' title='bbox 218 1700 321 1754; x_wconf 89' lang='lat' dir='ltr'><strong>suis</strong></span> <span class='ocrx_word' id='word_1_135' title='bbox 351 1700 407 1752; x_wconf 88' lang='lat' dir='ltr'><strong>in</strong></span> <span class='ocrx_word' id='word_1_136' title='bbox 438 1705 587 1770; x_wconf 90' lang='lat' dir='ltr'><strong>porta</strong></span> <span class='ocrx_word' id='word_1_137' title='bbox 618 1694 736 1763; x_wconf 90' lang='lat' dir='ltr'><strong>(Ps.</strong></span> <span class='ocrx_word' id='word_1_138' title='bbox 775 1710 957 1757; x_wconf 76' lang='lat' dir='ltr'><strong>CXXVI,</strong></span> <span class='ocrx_word' id='word_1_139' title='bbox 995 1692 1071 1763; x_wconf 91' lang='lat'><strong>5).</strong></span> 
     </span>
    </p>
   </div>
   <div class='ocr_carea' id='block_1_19' title="bbox 1930 495 2645 568">
    <p class='ocr_par' dir='ltr' id='par_1_19' title="bbox 1930 495 2645 568">
     <span class='ocr_line' id='line_1_19' title="bbox 1930 495 2645 568; baseline 0.003 -19"><span class='ocrx_word' id='word_1_140' title='bbox 1930 501 2017 549; x_wconf 91' lang='lat' dir='ltr'><strong>tur</strong></span> <span class='ocrx_word' id='word_1_141' title='bbox 2039 495 2089 549; x_wconf 91' lang='lat' dir='ltr'><strong>in</strong></span> <span class='ocrx_word' id='word_1_142' title='bbox 2115 505 2300 550; x_wconf 90' lang='lat' dir='ltr'><strong>sancto</strong></span> <span class='ocrx_word' id='word_1_143' title='bbox 2334 498 2645 568; x_wconf 84' lang='lat' dir='ltr'><strong>Evangelia.</strong></span> 
     </span>
    </p>
   </div>
   <div class='ocr_carea' id='block_1_20' title="bbox 2005 588 3523 663">
    <p class='ocr_par' dir='ltr' id='par_1_20' title="bbox 2005 588 3523 663">
     <span class='ocr_line' id='line_1_20' title="bbox 2005 588 3523 663; baseline 0.005 -21"><span class='ocrx_word' id='word_1_144' title='bbox 2005 588 2094 643; x_wconf 93' lang='lat' dir='ltr'><strong>III.</strong></span> <span class='ocrx_word' id='word_1_145' title='bbox 2127 590 2209 644; x_wconf 83' lang='lat' dir='ltr'><strong>Ad</strong></span> <span class='ocrx_word' id='word_1_146' title='bbox 2241 591 2589 657; x_wconf 87' lang='lat' dir='ltr'><strong>Trinitatem;</strong></span> <span class='ocrx_word' id='word_1_147' title='bbox 2623 594 2675 647; x_wconf 92' lang='lat' dir='ltr'><strong>in</strong></span> <span class='ocrx_word' id='word_1_148' title='bbox 2698 592 2919 648; x_wconf 84' lang='lat' dir='ltr'><strong>Joannis</strong></span> <span class='ocrx_word' id='word_1_149' title='bbox 2948 592 3187 663; x_wconf 86' lang='lat' dir='ltr'><strong>Epistola</strong></span> <span class='ocrx_word' id='word_1_150' title='bbox 3218 613 3231 647; x_wconf 90' lang='lat'><strong>:</strong></span> <span class='ocrx_word' id='word_1_151' title='bbox 3260 594 3383 650; x_wconf 84' lang='lat' dir='ltr'><strong>Tres</strong></span> <span class='ocrx_word' id='word_1_152' title='bbox 3404 604 3523 651; x_wconf 83' lang='lat' dir='ltr'><strong>sunt</strong></span> 
     </span>
    </p>
   </div>
   <div class='ocr_carea' id='block_1_21' title="bbox 1927 682 3524 757">
    <p class='ocr_par' dir='ltr' id='par_1_21' title="bbox 1927 682 3524 757">
     <span class='ocr_line' id='line_1_21' title="bbox 1927 682 3524 757; baseline 0.003 -22"><span class='ocrx_word' id='word_1_153' title='bbox 1927 682 2015 751; x_wconf 85' lang='lat' dir='ltr'><strong>qui</strong></span> <span class='ocrx_word' id='word_1_154' title='bbox 2043 683 2389 736; x_wconf 88' lang='lat' dir='ltr'><strong>testimonium</strong></span> <span class='ocrx_word' id='word_1_155' title='bbox 2425 684 2548 737; x_wconf 84' lang='lat' dir='ltr'><strong>dant</strong></span> <span class='ocrx_word' id='word_1_156' title='bbox 2580 685 2631 737; x_wconf 88' lang='lat' dir='ltr'><strong>in</strong></span> <span class='ocrx_word' id='word_1_157' title='bbox 2661 686 2808 751; x_wconf 68' lang='lat' dir='ltr'><strong>caelo,</strong></span> <span class='ocrx_word' id='word_1_158' title='bbox 2834 684 3016 749; x_wconf 88' lang='lat' dir='ltr'><strong>Pater,</strong></span> <span class='ocrx_word' id='word_1_159' title='bbox 3052 685 3297 751; x_wconf 84' lang='lat' dir='ltr'><strong>Verbum,</strong></span> <span class='ocrx_word' id='word_1_160' title='bbox 3321 696 3366 740; x_wconf 92' lang='lat' dir='ltr'><strong>et</strong></span> <span class='ocrx_word' id='word_1_161' title='bbox 3397 686 3524 757; x_wconf 85' lang='lat' dir='ltr'><strong>Spi-</strong></span> 
     </span>
    </p>
   </div>
   <div class='ocr_carea' id='block_1_22' title="bbox 1926 776 3521 848">
    <p class='ocr_par' dir='ltr' id='par_1_22' title="bbox 1926 776 3521 848">
     <span class='ocr_line' id='line_1_22' title="bbox 1926 776 3521 848; baseline 0.004 -22"><span class='ocrx_word' id='word_1_162' title='bbox 1926 776 2056 827; x_wconf 88' lang='lat' dir='ltr'><strong>ritus</strong></span> <span class='ocrx_word' id='word_1_163' title='bbox 2087 785 2319 837; x_wconf 87' lang='lat' dir='ltr'><strong>sanctus,</strong></span> <span class='ocrx_word' id='word_1_164' title='bbox 2343 784 2389 829; x_wconf 89' lang='lat' dir='ltr'><strong>et</strong></span> <span class='ocrx_word' id='word_1_165' title='bbox 2424 786 2524 830; x_wconf 86' lang='lat' dir='ltr'><strong>tres</strong></span> <span class='ocrx_word' id='word_1_166' title='bbox 2551 786 2669 831; x_wconf 85' lang='lat' dir='ltr'><strong>sunt</strong></span> <span class='ocrx_word' id='word_1_167' title='bbox 2698 780 2787 848; x_wconf 88' lang='lat' dir='ltr'><strong>qui</strong></span> <span class='ocrx_word' id='word_1_168' title='bbox 2823 780 3167 833; x_wconf 90' lang='lat' dir='ltr'><strong>testimonium</strong></span> <span class='ocrx_word' id='word_1_169' title='bbox 3191 779 3317 832; x_wconf 89' lang='lat' dir='ltr'><strong>dant</strong></span> <span class='ocrx_word' id='word_1_170' title='bbox 3338 780 3393 833; x_wconf 90' lang='lat' dir='ltr'><strong>in</strong></span> <span class='ocrx_word' id='word_1_171' title='bbox 3418 788 3521 833; x_wconf 87' lang='lat' dir='ltr'><strong>ter-</strong></span> 
     </span>
    </p>
   </div>
   <div class='ocr_carea' id='block_1_23' title="bbox 1926 869 3518 943">
    <p class='ocr_par' dir='ltr' id='par_1_23' title="bbox 1926 869 3518 943">
     <span class='ocr_line' id='line_1_23' title="bbox 1926 869 3518 943; baseline 0.006 -24"><span class='ocrx_word' id='word_1_172' title='bbox 1926 884 2020 933; x_wconf 91' lang='lat' dir='ltr'><strong>ra,</strong></span> <span class='ocrx_word' id='word_1_173' title='bbox 2063 869 2273 939; x_wconf 82' lang='lat' dir='ltr'><strong>spiritus</strong></span> <span class='ocrx_word' id='word_1_174' title='bbox 2296 911 2308 934; x_wconf 93' lang='lat'><strong>,</strong></span> <span class='ocrx_word' id='word_1_175' title='bbox 2356 886 2492 939; x_wconf 89' lang='lat' dir='ltr'><strong>aqua</strong></span> <span class='ocrx_word' id='word_1_176' title='bbox 2532 880 2577 923; x_wconf 89' lang='lat' dir='ltr'><strong>et</strong></span> <span class='ocrx_word' id='word_1_177' title='bbox 2604 872 2815 939; x_wconf 77' lang='lat' dir='ltr'><strong>sanguis</strong></span> <span class='ocrx_word' id='word_1_178' title='bbox 2864 872 2920 940; x_wconf 97' lang='lat' dir='ltr'><strong>(I</strong></span> <span class='ocrx_word' id='word_1_179' title='bbox 2958 872 3118 927; x_wconf 79' lang='lat' dir='ltr'><strong>Joun.</strong></span> <span class='ocrx_word' id='word_1_180' title='bbox 3156 889 3210 938; x_wconf 81' lang='grc' dir='ltr'>ν,</span> <span class='ocrx_word' id='word_1_181' title='bbox 3244 871 3324 943; x_wconf 90' lang='lat'><strong>7).</strong></span> <span class='ocrx_word' id='word_1_182' title='bbox 3359 872 3428 928; x_wconf 88' lang='lat' dir='ltr'><strong>Et</strong></span> <span class='ocrx_word' id='word_1_183' title='bbox 3462 872 3518 930; x_wconf 89' lang='lat' dir='ltr'><strong>in</strong></span> 
     </span>
    </p>
   </div>
   <div class='ocr_carea' id='block_1_24' title="bbox 1925 959 3059 1033">
    <p class='ocr_par' dir='ltr' id='par_1_24' title="bbox 1925 959 3059 1033">
     <span class='ocr_line' id='line_1_24' title="bbox 1925 959 3059 1033; baseline 0.004 -20"><span class='ocrx_word' id='word_1_184' title='bbox 1925 959 2063 1015; x_wconf 85' lang='lat' dir='ltr'><strong>Gen.</strong></span> <span class='ocrx_word' id='word_1_185' title='bbox 2096 978 2107 1012; x_wconf 90' lang='lat'><strong>:</strong></span> <span class='ocrx_word' id='word_1_186' title='bbox 2142 959 2267 1014; x_wconf 86' lang='lat' dir='ltr'><strong>Tres</strong></span> <span class='ocrx_word' id='word_1_187' title='bbox 2298 962 2604 1033; x_wconf 85' lang='lat' dir='ltr'><strong>propagines</strong></span> <span class='ocrx_word' id='word_1_188' title='bbox 2640 960 2798 1028; x_wconf 87' lang='lat' dir='ltr'><strong>(Gen.</strong></span> <span class='ocrx_word' id='word_1_189' title='bbox 2830 979 2919 1028; x_wconf 71' lang='lat' dir='ltr'><strong>xc,</strong></span> <span class='ocrx_word' id='word_1_190' title='bbox 2944 962 3059 1033; x_wconf 87' lang='grc'><strong>10).</strong></span> 
     </span>
    </p>
   </div>
   <div class='ocr_carea' id='block_1_25' title="bbox 1998 1049 3517 1121">
    <p class='ocr_par' dir='ltr' id='par_1_25' title="bbox 1998 1049 3517 1121">
     <span class='ocr_line' id='line_1_25' title="bbox 1998 1049 3517 1121; baseline 0.004 -17"><span class='ocrx_word' id='word_1_191' title='bbox 1998 1049 2083 1104; x_wconf 85' lang='lat' dir='ltr'><strong>IV.</strong></span> <span class='ocrx_word' id='word_1_192' title='bbox 2118 1050 2197 1105; x_wconf 85' lang='lat' dir='ltr'><strong>Ad</strong></span> <span class='ocrx_word' id='word_1_193' title='bbox 2250 1062 2480 1121; x_wconf 83' lang='lat' dir='ltr'><strong>quatuor</strong></span> <span class='ocrx_word' id='word_1_194' title='bbox 2521 1050 2837 1121; x_wconf 80' lang='lat' dir='ltr'><strong>Evangelia,</strong></span> <span class='ocrx_word' id='word_1_195' title='bbox 2886 1052 2940 1107; x_wconf 91' lang='lat' dir='ltr'><strong>in</strong></span> <span class='ocrx_word' id='word_1_196' title='bbox 2995 1053 3325 1109; x_wconf 82' lang='lat' dir='ltr'><strong>Ezechiele:</strong></span> <span class='ocrx_word' id='word_1_197' title='bbox 3360 1054 3517 1110; x_wconf 78' lang='lat' dir='ltr'><strong>Elea:</strong></span> 
     </span>
    </p>
   </div>
   <div class='ocr_carea' id='block_1_26' title="bbox 1921 1143 3513 1218">
    <p class='ocr_par' dir='ltr' id='par_1_26' title="bbox 1921 1143 3513 1218">
     <span class='ocr_line' id='line_1_26' title="bbox 1921 1143 3513 1218; baseline 0.003 -22"><span class='ocrx_word' id='word_1_198' title='bbox 1921 1144 2090 1196; x_wconf 88' lang='lat' dir='ltr'><strong>medio</strong></span> <span class='ocrx_word' id='word_1_199' title='bbox 2113 1159 2310 1207; x_wconf 88' lang='lat' dir='ltr'><strong>eorum,</strong></span> <span class='ocrx_word' id='word_1_200' title='bbox 2341 1143 2629 1198; x_wconf 86' lang='lat' dir='ltr'><strong>similitudo</strong></span> <span class='ocrx_word' id='word_1_201' title='bbox 2652 1153 2875 1215; x_wconf 89' lang='lat' dir='ltr'><strong>quatuor</strong></span> <span class='ocrx_word' id='word_1_202' title='bbox 2904 1144 3211 1199; x_wconf 89' lang='lat' dir='ltr'><strong>animalium</strong></span> <span class='ocrx_word' id='word_1_203' title='bbox 3234 1144 3447 1218; x_wconf 73' lang='lat' dir='ltr'><strong>(Ezech.</strong></span> <span class='ocrx_word' id='word_1_204' title='bbox 3472 1161 3513 1212; x_wconf 86' lang='grc' dir='ltr'><strong>ι,</strong></span> 
     </span>
    </p>
   </div>
   <div class='ocr_carea' id='block_1_27' title="bbox 1922 1235 3511 1308">
    <p class='ocr_par' dir='ltr' id='par_1_27' title="bbox 1922 1235 3511 1308">
     <span class='ocr_line' id='line_1_27' title="bbox 1922 1235 3511 1308; baseline 0 -15"><span class='ocrx_word' id='word_1_205' title='bbox 1922 1238 1999 1307; x_wconf 87' lang='lat'><strong>5).</strong></span> <span class='ocrx_word' id='word_1_206' title='bbox 2031 1236 2184 1291; x_wconf 86' lang='lat' dir='ltr'><strong>Sicut</strong></span> <span class='ocrx_word' id='word_1_207' title='bbox 2231 1245 2285 1289; x_wconf 89' lang='lat' dir='ltr'><strong>et</strong></span> <span class='ocrx_word' id='word_1_208' title='bbox 2326 1244 2548 1305; x_wconf 88' lang='lat' dir='ltr'><strong>quatuor</strong></span> <span class='ocrx_word' id='word_1_209' title='bbox 2596 1237 2819 1308; x_wconf 80' lang='lat' dir='ltr'><strong>ﬂumina</strong></span> <span class='ocrx_word' id='word_1_210' title='bbox 2850 1236 3079 1307; x_wconf 86' lang='lat' dir='ltr'><strong>paradisi</strong></span> <span class='ocrx_word' id='word_1_211' title='bbox 3128 1235 3279 1306; x_wconf 86' lang='lat' dir='ltr'><strong>(Gen.</strong></span> <span class='ocrx_word' id='word_1_212' title='bbox 3307 1253 3366 1306; x_wconf 90' lang='lat' dir='ltr'><strong>II,</strong></span> <span class='ocrx_word' id='word_1_213' title='bbox 3395 1236 3511 1307; x_wconf 85' lang='grc'><strong>10).</strong></span> 
     </span>
    </p>
   </div>
   <div class='ocr_carea' id='block_1_28' title="bbox 1920 1328 3512 1401">
    <p class='ocr_par' dir='ltr' id='par_1_28' title="bbox 1920 1328 3512 1401">
     <span class='ocr_line' id='line_1_28' title="bbox 1920 1328 3512 1401; baseline 0.003 -18"><span class='ocrx_word' id='word_1_214' title='bbox 1920 1328 2128 1384; x_wconf 85' lang='lat' dir='ltr'><strong>Nomen</strong></span> <span class='ocrx_word' id='word_1_215' title='bbox 2169 1338 2652 1399; x_wconf 86' lang='lat' dir='ltr'><strong>tetragrammaton</strong></span> <span class='ocrx_word' id='word_1_216' title='bbox 2696 1338 2929 1401; x_wconf 90' lang='lat' dir='ltr'><strong>quatuor</strong></span> <span class='ocrx_word' id='word_1_217' title='bbox 2984 1330 3179 1386; x_wconf 89' lang='lat' dir='ltr'><strong>litteris</strong></span> <span class='ocrx_word' id='word_1_218' title='bbox 3234 1330 3512 1387; x_wconf 79' lang='lat' dir='ltr'><strong>Hebraicis</strong></span> 
     </span>
    </p>
   </div>
   <div class='ocr_carea' id='block_1_29' title="bbox 1920 1422 3507 1495">
    <p class='ocr_par' dir='ltr' id='par_1_29' title="bbox 1920 1422 3507 1495">
     <span class='ocr_line' id='line_1_29' title="bbox 1920 1422 3507 1495; baseline 0.003 -19"><span class='ocrx_word' id='word_1_219' title='bbox 1920 1422 2199 1477; x_wconf 84' lang='lat' dir='ltr'><strong>scribitur.</strong></span> <span class='ocrx_word' id='word_1_220' title='bbox 2228 1425 2471 1491; x_wconf 84' lang='lat' dir='ltr'><strong>Quatuor</strong></span> <span class='ocrx_word' id='word_1_221' title='bbox 2497 1425 2753 1480; x_wconf 90' lang='lat' dir='ltr'><strong>cornibus</strong></span> <span class='ocrx_word' id='word_1_222' title='bbox 2803 1432 2988 1479; x_wconf 89' lang='lat' dir='ltr'><strong>sancta</strong></span> <span class='ocrx_word' id='word_1_223' title='bbox 3018 1438 3150 1478; x_wconf 87' lang='lat' dir='ltr'><strong>crux</strong></span> <span class='ocrx_word' id='word_1_224' title='bbox 3201 1423 3507 1495; x_wconf 87' lang='lat' dir='ltr'><strong>insignitur,</strong></span> 
     </span>
    </p>
   </div>
   <div class='ocr_carea' id='block_1_30' title="bbox 1918 1512 3417 1587">
    <p class='ocr_par' dir='ltr' id='par_1_30' title="bbox 1918 1512 3417 1587">
     <span class='ocr_line' id='line_1_30' title="bbox 1918 1512 3417 1587; baseline 0.001 -21"><span class='ocrx_word' id='word_1_225' title='bbox 1918 1521 1976 1566; x_wconf 90' lang='lat' dir='ltr'><strong>ut</strong></span> <span class='ocrx_word' id='word_1_226' title='bbox 2000 1513 2252 1568; x_wconf 85' lang='lat' dir='ltr'><strong>Habacuc</strong></span> <span class='ocrx_word' id='word_1_227' title='bbox 2278 1532 2290 1567; x_wconf 90' lang='lat'>:</span> <span class='ocrx_word' id='word_1_228' title='bbox 2330 1512 2537 1568; x_wconf 85' lang='lat' dir='ltr'><strong>Cornua</strong></span> <span class='ocrx_word' id='word_1_229' title='bbox 2561 1517 2612 1568; x_wconf 88' lang='lat' dir='ltr'><strong>in</strong></span> <span class='ocrx_word' id='word_1_230' title='bbox 2643 1516 2880 1569; x_wconf 86' lang='lat' dir='ltr'><strong>munibus</strong></span> <span class='ocrx_word' id='word_1_231' title='bbox 2902 1518 3014 1586; x_wconf 86' lang='lat' dir='ltr'><strong>ejus</strong></span> <span class='ocrx_word' id='word_1_232' title='bbox 3035 1514 3201 1586; x_wconf 87' lang='lat' dir='ltr'><strong>(Hab.</strong></span> <span class='ocrx_word' id='word_1_233' title='bbox 3230 1532 3310 1581; x_wconf 87' lang='grc' dir='ltr'>ιιι,</span> <span class='ocrx_word' id='word_1_234' title='bbox 3337 1515 3417 1587; x_wconf 73' lang='grc'><strong>4).</strong></span> 
     </span>
    </p>
   </div>
   <div class='ocr_carea' id='block_1_31' title="bbox 1990 1603 3504 1678">
    <p class='ocr_par' dir='ltr' id='par_1_31' title="bbox 1990 1603 3504 1678">
     <span class='ocr_line' id='line_1_31' title="bbox 1990 1603 3504 1678; baseline 0.004 -21"><span class='ocrx_word' id='word_1_235' title='bbox 1990 1603 2054 1657; x_wconf 85' lang='lat' dir='ltr'><strong>V.</strong></span> <span class='ocrx_word' id='word_1_236' title='bbox 2079 1604 2160 1659; x_wconf 84' lang='lat' dir='ltr'><strong>Ad</strong></span> <span class='ocrx_word' id='word_1_237' title='bbox 2192 1607 2428 1675; x_wconf 89' lang='lat' dir='ltr'><strong>quinque</strong></span> <span class='ocrx_word' id='word_1_238' title='bbox 2458 1606 2627 1662; x_wconf 88' lang='lat' dir='ltr'><strong>libros</strong></span> <span class='ocrx_word' id='word_1_239' title='bbox 2669 1607 2862 1678; x_wconf 87' lang='lat' dir='ltr'><strong>Moysi,</strong></span> <span class='ocrx_word' id='word_1_240' title='bbox 2896 1608 2963 1661; x_wconf 89' lang='lat' dir='ltr'><strong>ad</strong></span> <span class='ocrx_word' id='word_1_241' title='bbox 3011 1609 3232 1677; x_wconf 89' lang='lat' dir='ltr'><strong>quinque</strong></span> <span class='ocrx_word' id='word_1_242' title='bbox 3274 1607 3504 1678; x_wconf 80' lang='lat' dir='ltr'><strong>porticus</strong></span> 
     </span>
    </p>
   </div>
   <div class='ocr_carea' id='block_1_32' title="bbox 1916 1695 3509 1771">
    <p class='ocr_par' dir='ltr' id='par_1_32' title="bbox 1916 1695 3509 1771">
     <span class='ocr_line' id='line_1_32' title="bbox 1916 1695 3509 1771; baseline 0.004 -23"><span class='ocrx_word' id='word_1_243' title='bbox 1916 1695 2098 1769; x_wconf 82' lang='lat' dir='ltr'><strong>(Joan.</strong></span> <span class='ocrx_word' id='word_1_244' title='bbox 2130 1714 2187 1763; x_wconf 90' lang='lat' dir='ltr'><strong>v,</strong></span> <span class='ocrx_word' id='word_1_245' title='bbox 2212 1697 2292 1767; x_wconf 68' lang='lat'><strong>2).</strong></span> <span class='ocrx_word' id='word_1_246' title='bbox 2324 1697 2391 1750; x_wconf 89' lang='lat' dir='ltr'><strong>ad</strong></span> <span class='ocrx_word' id='word_1_247' title='bbox 2414 1700 2635 1768; x_wconf 89' lang='lat' dir='ltr'><strong>quinque</strong></span> <span class='ocrx_word' id='word_1_248' title='bbox 2666 1716 2823 1766; x_wconf 84' lang='lat' dir='ltr'><strong>panes</strong></span> <span class='ocrx_word' id='word_1_249' title='bbox 2848 1699 3030 1771; x_wconf 87' lang='lat' dir='ltr'><strong>(Joan.</strong></span> <span class='ocrx_word' id='word_1_250' title='bbox 3057 1716 3131 1765; x_wconf 68' lang='grc' dir='ltr'>γι,</span> <span class='ocrx_word' id='word_1_251' title='bbox 3157 1700 3240 1771; x_wconf 88' lang='grc'><strong>9),</strong></span> <span class='ocrx_word' id='word_1_252' title='bbox 3260 1700 3329 1753; x_wconf 92' lang='lat' dir='ltr'><strong>ad</strong></span> <span class='ocrx_word' id='word_1_253' title='bbox 3353 1700 3509 1771; x_wconf 81' lang='lat' dir='ltr'><strong>quin-</strong></span> 
     </span>
    </p>
   </div>
   <div class='ocr_carea' id='block_1_33' title="bbox 288 1786 3507 1863">
    <p class='ocr_par' dir='ltr' id='par_1_33' title="bbox 288 1786 3507 1863">
     <span class='ocr_line' id='line_1_33' title="bbox 288 1786 3507 1863; baseline 0 -16"><span class='ocrx_word' id='word_1_254' title='bbox 288 1793 483 1857; x_wconf 84' lang='lat' dir='ltr'><strong>Fures,</strong></span> <span class='ocrx_word' id='word_1_255' title='bbox 513 1788 751 1845; x_wconf 74' lang='lat' dir='ltr'><strong>hmretici</strong></span> <span class='ocrx_word' id='word_1_256' title='bbox 776 1799 828 1842; x_wconf 86' lang='lat' dir='ltr'><strong>et</strong></span> <span class='ocrx_word' id='word_1_257' title='bbox 852 1786 1373 1856; x_wconf 75' lang='lat' dir='ltr'><strong>pseudoprophetze;</strong></span> <span class='ocrx_word' id='word_1_258' title='bbox 1396 1787 1445 1840; x_wconf 89' lang='lat' dir='ltr'><strong>in</strong></span> <span class='ocrx_word' id='word_1_259' title='bbox 1467 1786 1759 1854; x_wconf 83' lang='lat' dir='ltr'><strong>Evangelio</strong></span> <span class='ocrx_word' id='word_1_260' title='bbox 1787 1802 1800 1839; x_wconf 90' lang='lat'>:</span> <span class='ocrx_word' id='word_1_261' title='bbox 1835 1790 1882 1851; x_wconf 80' lang='grc' dir='ltr'><strong>Β</strong></span> <span class='ocrx_word' id='word_1_262' title='bbox 1909 1806 2006 1859; x_wconf 87' lang='lat' dir='ltr'><strong>que</strong></span> <span class='ocrx_word' id='word_1_263' title='bbox 2038 1788 2215 1858; x_wconf 82' lang='lat' dir='ltr'><strong>plagas</strong></span> <span class='ocrx_word' id='word_1_264' title='bbox 2244 1788 2422 1860; x_wconf 82' lang='lat' dir='ltr'><strong>(Joan.</strong></span> <span class='ocrx_word' id='word_1_265' title='bbox 2449 1807 2543 1857; x_wconf 75' lang='lat' dir='ltr'><strong>xx,</strong></span> <span class='ocrx_word' id='word_1_266' title='bbox 2574 1790 2665 1861; x_wconf 73' lang='lat'><strong>25)</strong></span> <span class='ocrx_word' id='word_1_267' title='bbox 2700 1793 2753 1845; x_wconf 88' lang='lat' dir='ltr'><strong>in</strong></span> <span class='ocrx_word' id='word_1_268' title='bbox 2774 1806 3003 1862; x_wconf 91' lang='lat' dir='ltr'><strong>corpore</strong></span> <span class='ocrx_word' id='word_1_269' title='bbox 3033 1791 3332 1847; x_wconf 88' lang='lat' dir='ltr'><strong>Dominico.</strong></span> <span class='ocrx_word' id='word_1_270' title='bbox 3361 1794 3507 1863; x_wconf 81' lang='lat' dir='ltr'><strong>Apo-</strong></span> 
     </span>
    </p>
   </div>
   <div class='ocr_carea' id='block_1_34' title="bbox 218 1880 1809 1954">
    <p class='ocr_par' dir='ltr' id='par_1_34' title="bbox 218 1880 1809 1954">
     <span class='ocr_line' id='line_1_34' title="bbox 218 1880 1809 1954; baseline -0.004 -14"><span class='ocrx_word' id='word_1_271' title='bbox 218 1886 410 1939; x_wconf 87' lang='lat' dir='ltr'><strong>Omnes</strong></span> <span class='ocrx_word' id='word_1_272' title='bbox 440 1890 681 1954; x_wconf 88' lang='lat' dir='ltr'><strong>quotquot</strong></span> <span class='ocrx_word' id='word_1_273' title='bbox 702 1889 1077 1935; x_wconf 86' lang='lat' dir='ltr'><strong>veneruntante</strong></span> <span class='ocrx_word' id='word_1_274' title='bbox 1110 1896 1205 1943; x_wconf 88' lang='lat' dir='ltr'><strong>me,</strong></span> <span class='ocrx_word' id='word_1_275' title='bbox 1241 1884 1377 1949; x_wconf 79' lang='lat' dir='ltr'><strong>[ures</strong></span> <span class='ocrx_word' id='word_1_276' title='bbox 1408 1881 1612 1949; x_wconf 81' lang='lat' dir='ltr'><strong>fuerunt</strong></span> <span class='ocrx_word' id='word_1_277' title='bbox 1648 1888 1693 1932; x_wconf 94' lang='lat' dir='ltr'><strong>et</strong></span> <span class='ocrx_word' id='word_1_278' title='bbox 1732 1880 1809 1933; x_wconf 90' lang='lat' dir='ltr'><strong>Ia-</strong></span> 
     </span>
    </p>
   </div>
   <div class='ocr_carea' id='block_1_35' title="bbox 214 1971 1804 2049">
    <p class='ocr_par' dir='ltr' id='par_1_35' title="bbox 214 1971 1804 2049">
     <span class='ocr_line' id='line_1_35' title="bbox 214 1971 1804 2049; baseline -0.003 -17"><span class='ocrx_word' id='word_1_279' title='bbox 214 1989 387 2032; x_wconf 86' lang='lat' dir='ltr'><strong>trones</strong></span> <span class='ocrx_word' id='word_1_280' title='bbox 417 1976 595 2049; x_wconf 82' lang='lat' dir='ltr'><strong>(Joan.</strong></span> <span class='ocrx_word' id='word_1_281' title='bbox 626 1991 679 2041; x_wconf 87' lang='lat' dir='ltr'><strong>x,</strong></span> <span class='ocrx_word' id='word_1_282' title='bbox 712 1974 789 2045; x_wconf 89' lang='grc'><strong>8).</strong></span> <span class='ocrx_word' id='word_1_283' title='bbox 823 1974 1045 2039; x_wconf 87' lang='lat' dir='ltr'><strong>Gentes,</strong></span> <span class='ocrx_word' id='word_1_284' title='bbox 1100 1972 1247 2027; x_wconf 91' lang='lat' dir='ltr'><strong>vitia.</strong></span> <span class='ocrx_word' id='word_1_285' title='bbox 1290 1972 1347 2026; x_wconf 90' lang='lat' dir='ltr'><strong>In</strong></span> <span class='ocrx_word' id='word_1_286' title='bbox 1391 1971 1758 2028; x_wconf 87' lang='lat' dir='ltr'><strong>Pentatettcho</strong></span> <span class='ocrx_word' id='word_1_287' title='bbox 1792 1991 1804 2027; x_wconf 91' lang='lat'><strong>:</strong></span> 
     </span>
    </p>
   </div>
   <div class='ocr_carea' id='block_1_36' title="bbox 212 2064 1807 2133">
    <p class='ocr_par' dir='ltr' id='par_1_36' title="bbox 212 2064 1807 2133">
     <span class='ocr_line' id='line_1_36' title="bbox 212 2064 1807 2133; baseline -0.004 -8"><span class='ocrx_word' id='word_1_288' title='bbox 212 2070 343 2125; x_wconf 88' lang='lat' dir='ltr'><strong>Cum</strong></span> <span class='ocrx_word' id='word_1_289' title='bbox 386 2069 728 2123; x_wconf 68' lang='lat' dir='ltr'><strong>introduxerit</strong></span> <span class='ocrx_word' id='word_1_290' title='bbox 762 2076 807 2120; x_wconf 89' lang='lat' dir='ltr'><strong>te</strong></span> <span class='ocrx_word' id='word_1_291' title='bbox 851 2065 1101 2119; x_wconf 85' lang='lat' dir='ltr'><strong>Dominus</strong></span> <span class='ocrx_word' id='word_1_292' title='bbox 1140 2064 1277 2118; x_wconf 85' lang='lat' dir='ltr'><strong>Deus</strong></span> <span class='ocrx_word' id='word_1_293' title='bbox 1335 2065 1388 2115; x_wconf 90' lang='lat' dir='ltr'><strong>in</strong></span> <span class='ocrx_word' id='word_1_294' title='bbox 1418 2073 1606 2117; x_wconf 85' lang='lat' dir='ltr'><strong>terram</strong></span> <span class='ocrx_word' id='word_1_295' title='bbox 1653 2080 1807 2133; x_wconf 88' lang='lat' dir='ltr'><strong>quam</strong></span> 
     </span>
    </p>
   </div>
   <div class='ocr_carea' id='block_1_37' title="bbox 210 2161 1805 2241">
    <p class='ocr_par' dir='ltr' id='par_1_37' title="bbox 210 2161 1805 2241">
     <span class='ocr_line' id='line_1_37' title="bbox 210 2161 1805 2241; baseline -0.005 -20"><span class='ocrx_word' id='word_1_296' title='bbox 210 2182 541 2241; x_wconf 82' lang='lat' dir='ltr'><strong>possessurus</strong></span> <span class='ocrx_word' id='word_1_297' title='bbox 570 2164 892 2235; x_wconf 82' lang='lat' dir='ltr'><strong>ingredieris,</strong></span> <span class='ocrx_word' id='word_1_298' title='bbox 924 2172 969 2215; x_wconf 86' lang='lat' dir='ltr'><strong>et</strong></span> <span class='ocrx_word' id='word_1_299' title='bbox 1000 2162 1241 2215; x_wconf 83' lang='lat' dir='ltr'><strong>deleverit</strong></span> <span class='ocrx_word' id='word_1_300' title='bbox 1286 2170 1459 2230; x_wconf 85' lang='lat' dir='ltr'><strong>gentes</strong></span> <span class='ocrx_word' id='word_1_301' title='bbox 1500 2161 1685 2215; x_wconf 84' lang='lat' dir='ltr'><strong>multas</strong></span> <span class='ocrx_word' id='word_1_302' title='bbox 1713 2178 1805 2214; x_wconf 89' lang='lat' dir='ltr'><strong>co-</strong></span> 
     </span>
    </p>
   </div>
   <div class='ocr_carea' id='block_1_38' title="bbox 210 2254 1803 2330">
    <p class='ocr_par' dir='ltr' id='par_1_38' title="bbox 210 2254 1803 2330">
     <span class='ocr_line' id='line_1_38' title="bbox 210 2254 1803 2330; baseline -0.004 -15"><span class='ocrx_word' id='word_1_303' title='bbox 210 2278 323 2315; x_wconf 87' lang='lat' dir='ltr'><strong>ram</strong></span> <span class='ocrx_word' id='word_1_304' title='bbox 358 2271 406 2315; x_wconf 88' lang='lat' dir='ltr'><strong>te</strong></span> <span class='ocrx_word' id='word_1_305' title='bbox 428 2260 608 2330; x_wconf 83' lang='lat' dir='ltr'><strong>(Deut.</strong></span> <span class='ocrx_word' id='word_1_306' title='bbox 642 2274 733 2322; x_wconf 85' lang='lat' dir='ltr'><strong>vn,</strong></span> <span class='ocrx_word' id='word_1_307' title='bbox 773 2258 845 2327; x_wconf 95' lang='grc'><strong>1).</strong></span> <span class='ocrx_word' id='word_1_308' title='bbox 878 2256 1008 2310; x_wconf 88' lang='lat' dir='ltr'><strong>Item</strong></span> <span class='ocrx_word' id='word_1_309' title='bbox 1040 2256 1090 2309; x_wconf 88' lang='lat' dir='ltr'><strong>itt</strong></span> <span class='ocrx_word' id='word_1_310' title='bbox 1132 2257 1292 2310; x_wconf 86' lang='lat' dir='ltr'><strong>aliam</strong></span> <span class='ocrx_word' id='word_1_311' title='bbox 1334 2264 1575 2324; x_wconf 84' lang='lat' dir='ltr'><strong>partem:</strong></span> <span class='ocrx_word' id='word_1_312' title='bbox 1616 2254 1803 2309; x_wconf 80' lang='lat' dir='ltr'><strong>Omnes</strong></span> 
     </span>
    </p>
   </div>
   <div class='ocr_carea' id='block_1_39' title="bbox 209 2346 1804 2427">
    <p class='ocr_par' dir='ltr' id='par_1_39' title="bbox 209 2346 1804 2427">
     <span class='ocr_line' id='line_1_39' title="bbox 209 2346 1804 2427; baseline -0.006 -16"><span class='ocrx_word' id='word_1_313' title='bbox 209 2365 409 2427; x_wconf 84' lang='lat' dir='ltr'><strong>gentes,</strong></span> <span class='ocrx_word' id='word_1_314' title='bbox 429 2354 661 2426; x_wconf 88' lang='lat' dir='ltr'><strong>plaudite</strong></span> <span class='ocrx_word' id='word_1_315' title='bbox 680 2350 917 2403; x_wconf 88' lang='lat' dir='ltr'><strong>manibus</strong></span> <span class='ocrx_word' id='word_1_316' title='bbox 947 2348 1065 2420; x_wconf 85' lang='lat' dir='ltr'><strong>(Ps.</strong></span> <span class='ocrx_word' id='word_1_317' title='bbox 1097 2364 1237 2415; x_wconf 75' lang='lat' dir='ltr'><strong>XLVI,</strong></span> <span class='ocrx_word' id='word_1_318' title='bbox 1272 2348 1355 2418; x_wconf 71' lang='lat'><strong>2).</strong></span> <span class='ocrx_word' id='word_1_319' title='bbox 1388 2346 1592 2417; x_wconf 86' lang='lat' dir='ltr'><strong>Pugna,</strong></span> <span class='ocrx_word' id='word_1_320' title='bbox 1626 2356 1804 2402; x_wconf 83' lang='lat' dir='ltr'><strong>certa-</strong></span> 
     </span>
    </p>
   </div>
   <div class='ocr_carea' id='block_1_40' title="bbox 212 2442 1801 2513">
    <p class='ocr_par' dir='ltr' id='par_1_40' title="bbox 212 2442 1801 2513">
     <span class='ocr_line' id='line_1_40' title="bbox 212 2442 1801 2513; baseline -0.005 -9"><span class='ocrx_word' id='word_1_321' title='bbox 212 2464 336 2504; x_wconf 91' lang='lat' dir='ltr'><strong>men</strong></span> <span class='ocrx_word' id='word_1_322' title='bbox 372 2447 634 2502; x_wconf 88' lang='lat' dir='ltr'><strong>adversus</strong></span> <span class='ocrx_word' id='word_1_323' title='bbox 664 2444 931 2513; x_wconf 80' lang='lat' dir='ltr'><strong>nequitias</strong></span> <span class='ocrx_word' id='word_1_324' title='bbox 962 2443 1254 2510; x_wconf 77' lang='lat' dir='ltr'><strong>spiritales,</strong></span> <span class='ocrx_word' id='word_1_325' title='bbox 1281 2444 1363 2496; x_wconf 90' lang='lat' dir='ltr'><strong>vel</strong></span> <span class='ocrx_word' id='word_1_326' title='bbox 1395 2443 1651 2496; x_wconf 91' lang='lat' dir='ltr'><strong>adversus</strong></span> <span class='ocrx_word' id='word_1_327' title='bbox 1674 2442 1801 2496; x_wconf 74' lang='lat' dir='ltr'><strong>vitia</strong></span> 
     </span>
    </p>
   </div>
   <div class='ocr_carea' id='block_1_41' title="bbox 207 2537 1799 2611">
    <p class='ocr_par' dir='ltr' id='par_1_41' title="bbox 207 2537 1799 2611">
     <span class='ocr_line' id='line_1_41' title="bbox 207 2537 1799 2611; baseline -0.006 -13"><span class='ocrx_word' id='word_1_328' title='bbox 207 2542 519 2600; x_wconf 82' lang='lat' dir='ltr'><strong>conﬂictus.</strong></span> <span class='ocrx_word' id='word_1_329' title='bbox 549 2542 607 2596; x_wconf 89' lang='lat' dir='ltr'><strong>In</strong></span> <span class='ocrx_word' id='word_1_330' title='bbox 642 2540 903 2611; x_wconf 84' lang='lat' dir='ltr'><strong>Apostolo</strong></span> <span class='ocrx_word' id='word_1_331' title='bbox 934 2558 945 2593; x_wconf 86' lang='lat'><strong>:</strong></span> <span class='ocrx_word' id='word_1_332' title='bbox 984 2537 1072 2593; x_wconf 87' lang='lat' dir='ltr'><strong>Sic</strong></span> <span class='ocrx_word' id='word_1_333' title='bbox 1095 2553 1266 2607; x_wconf 89' lang='lat' dir='ltr'><strong>pugno</strong></span> <span class='ocrx_word' id='word_1_334' title='bbox 1307 2554 1410 2590; x_wconf 90' lang='lat' dir='ltr'><strong>non</strong></span> <span class='ocrx_word' id='word_1_335' title='bbox 1447 2537 1598 2607; x_wconf 88' lang='lat' dir='ltr'><strong>quasi</strong></span> <span class='ocrx_word' id='word_1_336' title='bbox 1629 2553 1799 2591; x_wconf 84' lang='lat' dir='ltr'><strong>aerem</strong></span> 
     </span>
    </p>
   </div>
   <div class='ocr_carea' id='block_1_42' title="bbox 204 2631 1802 2707">
    <p class='ocr_par' dir='ltr' id='par_1_42' title="bbox 204 2631 1802 2707">
     <span class='ocr_line' id='line_1_42' title="bbox 204 2631 1802 2707; baseline -0.003 -16"><span class='ocrx_word' id='word_1_337' title='bbox 204 2637 481 2691; x_wconf 74' lang='lat' dir='ltr'><strong>verberans</strong></span> <span class='ocrx_word' id='word_1_338' title='bbox 519 2634 563 2707; x_wconf 96' lang='lat' dir='ltr'><strong>(I</strong></span> <span class='ocrx_word' id='word_1_339' title='bbox 591 2634 712 2689; x_wconf 90' lang='lat' dir='ltr'><strong>Cor.</strong></span> <span class='ocrx_word' id='word_1_340' title='bbox 746 2650 822 2699; x_wconf 81' lang='grc' dir='ltr'>ιιι,</span> <span class='ocrx_word' id='word_1_341' title='bbox 852 2633 963 2703; x_wconf 71' lang='lat'><strong>26).</strong></span> <span class='ocrx_word' id='word_1_342' title='bbox 1002 2632 1133 2695; x_wconf 78' lang='lat' dir='ltr'><strong>Pax,</strong></span> <span class='ocrx_word' id='word_1_343' title='bbox 1160 2632 1360 2695; x_wconf 88' lang='lat' dir='ltr'><strong>carnis,</strong></span> <span class='ocrx_word' id='word_1_344' title='bbox 1398 2632 1447 2684; x_wconf 92' lang='lat' dir='ltr'><strong>in</strong></span> <span class='ocrx_word' id='word_1_345' title='bbox 1495 2631 1694 2686; x_wconf 92' lang='lat' dir='ltr'><strong>bonum</strong></span> <span class='ocrx_word' id='word_1_346' title='bbox 1746 2639 1802 2686; x_wconf 88' lang='lat' dir='ltr'><strong>et</strong></span> 
     </span>
    </p>
   </div>
   <div class='ocr_carea' id='block_1_43' title="bbox 205 2722 1801 2797">
    <p class='ocr_par' dir='ltr' id='par_1_43' title="bbox 205 2722 1801 2797">
     <span class='ocr_line' id='line_1_43' title="bbox 205 2722 1801 2797; baseline -0.005 -14"><span class='ocrx_word' id='word_1_347' title='bbox 205 2728 430 2797; x_wconf 87' lang='lat' dir='ltr'><strong>spiritus</strong></span> <span class='ocrx_word' id='word_1_348' title='bbox 458 2726 770 2782; x_wconf 87' lang='lat' dir='ltr'><strong>concordia.</strong></span> <span class='ocrx_word' id='word_1_349' title='bbox 796 2724 852 2780; x_wconf 86' lang='lat' dir='ltr'><strong>In</strong></span> <span class='ocrx_word' id='word_1_350' title='bbox 886 2723 1095 2793; x_wconf 56' lang='lat' dir='ltr'><strong>psalmo</strong></span> <span class='ocrx_word' id='word_1_351' title='bbox 1121 2741 1133 2777; x_wconf 88' lang='lat'><strong>:</strong></span> <span class='ocrx_word' id='word_1_352' title='bbox 1158 2722 1357 2792; x_wconf 79' lang='lat' dir='ltr'><strong>Regale</strong></span> <span class='ocrx_word' id='word_1_353' title='bbox 1377 2737 1491 2792; x_wconf 71' lang='lat' dir='ltr'><strong>qua:</strong></span> <span class='ocrx_word' id='word_1_354' title='bbox 1519 2724 1659 2793; x_wconf 83' lang='lat' dir='ltr'><strong>pacis</strong></span> <span class='ocrx_word' id='word_1_355' title='bbox 1680 2733 1801 2776; x_wconf 86' lang='lat' dir='ltr'><strong>sunt</strong></span> 
     </span>
    </p>
   </div>
   <div class='ocr_carea' id='block_1_44' title="bbox 203 2815 1799 2890">
    <p class='ocr_par' dir='ltr' id='par_1_44' title="bbox 203 2815 1799 2890">
     <span class='ocr_line' id='line_1_44' title="bbox 203 2815 1799 2890; baseline -0.002 -16"><span class='ocrx_word' id='word_1_356' title='bbox 203 2818 543 2874; x_wconf 79' lang='lat' dir='ltr'><strong>Hierusalem</strong></span> <span class='ocrx_word' id='word_1_357' title='bbox 576 2818 691 2890; x_wconf 86' lang='lat' dir='ltr'><strong>(Ps.</strong></span> <span class='ocrx_word' id='word_1_358' title='bbox 745 2833 888 2885; x_wconf 75' lang='lat' dir='ltr'><strong>cm,</strong></span> <span class='ocrx_word' id='word_1_359' title='bbox 922 2815 1003 2887; x_wconf 88' lang='lat'><strong>6).</strong></span> <span class='ocrx_word' id='word_1_360' title='bbox 1046 2815 1173 2870; x_wconf 87' lang='lat' dir='ltr'><strong>Itetn</strong></span> <span class='ocrx_word' id='word_1_361' title='bbox 1226 2832 1369 2883; x_wconf 82' lang='lat' dir='ltr'><strong>pax,</strong></span> <span class='ocrx_word' id='word_1_362' title='bbox 1421 2815 1688 2870; x_wconf 87' lang='lat' dir='ltr'><strong>Christus.</strong></span> <span class='ocrx_word' id='word_1_363' title='bbox 1740 2816 1799 2871; x_wconf 90' lang='lat' dir='ltr'><strong>In</strong></span> 
     </span>
    </p>
   </div>
   <div class='ocr_carea' id='block_1_45' title="bbox 204 2906 1794 2983">
    <p class='ocr_par' dir='ltr' id='par_1_45' title="bbox 204 2906 1794 2983">
     <span class='ocr_line' id='line_1_45' title="bbox 204 2906 1794 2983; baseline -0.004 -15"><span class='ocrx_word' id='word_1_364' title='bbox 204 2911 471 2983; x_wconf 77' lang='lat' dir='ltr'><strong>Apostolo</strong></span> <span class='ocrx_word' id='word_1_365' title='bbox 500 2928 514 2967; x_wconf 91' lang='lat'><strong>:</strong></span> <span class='ocrx_word' id='word_1_366' title='bbox 544 2909 669 2980; x_wconf 82' lang='lat' dir='ltr'><strong>Ipse</strong></span> <span class='ocrx_word' id='word_1_367' title='bbox 705 2910 839 2963; x_wconf 90' lang='lat' dir='ltr'><strong>enim</strong></span> <span class='ocrx_word' id='word_1_368' title='bbox 882 2918 955 2961; x_wconf 88' lang='lat' dir='ltr'><strong>est</strong></span> <span class='ocrx_word' id='word_1_369' title='bbox 997 2924 1101 2978; x_wconf 75' lang='lat' dir='ltr'><strong>pax</strong></span> <span class='ocrx_word' id='word_1_370' title='bbox 1147 2916 1321 2960; x_wconf 89' lang='lat' dir='ltr'><strong>nostra</strong></span> <span class='ocrx_word' id='word_1_371' title='bbox 1369 2906 1541 2977; x_wconf 87' lang='lat' dir='ltr'><strong>(Eph.</strong></span> <span class='ocrx_word' id='word_1_372' title='bbox 1575 2924 1644 2972; x_wconf 90' lang='grc' dir='ltr'><strong>ιι,</strong></span> <span class='ocrx_word' id='word_1_373' title='bbox 1684 2906 1794 2976; x_wconf 75' lang='grc'><strong>14).</strong></span> 
     </span>
    </p>
   </div>
   <div class='ocr_carea' id='block_1_46' title="bbox 203 2997 1794 3068">
    <p class='ocr_par' dir='ltr' id='par_1_46' title="bbox 203 2997 1794 3068">
     <span class='ocr_line' id='line_1_46' title="bbox 203 2997 1794 3068; baseline -0.004 -8"><span class='ocrx_word' id='word_1_374' title='bbox 203 3002 473 3066; x_wconf 75' lang='lat' dir='ltr'><strong>Vicmria,</strong></span> <span class='ocrx_word' id='word_1_375' title='bbox 506 3001 573 3057; x_wconf 90' lang='lat' dir='ltr'><strong>de</strong></span> <span class='ocrx_word' id='word_1_376' title='bbox 600 3001 834 3065; x_wconf 88' lang='lat' dir='ltr'><strong>diabolo,</strong></span> <span class='ocrx_word' id='word_1_377' title='bbox 868 3000 953 3054; x_wconf 90' lang='lat' dir='ltr'><strong>vel</strong></span> <span class='ocrx_word' id='word_1_378' title='bbox 982 3000 1048 3053; x_wconf 88' lang='lat' dir='ltr'><strong>de</strong></span> <span class='ocrx_word' id='word_1_379' title='bbox 1076 2998 1325 3052; x_wconf 83' lang='lat' dir='ltr'><strong>adversis</strong></span> <span class='ocrx_word' id='word_1_380' title='bbox 1366 2998 1689 3068; x_wconf 89' lang='lat' dir='ltr'><strong>triumphus.</strong></span> <span class='ocrx_word' id='word_1_381' title='bbox 1738 2997 1794 3053; x_wconf 92' lang='lat' dir='ltr'><strong>In</strong></span> 
     </span>
    </p>
   </div>
   <div class='ocr_carea' id='block_1_47' title="bbox 202 3090 1796 3168">
    <p class='ocr_par' dir='ltr' id='par_1_47' title="bbox 202 3090 1796 3168">
     <span class='ocr_line' id='line_1_47' title="bbox 202 3090 1796 3168; baseline -0.006 -15"><span class='ocrx_word' id='word_1_382' title='bbox 202 3096 454 3168; x_wconf 82' lang='lat' dir='ltr'><strong>Apostol.</strong></span> <span class='ocrx_word' id='word_1_383' title='bbox 484 3113 497 3149; x_wconf 92' lang='lat'>:</span> <span class='ocrx_word' id='word_1_384' title='bbox 527 3093 638 3148; x_wconf 85' lang='lat' dir='ltr'><strong>Deo</strong></span> <span class='ocrx_word' id='word_1_385' title='bbox 665 3103 835 3148; x_wconf 91' lang='lat' dir='ltr'><strong>autem</strong></span> <span class='ocrx_word' id='word_1_386' title='bbox 862 3092 1051 3164; x_wconf 87' lang='lat' dir='ltr'><strong>gratia,</strong></span> <span class='ocrx_word' id='word_1_387' title='bbox 1083 3092 1169 3161; x_wconf 88' lang='lat' dir='ltr'><strong>qui</strong></span> <span class='ocrx_word' id='word_1_388' title='bbox 1194 3090 1331 3143; x_wconf 85' lang='lat' dir='ltr'><strong>dedit</strong></span> <span class='ocrx_word' id='word_1_389' title='bbox 1356 3092 1500 3143; x_wconf 85' lang='lat' dir='ltr'><strong>nobis</strong></span> <span class='ocrx_word' id='word_1_390' title='bbox 1530 3091 1796 3143; x_wconf 85' lang='lat' dir='ltr'><strong>victoriam</strong></span> 
     </span>
    </p>
   </div>
   <div class='ocr_carea' id='block_1_48' title="bbox 1914 1881 3508 1954">
    <p class='ocr_par' dir='ltr' id='par_1_48' title="bbox 1914 1881 3508 1954">
     <span class='ocr_line' id='line_1_48' title="bbox 1914 1881 3508 1954; baseline 0.003 -19"><span class='ocrx_word' id='word_1_391' title='bbox 1914 1881 2087 1935; x_wconf 89' lang='lat' dir='ltr'><strong>stolus</strong></span> <span class='ocrx_word' id='word_1_392' title='bbox 2113 1897 2126 1933; x_wconf 93' lang='lat'>:</span> <span class='ocrx_word' id='word_1_393' title='bbox 2158 1881 2214 1935; x_wconf 91' lang='lat' dir='ltr'><strong>In</strong></span> <span class='ocrx_word' id='word_1_394' title='bbox 2245 1881 2491 1938; x_wconf 84' lang='lat' dir='ltr'><strong>Ecclesia</strong></span> <span class='ocrx_word' id='word_1_395' title='bbox 2518 1883 2635 1937; x_wconf 89' lang='lat' dir='ltr'><strong>volo</strong></span> <span class='ocrx_word' id='word_1_396' title='bbox 2663 1885 2887 1954; x_wconf 86' lang='lat' dir='ltr'><strong>quinque</strong></span> <span class='ocrx_word' id='word_1_397' title='bbox 2916 1886 3066 1939; x_wconf 78' lang='lat' dir='ltr'><strong>t-erba</strong></span> <span class='ocrx_word' id='word_1_398' title='bbox 3101 1901 3249 1939; x_wconf 86' lang='lat' dir='ltr'><strong>sensu</strong></span> <span class='ocrx_word' id='word_1_399' title='bbox 3280 1901 3391 1940; x_wconf 90' lang='lat' dir='ltr'><strong>meo</strong></span> <span class='ocrx_word' id='word_1_400' title='bbox 3427 1886 3508 1940; x_wconf 82' lang='lat' dir='ltr'><strong>lo-</strong></span> 
     </span>
    </p>
   </div>
   <div class='ocr_carea' id='block_1_49' title="bbox 1912 1971 2377 2045">
    <p class='ocr_par' dir='ltr' id='par_1_49' title="bbox 1912 1971 2377 2045">
     <span class='ocr_line' id='line_1_49' title="bbox 1912 1971 2377 2045; baseline 0.009 -21"><span class='ocrx_word' id='word_1_401' title='bbox 1912 1973 1999 2041; x_wconf 87' lang='lat' dir='ltr'><strong>qui</strong></span> <span class='ocrx_word' id='word_1_402' title='bbox 2025 1972 2064 2041; x_wconf 95' lang='lat' dir='ltr'><strong>(l</strong></span> <span class='ocrx_word' id='word_1_403' title='bbox 2091 1971 2208 2025; x_wconf 88' lang='lat' dir='ltr'><strong>Cor.</strong></span> <span class='ocrx_word' id='word_1_404' title='bbox 2241 1972 2377 2045; x_wconf 72' lang='lat' dir='ltr'><strong>xw).</strong></span> 
     </span>
    </p>
   </div>
   <div class='ocr_carea' id='block_1_50' title="bbox 1984 2065 3499 2140">
    <p class='ocr_par' dir='ltr' id='par_1_50' title="bbox 1984 2065 3499 2140">
     <span class='ocr_line' id='line_1_50' title="bbox 1984 2065 3499 2140; baseline 0.006 -21"><span class='ocrx_word' id='word_1_405' title='bbox 1984 2065 2071 2119; x_wconf 87' lang='lat' dir='ltr'><strong>VI.</strong></span> <span class='ocrx_word' id='word_1_406' title='bbox 2097 2066 2178 2121; x_wconf 81' lang='lat' dir='ltr'><strong>Ad</strong></span> <span class='ocrx_word' id='word_1_407' title='bbox 2206 2067 2346 2121; x_wconf 91' lang='lat' dir='ltr'><strong>diem</strong></span> <span class='ocrx_word' id='word_1_408' title='bbox 2376 2077 2607 2135; x_wconf 79' lang='lat' dir='ltr'><strong>sextum,</strong></span> <span class='ocrx_word' id='word_1_409' title='bbox 2640 2086 2746 2140; x_wconf 84' lang='lat' dir='ltr'><strong>quo</strong></span> <span class='ocrx_word' id='word_1_410' title='bbox 2769 2070 3030 2125; x_wconf 79' lang='lat' dir='ltr'><strong>Dominus</strong></span> <span class='ocrx_word' id='word_1_411' title='bbox 3068 2071 3343 2127; x_wconf 86' lang='lat' dir='ltr'><strong>hominem</strong></span> <span class='ocrx_word' id='word_1_412' title='bbox 3376 2088 3499 2128; x_wconf 93' lang='lat' dir='ltr'><strong>cum</strong></span> 
     </span>
    </p>
   </div>
   <div class='ocr_carea' id='block_1_51' title="bbox 1909 2159 3502 2220">
    <p class='ocr_par' dir='ltr' id='par_1_51' title="bbox 1909 2159 3502 2220">
     <span class='ocr_line' id='line_1_51' title="bbox 1909 2159 3502 2220; baseline 0.005 -9"><span class='ocrx_word' id='word_1_413' title='bbox 1909 2159 2177 2214; x_wconf 84' lang='lat' dir='ltr'><strong>universis</strong></span> <span class='ocrx_word' id='word_1_414' title='bbox 2207 2171 2361 2215; x_wconf 63' lang='lat' dir='ltr'><strong>terra:</strong></span> <span class='ocrx_word' id='word_1_415' title='bbox 2388 2162 2751 2217; x_wconf 86' lang='lat' dir='ltr'><strong>animantibus</strong></span> <span class='ocrx_word' id='word_1_416' title='bbox 2782 2164 2924 2217; x_wconf 77' lang='lat' dir='ltr'><strong>fecit.</strong></span> <span class='ocrx_word' id='word_1_417' title='bbox 2951 2163 3008 2218; x_wconf 89' lang='lat' dir='ltr'><strong>In</strong></span> <span class='ocrx_word' id='word_1_418' title='bbox 3035 2166 3231 2220; x_wconf 74' lang='lat' dir='ltr'><strong>Genesi</strong></span> <span class='ocrx_word' id='word_1_419' title='bbox 3261 2183 3273 2217; x_wconf 89' lang='lat'><strong>:</strong></span> <span class='ocrx_word' id='word_1_420' title='bbox 3303 2163 3502 2218; x_wconf 84' lang='lat' dir='ltr'><strong>Facia-</strong></span> 
     </span>
    </p>
   </div>
   <div class='ocr_carea' id='block_1_52' title="bbox 1908 2255 3498 2328">
    <p class='ocr_par' dir='ltr' id='par_1_52' title="bbox 1908 2255 3498 2328">
     <span class='ocr_line' id='line_1_52' title="bbox 1908 2255 3498 2328; baseline 0.004 -21"><span class='ocrx_word' id='word_1_421' title='bbox 1908 2270 2023 2307; x_wconf 89' lang='lat' dir='ltr'><strong>mus</strong></span> <span class='ocrx_word' id='word_1_422' title='bbox 2066 2255 2323 2307; x_wconf 87' lang='lat' dir='ltr'><strong>hominem</strong></span> <span class='ocrx_word' id='word_1_423' title='bbox 2347 2256 2413 2307; x_wconf 89' lang='lat' dir='ltr'><strong>ad</strong></span> <span class='ocrx_word' id='word_1_424' title='bbox 2438 2256 2713 2328; x_wconf 88' lang='lat' dir='ltr'><strong>imaginem</strong></span> <span class='ocrx_word' id='word_1_425' title='bbox 2758 2266 2802 2310; x_wconf 88' lang='lat' dir='ltr'><strong>et</strong></span> <span class='ocrx_word' id='word_1_426' title='bbox 2832 2258 3221 2312; x_wconf 84' lang='lat' dir='ltr'><strong>similitudinem</strong></span> <span class='ocrx_word' id='word_1_427' title='bbox 3264 2269 3498 2314; x_wconf 85' lang='lat' dir='ltr'><strong>nostram</strong></span> 
     </span>
    </p>
   </div>
   <div class='ocr_carea' id='block_1_53' title="bbox 1908 2348 3492 2423">
    <p class='ocr_par' dir='ltr' id='par_1_53' title="bbox 1908 2348 3492 2423">
     <span class='ocr_line' id='line_1_53' title="bbox 1908 2348 3492 2423; baseline 0.003 -21"><span class='ocrx_word' id='word_1_428' title='bbox 1908 2348 2065 2419; x_wconf 86' lang='lat' dir='ltr'><strong>(Gen.</strong></span> <span class='ocrx_word' id='word_1_429' title='bbox 2094 2366 2129 2412; x_wconf 92' lang='lat' dir='ltr'><strong>I,</strong></span> <span class='ocrx_word' id='word_1_430' title='bbox 2155 2350 2268 2418; x_wconf 71' lang='grc' dir='ltr'><strong>ΞΟ).</strong></span> <span class='ocrx_word' id='word_1_431' title='bbox 2302 2350 2431 2404; x_wconf 88' lang='lat' dir='ltr'><strong>Item</strong></span> <span class='ocrx_word' id='word_1_432' title='bbox 2465 2353 2621 2420; x_wconf 89' lang='lat' dir='ltr'><strong>paulo</strong></span> <span class='ocrx_word' id='word_1_433' title='bbox 2650 2362 2766 2419; x_wconf 87' lang='lat' dir='ltr'><strong>post</strong></span> <span class='ocrx_word' id='word_1_434' title='bbox 2793 2369 2807 2405; x_wconf 89' lang='lat'><strong>:</strong></span> <span class='ocrx_word' id='word_1_435' title='bbox 2853 2351 2918 2405; x_wconf 86' lang='lat' dir='ltr'><strong>Et</strong></span> <span class='ocrx_word' id='word_1_436' title='bbox 2950 2357 3141 2421; x_wconf 80' lang='lat' dir='ltr'><strong>factum</strong></span> <span class='ocrx_word' id='word_1_437' title='bbox 3169 2363 3241 2407; x_wconf 83' lang='lat' dir='ltr'><strong>est</strong></span> <span class='ocrx_word' id='word_1_438' title='bbox 3270 2369 3492 2423; x_wconf 80' lang='lat' dir='ltr'><strong>vespere,</strong></span> 
     </span>
    </p>
   </div>
   <div class='ocr_carea' id='block_1_54' title="bbox 1906 2442 3496 2514">
    <p class='ocr_par' dir='ltr' id='par_1_54' title="bbox 1906 2442 3496 2514">
     <span class='ocr_line' id='line_1_54' title="bbox 1906 2442 3496 2514; baseline 0.003 -19"><span class='ocrx_word' id='word_1_439' title='bbox 1906 2450 1955 2495; x_wconf 91' lang='lat' dir='ltr'><strong>et</strong></span> <span class='ocrx_word' id='word_1_440' title='bbox 1986 2442 2181 2512; x_wconf 78' lang='lat' dir='ltr'><strong>factum</strong></span> <span class='ocrx_word' id='word_1_441' title='bbox 2212 2452 2288 2495; x_wconf 89' lang='lat' dir='ltr'><strong>est</strong></span> <span class='ocrx_word' id='word_1_442' title='bbox 2327 2459 2477 2498; x_wconf 88' lang='lat' dir='ltr'><strong>mane</strong></span> <span class='ocrx_word' id='word_1_443' title='bbox 2530 2444 2637 2497; x_wconf 88' lang='lat' dir='ltr'><strong>dies</strong></span> <span class='ocrx_word' id='word_1_444' title='bbox 2666 2455 2837 2498; x_wconf 74' lang='lat' dir='ltr'><strong>sextus</strong></span> <span class='ocrx_word' id='word_1_445' title='bbox 2870 2442 3069 2513; x_wconf 84' lang='lat' dir='ltr'><strong>(Ibid.,</strong></span> <span class='ocrx_word' id='word_1_446' title='bbox 3103 2446 3219 2514; x_wconf 82' lang='grc'><strong>51).</strong></span> <span class='ocrx_word' id='word_1_447' title='bbox 3269 2444 3496 2501; x_wconf 86' lang='lat' dir='ltr'><strong>Senario</strong></span> 
     </span>
    </p>
   </div>
   <div class='ocr_carea' id='block_1_55' title="bbox 1906 2536 3495 2607">
    <p class='ocr_par' dir='ltr' id='par_1_55' title="bbox 1906 2536 3495 2607">
     <span class='ocr_line' id='line_1_55' title="bbox 1906 2536 3495 2607; baseline 0.003 -20"><span class='ocrx_word' id='word_1_448' title='bbox 1906 2550 2133 2589; x_wconf 88' lang='lat' dir='ltr'><strong>numero</strong></span> <span class='ocrx_word' id='word_1_449' title='bbox 2162 2537 2419 2605; x_wconf 65' lang='lat' dir='ltr'><strong>perfectio</strong></span> <span class='ocrx_word' id='word_1_450' title='bbox 2450 2536 2931 2605; x_wconf 88' lang='lat' dir='ltr'><strong>comprehenditur</strong></span> <span class='ocrx_word' id='word_1_451' title='bbox 2966 2555 2978 2588; x_wconf 91' lang='lat'>:</span> <span class='ocrx_word' id='word_1_452' title='bbox 3026 2547 3313 2607; x_wconf 87' lang='lat' dir='ltr'><strong>propterea</strong></span> <span class='ocrx_word' id='word_1_453' title='bbox 3346 2537 3495 2592; x_wconf 90' lang='lat' dir='ltr'><strong>Deus</strong></span> 
     </span>
    </p>
   </div>
   <div class='ocr_carea' id='block_1_56' title="bbox 1904 2627 3495 2699">
    <p class='ocr_par' dir='ltr' id='par_1_56' title="bbox 1904 2627 3495 2699">
     <span class='ocr_line' id='line_1_56' title="bbox 1904 2627 3495 2699; baseline 0.003 -18"><span class='ocrx_word' id='word_1_454' title='bbox 1904 2640 1998 2681; x_wconf 89' lang='lat' dir='ltr'><strong>sex</strong></span> <span class='ocrx_word' id='word_1_455' title='bbox 2028 2627 2218 2683; x_wconf 90' lang='lat' dir='ltr'><strong>diebus</strong></span> <span class='ocrx_word' id='word_1_456' title='bbox 2268 2628 2525 2683; x_wconf 90' lang='lat' dir='ltr'><strong>mundum</strong></span> <span class='ocrx_word' id='word_1_457' title='bbox 2574 2629 2867 2698; x_wconf 81' lang='lat' dir='ltr'><strong>perfecisse</strong></span> <span class='ocrx_word' id='word_1_458' title='bbox 2896 2629 3247 2696; x_wconf 89' lang='lat' dir='ltr'><strong>describitur,</strong></span> <span class='ocrx_word' id='word_1_459' title='bbox 3278 2640 3334 2685; x_wconf 89' lang='lat' dir='ltr'><strong>et</strong></span> <span class='ocrx_word' id='word_1_460' title='bbox 3362 2628 3495 2699; x_wconf 86' lang='lat' dir='ltr'><strong>ipsis</strong></span> 
     </span>
    </p>
   </div>
   <div class='ocr_carea' id='block_1_57' title="bbox 1903 2721 3494 2793">
    <p class='ocr_par' dir='ltr' id='par_1_57' title="bbox 1903 2721 3494 2793">
     <span class='ocr_line' id='line_1_57' title="bbox 1903 2721 3494 2793; baseline 0.002 -19"><span class='ocrx_word' id='word_1_461' title='bbox 1903 2721 2141 2791; x_wconf 90' lang='lat' dir='ltr'><strong>quinque</strong></span> <span class='ocrx_word' id='word_1_462' title='bbox 2188 2738 2326 2776; x_wconf 89' lang='lat' dir='ltr'><strong>unus</strong></span> <span class='ocrx_word' id='word_1_463' title='bbox 2352 2722 2625 2791; x_wconf 88' lang='lat' dir='ltr'><strong>adjicitur,</strong></span> <span class='ocrx_word' id='word_1_464' title='bbox 2652 2731 2711 2777; x_wconf 91' lang='lat' dir='ltr'><strong>ut</strong></span> <span class='ocrx_word' id='word_1_465' title='bbox 2759 2723 2843 2778; x_wconf 89' lang='lat' dir='ltr'><strong>lex</strong></span> <span class='ocrx_word' id='word_1_466' title='bbox 2874 2738 2971 2792; x_wconf 87' lang='lat' dir='ltr'><strong>per</strong></span> <span class='ocrx_word' id='word_1_467' title='bbox 3002 2722 3355 2793; x_wconf 87' lang='lat' dir='ltr'><strong>Evangelium</strong></span> <span class='ocrx_word' id='word_1_468' title='bbox 3387 2724 3494 2777; x_wconf 78' lang='lat' dir='ltr'><strong>im-</strong></span> 
     </span>
    </p>
   </div>
   <div class='ocr_carea' id='block_1_58' title="bbox 1905 2814 3494 2887">
    <p class='ocr_par' dir='ltr' id='par_1_58' title="bbox 1905 2814 3494 2887">
     <span class='ocr_line' id='line_1_58' title="bbox 1905 2814 3494 2887; baseline 0.002 -19"><span class='ocrx_word' id='word_1_469' title='bbox 1905 2816 2135 2885; x_wconf 81' lang='lat' dir='ltr'><strong>pleatur.</strong></span> <span class='ocrx_word' id='word_1_470' title='bbox 2164 2814 2270 2871; x_wconf 89' lang='lat' dir='ltr'><strong>Sex</strong></span> <span class='ocrx_word' id='word_1_471' title='bbox 2300 2824 2429 2871; x_wconf 91' lang='lat' dir='ltr'><strong>sunt</strong></span> <span class='ocrx_word' id='word_1_472' title='bbox 2481 2824 2668 2871; x_wconf 74' lang='lat' dir='ltr'><strong>anates</strong></span> <span class='ocrx_word' id='word_1_473' title='bbox 2695 2815 2877 2871; x_wconf 63' lang='lat' dir='ltr'><strong>saeculi</strong></span> <span class='ocrx_word' id='word_1_474' title='bbox 2911 2831 2924 2869; x_wconf 90' lang='lat'><strong>:</strong></span> <span class='ocrx_word' id='word_1_475' title='bbox 2979 2816 3216 2887; x_wconf 90' lang='lat' dir='ltr'><strong>quinque</strong></span> <span class='ocrx_word' id='word_1_476' title='bbox 3262 2815 3494 2871; x_wconf 88' lang='lat' dir='ltr'><strong>transie-</strong></span> 
     </span>
    </p>
   </div>
   <div class='ocr_carea' id='block_1_59' title="bbox 1901 2906 3492 2976">
    <p class='ocr_par' dir='ltr' id='par_1_59' title="bbox 1901 2906 3492 2976">
     <span class='ocr_line' id='line_1_59' title="bbox 1901 2906 3492 2976; baseline 0.002 -15"><span class='ocrx_word' id='word_1_477' title='bbox 1901 2915 2050 2972; x_wconf 91' lang='lat' dir='ltr'><strong>runt,</strong></span> <span class='ocrx_word' id='word_1_478' title='bbox 2080 2920 2230 2961; x_wconf 82' lang='lat' dir='ltr'><strong>sexta</strong></span> <span class='ocrx_word' id='word_1_479' title='bbox 2252 2922 2280 2961; x_wconf 91' lang='lat' dir='ltr'><strong>a</strong></span> <span class='ocrx_word' id='word_1_480' title='bbox 2309 2907 2517 2962; x_wconf 83' lang='lat' dir='ltr'><strong>Joanne</strong></span> <span class='ocrx_word' id='word_1_481' title='bbox 2552 2907 2788 2976; x_wconf 88' lang='lat' dir='ltr'><strong>Baptista</strong></span> <span class='ocrx_word' id='word_1_482' title='bbox 2812 2915 2866 2962; x_wconf 92' lang='lat' dir='ltr'><strong>et</strong></span> <span class='ocrx_word' id='word_1_483' title='bbox 2895 2906 3248 2962; x_wconf 88' lang='lat' dir='ltr'><strong>inhumanato</strong></span> <span class='ocrx_word' id='word_1_484' title='bbox 3273 2906 3492 2964; x_wconf 87' lang='lat' dir='ltr'><strong>Christo</strong></span> 
     </span>
    </p>
   </div>
   <div class='ocr_carea' id='block_1_60' title="bbox 1902 2998 3492 3065">
    <p class='ocr_par' dir='ltr' id='par_1_60' title="bbox 1902 2998 3492 3065">
     <span class='ocr_line' id='line_1_60' title="bbox 1902 2998 3492 3065; baseline 0.002 -12"><span class='ocrx_word' id='word_1_485' title='bbox 1902 3000 2142 3054; x_wconf 85' lang='lat' dir='ltr'><strong>decurrit</strong></span> <span class='ocrx_word' id='word_1_486' title='bbox 2169 3000 2234 3054; x_wconf 90' lang='lat' dir='ltr'><strong>ad</strong></span> <span class='ocrx_word' id='word_1_487' title='bbox 2267 3001 2428 3055; x_wconf 82' lang='lat' dir='ltr'><strong>linem</strong></span> <span class='ocrx_word' id='word_1_488' title='bbox 2468 3001 2689 3065; x_wconf 81' lang='lat' dir='ltr'><strong>saeculi;</strong></span> <span class='ocrx_word' id='word_1_489' title='bbox 2735 2999 2879 3055; x_wconf 88' lang='lat' dir='ltr'><strong>unde</strong></span> <span class='ocrx_word' id='word_1_490' title='bbox 2924 3008 2980 3055; x_wconf 90' lang='lat' dir='ltr'><strong>et</strong></span> <span class='ocrx_word' id='word_1_491' title='bbox 3027 3009 3176 3056; x_wconf 87' lang='lat' dir='ltr'><strong>sexta</strong></span> <span class='ocrx_word' id='word_1_492' title='bbox 3222 2998 3308 3055; x_wconf 89' lang='lat' dir='ltr'><strong>die</strong></span> <span class='ocrx_word' id='word_1_493' title='bbox 3363 2998 3492 3056; x_wconf 80' lang='lat' dir='ltr'><strong>fecit</strong></span> 
     </span>
    </p>
   </div>
   <div class='ocr_carea' id='block_1_61' title="bbox 1905 3091 3489 3163">
    <p class='ocr_par' dir='ltr' id='par_1_61' title="bbox 1905 3091 3489 3163">
     <span class='ocr_line' id='line_1_61' title="bbox 1905 3091 3489 3163; baseline -0.001 -15"><span class='ocrx_word' id='word_1_494' title='bbox 1905 3094 2054 3148; x_wconf 90' lang='lat' dir='ltr'><strong>Deus</strong></span> <span class='ocrx_word' id='word_1_495' title='bbox 2087 3093 2356 3149; x_wconf 90' lang='lat' dir='ltr'><strong>hominem</strong></span> <span class='ocrx_word' id='word_1_496' title='bbox 2384 3092 2452 3147; x_wconf 93' lang='lat' dir='ltr'><strong>ad</strong></span> <span class='ocrx_word' id='word_1_497' title='bbox 2484 3093 2771 3163; x_wconf 77' lang='lat' dir='ltr'><strong>imaginem</strong></span> <span class='ocrx_word' id='word_1_498' title='bbox 2811 3108 2988 3160; x_wconf 89' lang='lat' dir='ltr'><strong>suam,</strong></span> <span class='ocrx_word' id='word_1_499' title='bbox 3022 3093 3145 3162; x_wconf 86' lang='lat' dir='ltr'><strong>quia</strong></span> <span class='ocrx_word' id='word_1_500' title='bbox 3188 3098 3341 3147; x_wconf 82' lang='lat' dir='ltr'><strong>sexta</strong></span> <span class='ocrx_word' id='word_1_501' title='bbox 3385 3091 3489 3147; x_wconf 88' lang='lat' dir='ltr'><strong>ista</strong></span> 
     </span>
    </p>
   </div>
   <div class='ocr_carea' id='block_1_62' title="bbox 201 3180 3490 3260">
    <p class='ocr_par' dir='ltr' id='par_1_62' title="bbox 201 3180 3490 3260">
     <span class='ocr_line' id='line_1_62' title="bbox 201 3180 3490 3260; baseline -0.004 -18"><span class='ocrx_word' id='word_1_502' title='bbox 201 3206 289 3260; x_wconf 91' lang='lat' dir='ltr'><strong>per</strong></span> <span class='ocrx_word' id='word_1_503' title='bbox 315 3186 605 3242; x_wconf 88' lang='lat' dir='ltr'><strong>Dominum</strong></span> <span class='ocrx_word' id='word_1_504' title='bbox 636 3193 866 3239; x_wconf 88' lang='lat' dir='ltr'><strong>nostrum</strong></span> <span class='ocrx_word' id='word_1_505' title='bbox 906 3185 1087 3237; x_wconf 88' lang='lat' dir='ltr'><strong>Jesum</strong></span> <span class='ocrx_word' id='word_1_506' title='bbox 1146 3180 1408 3236; x_wconf 81' lang='lat' dir='ltr'><strong>Christum</strong></span> <span class='ocrx_word' id='word_1_507' title='bbox 1464 3183 1518 3253; x_wconf 95' lang='lat' dir='ltr'><strong>(I</strong></span> <span class='ocrx_word' id='word_1_508' title='bbox 1557 3182 1675 3236; x_wconf 91' lang='lat' dir='ltr'><strong>Cor.</strong></span> <span class='ocrx_word' id='word_1_509' title='bbox 1708 3198 1795 3247; x_wconf 82' lang='lat' dir='ltr'><strong>xv,</strong></span> <span class='ocrx_word' id='word_1_510' title='bbox 1828 3181 1875 3245; x_wconf 89' lang='lat' dir='ltr'><strong>C</strong></span> <span class='ocrx_word' id='word_1_511' title='bbox 1907 3194 2068 3240; x_wconf 84' lang='lat' dir='ltr'><strong>aetate</strong></span> <span class='ocrx_word' id='word_1_512' title='bbox 2100 3186 2479 3241; x_wconf 77' lang='lat' dir='ltr'><strong>manilcsmur</strong></span> <span class='ocrx_word' id='word_1_513' title='bbox 2502 3202 2597 3255; x_wconf 90' lang='lat' dir='ltr'><strong>per</strong></span> <span class='ocrx_word' id='word_1_514' title='bbox 2622 3184 2971 3253; x_wconf 85' lang='lat' dir='ltr'><strong>Evangelium</strong></span> <span class='ocrx_word' id='word_1_515' title='bbox 3004 3184 3317 3240; x_wconf 76' lang='lat' dir='ltr'><strong>reformatio</strong></span> <span class='ocrx_word' id='word_1_516' title='bbox 3336 3200 3490 3240; x_wconf 80' lang='lat' dir='ltr'><strong>men.</strong></span> 
     </span>
    </p>
   </div>
   <div class='ocr_carea' id='block_1_63' title="bbox 200 3274 1810 3353">
    <p class='ocr_par' dir='ltr' id='par_1_63' title="bbox 200 3274 1810 3353">
     <span class='ocr_line' id='line_1_63' title="bbox 200 3274 1810 3353; baseline -0.006 -15"><span class='ocrx_word' id='word_1_517' title='bbox 200 3283 320 3353; x_wconf 86' lang='lat'><strong>57).</strong></span> <span class='ocrx_word' id='word_1_518' title='bbox 346 3282 618 3346; x_wconf 88' lang='lat' dir='ltr'><strong>Bravium,</strong></span> <span class='ocrx_word' id='word_1_519' title='bbox 638 3286 1130 3334; x_wconf 82' lang='lat' dir='ltr'><strong>consummatorum</strong></span> <span class='ocrx_word' id='word_1_520' title='bbox 1153 3275 1431 3345; x_wconf 72' lang='lat' dir='ltr'><strong>prmmium</strong></span> <span class='ocrx_word' id='word_1_521' title='bbox 1459 3274 1810 3330; x_wconf 57' lang='lat' dir='ltr'><strong>meritorum.</strong></span> 
     </span>
    </p>
   </div>
   <div class='ocr_carea' id='block_1_64' title="bbox 200 3368 1793 3445">
    <p class='ocr_par' dir='ltr' id='par_1_64' title="bbox 200 3368 1793 3445">
     <span class='ocr_line' id='line_1_64' title="bbox 200 3368 1793 3445; baseline -0.006 -15"><span class='ocrx_word' id='word_1_522' title='bbox 200 3374 257 3429; x_wconf 88' lang='lat' dir='ltr'><strong>In</strong></span> <span class='ocrx_word' id='word_1_523' title='bbox 282 3378 483 3445; x_wconf 83' lang='lat' dir='ltr'><strong>Apost.</strong></span> <span class='ocrx_word' id='word_1_524' title='bbox 513 3391 525 3425; x_wconf 74' lang='grc' dir='ltr'>ε</span> <span class='ocrx_word' id='word_1_525' title='bbox 561 3372 640 3425; x_wconf 84' lang='lat' dir='ltr'><strong>Ad</strong></span> <span class='ocrx_word' id='word_1_526' title='bbox 677 3371 989 3424; x_wconf 87' lang='lat' dir='ltr'><strong>destinatum</strong></span> <span class='ocrx_word' id='word_1_527' title='bbox 1028 3384 1321 3440; x_wconf 83' lang='lat' dir='ltr'><strong>persequor,</strong></span> <span class='ocrx_word' id='word_1_528' title='bbox 1348 3368 1415 3419; x_wconf 86' lang='lat' dir='ltr'><strong>ad</strong></span> <span class='ocrx_word' id='word_1_529' title='bbox 1448 3368 1677 3420; x_wconf 76' lang='lat' dir='ltr'><strong>bratvium</strong></span> <span class='ocrx_word' id='word_1_530' title='bbox 1702 3384 1793 3421; x_wconf 85' lang='lat' dir='ltr'><strong>su-</strong></span> 
     </span>
    </p>
   </div>
   <div class='ocr_carea' id='block_1_65' title="bbox 197 3457 1794 3539">
    <p class='ocr_par' dir='ltr' id='par_1_65' title="bbox 197 3457 1794 3539">
     <span class='ocr_line' id='line_1_65' title="bbox 197 3457 1794 3539; baseline -0.005 -17"><span class='ocrx_word' id='word_1_531' title='bbox 197 3483 380 3539; x_wconf 74' lang='lat' dir='ltr'><strong>perna:</strong></span> <span class='ocrx_word' id='word_1_532' title='bbox 408 3464 686 3519; x_wconf 73' lang='lat' dir='ltr'><strong>vocationis</strong></span> <span class='ocrx_word' id='word_1_533' title='bbox 715 3461 813 3515; x_wconf 90' lang='lat' dir='ltr'><strong>Dei</strong></span> <span class='ocrx_word' id='word_1_534' title='bbox 844 3459 1008 3532; x_wconf 84' lang='lat' dir='ltr'><strong>(Phil.</strong></span> <span class='ocrx_word' id='word_1_535' title='bbox 1045 3476 1130 3525; x_wconf 87' lang='grc' dir='ltr'>ιιι,</span> <span class='ocrx_word' id='word_1_536' title='bbox 1168 3458 1275 3531; x_wconf 62' lang='lat' dir='ltr'><strong>III).</strong></span> <span class='ocrx_word' id='word_1_537' title='bbox 1310 3457 1543 3525; x_wconf 89' lang='lat' dir='ltr'><strong>Corona,</strong></span> <span class='ocrx_word' id='word_1_538' title='bbox 1578 3469 1794 3514; x_wconf 64' lang='lat' dir='ltr'><strong>aeternae</strong></span> 
     </span>
    </p>
   </div>
   <div class='ocr_carea' id='block_1_66' title="bbox 197 3551 1795 3629">
    <p class='ocr_par' dir='ltr' id='par_1_66' title="bbox 197 3551 1795 3629">
     <span class='ocr_line' id='line_1_66' title="bbox 197 3551 1795 3629; baseline -0.004 -15"><span class='ocrx_word' id='word_1_539' title='bbox 197 3561 395 3629; x_wconf 69' lang='lat' dir='ltr'><strong>gloriae</strong></span> <span class='ocrx_word' id='word_1_540' title='bbox 426 3574 523 3629; x_wconf 90' lang='lat' dir='ltr'><strong>pro</strong></span> <span class='ocrx_word' id='word_1_541' title='bbox 546 3556 756 3627; x_wconf 84' lang='lat' dir='ltr'><strong>justitia</strong></span> <span class='ocrx_word' id='word_1_542' title='bbox 786 3569 1014 3609; x_wconf 88' lang='lat' dir='ltr'><strong>merces.</strong></span> <span class='ocrx_word' id='word_1_543' title='bbox 1046 3553 1104 3608; x_wconf 92' lang='lat' dir='ltr'><strong>In</strong></span> <span class='ocrx_word' id='word_1_544' title='bbox 1134 3553 1399 3622; x_wconf 88' lang='lat' dir='ltr'><strong>Apostolo</strong></span> <span class='ocrx_word' id='word_1_545' title='bbox 1426 3569 1439 3606; x_wconf 87' lang='lat'><strong>:</strong></span> <span class='ocrx_word' id='word_1_546' title='bbox 1471 3551 1550 3607; x_wconf 91' lang='lat' dir='ltr'><strong>De</strong></span> <span class='ocrx_word' id='word_1_547' title='bbox 1598 3554 1795 3623; x_wconf 84' lang='lat' dir='ltr'><strong>reliquo</strong></span> 
     </span>
    </p>
   </div>
   <div class='ocr_carea' id='block_1_67' title="bbox 196 3644 1795 3723">
    <p class='ocr_par' dir='ltr' id='par_1_67' title="bbox 196 3644 1795 3723">
     <span class='ocr_line' id='line_1_67' title="bbox 196 3644 1795 3723; baseline -0.004 -16"><span class='ocrx_word' id='word_1_548' title='bbox 196 3652 434 3723; x_wconf 88' lang='lat' dir='ltr'><strong>reposita</strong></span> <span class='ocrx_word' id='word_1_549' title='bbox 464 3660 537 3705; x_wconf 89' lang='lat' dir='ltr'><strong>est</strong></span> <span class='ocrx_word' id='word_1_550' title='bbox 564 3649 692 3704; x_wconf 89' lang='lat' dir='ltr'><strong>mihi</strong></span> <span class='ocrx_word' id='word_1_551' title='bbox 718 3647 1151 3717; x_wconf 78' lang='lat' dir='ltr'><strong>corouajustitite</strong></span> <span class='ocrx_word' id='word_1_552' title='bbox 1191 3646 1258 3715; x_wconf 96' lang='lat' dir='ltr'><strong>(II</strong></span> <span class='ocrx_word' id='word_1_553' title='bbox 1286 3644 1418 3699; x_wconf 86' lang='lat' dir='ltr'><strong>Tim.</strong></span> <span class='ocrx_word' id='word_1_554' title='bbox 1453 3663 1522 3713; x_wconf 90' lang='lat' dir='ltr'><strong>tv,</strong></span> <span class='ocrx_word' id='word_1_555' title='bbox 1548 3646 1627 3717; x_wconf 87' lang='lat'><strong>8).</strong></span> <span class='ocrx_word' id='word_1_556' title='bbox 1648 3645 1795 3714; x_wconf 86' lang='lat' dir='ltr'><strong>Quo-</strong></span> 
     </span>
    </p>
   </div>
   <div class='ocr_carea' id='block_1_68' title="bbox 193 3740 1793 3816">
    <p class='ocr_par' dir='ltr' id='par_1_68' title="bbox 193 3740 1793 3816">
     <span class='ocr_line' id='line_1_68' title="bbox 193 3740 1793 3816; baseline -0.004 -15"><span class='ocrx_word' id='word_1_557' title='bbox 193 3748 345 3802; x_wconf 89' lang='lat' dir='ltr'><strong>niam</strong></span> <span class='ocrx_word' id='word_1_558' title='bbox 376 3743 703 3816; x_wconf 90' lang='lat' dir='ltr'><strong>spiritalium</strong></span> <span class='ocrx_word' id='word_1_559' title='bbox 735 3741 1071 3813; x_wconf 80' lang='lat' dir='ltr'><strong>prol‘ectuum</strong></span> <span class='ocrx_word' id='word_1_560' title='bbox 1119 3740 1511 3795; x_wconf 88' lang='lat' dir='ltr'><strong>consummatio</strong></span> <span class='ocrx_word' id='word_1_561' title='bbox 1544 3740 1793 3809; x_wconf 85' lang='lat' dir='ltr'><strong>provehit</strong></span> 
     </span>
    </p>
   </div>
   <div class='ocr_carea' id='block_1_69' title="bbox 194 3832 1792 3903">
    <p class='ocr_par' dir='ltr' id='par_1_69' title="bbox 194 3832 1792 3903">
     <span class='ocr_line' id='line_1_69' title="bbox 194 3832 1792 3903; baseline -0.003 -12"><span class='ocrx_word' id='word_1_562' title='bbox 194 3837 259 3893; x_wconf 88' lang='lat' dir='ltr'><strong>ad</strong></span> <span class='ocrx_word' id='word_1_563' title='bbox 290 3851 583 3903; x_wconf 86' lang='lat' dir='ltr'><strong>coronam,</strong></span> <span class='ocrx_word' id='word_1_564' title='bbox 613 3842 757 3891; x_wconf 89' lang='lat' dir='ltr'><strong>recte</strong></span> <span class='ocrx_word' id='word_1_565' title='bbox 788 3833 980 3888; x_wconf 89' lang='lat' dir='ltr'><strong>horum</strong></span> <span class='ocrx_word' id='word_1_566' title='bbox 1008 3847 1219 3902; x_wconf 90' lang='lat' dir='ltr'><strong>quoque</strong></span> <span class='ocrx_word' id='word_1_567' title='bbox 1266 3832 1563 3901; x_wconf 86' lang='lat' dir='ltr'><strong>spiritalem</strong></span> <span class='ocrx_word' id='word_1_568' title='bbox 1614 3833 1792 3888; x_wconf 90' lang='lat' dir='ltr'><strong>nomi-</strong></span> 
     </span>
    </p>
   </div>
   <div class='ocr_carea' id='block_1_70' title="bbox 194 3925 1789 4001">
    <p class='ocr_par' dir='ltr' id='par_1_70' title="bbox 194 3925 1789 4001">
     <span class='ocr_line' id='line_1_70' title="bbox 194 3925 1789 4001; baseline -0.006 -13"><span class='ocrx_word' id='word_1_569' title='bbox 194 3948 329 3988; x_wconf 86' lang='lat' dir='ltr'><strong>num</strong></span> <span class='ocrx_word' id='word_1_570' title='bbox 360 3928 862 4001; x_wconf 85' lang='lat' dir='ltr'><strong>interpretationem</strong></span> <span class='ocrx_word' id='word_1_571' title='bbox 893 3940 1092 3981; x_wconf 89' lang='lat' dir='ltr'><strong>corona</strong></span> <span class='ocrx_word' id='word_1_572' title='bbox 1124 3935 1488 3979; x_wconf 89' lang='lat' dir='ltr'><strong>consummat.</strong></span> <span class='ocrx_word' id='word_1_573' title='bbox 1544 3925 1676 3992; x_wconf 75' lang='lat' dir='ltr'><strong>Quze</strong></span> <span class='ocrx_word' id='word_1_574' title='bbox 1709 3934 1789 3979; x_wconf 89' lang='lat' dir='ltr'><strong>ta-</strong></span> 
     </span>
    </p>
   </div>
   <div class='ocr_carea' id='block_1_71' title="bbox 190 4016 1784 4090">
    <p class='ocr_par' dir='ltr' id='par_1_71' title="bbox 190 4016 1784 4090">
     <span class='ocr_line' id='line_1_71' title="bbox 190 4016 1784 4090; baseline -0.007 -7"><span class='ocrx_word' id='word_1_575' title='bbox 190 4042 324 4084; x_wconf 85' lang='lat' dir='ltr'><strong>men</strong></span> <span class='ocrx_word' id='word_1_576' title='bbox 372 4023 591 4080; x_wconf 86' lang='lat' dir='ltr'><strong>nomina</strong></span> <span class='ocrx_word' id='word_1_577' title='bbox 623 4022 871 4077; x_wconf 89' lang='lat' dir='ltr'><strong>universa</strong></span> <span class='ocrx_word' id='word_1_578' title='bbox 896 4018 1182 4090; x_wconf 89' lang='lat' dir='ltr'><strong>complecti</strong></span> <span class='ocrx_word' id='word_1_579' title='bbox 1231 4017 1460 4072; x_wconf 81' lang='lat' dir='ltr'><strong>arduum</strong></span> <span class='ocrx_word' id='word_1_580' title='bbox 1498 4016 1747 4072; x_wconf 87' lang='lat' dir='ltr'><strong>duximus</strong></span> <span class='ocrx_word' id='word_1_581' title='bbox 1769 4058 1784 4084; x_wconf 86' lang='lat'><strong>,</strong></span> 
     </span>
    </p>
   </div>
   <div class='ocr_carea' id='block_1_72' title="bbox 189 4114 1787 4184">
    <p class='ocr_par' dir='ltr' id='par_1_72' title="bbox 189 4114 1787 4184">
     <span class='ocr_line' id='line_1_72' title="bbox 189 4114 1787 4184; baseline -0.006 -7"><span class='ocrx_word' id='word_1_582' title='bbox 189 4122 336 4177; x_wconf 84' lang='lat' dir='ltr'><strong>sicut</strong></span> <span class='ocrx_word' id='word_1_583' title='bbox 356 4118 520 4175; x_wconf 91' lang='lat' dir='ltr'><strong>etiam</strong></span> <span class='ocrx_word' id='word_1_584' title='bbox 549 4115 701 4184; x_wconf 90' lang='lat' dir='ltr'><strong>illud,</strong></span> <span class='ocrx_word' id='word_1_585' title='bbox 747 4123 806 4170; x_wconf 89' lang='lat' dir='ltr'><strong>ut</strong></span> <span class='ocrx_word' id='word_1_586' title='bbox 833 4114 1286 4184; x_wconf 86' lang='lat' dir='ltr'><strong>depromerentur</strong></span> <span class='ocrx_word' id='word_1_587' title='bbox 1332 4120 1523 4167; x_wconf 90' lang='lat' dir='ltr'><strong>cuncta</strong></span> <span class='ocrx_word' id='word_1_588' title='bbox 1566 4126 1685 4181; x_wconf 76' lang='lat' dir='ltr'><strong>qua:</strong></span> <span class='ocrx_word' id='word_1_589' title='bbox 1727 4126 1787 4167; x_wconf 85' lang='lat' dir='ltr'><strong>se</strong></span> 
     </span>
    </p>
   </div>
   <div class='ocr_carea' id='block_1_73' title="bbox 188 4205 1786 4283">
    <p class='ocr_par' dir='ltr' id='par_1_73' title="bbox 188 4205 1786 4283">
     <span class='ocr_line' id='line_1_73' title="bbox 188 4205 1786 4283; baseline -0.007 -13"><span class='ocrx_word' id='word_1_590' title='bbox 188 4216 242 4270; x_wconf 90' lang='lat' dir='ltr'><strong>in</strong></span> <span class='ocrx_word' id='word_1_591' title='bbox 296 4226 587 4283; x_wconf 86' lang='lat' dir='ltr'><strong>utramque</strong></span> <span class='ocrx_word' id='word_1_592' title='bbox 633 4220 841 4283; x_wconf 89' lang='lat' dir='ltr'><strong>partem</strong></span> <span class='ocrx_word' id='word_1_593' title='bbox 888 4209 1101 4279; x_wconf 86' lang='lat' dir='ltr'><strong>gemina</strong></span> <span class='ocrx_word' id='word_1_594' title='bbox 1149 4206 1541 4278; x_wconf 80' lang='lat' dir='ltr'><strong>signiﬁcatione</strong></span> <span class='ocrx_word' id='word_1_595' title='bbox 1589 4205 1786 4261; x_wconf 78' lang='lat' dir='ltr'><strong>dill‘un-</strong></span> 
     </span>
    </p>
   </div>
   <div class='ocr_carea' id='block_1_74' title="bbox 186 4307 346 4364">
    <p class='ocr_par' dir='ltr' id='par_1_74' title="bbox 186 4307 346 4364">
     <span class='ocr_line' id='line_1_74' title="bbox 186 4307 346 4364; baseline -0.013 0"><span class='ocrx_word' id='word_1_596' title='bbox 186 4307 346 4364; x_wconf 85' lang='lat' dir='ltr'><strong>dunt.</strong></span> 
     </span>
    </p>
   </div>
   <div class='ocr_carea' id='block_1_75' title="bbox 813 4398 1173 4457">
    <p class='ocr_par' dir='ltr' id='par_1_75' title="bbox 813 4398 1173 4457">
     <span class='ocr_line' id='line_1_75' title="bbox 813 4398 1173 4457; baseline -0.017 0"><span class='ocrx_word' id='word_1_597' title='bbox 813 4398 1041 4457; x_wconf 85' lang='lat' dir='ltr'><strong>CAPUT</strong></span> <span class='ocrx_word' id='word_1_598' title='bbox 1084 4398 1173 4454; x_wconf 80' lang='lat' dir='ltr'><strong>XI.</strong></span> 
     </span>
    </p>
   </div>
   <div class='ocr_carea' id='block_1_76' title="bbox 812 4491 1172 4547">
    <p class='ocr_par' dir='ltr' id='par_1_76' title="bbox 812 4491 1172 4547">
     <span class='ocr_line' id='line_1_76' title="bbox 812 4491 1172 4547; baseline -0.006 -2"><span class='ocrx_word' id='word_1_599' title='bbox 812 4492 890 4547; x_wconf 88' lang='lat' dir='ltr'><strong>De</strong></span> <span class='ocrx_word' id='word_1_600' title='bbox 928 4491 1172 4545; x_wconf 80' lang='lat' dir='ltr'><strong>numeris.</strong></span> 
     </span>
    </p>
   </div>
   <div class='ocr_carea' id='block_1_77' title="bbox 1902 3275 3488 3346">
    <p class='ocr_par' dir='ltr' id='par_1_77' title="bbox 1902 3275 3488 3346">
     <span class='ocr_line' id='line_1_77' title="bbox 1902 3275 3488 3346; baseline -0.001 -14"><span class='ocrx_word' id='word_1_601' title='bbox 1902 3278 1971 3332; x_wconf 88' lang='lat' dir='ltr'><strong>tis</strong></span> <span class='ocrx_word' id='word_1_602' title='bbox 2001 3288 2239 3342; x_wconf 62' lang='lat' dir='ltr'><strong>nostrae,</strong></span> <span class='ocrx_word' id='word_1_603' title='bbox 2293 3276 2590 3331; x_wconf 85' lang='lat' dir='ltr'><strong>secundum</strong></span> <span class='ocrx_word' id='word_1_604' title='bbox 2646 3276 2932 3344; x_wconf 86' lang='lat' dir='ltr'><strong>imaginem</strong></span> <span class='ocrx_word' id='word_1_605' title='bbox 2985 3275 3098 3345; x_wconf 86' lang='lat' dir='ltr'><strong>ejus</strong></span> <span class='ocrx_word' id='word_1_606' title='bbox 3143 3275 3231 3346; x_wconf 89' lang='lat' dir='ltr'><strong>qui</strong></span> <span class='ocrx_word' id='word_1_607' title='bbox 3280 3275 3488 3336; x_wconf 72' lang='lat' dir='ltr'><strong>creavit</strong></span> 
     </span>
    </p>
   </div>
   <div class='ocr_carea' id='block_1_78' title="bbox 1901 3368 3487 3440">
    <p class='ocr_par' dir='ltr' id='par_1_78' title="bbox 1901 3368 3487 3440">
     <span class='ocr_line' id='line_1_78' title="bbox 1901 3368 3487 3440; baseline -0.001 -13"><span class='ocrx_word' id='word_1_608' title='bbox 1901 3390 2019 3427; x_wconf 89' lang='lat' dir='ltr'><strong>nos.</strong></span> <span class='ocrx_word' id='word_1_609' title='bbox 2047 3375 2149 3428; x_wconf 78' lang='lat' dir='ltr'><strong>Sex</strong></span> <span class='ocrx_word' id='word_1_610' title='bbox 2176 3373 2273 3426; x_wconf 84' lang='lat' dir='ltr'><strong>has</strong></span> <span class='ocrx_word' id='word_1_611' title='bbox 2306 3379 2490 3426; x_wconf 68' lang='lat' dir='ltr'><strong>mtates</strong></span> <span class='ocrx_word' id='word_1_612' title='bbox 2513 3372 2619 3425; x_wconf 72' lang='lat' dir='ltr'><strong>illa:</strong></span> <span class='ocrx_word' id='word_1_613' title='bbox 2649 3386 2745 3424; x_wconf 89' lang='lat' dir='ltr'><strong>sex</strong></span> <span class='ocrx_word' id='word_1_614' title='bbox 2776 3368 2980 3440; x_wconf 73' lang='lat' dir='ltr'><strong>hydria:</strong></span> <span class='ocrx_word' id='word_1_615' title='bbox 3004 3369 3327 3439; x_wconf 82' lang='lat' dir='ltr'><strong>signiﬁcant,</strong></span> <span class='ocrx_word' id='word_1_616' title='bbox 3360 3386 3487 3439; x_wconf 88' lang='lat' dir='ltr'><strong>quas</strong></span> 
     </span>
    </p>
   </div>
   <div class='ocr_carea' id='block_1_79' title="bbox 1899 3463 3487 3536">
    <p class='ocr_par' dir='ltr' id='par_1_79' title="bbox 1899 3463 3487 3536">
     <span class='ocr_line' id='line_1_79' title="bbox 1899 3463 3487 3536; baseline -0.001 -15"><span class='ocrx_word' id='word_1_617' title='bbox 1899 3467 2153 3521; x_wconf 86' lang='lat' dir='ltr'><strong>Dominus</strong></span> <span class='ocrx_word' id='word_1_618' title='bbox 2186 3466 2389 3534; x_wconf 84' lang='lat' dir='ltr'><strong>impleri</strong></span> <span class='ocrx_word' id='word_1_619' title='bbox 2432 3465 2593 3536; x_wconf 85' lang='lat' dir='ltr'><strong>jussit</strong></span> <span class='ocrx_word' id='word_1_620' title='bbox 2617 3480 2776 3535; x_wconf 87' lang='lat' dir='ltr'><strong>aqua,</strong></span> <span class='ocrx_word' id='word_1_621' title='bbox 2827 3472 2879 3517; x_wconf 91' lang='lat' dir='ltr'><strong>et</strong></span> <span class='ocrx_word' id='word_1_622' title='bbox 2906 3463 2957 3517; x_wconf 92' lang='lat' dir='ltr'><strong>in</strong></span> <span class='ocrx_word' id='word_1_623' title='bbox 2988 3463 3053 3517; x_wconf 90' lang='lat' dir='ltr'><strong>iis</strong></span> <span class='ocrx_word' id='word_1_624' title='bbox 3078 3480 3211 3533; x_wconf 89' lang='lat' dir='ltr'><strong>aqua</strong></span> <span class='ocrx_word' id='word_1_625' title='bbox 3243 3480 3487 3519; x_wconf 84' lang='lat' dir='ltr'><strong>conversa</strong></span> 
     </span>
    </p>
   </div>
   <div class='ocr_carea' id='block_1_80' title="bbox 1898 3555 3487 3628">
    <p class='ocr_par' dir='ltr' id='par_1_80' title="bbox 1898 3555 3487 3628">
     <span class='ocr_line' id='line_1_80' title="bbox 1898 3555 3487 3628; baseline 0 -15"><span class='ocrx_word' id='word_1_626' title='bbox 1898 3569 1968 3614; x_wconf 90' lang='lat' dir='ltr'><strong>est</strong></span> <span class='ocrx_word' id='word_1_627' title='bbox 1999 3561 2051 3612; x_wconf 91' lang='lat' dir='ltr'><strong>in</strong></span> <span class='ocrx_word' id='word_1_628' title='bbox 2088 3560 2257 3612; x_wconf 89' lang='lat' dir='ltr'><strong>vinum</strong></span> <span class='ocrx_word' id='word_1_629' title='bbox 2283 3556 2460 3628; x_wconf 83' lang='lat' dir='ltr'><strong>(Joun.</strong></span> <span class='ocrx_word' id='word_1_630' title='bbox 2492 3572 2550 3621; x_wconf 89' lang='grc' dir='ltr'>ιι,</span> <span class='ocrx_word' id='word_1_631' title='bbox 2579 3556 2659 3627; x_wconf 87' lang='lat'><strong>6),</strong></span> <span class='ocrx_word' id='word_1_632' title='bbox 2694 3555 2878 3624; x_wconf 82' lang='lat' dir='ltr'><strong>utjam</strong></span> <span class='ocrx_word' id='word_1_633' title='bbox 2912 3555 3308 3613; x_wconf 79' lang='lat' dir='ltr'><strong>manifestatum</strong></span> <span class='ocrx_word' id='word_1_634' title='bbox 3331 3555 3487 3613; x_wconf 87' lang='lat' dir='ltr'><strong>Chri-</strong></span> 
     </span>
    </p>
   </div>
   <div class='ocr_carea' id='block_1_81' title="bbox 1901 3649 3485 3721">
    <p class='ocr_par' dir='ltr' id='par_1_81' title="bbox 1901 3649 3485 3721">
     <span class='ocr_line' id='line_1_81' title="bbox 1901 3649 3485 3721; baseline -0.001 -15"><span class='ocrx_word' id='word_1_635' title='bbox 1901 3661 2039 3706; x_wconf 83' lang='lat' dir='ltr'><strong>stum</strong></span> <span class='ocrx_word' id='word_1_636' title='bbox 2076 3653 2127 3705; x_wconf 92' lang='lat' dir='ltr'><strong>in</strong></span> <span class='ocrx_word' id='word_1_637' title='bbox 2160 3651 2277 3721; x_wconf 83' lang='lat' dir='ltr'><strong>lege</strong></span> <span class='ocrx_word' id='word_1_638' title='bbox 2306 3660 2358 3704; x_wconf 88' lang='lat' dir='ltr'><strong>et</strong></span> <span class='ocrx_word' id='word_1_639' title='bbox 2384 3649 2662 3720; x_wconf 86' lang='lat' dir='ltr'><strong>prophetis</strong></span> <span class='ocrx_word' id='word_1_640' title='bbox 2687 3649 3063 3721; x_wconf 88' lang='lat' dir='ltr'><strong>intelligamus.</strong></span> <span class='ocrx_word' id='word_1_641' title='bbox 3085 3649 3177 3704; x_wconf 87' lang='lat' dir='ltr'><strong>Illa</strong></span> <span class='ocrx_word' id='word_1_642' title='bbox 3199 3665 3327 3720; x_wconf 88' lang='lat' dir='ltr'><strong>ergo</strong></span> <span class='ocrx_word' id='word_1_643' title='bbox 3348 3659 3485 3707; x_wconf 86' lang='lat' dir='ltr'><strong>tem-</strong></span> 
     </span>
    </p>
   </div>
   <div class='ocr_carea' id='block_1_82' title="bbox 1898 3740 3485 3815">
    <p class='ocr_par' dir='ltr' id='par_1_82' title="bbox 1898 3740 3485 3815">
     <span class='ocr_line' id='line_1_82' title="bbox 1898 3740 3485 3815; baseline -0.001 -16"><span class='ocrx_word' id='word_1_644' title='bbox 1898 3760 2032 3815; x_wconf 84' lang='lat' dir='ltr'><strong>pora</strong></span> <span class='ocrx_word' id='word_1_645' title='bbox 2062 3760 2175 3810; x_wconf 84' lang='lat' dir='ltr'><strong>sex,</strong></span> <span class='ocrx_word' id='word_1_646' title='bbox 2206 3742 2360 3814; x_wconf 88' lang='lat' dir='ltr'><strong>quasi</strong></span> <span class='ocrx_word' id='word_1_647' title='bbox 2396 3757 2489 3812; x_wconf 88' lang='lat' dir='ltr'><strong>per</strong></span> <span class='ocrx_word' id='word_1_648' title='bbox 2510 3742 2765 3795; x_wconf 88' lang='lat' dir='ltr'><strong>articulos</strong></span> <span class='ocrx_word' id='word_1_649' title='bbox 2794 3740 3077 3796; x_wconf 86' lang='lat' dir='ltr'><strong>distributa</strong></span> <span class='ocrx_word' id='word_1_650' title='bbox 3104 3750 3268 3811; x_wconf 87' lang='lat' dir='ltr'><strong>atque</strong></span> <span class='ocrx_word' id='word_1_651' title='bbox 3289 3741 3485 3798; x_wconf 86' lang='lat' dir='ltr'><strong>distin-</strong></span> 
     </span>
    </p>
   </div>
   <div class='ocr_carea' id='block_1_83' title="bbox 1893 3833 3457 3909">
    <p class='ocr_par' dir='ltr' id='par_1_83' title="bbox 1893 3833 3457 3909">
     <span class='ocr_line' id='line_1_83' title="bbox 1893 3833 3457 3909; baseline -0.003 -16"><span class='ocrx_word' id='word_1_652' title='bbox 1893 3848 2001 3904; x_wconf 88' lang='lat' dir='ltr'><strong>cta,</strong></span> <span class='ocrx_word' id='word_1_653' title='bbox 2035 3838 2187 3909; x_wconf 88' lang='lat' dir='ltr'><strong>quasi</strong></span> <span class='ocrx_word' id='word_1_654' title='bbox 2221 3850 2343 3891; x_wconf 83' lang='lat' dir='ltr'><strong>vasa</strong></span> <span class='ocrx_word' id='word_1_655' title='bbox 2376 3843 2558 3891; x_wconf 76' lang='lat' dir='ltr'><strong>essent</strong></span> <span class='ocrx_word' id='word_1_656' title='bbox 2584 3834 2761 3889; x_wconf 85' lang='lat' dir='ltr'><strong>inania</strong></span> <span class='ocrx_word' id='word_1_657' title='bbox 2784 3876 2797 3899; x_wconf 93' lang='lat'><strong>,</strong></span> <span class='ocrx_word' id='word_1_658' title='bbox 2840 3834 2944 3888; x_wconf 93' lang='lat' dir='ltr'><strong>nisi</strong></span> <span class='ocrx_word' id='word_1_659' title='bbox 2974 3848 3004 3888; x_wconf 85' lang='lat' dir='ltr'><strong>a</strong></span> <span class='ocrx_word' id='word_1_660' title='bbox 3034 3833 3250 3889; x_wconf 88' lang='lat' dir='ltr'><strong>Christo</strong></span> <span class='ocrx_word' id='word_1_661' title='bbox 3293 3834 3457 3905; x_wconf 90' lang='lat' dir='ltr'><strong>imple</strong></span> 
     </span>
    </p>
   </div>
   <div class='ocr_carea' id='block_1_84' title="bbox 1892 3923 3480 3997">
    <p class='ocr_par' dir='ltr' id='par_1_84' title="bbox 1892 3923 3480 3997">
     <span class='ocr_line' id='line_1_84' title="bbox 1892 3923 3480 3997; baseline -0.001 -13"><span class='ocrx_word' id='word_1_662' title='bbox 1892 3938 2101 3985; x_wconf 85' lang='lat' dir='ltr'><strong>rentur.</strong></span> <span class='ocrx_word' id='word_1_663' title='bbox 2138 3928 2406 3997; x_wconf 87' lang='lat' dir='ltr'><strong>Tempora</strong></span> <span class='ocrx_word' id='word_1_664' title='bbox 2436 3926 2620 3995; x_wconf 84' lang='lat' dir='ltr'><strong>utique</strong></span> <span class='ocrx_word' id='word_1_665' title='bbox 2652 3924 2884 3979; x_wconf 88' lang='lat' dir='ltr'><strong>inaniter</strong></span> <span class='ocrx_word' id='word_1_666' title='bbox 2902 3923 3265 3995; x_wconf 66' lang='lat' dir='ltr'><strong>prteterirent,</strong></span> <span class='ocrx_word' id='word_1_667' title='bbox 3290 3926 3393 3980; x_wconf 90' lang='lat' dir='ltr'><strong>nisi</strong></span> <span class='ocrx_word' id='word_1_668' title='bbox 3424 3926 3480 3982; x_wconf 88' lang='lat' dir='ltr'><strong>in</strong></span> 
     </span>
    </p>
   </div>
   <div class='ocr_carea' id='block_1_85' title="bbox 1892 4018 3479 4090">
    <p class='ocr_par' dir='ltr' id='par_1_85' title="bbox 1892 4018 3479 4090">
     <span class='ocr_line' id='line_1_85' title="bbox 1892 4018 3479 4090; baseline -0.003 -9"><span class='ocrx_word' id='word_1_669' title='bbox 1892 4027 1971 4081; x_wconf 86' lang='lat' dir='ltr'><strong>eis</strong></span> <span class='ocrx_word' id='word_1_670' title='bbox 2002 4024 2259 4079; x_wconf 91' lang='lat' dir='ltr'><strong>Dominus</strong></span> <span class='ocrx_word' id='word_1_671' title='bbox 2296 4022 2453 4079; x_wconf 84' lang='lat' dir='ltr'><strong>Jesns</strong></span> <span class='ocrx_word' id='word_1_672' title='bbox 2497 4020 2745 4076; x_wconf 89' lang='lat' dir='ltr'><strong>Christus</strong></span> <span class='ocrx_word' id='word_1_673' title='bbox 2779 4018 3182 4089; x_wconf 63' lang='lat' dir='ltr'><strong>praedicaretur.</strong></span> <span class='ocrx_word' id='word_1_674' title='bbox 3238 4019 3479 4090; x_wconf 72' lang='lat' dir='ltr'><strong>lmplette</strong></span> 
     </span>
    </p>
   </div>
   <div class='ocr_carea' id='block_1_86' title="bbox 1892 4112 3477 4189">
    <p class='ocr_par' dir='ltr' id='par_1_86' title="bbox 1892 4112 3477 4189">
     <span class='ocr_line' id='line_1_86' title="bbox 1892 4112 3477 4189; baseline -0.01 -14"><span class='ocrx_word' id='word_1_675' title='bbox 1892 4129 2019 4175; x_wconf 88' lang='lat' dir='ltr'><strong>sunt</strong></span> <span class='ocrx_word' id='word_1_676' title='bbox 2050 4119 2209 4189; x_wconf 87' lang='lat' dir='ltr'><strong>igitur</strong></span> <span class='ocrx_word' id='word_1_677' title='bbox 2242 4117 2471 4188; x_wconf 82' lang='lat' dir='ltr'><strong>hydriae,</strong></span> <span class='ocrx_word' id='word_1_678' title='bbox 2497 4113 2550 4169; x_wconf 93' lang='lat' dir='ltr'><strong>id</strong></span> <span class='ocrx_word' id='word_1_679' title='bbox 2584 4122 2691 4180; x_wconf 91' lang='lat' dir='ltr'><strong>est,</strong></span> <span class='ocrx_word' id='word_1_680' title='bbox 2736 4112 3044 4183; x_wconf 87' lang='lat' dir='ltr'><strong>adimpletae</strong></span> <span class='ocrx_word' id='word_1_681' title='bbox 3095 4112 3477 4184; x_wconf 83' lang='lat' dir='ltr'><strong>suntprophe.</strong></span> 
     </span>
    </p>
   </div>
   <div class='ocr_carea' id='block_1_87' title="bbox 1887 4215 1999 4269">
    <p class='ocr_par' dir='ltr' id='par_1_87' title="bbox 1887 4215 1999 4269">
     <span class='ocr_line' id='line_1_87' title="bbox 1887 4215 1999 4269; baseline -0.018 0"><span class='ocrx_word' id='word_1_682' title='bbox 1887 4215 1999 4269; x_wconf 73' lang='lat' dir='ltr'><strong>tire.</strong></span> 
     </span>
    </p>
   </div>
   <div class='ocr_carea' id='block_1_88' title="bbox 1962 4299 3477 4372">
    <p class='ocr_par' dir='ltr' id='par_1_88' title="bbox 1962 4299 3477 4372">
     <span class='ocr_line' id='line_1_88' title="bbox 1962 4299 3477 4372; baseline -0.002 -10"><span class='ocrx_word' id='word_1_683' title='bbox 1962 4306 2073 4363; x_wconf 84' lang='lat' dir='ltr'><strong>VII.</strong></span> <span class='ocrx_word' id='word_1_684' title='bbox 2115 4304 2196 4360; x_wconf 87' lang='lat' dir='ltr'><strong>Ad</strong></span> <span class='ocrx_word' id='word_1_685' title='bbox 2223 4304 2366 4359; x_wconf 90' lang='lat' dir='ltr'><strong>diem</strong></span> <span class='ocrx_word' id='word_1_686' title='bbox 2397 4302 2705 4372; x_wconf 83' lang='lat' dir='ltr'><strong>septimum,</strong></span> <span class='ocrx_word' id='word_1_687' title='bbox 2729 4301 2782 4355; x_wconf 89' lang='lat' dir='ltr'><strong>in</strong></span> <span class='ocrx_word' id='word_1_688' title='bbox 2815 4315 2921 4371; x_wconf 92' lang='lat' dir='ltr'><strong>quo</strong></span> <span class='ocrx_word' id='word_1_689' title='bbox 2945 4299 3199 4371; x_wconf 81' lang='lat' dir='ltr'><strong>perlectis</strong></span> <span class='ocrx_word' id='word_1_690' title='bbox 3226 4301 3477 4359; x_wconf 84' lang='lat' dir='ltr'><strong>omnibus</strong></span> 
     </span>
    </p>
   </div>
   <div class='ocr_carea' id='block_1_89' title="bbox 1892 4392 3475 4465">
    <p class='ocr_par' dir='ltr' id='par_1_89' title="bbox 1892 4392 3475 4465">
     <span class='ocr_line' id='line_1_89' title="bbox 1892 4392 3475 4465; baseline -0.004 -9"><span class='ocrx_word' id='word_1_691' title='bbox 1892 4399 2151 4456; x_wconf 89' lang='lat' dir='ltr'><strong>Dominus</strong></span> <span class='ocrx_word' id='word_1_692' title='bbox 2179 4396 2465 4465; x_wconf 90' lang='lat' dir='ltr'><strong>requievit.</strong></span> <span class='ocrx_word' id='word_1_693' title='bbox 2497 4394 2555 4449; x_wconf 93' lang='lat' dir='ltr'><strong>In</strong></span> <span class='ocrx_word' id='word_1_694' title='bbox 2583 4392 2781 4449; x_wconf 89' lang='lat' dir='ltr'><strong>Genes.</strong></span> <span class='ocrx_word' id='word_1_695' title='bbox 2821 4410 2832 4445; x_wconf 90' lang='lat'><strong>:</strong></span> <span class='ocrx_word' id='word_1_696' title='bbox 2865 4392 2933 4447; x_wconf 88' lang='lat' dir='ltr'><strong>Et</strong></span> <span class='ocrx_word' id='word_1_697' title='bbox 2955 4394 3198 4465; x_wconf 85' lang='lat' dir='ltr'><strong>requievit</strong></span> <span class='ocrx_word' id='word_1_698' title='bbox 3220 4394 3359 4449; x_wconf 86' lang='lat' dir='ltr'><strong>Deus</strong></span> <span class='ocrx_word' id='word_1_699' title='bbox 3390 4396 3475 4451; x_wconf 78' lang='lat' dir='ltr'><strong>die</strong></span> 
     </span>
    </p>
   </div>
   <div class='ocr_carea' id='block_1_90' title="bbox 1888 4485 3476 4566">
    <p class='ocr_par' dir='ltr' id='par_1_90' title="bbox 1888 4485 3476 4566">
     <span class='ocr_line' id='line_1_90' title="bbox 1888 4485 3476 4566; baseline -0.004 -17"><span class='ocrx_word' id='word_1_700' title='bbox 1888 4495 2103 4566; x_wconf 86' lang='lat' dir='ltr'><strong>septimo</strong></span> <span class='ocrx_word' id='word_1_701' title='bbox 2136 4494 2198 4546; x_wconf 90' lang='lat' dir='ltr'><strong>ab</strong></span> <span class='ocrx_word' id='word_1_702' title='bbox 2229 4491 2369 4545; x_wconf 90' lang='lat' dir='ltr'><strong>omni</strong></span> <span class='ocrx_word' id='word_1_703' title='bbox 2395 4504 2547 4558; x_wconf 87' lang='lat' dir='ltr'><strong>opere</strong></span> <span class='ocrx_word' id='word_1_704' title='bbox 2568 4488 2705 4559; x_wconf 91' lang='lat' dir='ltr'><strong>quod</strong></span> <span class='ocrx_word' id='word_1_705' title='bbox 2737 4496 2969 4558; x_wconf 87' lang='lat' dir='ltr'><strong>patrarat</strong></span> <span class='ocrx_word' id='word_1_706' title='bbox 2999 4485 3151 4561; x_wconf 85' lang='lat' dir='ltr'><strong>(Gen.</strong></span> <span class='ocrx_word' id='word_1_707' title='bbox 3175 4504 3236 4554; x_wconf 89' lang='lat' dir='ltr'><strong>tt,</strong></span> <span class='ocrx_word' id='word_1_708' title='bbox 3260 4487 3336 4562; x_wconf 81' lang='grc'><strong>2).</strong></span> <span class='ocrx_word' id='word_1_709' title='bbox 3367 4488 3476 4546; x_wconf 82' lang='lat' dir='ltr'><strong>Nu-</strong></span> 
     </span>
    </p>
   </div>
   <div class='ocr_carea' id='block_1_91' title="bbox 256 4559 3474 4669">
    <p class='ocr_par' dir='ltr' id='par_1_91' title="bbox 256 4559 3474 4669">
     <span class='ocr_line' id='line_1_91' title="bbox 256 4559 3474 4669; baseline -0.008 -2"><span class='ocrx_word' id='word_1_710' title='bbox 256 4612 407 4667; x_wconf 85' lang='lat' dir='ltr'><strong>Sane</strong></span> <span class='ocrx_word' id='word_1_711' title='bbox 440 4608 657 4664; x_wconf 85' lang='lat' dir='ltr'><strong>tandem</strong></span> <span class='ocrx_word' id='word_1_712' title='bbox 709 4606 791 4660; x_wconf 88' lang='lat' dir='ltr'><strong>bis</strong></span> <span class='ocrx_word' id='word_1_713' title='bbox 822 4604 1131 4659; x_wconf 89' lang='lat' dir='ltr'><strong>nominibus</strong></span> <span class='ocrx_word' id='word_1_714' title='bbox 1175 4602 1437 4659; x_wconf 87' lang='lat' dir='ltr'><strong>absolutis</strong></span> <span class='ocrx_word' id='word_1_715' title='bbox 1457 4640 1473 4669; x_wconf 87' lang='lat'><strong>,</strong></span> <span class='ocrx_word' id='word_1_716' title='bbox 1520 4617 1779 4660; x_wconf 89' lang='lat' dir='ltr'><strong>numeros</strong></span> <span class='ocrx_word' id='word_1_717' title='bbox 1805 4559 1860 4620; x_wconf 62' lang='grc' dir='ltr'><strong>Β</strong></span> <span class='ocrx_word' id='word_1_718' title='bbox 1888 4606 2072 4649; x_wconf 87' lang='lat' dir='ltr'><strong>merus</strong></span> <span class='ocrx_word' id='word_1_719' title='bbox 2102 4590 2146 4644; x_wconf 92' lang='lat' dir='ltr'><strong>is</strong></span> <span class='ocrx_word' id='word_1_720' title='bbox 2175 4588 2426 4643; x_wconf 62' lang='lat' dir='ltr'><strong>humanae</strong></span> <span class='ocrx_word' id='word_1_721' title='bbox 2449 4582 2676 4640; x_wconf 89' lang='lat' dir='ltr'><strong>rationis</strong></span> <span class='ocrx_word' id='word_1_722' title='bbox 2701 4598 2863 4638; x_wconf 89' lang='lat' dir='ltr'><strong>causa</strong></span> <span class='ocrx_word' id='word_1_723' title='bbox 2891 4598 3152 4639; x_wconf 89' lang='lat' dir='ltr'><strong>summam</strong></span> <span class='ocrx_word' id='word_1_724' title='bbox 3183 4585 3474 4657; x_wconf 79' lang='lat' dir='ltr'><strong>perlectio~</strong></span> 
     </span>
    </p>
   </div>
   <div class='ocr_carea' id='block_1_92' title="bbox 183 4699 1778 4779">
    <p class='ocr_par' dir='ltr' id='par_1_92' title="bbox 183 4699 1778 4779">
     <span class='ocr_line' id='line_1_92' title="bbox 183 4699 1778 4779; baseline -0.005 -16"><span class='ocrx_word' id='word_1_725' title='bbox 183 4721 407 4779; x_wconf 86' lang='lat' dir='ltr'><strong>quoque</strong></span> <span class='ocrx_word' id='word_1_726' title='bbox 436 4703 674 4760; x_wconf 83' lang='lat' dir='ltr'><strong>breviter</strong></span> <span class='ocrx_word' id='word_1_727' title='bbox 714 4701 1042 4773; x_wconf 80' lang='lat' dir='ltr'><strong>digeremus,</strong></span> <span class='ocrx_word' id='word_1_728' title='bbox 1067 4713 1201 4769; x_wconf 87' lang='lat' dir='ltr'><strong>quos</strong></span> <span class='ocrx_word' id='word_1_729' title='bbox 1240 4699 1465 4769; x_wconf 88' lang='lat' dir='ltr'><strong>mystica</strong></span> <span class='ocrx_word' id='word_1_730' title='bbox 1502 4699 1778 4770; x_wconf 81' lang='lat' dir='ltr'><strong>exemplo-</strong></span> 
     </span>
    </p>
   </div>
   <div class='ocr_carea' id='block_1_93' title="bbox 180 4791 1382 4860">
    <p class='ocr_par' dir='ltr' id='par_1_93' title="bbox 180 4791 1382 4860">
     <span class='ocr_line' id='line_1_93' title="bbox 180 4791 1382 4860; baseline -0.011 -2"><span class='ocrx_word' id='word_1_731' title='bbox 180 4817 310 4860; x_wconf 89' lang='lat' dir='ltr'><strong>rum</strong></span> <span class='ocrx_word' id='word_1_732' title='bbox 332 4798 472 4856; x_wconf 85' lang='lat' dir='ltr'><strong>ratio</strong></span> <span class='ocrx_word' id='word_1_733' title='bbox 499 4797 638 4853; x_wconf 91' lang='lat' dir='ltr'><strong>inter</strong></span> <span class='ocrx_word' id='word_1_734' title='bbox 669 4809 853 4850; x_wconf 87' lang='lat' dir='ltr'><strong>sacros</strong></span> <span class='ocrx_word' id='word_1_735' title='bbox 882 4792 1209 4849; x_wconf 87' lang='lat' dir='ltr'><strong>eelebriores</strong></span> <span class='ocrx_word' id='word_1_736' title='bbox 1236 4791 1382 4846; x_wconf 79' lang='lat' dir='ltr'><strong>fecit.</strong></span> 
     </span>
    </p>
   </div>
   <div class='ocr_carea' id='block_1_94' title="bbox 252 4882 1774 4947">
    <p class='ocr_par' dir='ltr' id='par_1_94' title="bbox 252 4882 1774 4947">
     <span class='ocr_line' id='line_1_94' title="bbox 252 4882 1774 4947; baseline -0.004 -1"><span class='ocrx_word' id='word_1_737' title='bbox 252 4894 299 4947; x_wconf 94' lang='lat' dir='ltr'><strong>I.</strong></span> <span class='ocrx_word' id='word_1_738' title='bbox 333 4892 437 4946; x_wconf 85' lang='lat' dir='ltr'><strong>Hic</strong></span> <span class='ocrx_word' id='word_1_739' title='bbox 458 4904 717 4944; x_wconf 90' lang='lat' dir='ltr'><strong>numerus</strong></span> <span class='ocrx_word' id='word_1_740' title='bbox 742 4887 807 4940; x_wconf 92' lang='lat' dir='ltr'><strong>ad</strong></span> <span class='ocrx_word' id='word_1_741' title='bbox 838 4885 1093 4939; x_wconf 92' lang='lat' dir='ltr'><strong>unitatem</strong></span> <span class='ocrx_word' id='word_1_742' title='bbox 1124 4884 1350 4939; x_wconf 86' lang='lat' dir='ltr'><strong>Deitatis</strong></span> <span class='ocrx_word' id='word_1_743' title='bbox 1390 4882 1623 4938; x_wconf 79' lang='lat' dir='ltr'><strong>refertur</strong></span> <span class='ocrx_word' id='word_1_744' title='bbox 1653 4902 1665 4937; x_wconf 88' lang='lat'><strong>:</strong></span> <span class='ocrx_word' id='word_1_745' title='bbox 1718 4885 1774 4940; x_wconf 91' lang='lat' dir='ltr'><strong>in</strong></span> 
     </span>
    </p>
   </div>
   <div class='ocr_carea' id='block_1_95' title="bbox 176 4974 1773 5045">
    <p class='ocr_par' dir='ltr' id='par_1_95' title="bbox 176 4974 1773 5045">
     <span class='ocr_line' id='line_1_95' title="bbox 176 4974 1773 5045; baseline -0.007 -3"><span class='ocrx_word' id='word_1_746' title='bbox 176 4984 554 5044; x_wconf 87' lang='lat' dir='ltr'><strong>Pentateucho</strong></span> <span class='ocrx_word' id='word_1_747' title='bbox 581 5000 592 5033; x_wconf 90' lang='lat'>:</span> <span class='ocrx_word' id='word_1_748' title='bbox 622 4980 780 5045; x_wconf 83' lang='lat' dir='ltr'><strong>Audi,</strong></span> <span class='ocrx_word' id='word_1_749' title='bbox 814 4976 1001 5045; x_wconf 87' lang='lat' dir='ltr'><strong>Israel,</strong></span> <span class='ocrx_word' id='word_1_750' title='bbox 1030 4976 1283 5030; x_wconf 88' lang='lat' dir='ltr'><strong>Dominus</strong></span> <span class='ocrx_word' id='word_1_751' title='bbox 1317 4974 1454 5029; x_wconf 87' lang='lat' dir='ltr'><strong>Deus</strong></span> <span class='ocrx_word' id='word_1_752' title='bbox 1494 4986 1611 5030; x_wconf 90' lang='lat' dir='ltr'><strong>tuus</strong></span> <span class='ocrx_word' id='word_1_753' title='bbox 1641 4993 1773 5031; x_wconf 90' lang='lat' dir='ltr'><strong>unus</strong></span> 
     </span>
    </p>
   </div>
   <div class='ocr_carea' id='block_1_96' title="bbox 175 5068 1772 5151">
    <p class='ocr_par' dir='ltr' id='par_1_96' title="bbox 175 5068 1772 5151">
     <span class='ocr_line' id='line_1_96' title="bbox 175 5068 1772 5151; baseline -0.008 -16"><span class='ocrx_word' id='word_1_754' title='bbox 175 5090 254 5136; x_wconf 85' lang='lat' dir='ltr'><strong>est</strong></span> <span class='ocrx_word' id='word_1_755' title='bbox 292 5077 476 5151; x_wconf 89' lang='lat' dir='ltr'><strong>(Deut.</strong></span> <span class='ocrx_word' id='word_1_756' title='bbox 508 5092 581 5142; x_wconf 86' lang='lat' dir='ltr'><strong>vt,</strong></span> <span class='ocrx_word' id='word_1_757' title='bbox 610 5073 689 5145; x_wconf 64' lang='grc' dir='ltr'><strong>ὀ).</strong></span> <span class='ocrx_word' id='word_1_758' title='bbox 715 5074 785 5128; x_wconf 84' lang='grc' dir='ltr'>Ει</span> <span class='ocrx_word' id='word_1_759' title='bbox 824 5070 1120 5143; x_wconf 80' lang='lat' dir='ltr'><strong>Apostolus</strong></span> <span class='ocrx_word' id='word_1_760' title='bbox 1153 5086 1164 5123; x_wconf 90' lang='lat'><strong>:</strong></span> <span class='ocrx_word' id='word_1_761' title='bbox 1200 5068 1346 5125; x_wconf 86' lang='lat' dir='ltr'><strong>Unus</strong></span> <span class='ocrx_word' id='word_1_762' title='bbox 1376 5068 1536 5139; x_wconf 88' lang='lat' dir='ltr'><strong>Deus,</strong></span> <span class='ocrx_word' id='word_1_763' title='bbox 1581 5088 1685 5123; x_wconf 91' lang='lat' dir='ltr'><strong>una</strong></span> <span class='ocrx_word' id='word_1_764' title='bbox 1710 5072 1772 5140; x_wconf 74' lang='lat' dir='ltr'><strong>ﬁ-</strong></span> 
     </span>
    </p>
   </div>
   <div class='ocr_carea' id='block_1_97' title="bbox 174 5162 1773 5240">
    <p class='ocr_par' dir='ltr' id='par_1_97' title="bbox 174 5162 1773 5240">
     <span class='ocr_line' id='line_1_97' title="bbox 174 5162 1773 5240; baseline -0.006 -12"><span class='ocrx_word' id='word_1_765' title='bbox 174 5176 294 5238; x_wconf 86' lang='lat' dir='ltr'><strong>des,</strong></span> <span class='ocrx_word' id='word_1_766' title='bbox 329 5187 493 5225; x_wconf 84' lang='lat' dir='ltr'><strong>unum</strong></span> <span class='ocrx_word' id='word_1_767' title='bbox 514 5168 767 5240; x_wconf 86' lang='lat' dir='ltr'><strong>baptisma</strong></span> <span class='ocrx_word' id='word_1_768' title='bbox 800 5164 1015 5237; x_wconf 73' lang='lat' dir='ltr'><strong>(Ephrs.</strong></span> <span class='ocrx_word' id='word_1_769' title='bbox 1050 5179 1125 5229; x_wconf 87' lang='lat' dir='ltr'><strong>tv,</strong></span> <span class='ocrx_word' id='word_1_770' title='bbox 1155 5163 1233 5233; x_wconf 87' lang='lat'><strong>5).</strong></span> <span class='ocrx_word' id='word_1_771' title='bbox 1268 5163 1335 5217; x_wconf 86' lang='lat' dir='ltr'><strong>Et</strong></span> <span class='ocrx_word' id='word_1_772' title='bbox 1361 5177 1485 5218; x_wconf 87' lang='lat' dir='ltr'><strong>arca</strong></span> <span class='ocrx_word' id='word_1_773' title='bbox 1510 5162 1643 5229; x_wconf 83' lang='lat' dir='ltr'><strong>Noe,</strong></span> <span class='ocrx_word' id='word_1_774' title='bbox 1670 5178 1773 5233; x_wconf 81' lang='lat' dir='ltr'><strong>qua</strong></span> 
     </span>
    </p>
   </div>
   <div class='ocr_carea' id='block_1_98' title="bbox 174 5254 1774 5329">
    <p class='ocr_par' dir='ltr' id='par_1_98' title="bbox 174 5254 1774 5329">
     <span class='ocr_line' id='line_1_98' title="bbox 174 5254 1774 5329; baseline -0.01 -6"><span class='ocrx_word' id='word_1_775' title='bbox 174 5274 372 5322; x_wconf 87' lang='lat' dir='ltr'><strong>sancta</strong></span> <span class='ocrx_word' id='word_1_776' title='bbox 410 5263 648 5319; x_wconf 87' lang='lat' dir='ltr'><strong>Ecclesia</strong></span> <span class='ocrx_word' id='word_1_777' title='bbox 676 5260 1012 5329; x_wconf 87' lang='lat' dir='ltr'><strong>designatur,</strong></span> <span class='ocrx_word' id='word_1_778' title='bbox 1045 5258 1098 5310; x_wconf 91' lang='lat' dir='ltr'><strong>in</strong></span> <span class='ocrx_word' id='word_1_779' title='bbox 1124 5272 1226 5309; x_wconf 89' lang='lat' dir='ltr'><strong>uno</strong></span> <span class='ocrx_word' id='word_1_780' title='bbox 1256 5254 1425 5309; x_wconf 89' lang='lat' dir='ltr'><strong>cubito</strong></span> <span class='ocrx_word' id='word_1_781' title='bbox 1451 5270 1774 5309; x_wconf 85' lang='lat' dir='ltr'><strong>consumma-</strong></span> 
     </span>
    </p>
   </div>
   <div class='ocr_carea' id='block_1_99' title="bbox 176 5348 1771 5434">
    <p class='ocr_par' dir='ltr' id='par_1_99' title="bbox 176 5348 1771 5434">
     <span class='ocr_line' id='line_1_99' title="bbox 176 5348 1771 5434; baseline -0.008 -18"><span class='ocrx_word' id='word_1_782' title='bbox 176 5370 271 5416; x_wconf 80' lang='lat' dir='ltr'><strong>tur</strong></span> <span class='ocrx_word' id='word_1_783' title='bbox 302 5359 459 5434; x_wconf 85' lang='lat' dir='ltr'><strong>(Gen.</strong></span> <span class='ocrx_word' id='word_1_784' title='bbox 488 5375 563 5425; x_wconf 77' lang='lat' dir='ltr'><strong>vi,</strong></span> <span class='ocrx_word' id='word_1_785' title='bbox 606 5354 721 5427; x_wconf 87' lang='grc'><strong>16),</strong></span> <span class='ocrx_word' id='word_1_786' title='bbox 745 5356 867 5424; x_wconf 89' lang='lat' dir='ltr'><strong>quia</strong></span> <span class='ocrx_word' id='word_1_787' title='bbox 901 5355 955 5407; x_wconf 88' lang='lat' dir='ltr'><strong>in</strong></span> <span class='ocrx_word' id='word_1_788' title='bbox 986 5352 1148 5407; x_wconf 90' lang='lat' dir='ltr'><strong>unius</strong></span> <span class='ocrx_word' id='word_1_789' title='bbox 1177 5349 1275 5405; x_wconf 92' lang='lat' dir='ltr'><strong>Dei</strong></span> <span class='ocrx_word' id='word_1_790' title='bbox 1307 5348 1771 5419; x_wconf 88' lang='lat' dir='ltr'><strong>contemplatione</strong></span> 
     </span>
    </p>
   </div>
   <div class='ocr_carea' id='block_1_100' title="bbox 172 5450 897 5525">
    <p class='ocr_par' dir='ltr' id='par_1_100' title="bbox 172 5450 897 5525">
     <span class='ocr_line' id='line_1_100' title="bbox 172 5450 897 5525; baseline -0.008 -16"><span class='ocrx_word' id='word_1_791' title='bbox 172 5454 339 5525; x_wconf 80' lang='lat' dir='ltr'><strong>quies</strong></span> <span class='ocrx_word' id='word_1_792' title='bbox 368 5462 572 5508; x_wconf 65' lang='lat' dir='ltr'><strong>eterna</strong></span> <span class='ocrx_word' id='word_1_793' title='bbox 602 5450 897 5521; x_wconf 85' lang='lat' dir='ltr'><strong>perlicitur.</strong></span> 
     </span>
    </p>
   </div>
   <div class='ocr_carea' id='block_1_101' title="bbox 247 5534 1768 5607">
    <p class='ocr_par' dir='ltr' id='par_1_101' title="bbox 247 5534 1768 5607">
     <span class='ocr_line' id='line_1_101' title="bbox 247 5534 1768 5607; baseline -0.005 -8"><span class='ocrx_word' id='word_1_794' title='bbox 247 5545 320 5600; x_wconf 86' lang='grc' dir='ltr'>ιι.</span> <span class='ocrx_word' id='word_1_795' title='bbox 354 5545 434 5599; x_wconf 82' lang='lat' dir='ltr'><strong>Ad</strong></span> <span class='ocrx_word' id='word_1_796' title='bbox 464 5544 571 5599; x_wconf 89' lang='lat' dir='ltr'><strong>duo</strong></span> <span class='ocrx_word' id='word_1_797' title='bbox 596 5550 916 5598; x_wconf 89' lang='lat' dir='ltr'><strong>testamenta</strong></span> <span class='ocrx_word' id='word_1_798' title='bbox 949 5539 1145 5595; x_wconf 66' lang='lat' dir='ltr'><strong>divina:</strong></span> <span class='ocrx_word' id='word_1_799' title='bbox 1172 5535 1310 5607; x_wconf 88' lang='lat' dir='ltr'><strong>legis</strong></span> <span class='ocrx_word' id='word_1_800' title='bbox 1356 5534 1689 5602; x_wconf 80' lang='lat' dir='ltr'><strong>referuntur,</strong></span> <span class='ocrx_word' id='word_1_801' title='bbox 1715 5535 1768 5592; x_wconf 92' lang='lat' dir='ltr'><strong>in</strong></span> 
     </span>
    </p>
   </div>
   <div class='ocr_carea' id='block_1_102' title="bbox 168 5632 1769 5710">
    <p class='ocr_par' dir='ltr' id='par_1_102' title="bbox 168 5632 1769 5710">
     <span class='ocr_line' id='line_1_102' title="bbox 168 5632 1769 5710; baseline -0.007 -13"><span class='ocrx_word' id='word_1_802' title='bbox 168 5641 316 5710; x_wconf 76' lang='lat' dir='ltr'><strong>Reg.</strong></span> <span class='ocrx_word' id='word_1_803' title='bbox 334 5658 349 5693; x_wconf 91' lang='lat'><strong>:</strong></span> <span class='ocrx_word' id='word_1_804' title='bbox 370 5638 438 5692; x_wconf 85' lang='lat' dir='ltr'><strong>Et</strong></span> <span class='ocrx_word' id='word_1_805' title='bbox 467 5638 581 5708; x_wconf 79' lang='lat' dir='ltr'><strong>fecit</strong></span> <span class='ocrx_word' id='word_1_806' title='bbox 608 5639 660 5691; x_wconf 90' lang='lat' dir='ltr'><strong>in</strong></span> <span class='ocrx_word' id='word_1_807' title='bbox 682 5636 844 5691; x_wconf 89' lang='lat' dir='ltr'><strong>Dabir</strong></span> <span class='ocrx_word' id='word_1_808' title='bbox 866 5636 969 5689; x_wconf 88' lang='lat' dir='ltr'><strong>duo</strong></span> <span class='ocrx_word' id='word_1_809' title='bbox 996 5634 1253 5689; x_wconf 81' lang='lat' dir='ltr'><strong>Cherubin</strong></span> <span class='ocrx_word' id='word_1_810' title='bbox 1279 5634 1452 5688; x_wconf 79' lang='lat' dir='ltr'><strong>decem</strong></span> <span class='ocrx_word' id='word_1_811' title='bbox 1481 5632 1769 5687; x_wconf 87' lang='lat' dir='ltr'><strong>cubitorum</strong></span> 
     </span>
    </p>
   </div>
   <div class='ocr_carea' id='block_1_103' title="bbox 169 5723 1764 5804">
    <p class='ocr_par' dir='ltr' id='par_1_103' title="bbox 169 5723 1764 5804">
     <span class='ocr_line' id='line_1_103' title="bbox 169 5723 1764 5804; baseline -0.007 -15"><span class='ocrx_word' id='word_1_812' title='bbox 169 5732 535 5804; x_wconf 72' lang='lat' dir='ltr'><strong>magnitudine</strong></span> <span class='ocrx_word' id='word_1_813' title='bbox 565 5728 655 5801; x_wconf 92' lang='lat' dir='ltr'><strong>(Ill</strong></span> <span class='ocrx_word' id='word_1_814' title='bbox 689 5728 818 5800; x_wconf 85' lang='lat' dir='ltr'><strong>Reg.</strong></span> <span class='ocrx_word' id='word_1_815' title='bbox 849 5739 925 5795; x_wconf 84' lang='lat' dir='ltr'><strong>vt,</strong></span> <span class='ocrx_word' id='word_1_816' title='bbox 966 5727 1080 5797; x_wconf 74' lang='lat'><strong>23).</strong></span> <span class='ocrx_word' id='word_1_817' title='bbox 1125 5726 1243 5779; x_wconf 90' lang='lat' dir='ltr'><strong>Duo</strong></span> <span class='ocrx_word' id='word_1_818' title='bbox 1274 5733 1548 5795; x_wconf 61' lang='lat' dir='ltr'><strong>praecepta</strong></span> <span class='ocrx_word' id='word_1_819' title='bbox 1578 5723 1764 5779; x_wconf 87' lang='lat' dir='ltr'><strong>chari-</strong></span> 
     </span>
    </p>
   </div>
   <div class='ocr_carea' id='block_1_104' title="bbox 171 5819 1760 5893">
    <p class='ocr_par' dir='ltr' id='par_1_104' title="bbox 171 5819 1760 5893">
     <span class='ocr_line' id='line_1_104' title="bbox 171 5819 1760 5893; baseline -0.009 -6"><span class='ocrx_word' id='word_1_820' title='bbox 171 5827 331 5893; x_wconf 82' lang='lat' dir='ltr'><strong>tatis.</strong></span> <span class='ocrx_word' id='word_1_821' title='bbox 350 5826 547 5884; x_wconf 87' lang='lat' dir='ltr'><strong>amoris</strong></span> <span class='ocrx_word' id='word_1_822' title='bbox 572 5824 829 5882; x_wconf 85' lang='lat' dir='ltr'><strong>videlicet</strong></span> <span class='ocrx_word' id='word_1_823' title='bbox 853 5822 945 5878; x_wconf 90' lang='lat' dir='ltr'><strong>Dei</strong></span> <span class='ocrx_word' id='word_1_824' title='bbox 973 5830 1028 5877; x_wconf 90' lang='lat' dir='ltr'><strong>et</strong></span> <span class='ocrx_word' id='word_1_825' title='bbox 1074 5820 1325 5892; x_wconf 83' lang='lat' dir='ltr'><strong>proximi.</strong></span> <span class='ocrx_word' id='word_1_826' title='bbox 1363 5819 1482 5875; x_wconf 86' lang='lat' dir='ltr'><strong>Duo</strong></span> <span class='ocrx_word' id='word_1_827' title='bbox 1511 5820 1565 5875; x_wconf 88' lang='lat' dir='ltr'><strong>in</strong></span> <span class='ocrx_word' id='word_1_828' title='bbox 1595 5835 1721 5891; x_wconf 80' lang='lat' dir='ltr'><strong>agro</strong></span> <span class='ocrx_word' id='word_1_829' title='bbox 1743 5859 1760 5889; x_wconf 89' lang='lat'><strong>,</strong></span> 
     </span>
    </p>
   </div>
   <div class='ocr_carea' id='block_1_105' title="bbox 1888 4676 3475 4755">
    <p class='ocr_par' dir='ltr' id='par_1_105' title="bbox 1888 4676 3475 4755">
     <span class='ocr_line' id='line_1_105' title="bbox 1888 4676 3475 4755; baseline -0.001 -13"><span class='ocrx_word' id='word_1_830' title='bbox 1888 4702 2010 4742; x_wconf 88' lang='lat' dir='ltr'><strong>nem</strong></span> <span class='ocrx_word' id='word_1_831' title='bbox 2032 4683 2298 4755; x_wconf 81' lang='lat' dir='ltr'><strong>signiﬁcat</strong></span> <span class='ocrx_word' id='word_1_832' title='bbox 2321 4722 2337 4748; x_wconf 92' lang='lat'><strong>,</strong></span> <span class='ocrx_word' id='word_1_833' title='bbox 2370 4677 2493 4751; x_wconf 85' lang='lat' dir='ltr'><strong>quia</strong></span> <span class='ocrx_word' id='word_1_834' title='bbox 2528 4693 2595 4734; x_wconf 83' lang='lat' dir='ltr'><strong>ex</strong></span> <span class='ocrx_word' id='word_1_835' title='bbox 2629 4677 2802 4745; x_wconf 86' lang='lat' dir='ltr'><strong>primo</strong></span> <span class='ocrx_word' id='word_1_836' title='bbox 2826 4676 2941 4746; x_wconf 92' lang='lat' dir='ltr'><strong>pari</strong></span> <span class='ocrx_word' id='word_1_837' title='bbox 2972 4686 3025 4732; x_wconf 92' lang='lat' dir='ltr'><strong>ct</strong></span> <span class='ocrx_word' id='word_1_838' title='bbox 3065 4693 3131 4733; x_wconf 87' lang='lat' dir='ltr'><strong>ex</strong></span> <span class='ocrx_word' id='word_1_839' title='bbox 3163 4679 3338 4749; x_wconf 89' lang='lat' dir='ltr'><strong>primo</strong></span> <span class='ocrx_word' id='word_1_840' title='bbox 3374 4684 3475 4741; x_wconf 81' lang='lat' dir='ltr'><strong>im-</strong></span> 
     </span>
    </p>
   </div>
   <div class='ocr_carea' id='block_1_106' title="bbox 1887 4770 3472 4857">
    <p class='ocr_par' dir='ltr' id='par_1_106' title="bbox 1887 4770 3472 4857">
     <span class='ocr_line' id='line_1_106' title="bbox 1887 4770 3472 4857; baseline -0.003 -17"><span class='ocrx_word' id='word_1_841' title='bbox 1887 4784 2003 4857; x_wconf 85' lang='lat' dir='ltr'><strong>pari</strong></span> <span class='ocrx_word' id='word_1_842' title='bbox 2033 4786 2285 4837; x_wconf 83' lang='lat' dir='ltr'><strong>constat:</strong></span> <span class='ocrx_word' id='word_1_843' title='bbox 2342 4792 2409 4833; x_wconf 87' lang='lat' dir='ltr'><strong>ex</strong></span> <span class='ocrx_word' id='word_1_844' title='bbox 2438 4774 2614 4845; x_wconf 90' lang='lat' dir='ltr'><strong>primo</strong></span> <span class='ocrx_word' id='word_1_845' title='bbox 2643 4770 2908 4841; x_wconf 90' lang='lat' dir='ltr'><strong>siquidem</strong></span> <span class='ocrx_word' id='word_1_846' title='bbox 2939 4770 3031 4841; x_wconf 91' lang='lat' dir='ltr'><strong>qui</strong></span> <span class='ocrx_word' id='word_1_847' title='bbox 3061 4772 3227 4829; x_wconf 85' lang='lat' dir='ltr'><strong>dividi</strong></span> <span class='ocrx_word' id='word_1_848' title='bbox 3260 4786 3472 4849; x_wconf 88' lang='lat' dir='ltr'><strong>potest,</strong></span> 
     </span>
    </p>
   </div>
   <div class='ocr_carea' id='block_1_107' title="bbox 1884 4864 3471 4947">
    <p class='ocr_par' dir='ltr' id='par_1_107' title="bbox 1884 4864 3471 4947">
     <span class='ocr_line' id='line_1_107' title="bbox 1884 4864 3471 4947; baseline -0.013 -11"><span class='ocrx_word' id='word_1_849' title='bbox 1884 4888 1940 4936; x_wconf 89' lang='lat' dir='ltr'><strong>et</strong></span> <span class='ocrx_word' id='word_1_850' title='bbox 1960 4893 2025 4933; x_wconf 88' lang='lat' dir='ltr'><strong>ex</strong></span> <span class='ocrx_word' id='word_1_851' title='bbox 2051 4875 2226 4947; x_wconf 90' lang='lat' dir='ltr'><strong>primo</strong></span> <span class='ocrx_word' id='word_1_852' title='bbox 2254 4870 2344 4943; x_wconf 93' lang='lat' dir='ltr'><strong>qui</strong></span> <span class='ocrx_word' id='word_1_853' title='bbox 2375 4867 2540 4923; x_wconf 90' lang='lat' dir='ltr'><strong>dividi</strong></span> <span class='ocrx_word' id='word_1_854' title='bbox 2564 4880 2670 4921; x_wconf 91' lang='lat' dir='ltr'><strong>non</strong></span> <span class='ocrx_word' id='word_1_855' title='bbox 2701 4872 2899 4935; x_wconf 91' lang='lat' dir='ltr'><strong>potest.</strong></span> <span class='ocrx_word' id='word_1_856' title='bbox 2920 4864 3055 4922; x_wconf 83' lang='lat' dir='ltr'><strong>Hinc</strong></span> <span class='ocrx_word' id='word_1_857' title='bbox 3078 4864 3355 4939; x_wconf 68' lang='lat' dir='ltr'><strong>juhilaaus,</strong></span> <span class='ocrx_word' id='word_1_858' title='bbox 3377 4873 3471 4943; x_wconf 82' lang='lat' dir='ltr'><strong>qui</strong></span> 
     </span>
    </p>
   </div>
   <div class='ocr_carea' id='block_1_108' title="bbox 1886 4956 3469 5042">
    <p class='ocr_par' dir='ltr' id='par_1_108' title="bbox 1886 4956 3469 5042">
     <span class='ocr_line' id='line_1_108' title="bbox 1886 4956 3469 5042; baseline -0.008 -14"><span class='ocrx_word' id='word_1_859' title='bbox 1886 4971 2126 5042; x_wconf 79' lang='lat' dir='ltr'><strong>perlecta</strong></span> <span class='ocrx_word' id='word_1_860' title='bbox 2172 4962 2386 5032; x_wconf 87' lang='lat' dir='ltr'><strong>requies</strong></span> <span class='ocrx_word' id='word_1_861' title='bbox 2431 4956 2751 5029; x_wconf 86' lang='lat' dir='ltr'><strong>exprimitur</strong></span> <span class='ocrx_word' id='word_1_862' title='bbox 2780 4997 2797 5021; x_wconf 89' lang='lat'><strong>,</strong></span> <span class='ocrx_word' id='word_1_863' title='bbox 2858 4964 3066 5027; x_wconf 84' lang='lat' dir='ltr'><strong>septem</strong></span> <span class='ocrx_word' id='word_1_864' title='bbox 3115 4956 3469 5019; x_wconf 85' lang='lat' dir='ltr'><strong>hebdomadis</strong></span> 
     </span>
    </p>
   </div>
   <div class='ocr_carea' id='block_1_109' title="bbox 1880 5050 3469 5126">
    <p class='ocr_par' dir='ltr' id='par_1_109' title="bbox 1880 5050 3469 5126">
     <span class='ocr_line' id='line_1_109' title="bbox 1880 5050 3469 5126; baseline -0.009 -4"><span class='ocrx_word' id='word_1_865' title='bbox 1880 5071 2113 5122; x_wconf 88' lang='lat' dir='ltr'><strong>constat.</strong></span> <span class='ocrx_word' id='word_1_866' title='bbox 2148 5059 2283 5114; x_wconf 88' lang='lat' dir='ltr'><strong>IIinc</strong></span> <span class='ocrx_word' id='word_1_867' title='bbox 2310 5064 2502 5126; x_wconf 86' lang='lat' dir='ltr'><strong>septem</strong></span> <span class='ocrx_word' id='word_1_868' title='bbox 2529 5050 2770 5122; x_wconf 61' lang='lat' dir='ltr'><strong>spiritusf,</strong></span> <span class='ocrx_word' id='word_1_869' title='bbox 2797 5051 2882 5118; x_wconf 90' lang='lat' dir='ltr'><strong>qui</strong></span> <span class='ocrx_word' id='word_1_870' title='bbox 2936 5062 3053 5107; x_wconf 87' lang='lat' dir='ltr'><strong>sunt</strong></span> <span class='ocrx_word' id='word_1_871' title='bbox 3080 5063 3198 5109; x_wconf 90' lang='lat' dir='ltr'><strong>ante</strong></span> <span class='ocrx_word' id='word_1_872' title='bbox 3227 5054 3469 5113; x_wconf 78' lang='lat' dir='ltr'><strong>thronum</strong></span> 
     </span>
    </p>
   </div>
   <div class='ocr_carea' id='block_1_110' title="bbox 1878 5143 3468 5229">
    <p class='ocr_par' dir='ltr' id='par_1_110' title="bbox 1878 5143 3468 5229">
     <span class='ocr_line' id='line_1_110' title="bbox 1878 5143 3468 5229; baseline -0.008 -16"><span class='ocrx_word' id='word_1_873' title='bbox 1878 5158 1978 5213; x_wconf 88' lang='lat' dir='ltr'><strong>Dei</strong></span> <span class='ocrx_word' id='word_1_874' title='bbox 2000 5156 2182 5229; x_wconf 83' lang='lat' dir='ltr'><strong>(Apoc.</strong></span> <span class='ocrx_word' id='word_1_875' title='bbox 2217 5167 2256 5217; x_wconf 92' lang='grc' dir='ltr'><strong>ι,</strong></span> <span class='ocrx_word' id='word_1_876' title='bbox 2286 5150 2370 5219; x_wconf 72' lang='grc'><strong>4).</strong></span> <span class='ocrx_word' id='word_1_877' title='bbox 2405 5147 2472 5201; x_wconf 88' lang='lat' dir='ltr'><strong>Et</strong></span> <span class='ocrx_word' id='word_1_878' title='bbox 2525 5143 2893 5214; x_wconf 81' lang='lat' dir='ltr'><strong>septiformem</strong></span> <span class='ocrx_word' id='word_1_879' title='bbox 2949 5144 3177 5213; x_wconf 86' lang='lat' dir='ltr'><strong>gratiam</strong></span> <span class='ocrx_word' id='word_1_880' title='bbox 3228 5146 3468 5218; x_wconf 77' lang='lat' dir='ltr'><strong>Spiritus</strong></span> 
     </span>
    </p>
   </div>
   <div class='ocr_carea' id='block_1_111' title="bbox 1877 5236 3465 5315">
    <p class='ocr_par' dir='ltr' id='par_1_111' title="bbox 1877 5236 3465 5315">
     <span class='ocr_line' id='line_1_111' title="bbox 1877 5236 3465 5315; baseline -0.005 -10"><span class='ocrx_word' id='word_1_881' title='bbox 1877 5248 2049 5306; x_wconf 82' lang='lat' dir='ltr'><strong>sancti</strong></span> <span class='ocrx_word' id='word_1_882' title='bbox 2082 5242 2519 5315; x_wconf 81' lang='lat' dir='ltr'><strong>signiﬁcaverunt</strong></span> <span class='ocrx_word' id='word_1_883' title='bbox 2567 5248 2757 5309; x_wconf 89' lang='lat' dir='ltr'><strong>septem</strong></span> <span class='ocrx_word' id='word_1_884' title='bbox 2781 5242 2972 5306; x_wconf 88' lang='lat' dir='ltr'><strong>&#39;panes,</strong></span> <span class='ocrx_word' id='word_1_885' title='bbox 2999 5238 3189 5307; x_wconf 86' lang='lat' dir='ltr'><strong>quibus</strong></span> <span class='ocrx_word' id='word_1_886' title='bbox 3230 5236 3465 5297; x_wconf 85' lang='lat' dir='ltr'><strong>Christus</strong></span> 
     </span>
    </p>
   </div>
   <div class='ocr_carea' id='block_1_112' title="bbox 1874 5329 3282 5415">
    <p class='ocr_par' dir='ltr' id='par_1_112' title="bbox 1874 5329 3282 5415">
     <span class='ocr_line' id='line_1_112' title="bbox 1874 5329 3282 5415; baseline -0.008 -17"><span class='ocrx_word' id='word_1_887' title='bbox 1874 5352 2094 5415; x_wconf 90' lang='lat' dir='ltr'><strong>quatuor</strong></span> <span class='ocrx_word' id='word_1_888' title='bbox 2119 5337 2381 5392; x_wconf 88' lang='lat' dir='ltr'><strong>hominum</strong></span> <span class='ocrx_word' id='word_1_889' title='bbox 2409 5332 2575 5387; x_wconf 88' lang='lat' dir='ltr'><strong>millia</strong></span> <span class='ocrx_word' id='word_1_890' title='bbox 2595 5331 2796 5386; x_wconf 82' lang='lat' dir='ltr'><strong>satiavit</strong></span> <span class='ocrx_word' id='word_1_891' title='bbox 2819 5329 3033 5402; x_wconf 77' lang='lat' dir='ltr'><strong>(Matth.</strong></span> <span class='ocrx_word' id='word_1_892' title='bbox 3057 5346 3149 5395; x_wconf 83' lang='lat' dir='ltr'><strong>xv,</strong></span> <span class='ocrx_word' id='word_1_893' title='bbox 3168 5329 3282 5403; x_wconf 66' lang='grc'><strong>54).</strong></span> 
     </span>
    </p>
   </div>
   <div class='ocr_carea' id='block_1_113' title="bbox 1954 5421 3461 5497">
    <p class='ocr_par' dir='ltr' id='par_1_113' title="bbox 1954 5421 3461 5497">
     <span class='ocr_line' id='line_1_113' title="bbox 1954 5421 3461 5497; baseline -0.005 -8"><span class='ocrx_word' id='word_1_894' title='bbox 1954 5433 2091 5489; x_wconf 81' lang='lat' dir='ltr'><strong>VIII.</strong></span> <span class='ocrx_word' id='word_1_895' title='bbox 2119 5430 2202 5486; x_wconf 88' lang='lat' dir='ltr'><strong>Ad</strong></span> <span class='ocrx_word' id='word_1_896' title='bbox 2232 5429 2372 5484; x_wconf 89' lang='lat' dir='ltr'><strong>diem</strong></span> <span class='ocrx_word' id='word_1_897' title='bbox 2418 5425 2750 5482; x_wconf 90' lang='lat' dir='ltr'><strong>Dominicum</strong></span> <span class='ocrx_word' id='word_1_898' title='bbox 2780 5421 3225 5490; x_wconf 85' lang='lat' dir='ltr'><strong>resurrectionis,</strong></span> <span class='ocrx_word' id='word_1_899' title='bbox 3252 5422 3305 5479; x_wconf 90' lang='lat' dir='ltr'><strong>id</strong></span> <span class='ocrx_word' id='word_1_900' title='bbox 3334 5432 3418 5481; x_wconf 72' lang='lat' dir='ltr'><strong>est</strong></span> <span class='ocrx_word' id='word_1_901' title='bbox 3444 5469 3461 5497; x_wconf 86' lang='lat'><strong>,</strong></span> 
     </span>
    </p>
   </div>
   <div class='ocr_carea' id='block_1_114' title="bbox 1880 5515 3461 5592">
    <p class='ocr_par' dir='ltr' id='par_1_114' title="bbox 1880 5515 3461 5592">
     <span class='ocr_line' id='line_1_114' title="bbox 1880 5515 3461 5592; baseline -0.006 -7"><span class='ocrx_word' id='word_1_902' title='bbox 1880 5540 2153 5588; x_wconf 87' lang='lat' dir='ltr'><strong>octavum.</strong></span> <span class='ocrx_word' id='word_1_903' title='bbox 2186 5525 2244 5580; x_wconf 91' lang='lat' dir='ltr'><strong>In</strong></span> <span class='ocrx_word' id='word_1_904' title='bbox 2280 5522 2435 5577; x_wconf 90' lang='lat' dir='ltr'><strong>titulo</strong></span> <span class='ocrx_word' id='word_1_905' title='bbox 2476 5520 2703 5591; x_wconf 83' lang='lat' dir='ltr'><strong>psalmi,</strong></span> <span class='ocrx_word' id='word_1_906' title='bbox 2732 5515 2799 5571; x_wconf 85' lang='lat' dir='ltr'><strong>In</strong></span> <span class='ocrx_word' id='word_1_907' title='bbox 2825 5516 2981 5586; x_wconf 82' lang='lat' dir='ltr'><strong>ﬁnem</strong></span> <span class='ocrx_word' id='word_1_908' title='bbox 3005 5533 3102 5588; x_wconf 91' lang='lat' dir='ltr'><strong>pro</strong></span> <span class='ocrx_word' id='word_1_909' title='bbox 3132 5528 3312 5573; x_wconf 82' lang='lat' dir='ltr'><strong>octava</strong></span> <span class='ocrx_word' id='word_1_910' title='bbox 3340 5518 3461 5592; x_wconf 92' lang='lat' dir='ltr'><strong>(Ps.</strong></span> 
     </span>
    </p>
   </div>
   <div class='ocr_carea' id='block_1_115' title="bbox 1875 5622 3460 5779">
    <p class='ocr_par' dir='ltr' id='par_1_115' title="bbox 1875 5622 3460 5779">
     <span class='ocr_line' id='line_1_115' title="bbox 1875 5622 3460 5779; baseline -0.004 -7"><span class='ocrx_word' id='word_1_911' title='bbox 1875 5622 2155 5773; x_wconf 52' lang='grc' dir='ltr'><strong>Ἥ’1ὶὲοΔίὶ</strong></span> <span class='ocrx_word' id='word_1_912' title='bbox 2206 5717 2604 5768; x_wconf 84' lang='lat' dir='ltr'><strong>sacramentum</strong></span> <span class='ocrx_word' id='word_1_913' title='bbox 2649 5706 2796 5761; x_wconf 73' lang='lat' dir='ltr'><strong>hora:</strong></span> <span class='ocrx_word' id='word_1_914' title='bbox 2839 5719 3154 5779; x_wconf 73' lang='lat' dir='ltr'><strong>nonae,qua</strong></span> <span class='ocrx_word' id='word_1_915' title='bbox 3202 5706 3460 5767; x_wconf 91' lang='lat' dir='ltr'><strong>Dominus</strong></span> 
     </span>
    </p>
   </div>
   <div class='ocr_carea' id='block_1_116' title="bbox 1871 5798 3463 5886">
    <p class='ocr_par' dir='ltr' id='par_1_116' title="bbox 1871 5798 3463 5886">
     <span class='ocr_line' id='line_1_116' title="bbox 1871 5798 3463 5886; baseline -0.007 -14"><span class='ocrx_word' id='word_1_916' title='bbox 1871 5812 2121 5886; x_wconf 88' lang='lat' dir='ltr'><strong>spiritum</strong></span> <span class='ocrx_word' id='word_1_917' title='bbox 2150 5806 2349 5864; x_wconf 85' lang='lat' dir='ltr'><strong>emisit.</strong></span> <span class='ocrx_word' id='word_1_918' title='bbox 2382 5804 2440 5860; x_wconf 94' lang='lat' dir='ltr'><strong>In</strong></span> <span class='ocrx_word' id='word_1_919' title='bbox 2467 5799 2755 5872; x_wconf 86' lang='lat' dir='ltr'><strong>Evangelio</strong></span> <span class='ocrx_word' id='word_1_920' title='bbox 2780 5816 2794 5853; x_wconf 85' lang='lat'>:</span> <span class='ocrx_word' id='word_1_921' title='bbox 2820 5798 2891 5855; x_wconf 88' lang='lat' dir='ltr'><strong>Et</strong></span> <span class='ocrx_word' id='word_1_922' title='bbox 2911 5800 3048 5858; x_wconf 86' lang='lat' dir='ltr'><strong>circa</strong></span> <span class='ocrx_word' id='word_1_923' title='bbox 3070 5803 3252 5859; x_wconf 84' lang='lat' dir='ltr'><strong>horam</strong></span> <span class='ocrx_word' id='word_1_924' title='bbox 3270 5819 3463 5863; x_wconf 78' lang='lat' dir='ltr'><strong>nonam</strong></span> 
     </span>
    </p>
   </div>
  </div>
