4018 6338
596 417 695 478 'm
1579 411 1638 475 s.
1681 411 2007 473 EUCHERII
2043 403 2522 474 LUGDUNENSIS
2562 410 2870 469 EPISCUP!
3727 424 3804 490 in

593 538 831 594 clamavit
858 535 1010 594 Iesus
1031 552 1153 592 voce
1178 551 1365 607 magna
1394 533 1612 605 (Matth.
1637 548 1804 601 xxv“,
1828 532 1944 602 46).
1972 533 2110 589 Sunt
2129 539 2185 587 et
2211 537 2263 598 Α
2363 530 2478 588 XL.
2510 530 2592 586 Ad
2645 527 3072 600 quadragesima)
3127 537 3541 589 sacramentum.
3569 533 3622 589 ln
3659 535 3803 598 Enn.

597 647 788 688 novem
823 630 1042 687 nomina
1075 629 1437 699 pretiosorum
1461 626 1723 698 lapidum,
1748 635 1805 683 et
1827 641 2022 682 novem
2047 633 2181 680 sunt
2289 625 2433 695 gelio
2467 641 2481 679 :
2511 622 2575 677 Et
2603 623 2849 695 agebatur
2871 638 2904 675 α
2933 621 3118 692 spiritu
3139 623 3198 675 in
3231 621 3427 677 deserto
3445 625 3605 682 diebus
3630 635 3805 697 quam.

593 723 814 780 ordines
840 723 1177 793 angelorum.
2287 717 2430 788 ginta
2477 713 2628 787 (Luc.
2673 731 2749 781 IV,
2779 714 2860 786 2).
2895 715 2962 770 Et
2989 717 3160 770 virtus
3187 713 3472 786 Docalogi,
3505 735 3594 788 per
3617 736 3803 794 quatuor

663 815 732 872 Χ.
765 815 849 871 'Ad
881 814 1196 886 de‘calogum
1224 857 1238 882 ,
1277 813 1337 870 id
1359 822 1487 881 est,
1519 812 1709 869 decem
1735 812 1924 880 verba,
1979 825 2101 883 qua:
2128 809 2186 866 in
2289 809 2457 865 libros
2490 809 2770 879 Evangelii
2819 808 3104 879 impletur,
3132 809 3385 879 Decalogi
3405 820 3578 867 autem
3607 819 3802 880 mandata

591 907 787 964 tabulis
818 908 1027 964 duabus
1053 909 1257 979 scripta
1286 915 1432 963 sunt.
1457 907 1523 962 in
1552 907 1749 977 psalm.
1779 922 1792 960 :
1827 905 1895 960 In
1939 905 2185 978 psalterio
2290 902 2622 974 perﬁcimus,
2654 904 2698 957 si
2729 911 2960 973 quatuor
2989 902 3160 958 sancti
3205 902 3481 973 Emtgelii
3523 903 3676 963 libros
3713 927 3802 982 per.

589 1003 914 1058 decachordo
945 1002 1170 1075 psallam
1195 999 1291 1057 sibi
1314 998 1440 1072 (Ps.
1472 1015 1656 1067 exuit,
1675 998 1770 1071 ‘9).
2024 1026 2027 1029 -
2289 996 2430 1051 recte
2457 996 2800 1052 custodimus
2828 1014 2842 1050 :
2869 996 2948 1052 sic
2980 1011 3074 1066 per
3094 997 3510 1065 continentiam,
3529 1000 3738 1070 vigilias,
3756 1017 3801 1062 et

663 1095 754 1153 XI.
789 1095 871 1152 Ad
899 1096 1197 1167 apostolos.
1227 1093 1286 1150 ln
1327 1094 1628 1164 Evangelio
1655 1109 1670 1148 :
1734 1089 1986 1148 Undecim
2013 1100 2188 1144 autem
2291 1091 2587 1157 orationes,
2612 1098 2667 1144 et
2691 1098 2883 1145 cetera
2907 1130 2921 1156 ,
2953 1104 3073 1160 qua:
3101 1090 3392 1159 Apostolus
3439 1105 3798 1164 commemorat,

591 1191 831 1262 discipuli
852 1189 1084 1244 abierunt
1127 1190 1180 1243 in
1222 1180 1498 1244 Galilazam
1542 1185 1766 1258 (Matth.
1798 1193 1964 1242 αγιιὶ
1992 1229 2006 1253 ,
2059 1181 2184 1254 1‘6).
2290 1202 2435 1241 arma
2459 1185 2681 1257 justitic
2703 1185 2725 1258 '(
2743 1182 2930 1240 Il-Cor.
2956 1201 3030 1255 vr,
3049 1183 3110 1257 7)
3141 1186 3207 1241 ad
3237 1185 3553 1242 immortalis
3580 1189 3804 1261 vitantis-

593 1279 936 1338 Undenarius
969 1278 1139 1336 etiam
1173 1293 1434 1335 numerus
1457 1324 1470 1349 ,
1501 1277 1722 1348 quando
1752 1276 2032 1332 denarium
2067 1289 2187 1329 tno-
2298 1281 2404 1335 mia
2433 1280 2801 1348 pervenimus.

593 1375 734 1432 nade
763 1375 1004 1441 excedit,
1038 1388 1137 1445 pro
1184 1372 1621 1444 transgressione
1665 1379 1719 1426 et
1759 1367 2188 1440 reprehensione
2363 1373 2524 1430 XLII.
2559 1373 2641 1430 Ad
2673 1388 2960 1430 numerum
3000 1375 3054 1430 in
3082 1388 3266 1430 eremo
3293 1375 3801 1446 mansionum,ve1,d

592 1472 841 1543 ponitur;
868 1470 1012 1526 unde
1049 1479 1104 1525 et
1150 1469 1348 1524 Petrus
1389 1466 1672 1538 apostolus
1719 1480 1826 1521 non
1885 1477 2076 1534 passus
2106 1467 2191 1517 est
2293 1481 2575 1522 numerum
2651 1467 3096 1538 generationum,
3141 1483 3264 1538 quae
3309 1467 3377 1522 ab
3424 1469 3669 1526 Abraham
3711 1484 3802 1532 sunt

595 1579 882 1621 numerum
910 1564 1282 1635 apostolorum
1316 1562 1369 1616 in
1398 1560 1699 1616 undenario
1725 1559 2052 1624 consistere,
2089 1553 2190 1611 sed
2291 1574 2467 1632 usque
2493 1558 2560 1615 ad
2589 1559 2878 1615 Dominum
2910 1559 3093 1616 Jesum
3117 1561 3398 1618 Christum
3430 1559 3630 1632 (Matth.
3657 1566 3705 1635 ι).

597 1659 746 1730 elegit
777 1655 1054 1712 Matthiam
1085 1657 1220 1727 (Act.
1251 1670 1271 1710 ι
1291 1701 1303 1725 ,
1335 1656 1433 1725 26)
1467 1653 1849 1709 duodecimum
1883 1651 1936 1706 in
1965 1650 2183 1705 ordine.
2363 1652 2556 1709 XLVI.
2589 1653 2954 1724 Quadraginta
2975 1664 3023 1709 et
3044 1671 3136 1710 sea:
3155 1655 3304 1708 annis
3332 1654 3620 1724 tediﬁeatum
3643 1667 3700 1713 est
3719 1669 3804 1714 ιω.

599 1744 738 1806 Hinc
767 1752 1002 1804 undecim
1024 1767 1150 1820 saga
1176 1750 1382 1802 cilicina
1412 1748 1465 1800 in
1497 1748 1650 1801 veteri
1679 1745 1790 1819 lege
1838 1744 1951 1813 ﬁeri
2003 1743 2190 1813 prteci-
2294 1746 2440 1817 plum
2486 1746 2668 1818 (Joan.
2698 1764 2758 1815 ιι,
2788 1747 2907 1820 20),
2941 1763 2972 1803 a
3006 1747 3475 1818 transmigratione
3519 1751 3803 1810 redeuntibus

595 1847 810 1918 piunlur
834 1845 1034 1915 (Exod.
1067 1860 1212 1909 mn,
1235 1843 1312 1914 7),
1337 1857 1457 1912 quae
1483 1839 1792 1912 signiﬁcant
1813 1838 2190 1909 paenitentiam
2295 1840 2524 1906 Judaeis,
2557 1841 2797 1897 secunda
2831 1841 3190 1898 mdiﬁcatione
3216 1851 3344 1912 post
3386 1842 3805 1916 Salomonem.lllic

595 1947 747 1993 actus
770 1952 868 2008 pro
892 1935 1195 1992 commissis
1223 1937 1479 2005 peccatis.
1513 1934 1596 1987 Att
1622 1934 1945 1987 undecimam
1971 1931 2188 1984 tandem
2222 1955 2273 2017 Β
2300 1949 2566 1989 annorum
2626 1949 2888 1990 numerus
2948 1934 3270 2006 perfectioni
3325 1933 3577 1992 Dominici
3621 1941 3804 2009 corporis

595 2028 776 2083 harant
810 2027 1026 2099 (Matth.
1058 2044 1149 2094 xx,
1181 2025 1256 2098 6),
1282 2027 1512 2098 gentiles
1539 2034 1596 2082 et
1634 2033 1768 2081 aetas
1794 2023 2069 2094 decrepita
2098 2038 2188 2078 vo-
2297 2029 2578 2099 aptissime
2612 2030 2889 2085 convenit.

596 2129 770 2176 catur.
2365 2123 2428 2179 L.
2462 2123 2542 2178 Ad
2574 2122 2967 2188 Pentecosten;
2998 2122 3052 2177 in
3095 2122 3326 2178 Actibus
3362 2122 3702 2193 Apostolorum
3727 2143 3738 2179 :
3761 2127 3807 2182 Et

670 2211 786 2266 ΧΠ.
821 2211 901 2267 Ad
925 2211 1201 2281 apostolos
1225 2209 1278 2265 in
1308 2209 1605 2281 Evangelio
1636 2228 1648 2263 :
1685 2209 1974 2265 Duodecim
2019 2218 2192 2263 autem
2296 2233 2412 2270 cum
2445 2216 2824 2288 complerentur
2855 2215 2963 2270 dies
2990 2214 3322 2271 Pentecostes
3349 2215 3480 2288 (Act.
3509 2218 3651 2289 11,1).

595 2305 945 2376 apostolorum
975 2304 1184 2358 nomina
1208 2313 1326 2357 sunt
1356 2304 1464 2358 haec
1496 2302 1712 2373 (Matth.
1739 2319 1795 2373 ι,
1825 2301 1907 2374 2).
1941 2301 2056 2357 Hoc
2093 2318 2193 2357 nu-
2369 2309 2486 2368 LX,
2524 2313 2602 2366 Ad
2635 2312 2870 2367 fructum
2898 2311 3106 2376 viduis,
3140 2312 3258 2367 sive
3293 2313 3665 2368 continentibus
3697 2315 3807 2370 deni.

597 2409 749 2456 mero
797 2399 1137 2469 significatur
1192 2400 1434 2453 universa
1486 2400 1840 2470 judicantium
1907 2397 2192 2452 multitudo
2298 2412 2430 2459 tum.
2464 2404 2520 2459 In
2553 2404 2887 2474 Evangelia:
2921 2403 2985 2458 Et
3034 2405 3235 2459 dabunt
3285 2405 3531 2475 fructum,
3561 2406 3808 2465 αιίυιεετο.

597 2491 812 2568 (Matth.
839 2509 950 2563 xu,
977 2493 1095 2564 28),
1129 2504 1351 2565 propter
1380 2494 1513 2549 duas
1537 2503 1720 2563 partes
1746 2491 2063 2564 septenarii,
2084 2507 2190 2562 qua
2301 2499 2551 2570 gesimum
2587 2499 2805 2571 (Matth.
2837 2516 2952 2569 xm,
2975 2501 3060 2572 ’8).
3700 2502 3702 2505 ’

598 2589 919 2659 plerumque
945 2589 1278 2658 signiﬁcatur
1302 2587 1627 2642 universitas
1652 2606 1664 2643 :
1689 2601 1809 2658 qum
1831 2586 1952 2642 duae
1976 2596 2189 2655 partes,
2368 2591 2584 2647 LXX".
2619 2592 2699 2646 Ad
2733 2608 3015 2648 numerum
3066 2595 3476 2665 presbyterorum
3500 2592 3648 2665 Moysi
3669 2593 3807 2666 (Nam.

597 2681 650 2736 id
702 2690 826 2748 est,
869 2681 969 2736 tria
1010 2689 1064 2736 et
1121 2690 1372 2751 quatuor,
1402 2681 1699 2751 alteraper
1728 2681 1952 2736 alteram
1982 2688 2191 2751 partem
2297 2699 2374 2753 ιιι,
2419 2683 2536 2756 24),
2566 2684 2652 2740 vel
2683 2684 3076 2754 discipulorum
3128 2702 3270 2756 quos
3311 2687 3563 2742 Dominus
3600 2689 3808 2756 etegit.in

598 2774 1297 2845 multiplicatm,duodecim
1325 2775 1547 2831 iaciunt.
2298 2777 2598 2848 Evangelia
2629 2795 2641 2833 :
2671 2777 2800 2832 Post
2850 2781 2958 2834 tunc
3004 2789 3174 2834 autem
3227 2779 3505 2852 designavit
3546 2778 3746 2832 Dominus
3772 2790 3810 2834 et

666 2865 806 2924 XIV.
836 2869 914 2924 Ad
945 2879 1343 2924 sacramentum
1365 2867 1671 2924 ‘Dominicae
1698 2867 2086 2939 generationis.
2123 2867 2184 2924 in
2297 2873 2429 2927 alios
2467 2872 2799 2943 septuaginta
2830 2871 2982 2939 duos,
3008 2880 3052 2926 et
3084 2873 3221 2926 misit
3254 2871 3370 2926 illos
3396 2873 3532 2926 binos
3558 2881 3657 2926 ante
3675 2873 3809 2943 faciem

596 2959 907 3032 Evangelio,
937 2961 1012 3016 Ab
1038 2961 1297 3016 Abraham
1319 2979 1478 3034 usque
1508 2963 1574 3017 ad
1599 2961 1801 3031 David,
1831 2964 2190 3034 generationes
2296 2981 2446 3021 suam
2474 2965 2529 3018 in
2559 2980 2759 3018 onmem
2788 2963 3044 3017 civitatem
3077 2963 3229 3036 (Luc.
3259 2981 3310 3028 ιι,
3340 2963 3412 3033 l).

595 3067 713 3110 sunt
741 3055 1126 3126 quatuordecim
1157 3055 1376 3128 (Matth.
1409 3071 1448 3123 ι,
1473 3055 1586 3128 17).
2368 3060 2432 3115 C.
2462 3059 2543 3114 Ad
2576 3069 2876 3130 martyrum
2907 3059 3140 3113 fructum
3176 3060 3294 3114 sive
3328 3056 3810 3127 virginumrlnEvan-

669 3147 787 3204 XV.
817 3147 900 3204 Ad
923 3150 1235 3220 quindecim
1266 3151 1465 3222 gradus
1513 3152 1733 3223 templi,
1759 3167 1896 3224 quos
1927 3151 2056 3208 fecit
2086 3152 2191 3209 Sa-
2297 3153 2440 3226 gelio
2463 3172 2473 3208 :
2495 3152 2945 3224 Dabuntfructum
2965 3151 3110 3206 aliud
3127 3149 3807 3222 centesimumUllatth.sint).

596 3240 811 3308 lomon,
839 3241 906 3296 ad
932 3257 1162 3313 quorum
1196 3259 1481 3300 numerum
1501 3287 1514 3310 ,
1543 3245 1851 3315 quindecim
1883 3247 2075 3316 psalmi
2097 3245 2191 3316 qui
2296 3246 2570 3302 Numerus
2596 3247 2689 3302 ille
2707 3246 3008 3301 absolutam
3041 3243 3432 3314 perfectionem
3455 3242 3809 3314 sigttilicat,sicut

597 3335 968 3393 inscribuntur
1006 3339 1291 3394 Canticum
1348 3339 1609 3411 graduum
1630 3381 1644 3407 ,
1693 3343 1978 3412 compositi
2019 3350 2192 3409 sunt;
2226 3345 2274 3411 C
2304 3340 2374 3397 de
2403 3341 2592 3397 electis
2622 3340 2819 3396 dicitur
2842 3357 2855 3394 :
2882 3339 2984 3407 Qui
3009 3339 3280 3410 reliquerit
3301 3339 3528 3405 domum,
3555 3345 3631 3388 aut
3657 3339 3806 3406 fratres,

599 3430 651 3486 id
698 3439 810 3499 est,
846 3448 876 3487 a
908 3433 1144 3502 psalmo,
1183 3432 1265 3486 Ad
1296 3433 1572 3487 Dominum
1603 3450 1720 3488 cum
1761 3434 2036 3490 tribularer
2067 3434 2190 3508 (Ps.
2301 3446 2393 3492 aut
2435 3452 2673 3503 sorores;
2715 3443 2771 3490 et
2814 3445 3009 3490 caetera
3061 3450 3183 3504 quae
3228 3429 3808 3505 sequunturzcentuplum

596 3540 744 3592 CXIX,
777 3523 853 3598 l),
887 3541 1058 3598 usque
1087 3525 1175 3592 ad,
1203 3525 1435 3581 Laudate
1461 3543 1645 3581 nomen
1674 3524 1908 3582 Domini.
2297 3531 2534 3602 accipiet,
2564 3540 2613 3585 et
2639 3529 2795 3583 vitam
2811 3538 3058 3583 teternam
3086 3528 3364 3598 possidebit
3387 3525 3585 3600 (Matth.
3610 3539 3705 3588 XIX,
3723 3519 3805 3589 29).

671 3616 818 3672 XVI.
847 3618 928 3673 Ad
961 3634 1248 3674 numerum
1278 3621 1687 3689 prophetarum.
2295 3627 2524 3682 Centum
2572 3627 2735 3682 etiam
2783 3625 3145 3696 quantitatem
3231 3627 3485 3694 temporis
3533 3620 3727 3679 indicat.
3769 3629 3808 3670 ut

672 3708 841 3769 XXII.
876 3709 958 3766 Ad
1007 3721 1406 3766 sacramentum
1454 3711 1760 3769 divinorum
1810 3712 2189 3783 voluminum,

2295 3722 2498 3790 Isaias,
2537 3719 2754 3777 Centum
2799 3736 3056 3774 annorum
3102 3736 3231 3789 puer
3277 3721 3550 3782 morietur;
3576 3725 3622 3769 et
3661 3719 3805 3767 cratera

603 3803 900 3859 secundum
933 3803 1139 3860 “uer-"5
1171 3803 1545 3860 Hebmorum-
2299 3812 2436 3885 (Isa.
2481 3831 2611 3884 ιη,
2652 3814 2763 3884 20).
2814 3814 2911 3870 Est
2950 3824 3004 3870 et
3049 3813 3113 3868 in.
3145 3812 3438 3883 Evangelio
3478 3803 3805 3865 centesimactis

675 3895 869 3952 XXIV.
899 3896 980 3952 Ad
1013 3899 1330 3968 mysterium
1376 3898 1589 3954 numeri
1621 3899 1925 3955 seniorum.
1957 3897 2014 3953 in
2046 3899 2192 3966 Apo-

2296 3907 2449 3980 (Luc.
2479 3923 2564 3974 xv,
2589 3907 2671 3978 4),
2703 3922 2863 3975 quam
2893 3905 3140 3961 Christus
3171 3905 3348 3961 sacris
3375 3903 3484 3959 suis
3509 3898 3713 3956 humeris
3734 3895 3805 3950 im-

603 3993 811 4064 calypsi
841 4010 854 4047 :
884 3991 951 4047 Et
981 4009 1134 4066 super
1175 3994 1386 4049 thronos
1416 3995 1595 4065 viginti
1626 4003 1672 4048 et
1699 4003 1923 4064 quatuor
1969 3995 2191 4049 seniores
2297 4015 2506 4070 ponens
2537 4001 2603 4054 ad
2631 4000 2908 4055 cmtestem
2946 3998 3170 4068 patriam
3202 3997 3415 4052 detulit,

598 4087 783 4158 (Apoc.
812 4102 892 4155 tv,
921 4085 1002 4158 4).
1039 4086 1102 4141 Et
1127 4089 1528 4159 vigintiquatuor
1549 4087 1771 4142 sortibus
1803 4088 1856 4142 in
1889 4085 2192 4142 ministerio
2369 4091 2438 4146 Μ.
2471 4091 2803 4146 Millennrius
2857 4106 3118 4148 numerus
3151 4105 3252 4159 pro
3286 4087 3598 4159 perfectione
3624 4081 3804 4138 omnium

605 4179 794 4251 templi
840 4179 1115 4236 distributi
1166 4182 1384 4236 luerunt
1430 4181 1744 4237 sacerdotes
1783 4196 1815 4234 a
1855 4196 1974 4251 rege
2020 4177 2192 4232 David
2300 4199 2654 4240 llUlnel‘Ol‘un]
2696 4183 2935 4253 ponitur,
2980 4193 3032 4238 et
3064 4199 3159 4251 pro
3193 4181 3431 4251 perfecta
3467 4182 3698 4235 bonorum
3723 4188 3804 4229 om-

595 4271 649 4343 (l
684 4271 810 4326 Par.
843 4289 989 4340 xstv,
1020 4273 1099 4344 '4').
2299 4278 2445 4332 nium
2491 4277 2725 4330 actione.
2769 4275 2865 4332 Sic
2909 4275 3102 4330 Petrus
3145 4275 3197 4328 in
3248 4275 3483 4346 Epistola
3514 4289 3526 4325 :
3553 4269 3694 4324 Unum
3723 4278 3804 4317 vero

666 4364 841 4420 XXX.
872 4365 954 4421 Ad
985 4365 1194 4422 fructus
1216 4365 1454 4422 fidelium
1481 4364 1882 4436 conjugiorum.
1914 4364 1975 4418 In
2007 4363 2193 4418 Evan-
2299 4369 2394 4422 hoc
2434 4384 2535 4421 non
2567 4366 2724 4420 lateat
2766 4383 2876 4431 vos,
2925 4366 3216 4420 charissimi
3239 4408 3250 4430 ,
3284 4366 3405 4434 quia
3433 4379 3554 4418 unus
3580 4361 3670 4414 dies
3700 4351 3803 4422 apud

593 4458 734 4529 gelio
766 4477 777 4512 :
813 4458 880 4514 Et
929 4459 1120 4514 dabunt
1170 4459 1397 4529 fructum
1441 4459 1589 4513 aliud
1634 4459 1996 4527 centesimum,
2044 4457 2192 4510 aliud
2298 4460 2632 4527 Deum,sicut
2663 4459 2803 4514 mille
2831 4460 3052 4520 anni(‘ll
3083 4457 3226 4513 Petr.
3253 4475 3336 4524 ιιι,
3360 4458 3435 4526 8).
3459 4456 3581 4511 Nam
3607 4453 3653 4507 in
3670 4447 3804 4518 cogni-

591 4553 998 4623 sexagesimum,
1029 4551 1174 4607 aliud
1199 4553 1509 4608 tricesimum
1536 4550 1754 4622 (Matth.
1786 4566 1905 4617 xm,
1934 4547 2014 4619 8),
2044 4549 2192 4619 quod
2299 4553 2450 4610 tione
2514 4555 2640 4621 Dei,
2695 4553 3006 4622 praeterita,
3064 4552 3373 4620 prmsentia-
3417 4559 3470 4604 et
3525 4546 3678 4601 futura
3717 4546 3832 4654 sunt!

591 4645 658 4700 ad
691 4645 950 4717 conjuges
972 4688 986 4715 ,
1017 4646 1420 4718 sexagesimum
1466 4647 1534 4702 ad
1573 4645 1796 4714 viduas,
1827 4645 2191 4701 centesimum
2299 4647 2584 4718 aequaliter
2609 4646 2923 4716 prtescntia;
2946 4653 3001 4700 et
3024 4660 3149 4715 quae
3178 4645 3365 4713 longa,
3389 4643 3499 4697 sive
3523 4631 3828 4720 brevisnultit:q

590 4740 658 4795 ad
680 4741 920 4810 virgines
949 4743 1208 4813 pertinet.
2213 4739 2272 4802 D
2298 4740 2550 4795 videntur
2583 4749 2883 4809 temporum
2940 4738 3213 4793 curricula
3237 4781 3251 4807 ,
3279 4736 3500 4807 aequalis
3541 4731 3675 4801 spatii
3713 4727 3806 4781 nail

651 4831 906 4890 XXXIII.
937 4835 1018 4890 Ad
1052 4835 1368 4907 mysterium
1419 4835 1599 4891 aetatis
1625 4877 1638 4901 ,
1681 4851 1783 4904 qua
1831 4827 2096 4891 Dominus
2128 4834 2186 4888 in
2291 4832 2432 4902 apud
2466 4831 2660 4886 Deum.
2701 4831 2818 4885 Hos
2850 4831 3015 4898 igitur
3041 4839 3224 4884 certos
3249 4828 3802 4895 sacratosqueaumem

595 4941 760 4983 carne
781 4937 1024 4986 versatus
1052 4937 1166 4995 est;
1195 4931 1248 4984 in
1274 4931 1562 4999 Apostolo,
1594 4929 1733 4984 sicut
1762 4928 2085 5000 quihusdam
2117 4943 2188 4983 ex
2292 4925 2529 4994 exempli
2562 4933 2773 4978 tantum
2803 4937 2964 4978 causa
2995 4924 3343 4993 protulimus.
3367 4922 3504 4976 Sunt
3527 4919 3802 4983 veropro!“

587 5017 691 5074 hoc
737 5019 980 5090 videtur,
1025 5021 1201 5077 Donec
1251 5039 1584 5079 occurramus
1636 5026 1689 5078 in
1719 5025 1915 5078 unitate
1962 5023 2088 5095 ﬁdei
2137 5031 2186 5078 et
2293 5034 2389 5076 eos
2421 5017 2672 5089 plurimi,
2707 5017 2794 5072 vel
2826 5031 2966 5087 pene
2989 5031 3190 5072 eomes
3213 5017 3446 5080 sacrati,
3473 5001 3801 5083 quiquontodt

540 5153 552 5190 τ
585 5111 861 5180 agnitionis
887 5112 984 5181 ﬁlii
1012 5111 1141 5180 Dei,
1173 5114 1226 5167 in
1262 5115 1431 5167 virum
1461 5116 1783 5186 perfectum,
1813 5117 1867 5170 in
1888 5130 2184 5170 mensuram
2296 5114 2451 5179 (lant,
2479 5115 2594 5183 ipse
2617 5110 2821 5166 divina)
2851 5109 3105 5165 lectionis
3131 5117 3401 5165 scrutator
3430 5103 3668 5160 invenies.

546 5195 552 5202 ’
586 5204 746 5258 atatis
774 5202 1110 5275 plenitudinis
1140 5204 1331 5261 Christi
1360 5204 1527 5279 (Eph.
1561 5224 1639 5277 tv,
1664 5209 1782 5280 l5).
