4018 6338
233 386 336 447 τη

1433 379 1992 441 iNSTRUCTIONUbI
2031 384 2238 444 LIBER
2277 386 2317 442 Ι.

3405 391 3517 460 πα

302 496 412 556 Int.
455 495 590 553 Cum
634 497 885 568 superius
915 498 1087 554 virum
1117 505 1173 553 et
1201 495 1484 551 mulierem
1514 495 1820 550 nominibus
1846 497 1898 555 Α
1926 498 2091 552 multa
2136 501 2582 570 properantibus,
2611 501 2916 560 exhibenda
2946 505 3169 575 prolatis
3205 521 3235 563 a
3267 519 3319 566 te
3351 509 3516 571 robo.

229 595 344 654 suis
373 604 663 664 utrumque
688 593 1044 665 designasset,
1073 593 1199 661 quid
1242 601 1345 656 est,
1379 591 1518 662 quod
1547 593 1597 645 in
1627 604 1816 646 conse-

228 687 740 762 quentibus'atljccit
779 696 835 742 et
862 687 992 742 dicit
1025 706 1037 740 :
1094 686 1275 741 Virum
1312 693 1356 739 et
1396 686 1658 739 mulierem
1699 685 1818 753 fecit

225 800 333 846 eos,
365 793 413 836 et
465 780 720 834 benedixit
749 780 842 846 eis,
879 789 924 835 et
964 780 1158 834 t'ocavit
1207 794 1387 832 nonten
1429 793 1609 832 eorum
1651 775 1815 830 Adam

224 873 382 946 (Gen.
413 891 467 938 v,
495 874 580 940 2)?

297 970 458 1037 Resp.
501 968 668 1022 Adam
712 966 1098 1036 interpretatur
1135 964 1299 1021 homo
1350 982 1363 1016 :
1415 960 1647 1017 hominis
1685 976 1814 1016 vero

223 1061 445 1117 nomine
485 1058 829 1114 manifestum
892 1068 976 1114 est
1012 1065 1119 1112 tam
1151 1057 1322 1113 virum
1356 1053 1617 1128 appellari
1655 1068 1815 1126 posse

220 1168 383 1222 quam
415 1153 695 1207 letuiuzun.

292 1245 406 1299 Int.
450 1245 587 1312 Quid
617 1255 720 1309 est,
753 1243 896 1314 quod
923 1245 976 1297 in
1006 1245 1156 1298 annis
1187 1243 1532 1298 .ifatltnsalem
1558 1251 1814 1314 quatuor-

219 1337 397 1395 decim
439 1339 564 1392 anni
607 1353 703 1408 per
738 1337 1049 1406 diligentem
1080 1337 1515 1406 supputationem
1552 1337 1693 1392 ultra
1731 1336 1813 1391 di-

219 1429 427 1485 luvium
457 1428 968 1499 deprehenduntur,
1003 1443 1124 1483 cum
1155 1440 1279 1483 octo
1308 1436 1512 1483 tantum
1535 1428 1729 1484 animae
1757 1428 1811 1484 in

217 1534 346 1575 arca
376 1520 539 1574 fuisse
567 1519 872 1574 referantur
903 1517 1058 1590 (Gen.
1090 1534 1143 1583 v,
1171 1518 1300 1590 9.2)?

290 1609 454 1682 Resp.
499 1611 664 1666 Error
701 1613 752 1666 in
789 1625 1016 1665 numero
1049 1620 1133 1665 est
1165 1628 1178 1666 :
1212 1611 1410 1682 quippe
1448 1627 1569 1667 cum
1605 1612 1659 1667 in
1701 1612 1810 1667 lie-

218 1704 493 1760 brteorum
540 1706 689 1761 lihris
727 1706 798 1760 ita
845 1706 1068 1777 legatur,
1115 1715 1172 1760 ttt
1213 1706 1350 1761 intra
1378 1707 1564 1762 diluvii
1599 1715 1810 1777 tempus

216 1797 310 1855 hic
345 1799 752 1869 qaatnordecim
782 1814 1048 1852 annorum
1078 1813 1336 1853 numerus
1365 1801 1664 1868 expleatur.

287 1886 401 1942 Iul.
465 1889 602 1944 Cum
661 1890 916 1944 Dominus
969 1890 1115 1944 dicat
1161 1906 1175 1944 :

218 1992 427 2036 centum
469 1982 648 2053 viginti
688 1982 812 2036 anni
855 1981 1011 2051 (Gen.
1053 1997 1125 2048 vt,
1173 1983 1229 2052 '5)
1263 2027 1278 2051 ,
1312 1981 1582 2053 quomodo
1621 1993 1808 2054 postea

217 2075 494 2139 Abrahm,
524 2077 861 2145 aliorumque
905 2076 1193 2131 multorum
1228 2077 1350 2131 vita:
1391 2086 1634 2146 tempora
1669 2078 1806 2132 ultra

216 2169 342 2224 haec
371 2167 542 2238 spatia
571 2168 862 2223 tenduntur
882 2166 1038 2239 (Gen.
1067 2185 1192 2230 xxv.
1219 2170 1281 2234 7;
1308 2184 1475 2230 xxxv,
1499 2167 1631 2240 28)?

289 2261 452 2332 Resp.
494 2260 628 2328 Quia
661 2261 745 2315 llic
777 2275 1044 2315 annorum
1078 2277 1333 2316 numerus
1369 2263 1590 2332 agendae
1630 2267 1808 2332 potius

216 2354 554 2425 paenitentia:
593 2370 752 2422 qttam
785 2353 905 2408 vitae
947 2353 1121 2410 fuerat
1157 2356 1446 2410 attributus
1509 2355 1758 2411 humana:
1791 2376 1803 2409 ε

216 2450 364 2505 intra
389 2465 549 2520 quem
579 2451 950 2519 praescriptum
980 2466 1262 2506 numerum
1289 2449 1615 2506 confessioni
1648 2466 1809 2506 vaca-

215 2553 366 2609 rent,
391 2557 448 2598 ttt
479 2543 678 2598 diluvio
709 2558 812 2599 nou
847 2545 1101 2612 perirent.
1137 2545 1241 2599 Aut
1276 2547 1320 2599 si
1348 2560 1629 2601 numerum
1658 2547 1805 2600 illum

215 2634 282 2691 ad
308 2637 601 2690 humanam
629 2637 806 2704 potius
829 2636 1021 2692 referri
1051 2637 1214 2692 vitam
1247 2637 1420 2708 placet
1445 2656 1458 2691 :
1481 2637 1607 2707 quia
1633 2654 1809 2708 neque

216 2745 364 2785 nunc
379 2731 610 2799 amplius
627 2745 950 2801 quemquam
1001 2747 1159 2801 quam
1190 2741 1407 2787 centum
1431 2733 1613 2802 viginti
1637 2750 1809 2790 annos

214 2822 408 2878 vivere
447 2823 603 2878 liceat
645 2839 659 2876 :
710 2823 838 2878 illtnl
878 2825 1020 2894 quod
1053 2824 1256 2878 dictum
1300 2833 1382 2879 est
1424 2844 1436 2877 :
1483 2825 1649 2880 Erunt
1690 2825 1809 2880 dies

215 2929 410 2971 eorum
449 2925 670 2970 centum
711 2916 896 2986 viginti
937 2917 1060 2970 anni
1104 2933 1118 2971 :
1164 2933 1269 2970 non
1310 2916 1362 2971 in
1402 2932 1532 2983 eos,
1565 2918 1652 2985 qui
1683 2927 1811 2972 tunc

213 3007 480 3077 contigue
523 3017 768 3076 tempore
810 3007 1085 3063 subsecuti
1133 3017 1290 3075 sunt,
1332 3009 1424 3063 sed
1467 3010 1518 3063 iu
1564 3021 1811 3079 pOSteros

214 3101 582 3170 promulgavit
615 3117 628 3152 :
657 3098 781 3170 quia
816 3114 920 3154 non
950 3100 1086 3154 dixit
1113 3102 1267 3166 Sunt,
1303 3100 1396 3154 sed
1430 3101 1615 3155 Erunt.

285 3193 400 3250 Int.
446 3193 582 3262 Quid
621 3203 704 3247 est
743 3193 884 3264 quod
916 3194 992 3247 ait
1027 3210 1040 3247 :
1074 3191 1267 3247 Dilatet
1310 3192 1448 3247 Deus
1473 3193 1732 3267 lup/teut,
1763 3206 1811 3252 et

213 3285 414 3340 habitet
436 3288 488 3340 in
518 3286 861 3340 tabernaculis
887 3285 1013 3341 Sem
1043 3283 1199 3358 (Gen.
1227 3301 1303 3352 tx,
1335 3286 1455 3357 27)?

277 3378 452 3450 Resp.
497 3379 571 3435 De
615 3378 844 3449 ,1.ψιιει1ι
872 3421 886 3446 ,
921 3381 1011 3450 qui
1055 3381 1106 3434 in
1139 3380 1315 3451 lingua
1350 3392 1534 3435 nostra
1574 3380 1810 3438 latitudi-

211 3489 344 3529 nem
371 3484 550 3538 sonat,
580 3477 819 3544 gentium
845 3474 1081 3529 na-citur
1109 3474 1415 3543 multitudo,
1447 3475 1514 3529 de
1543 3475 1666 3530 Sent
1703 3477 1809 3532 lle-

211 3567 372 3622 brari.
405 3565 520 3621 Hoc
548 3583 678 3637 ergo
707 3565 1069 3637 signiticatutn
1093 3578 1209 3632 ρει,
1245 3565 1339 3620 Dei
1382 3567 1812 3634 Scripturarutu-

210 3673 321 3725 que
352 3659 630 3724 notitiam,
658 3658 833 3727 ejecto
861 3657 1060 3712 Israele
1079 3700 1092 3722 ,
1125 3673 1153 3711 a
1184 3657 1387 3712 nostris
1410 3658 1805 3715 vindicandam.

209 3748 522 3806 Notandum
553 3766 681 3807 vero
718 3760 832 3817 est,
877 3761 988 3806 tres
1017 3750 1128 3806 Noe
1160 3751 1330 3814 filios,
1371 3761 1480 3807 tres
1516 3764 1638 3822 post
1664 3752 1809 3808 dilu-

210 3845 363 3899 vium
401 3853 562 3900 terra:
593 3854 774 3914 partes
802 3857 1122 3912 occupasse.
1158 3843 1282 3899 Sem
1321 3859 1550 3914 namque
1580 3847 1810 3914 posteri-

209 3945 293 3992 tas
343 3937 397 3992 in
440 3937 620 3991 Asiam
661 3936 744 3991 vel
786 3937 1092 3999 Orientem,
1137 3937 1306 3991 Cham
1350 3937 1403 3992 in
1449 3937 1683 3993 Africiun
1726 3937 1811 3994 vel

209 4027 499 4086 Ileridiem
524 4071 539 4095 ,
571 4028 802 4100 Japheth
835 4045 957 4084 cum
999 4039 1152 4100 parte
1178 4031 1320 4087 Asia:
1356 4032 1409 4085 in
1450 4029 1722 4102 Europam
1751 4047 1812 4089 se

207 4123 675 4194 Occidentemque
711 4132 1088 4194 porrexerunt.

281 4216 401 4273 Int.
445 4218 586 4286 Quid
639 4229 723 4273 cst
769 4218 912 4288 quod
965 4217 1164 4272 dicitur
1219 4217 1271 4270 in
1297 4216 1518 4281 Genesi,
1558 4216 1635 4271 De
1676 4228 1812 4272 terra

207 4311 343 4365 exiit
373 4310 467 4363 illa
497 4311 678 4376 Assur,
711 4320 758 4364 et
787 4310 1058 4378 cedi/icavit
1092 4308 1141 4362 Ν
1149 4310 1315 4364 iniven
1345 4321 1392 4364 et
1423 4310 1659 4364 Rooboth
1688 4312 1811 4366 civi-

209 4412 379 4459 tatem
412 4401 567 4475 (Gen.
601 4421 654 4470 x,
686 4403 806 4474 ll)?

281 4497 450 4566 Resp.
493 4495 607 4551 Non
635 4496 768 4551 duas
796 4498 1059 4569 significat
1084 4499 1352 4553 civitates.
1385 4498 1632 4553 Roobotlt
1661 4513 1810 4553 nant-

207 4605 320 4658 que
367 4589 571 4658 plateas
598 4589 748 4644 dicit.
793 4591 885 4645 Est
926 4607 1054 4662 ergo
1096 4607 1288 4648 sensus
1331 4592 1416 4647 hic
1451 4610 1462 4644 :
1499 4590 1809 4647 [Editicavit

207 4679 446 4736 Niniveu
478 4691 532 4735 et
565 4681 770 4749 plateas
799 4684 1054 4740 civitatis.

283 4770 400 4827 Iul.
439 4772 721 4839 Quomodo
746 4777 1139 4830 occurrendum
1165 4785 1248 4832 est
1270 4776 1640 4846 arguentibus,
1663 4778 1806 4848 quod

208 4866 481 4923 Abraham
522 4870 700 4937 fratris
744 4871 823 4921 sui
864 4869 1050 4925 Suram
1089 4871 1254 4940 ﬁliam
1294 4869 1390 4924 sibi
1430 4870 1482 4925 in
1529 4871 1808 4928 matrimo-

210 4961 367 5015 nium
393 4961 682 5028 sumpserit
710 4958 868 5031 (Gcn.
903 4978 992 5027 xx,
1031 4962 1154 5029 19.)?

283 5051 447 5122 Resp.
489 5052 640 5119 Quod
671 5070 790 5121 qua:
817 5069 846 5106 a
880 5053 1105 5108 Domino
1141 5064 1267 5109 tunc
1303 5071 1410 5110 non
1450 5057 1658 5112 fuerant
1691 5058 1807 5128 lege

207 5145 526 5210 interdicta,
555 5146 732 5200 adhuc
765 5161 870 5199 non
901 5146 1221 5216 putabantur
1251 5146 1456 5201 illicita.

286 5235 400 5292 Int.
444 5239 580 5305 Quid
620 5239 718 5294 luit
745 5249 802 5292 ut
830 5238 1063 5305 inda-is,
1095 5240 1237 5310 quod
1276 5258 1449 5311 neque
1480 5257 1576 5296 nos
1604 5242 1808 5313 absque

208 5330 542 5386 verecundia
587 5331 944 5394 sciscitatnur,
987 5332 1188 5402 signum
1227 5333 1280 5386 in
1319 5334 1411 5386 illa
1447 5334 1809 5388 rerecundiore

207 5426 448 5496 corporis
474 5435 620 5496 parte
645 5436 916 5494 poneretur
943 5423 1096 5496 (Gen.
1123 5440 1232 5479 xvtt
1251 5467 1267 5491 ,
1299 5425 1418 5496 il)?

289 5515 452 5583 Resp.
498 5517 762 5571 Poscebat
782 5517 1024 5586 quidem,
1049 5520 1119 5572 mi
1147 5516 1353 5586 Saloni,
1381 5527 1650 5573 tantarum
1684 5533 1808 5590 pro-

211 5609 458 5664 funditas
487 5609 840 5678 qumstionum
863 5651 878 5674 ,
912 5610 1156 5664 ordinata
1195 5624 1258 5664 ac
1297 5610 1531 5681 spatiosa
1568 5612 1811 5688 disputa-

213 5699 367 5756 liene
403 5718 499 5754 nos
531 5703 820 5772 p'0positis
852 5702 1195 5767 satisfacere,
1232 5714 1290 5758 et
1326 5719 1422 5772 pro
1453 5705 1659 5758 meritis
1687 5704 1811 5760 red-

211 5794 349 5848 de-e
374 5793 598 5864 singulis
620 5793 766 5848 velut
787 5795 1076 5864 quamdam
1103 5795 1424 5850 immorandi
1453 5797 1764 5867 dignitatem
1792 5813 1808 5851 :

211 5886 315 5948 sed
341 5885 473 5961 quid
507 5886 753 5957 agimus?
778 5887 974 5954 quibus
1001 5888 1252 5947 festinato
1280 5904 1414 5961 opus
1448 5899 1562 5960 est,
1600 5888 1666 5946 ad
1702 5899 1811 5956 tam

503 5979 776 6042 ΡΑτιοι.
822 5977 889 6047 L.

1920 598 2004 645 est
2046 591 2188 646 nuda
2229 601 2283 648 et
2320 594 2645 650 circumcisa
2685 598 2988 667 responsio.
3039 597 3224 670 Itaque
3265 600 3332 658 ad
3386 606 3511 675 hoc,

1919 685 2062 754 quod
2109 702 2249 743 nunc
2298 689 2561 760 requiris.
2602 706 2869 762 agnosce,
2902 694 3044 763 qttod
3086 695 3214 751 nihil
3261 706 3418 769 turpe
3456 699 3512 759 in

1918 777 2034 848 ipsa
2062 782 2337 836 creatione
2366 782 2569 838 conditi
2603 785 2836 840 hominis
2864 786 3031 840 videri
3063 798 3240 856 potest
3268 806 3282 843 :
3312 791 3513 862 quippe

1917 883 2037 925 cum
2067 873 2211 926 omni
2243 887 2502 944 compage
2531 877 2898 930 tuetnhrortnn
2917 917 2931 940 ,
2963 888 3225 950 totumque
3250 879 3512 938 hominem

1915 960 2056 1017 Dens
2090 963 2299 1033 ﬁnxerit
2339 965 2491 1036 (Job.
2535 983 2597 1032 x,
2640 967 2725 1036 8).
2768 967 2973 1022 Deinde
3012 985 3111 1026 nec
3149 970 3507 1038 incongruum

1914 1053 2096 1121 fuerit,
2128 1069 2180 1111 ut
2213 1060 2492 1127 generatio
2519 1057 2606 1112 illa
2639 1059 2852 1128 signum
2889 1062 2942 1114 in
2978 1071 3131 1130 parte
3161 1064 3387 1120 membri
3414 1079 3510 1136 ge-

1914 1147 2093 1204 nitalis
2131 1150 2429 1219 acceperit,
2464 1167 2559 1220 per
2586 1150 2729 1221 quod
2759 1153 3132 1221 generationis
3165 1156 3335 1225 ipsius
3374 1174 3506 1228 pro-

1915 1240 2200 1295 mebantur
2246 1243 2486 1297 exordia.
2534 1240 2804 1298 Caeterum
2852 1245 3145 1300 secundum
3188 1247 3506 1307 interiorem

1914 1330 2279 1402 intelligentia:
2322 1349 2564 1400 sensum,
2607 1350 2702 1404 per
2742 1335 2881 1390 hanc
2916 1338 3382 1396 circumcisionem
3417 1355 3507 1399 so-

1912 1424 2164 1480 cretioris
2188 1427 2354 1495 partis
2380 1428 2624 1497 corporis
2646 1427 2774 1481 illud
2804 1427 3206 1498 prreliguratum
3232 1438 3336 1498 est,
3358 1433 3507 1502 quod

1912 1517 2175 1572 secretior
2211 1518 2582 1582 circumcisio,
2625 1518 2678 1575 id
2717 1529 2801 1576 est
2843 1520 3059 1588 cordis,
3090 1532 3372 1591 oporteret
3409 1522 3505 1580 ad.

1914 1607 2107 1665 hiberi.

1982 1701 2094 1757 lat.
2135 1702 2401 1758 Scribitur
2429 1702 2484 1758 in
2513 1703 2710 1759 Genesi
2741 1721 2754 1759 :
2783 1704 3016 1760 Tentattit
3049 1706 3187 1763 Deus
3218 1707 3500 1778 Abraham,

1912 1794 2064 1864 quasi
2097 1792 2379 1864 ignorabat
2431 1795 2687 1851 Dominus
2727 1811 2794 1852 an
2825 1796 3003 1853 fidelis
3031 1798 3302 1856 Abraham
3331 1800 3502 1871 foret,

1236 1889 1402 1944 Erunt
1458 1891 1566 1944 dies
1631 1906 1808 1945 eorum
1839 1885 1887 1946 B
1913 1885 2016 1940 nisi
2049 1887 2458 1941 nianifestanda:
2488 1889 2566 1944 rei
2599 1889 2918 1956 probatione
2946 1899 3230 1948 tentasset.

1983 1979 2143 2049 Resp.
2184 1980 2298 2036 Non
2326 1983 2449 2052 quia
2483 1982 2644 2038 fidem
2669 1983 2786 2053 ejus
2817 1982 2962 2038 Deus
3014 1984 3289 2056 ignoraret
3317 1996 3500 2044 tenta-

1910 2071 1988 2125 vit
2021 2072 2292 2127 Abraham
2322 2074 2436 2128 veri
2465 2074 2870 2143 exploratione,
2903 2074 2996 2131 sed
3029 2076 3231 2132 idcirco
3263 2087 3500 2137 tentatus

1911 2175 2018 2228 est,
2046 2173 2104 2219 ut
2131 2173 2368 2220 tentatus
2391 2166 2802 2236 justilicaretur,
2823 2176 2879 2223 et
2907 2168 3029 2224 aliis
3055 2167 3348 2226 imitandus
3376 2187 3501 2243 pro-

1910 2268 2222 2328 poneretur.

1984 2349 2091 2404 lnt.
2132 2351 2414 2417 Quomodo
2458 2351 2627 2406 Jacob
2673 2352 2844 2408 dicit:
2881 2352 3007 2408 Vidi
3045 2353 3328 2409 Dominum
3367 2356 3500 2428 facie

1910 2446 1980 2498 ad
2008 2446 2220 2515 faciem,
2253 2457 2302 2500 et
2333 2448 2474 2501 salva
2504 2451 2643 2516 facta
2677 2457 2748 2502 est
2782 2450 2957 2502 anima
2991 2465 3103 2503 mea
3135 2447 3290 2520 (Gen.
3324 2466 3498 2518 xxxn,

1912 2538 2040 2609 30),
2076 2555 2197 2596 cum
2244 2540 2296 2596 in
2345 2537 2635 2610 Evangel'o
2679 2541 2935 2611 legatur:
2979 2541 3145 2596 Deum
3185 2559 3333 2598 nemo
3376 2545 3504 2600 vidit

1912 2645 2152 2701 umquam
2179 2628 2360 2697 (Joan.
2392 2646 2430 2695 ι,
2461 2631 2550 2701 18)
2570 2646 2584 2694 ;
2608 2640 2701 2686 aut
2726 2631 2999 2700 quomodo
3029 2629 3237 2703 Moyses
3258 2649 3373 2687 cum
3393 2630 3503 2689 Deo

1914 2723 2046 2794 facie
2075 2725 2142 2776 ad
2169 2725 2352 2792 faciem
2382 2733 2644 2794 tamquam
2674 2739 2790 2778 cum
2820 2724 2989 2778 amico
3022 2724 3223 2779 locutus
3260 2725 3502 2779 scribitur

1916 2812 2112 2877 (Exod.
2135 2832 2295 2881 xxxv,
2325 2816 2432 2882 ll).
2459 2815 2526 2871 Et
2547 2830 2741 2870 rursus
2769 2814 2910 2869 idem
2932 2815 3057 2870 dicit
3083 2815 3150 2871 ad
3173 2815 3497 2873 Dominum:

1917 2904 2137 2960 Ostende
2168 2905 2293 2960 mihi
2316 2906 2536 2978 gloriam
2565 2915 2706 2960 tuam
2737 2903 2936 2976 (Exod.
2967 2921 3156 2972 xxxnt,
3187 2907 3321 2976 ‘18)?

1985 2997 2143 3069 Resp.
2183 3001 2319 3066 Quia
2357 2999 2526 3053 Jacob
2553 3000 2638 3055 vel
2679 2998 2890 3070 Moyses
2925 3015 3029 3053 non
3095 3002 3146 3054 in
3178 3001 3292 3070 ipsa
3325 3001 3498 3072 maje-

1914 3092 2068 3145 statis
2098 3107 2209 3146 suae
2234 3090 2400 3162 gloria
2434 3089 2602 3146 Deum
2634 3089 2914 3158 viderant,
2953 3089 3049 3144 sed
3079 3104 3177 3159 per
3203 3089 3502 3160 subiectam

1913 3181 2113 3236 divina:
2145 3181 2399 3251 potestati
2427 3182 2665 3250 speciem
2686 3179 2915 3235 visibilis
2943 3190 3230 3246 creaturae,
3252 3195 3374 3250 qua
3399 3180 3502 3237 hu-

1835 3264 1881 3328 C
1915 3277 2090 3331 mauis
2130 3285 2345 3346 poterat
2382 3290 2644 3346 apparere
2680 3274 3080 3344 conspectibus.
3119 3272 3178 3329 In
3215 3288 3280 3330 ea
3319 3283 3502 3331 autem

1913 3373 2210 3427 substantia
2249 3371 2572 3441 ntajestatis,
2604 3371 2657 3425 in
2694 3384 2799 3440 qua
2833 3381 2948 3439 est,
2975 3369 3245 3440 quomodo
3286 3369 3431 3426 Deus
3469 3385 3502 3425 ι

1913 3465 2125 3520 mortali
2153 3463 2327 3518 adhuc
2357 3462 2575 3518 homine
2588 3461 2881 3527 videretur,
2895 3475 3018 3516 cum
3049 3461 3165 3530 ipse
3191 3460 3258 3515 ad
3281 3459 3502 3533 Moysen

1912 3557 2042 3612 dicit
2074 3574 2088 3612 ;
2118 3556 2238 3612 Non
2265 3557 2450 3625 poteris
2476 3556 2644 3610 videre
2670 3554 2859 3623 faciem
2888 3570 3054 3607 meam
3091 3569 3110 3608 :
3137 3569 3240 3607 non
3264 3553 3400 3609 enim
3426 3554 3504 3608 ui-

1915 3649 2046 3705 debit
2079 3666 2155 3704 me
2184 3649 2337 3702 homo
2357 3689 2373 3716 ,
2403 3657 2449 3701 et
2474 3649 2600 3702 vivet
2623 3646 2818 3719 (Exod.
2851 3660 3050 3712 xxxnt,
3080 3644 3196 3718 20).
3228 3644 3342 3703 liae
3367 3662 3502 3718 ergo

1913 3742 2124 3796 ratione
2151 3751 2440 3810 utrumque
2467 3739 2835 3795 testimonium
2863 3751 3056 3793 verum
3089 3746 3194 3793 est.

1984 3833 2094 3889 Int.
2135 3833 2275 3902 Quid
2307 3845 2390 3889 est
2417 3832 2562 3902 quod
2616 3832 2728 3888 ait:
2781 3830 2904 3898 Ipsa
2956 3839 3028 3886 est
3075 3823 3221 3894 Ana,
3278 3833 3365 3902 qui
3413 3833 3499 3888 in.

1913 3929 2046 3981 venit
2070 3924 2247 3980 lamin
2274 3927 2327 3980 in
2350 3927 2568 3990 deserto,
2597 3940 2712 3978 cum
2733 3934 2958 3995 pasceret
2977 3923 3151 3978 asinos
3176 3922 3500 4005 Schem!»-

1915 4021 2008 4075 tris
2038 4022 2120 4074 sui
2152 4017 2306 4090 (Gen.
2341 4034 2525 4084 xxxvr,
2554 4017 2688 4086 ειν

1984 4109 2142 4183 Resp.
2184 4109 2360 4165 Jatniu
2399 4109 2589 4166 Latine
2625 4109 2793 4164 maria
2838 4107 3252 4178 interpretatur,
3291 4107 3346 4164 id
3382 4117 3498 4174 est,

1914 4218 2174 4274 aquarum
2221 4201 2567 4272 congregatio
2619 4217 2633 4253 :
2684 4215 2753 4255 eo
2797 4200 2941 4270 quod
2987 4209 3236 4270 stagnum
3279 4215 3395 4257 rem
3442 4201 3500 4257 in

1915 4309 2101 4350 eremo
2140 4293 2277 4348 hami
2318 4292 2482 4346 dubie
2511 4289 2790 4346 difficilem
2828 4289 2945 4360 ipse
2979 4292 3264 4361 repererit.
3294 4289 3502 4350 Iudicat

1914 4385 2091 4440 Jantin
2119 4393 2175 4439 et
2202 4384 2406 4449 asinos,
2435 4383 2524 4452 qui
2558 4381 2627 4436 de
2655 4380 2871 4452 onagris
2897 4380 3017 4452 ejus
3043 4383 3379 4440 institutione
3403 4399 3502 4440 na-

1914 4486 2156 4534 scantur.
2185 4480 2321 4533 Sunt
2349 4476 2440 4546 qui
2465 4475 2756 4542 aestimant,
2785 4474 2928 4544 quod
2961 4474 3381 4545 permixtionem
3411 4476 3498 4532 di-

1914 4587 2193 4629 versorum
2234 4570 2375 4625 inter
2399 4585 2458 4625 se
2488 4569 2802 4624 animalium
2839 4568 2954 4638 ipse
2991 4569 3224 4639 primus,
3258 4579 3317 4625 ut
3341 4570 3494 4639 muli,

1834 4644 1892 4706 Ῑ)
1919 4667 2000 4722 vel
2032 4666 2195 4721 mula:
2227 4674 2602 4728 nascerentur,
2628 4660 2914 4718 invenerit.

1989 4759 2098 4815 Im.
2136 4759 2268 4826 Quae
2304 4767 2432 4814 sunt
2459 4756 2549 4812 illa
2578 4755 2967 4825 primogenita,
2997 4769 3118 4825 qua:
3145 4754 3287 4811 Esau
3316 4758 3501 4815 vendi-

1917 4852 1996 4908 dit
2024 4852 2194 4908 Jacob
2224 4851 2374 4904 fratri
2405 4863 2503 4905 suo
2535 4845 2688 4918 (Gen.
2720 4861 2853 4911 xxv,
2878 4845 3010 4917 33)?

1990 4946 2146 5015 Resp.
2189 4943 2345 4998 Prior
2371 4950 2424 4997 et
2446 4940 2621 5015 major
2644 4955 2771 5010 pars
2801 4938 3175 5009 primogenilis
3201 4938 3507 4996 debebatur

1917 5041 2002 5094 vel
2031 5037 2082 5092 in
2115 5036 2340 5099 honore,
2369 5033 2452 5089 vel
2484 5032 2539 5086 in
2570 5031 2911 5087 hmreditaria
2936 5029 3304 5096 successione,
3331 5031 3419 5087 vel
3450 5031 3509 5087 in

1918 5133 2090 5204 gratia
2130 5139 2365 5199 paterna:
2394 5126 2805 5184 benedictionis.
2841 5125 2992 5180 Sicut
3021 5125 3136 5194 ipse
3159 5123 3349 5190 Jacob,
3387 5124 3504 5180 Ru-

1920 5225 2031 5290 ben,
2061 5222 2252 5294 inquit,
2276 5220 2638 5292 primogenitus
2667 5233 2825 5280 meus,
2855 5217 2998 5288 prior
3023 5217 3076 5268 in
3103 5216 3253 5270 donis
3285 5231 3303 5268 :
3333 5219 3510 5288 major

1918 5318 2138 5385 imperio
2173 5313 2327 5386 (Gen.
2359 5328 2504 5376 χιιι,
2537 5311 2616 5382 5).
2646 5311 2713 5365 Et
2742 5311 2794 5364 in
2823 5309 2964 5364 libro
2999 5306 3410 5364 Deuteronomii
3440 5309 3511 5365 de

1919 5409 2278 5483 primogenito
2307 5407 2561 5462 scribitur
2585 5420 2600 5458 :
2625 5404 2877 5473 Dabitque
2903 5405 2981 5468 ei,
3014 5401 3064 5455 id
3088 5413 3200 5467 est,
3238 5413 3414 5473 pater,
3445 5405 3510 5460 de

1919 5505 1999 5561 his
2042 5509 2156 5573 qua?
2184 5502 2414 5556 habuerit
2448 5507 2630 5553 cuncta
2665 5497 2913 5568 duplicia.
2947 5492 3055 5549 Iste
3082 5503 3155 5549 est
3192 5495 3326 5548 enim
3360 5495 3508 5566 prin-

1915 5606 2109 5674 cipium
2153 5601 2427 5657 liberorum
2463 5603 2608 5669 ejus,
2647 5607 2706 5674 et‘
2729 5596 2849 5649 huic
2886 5593 3130 5649 debentur
3164 5594 3508 5665 primogenita

1916 5669 2100 5770 (Dent.
2133 5711 2244 5759 xxi,
2282 5691 2394 5762 l7).
2428 5689 2582 5746 Unde
2611 5697 2668 5743 et
2691 5669 2852 5741 isaac‘
2887 5684 3320 5740 benedictionem
3351 5697 3509 5740 suam

1919 5791 1987 5846 ad
2008 5789 2149 5844 Esau
2167 5793 2449 5858 potaverat
2472 5778 2821 5854 primogeniti
2832 5779 2891 5850 ju
2901 5793 2957 5834 re
2974 5775 3326 5834 deferendam
3349 5775 3509 5849 (Gen.

1920 5881 2140 5952 xxvn)?

2991 5960 3075 6029 25
