4018 6338
483 357 612 494 vis
699 475 702 480 _

1458 402 1516 456 s.
1559 349 1884 454 aucuﬁn’u
1925 367 2405 454 LUGD’UNENSIS
2443 359 2748 454 spisso“

3649 375 3760 492 tati
3803 375 3816 428 ⁷

449 517 455 557 .'
552 477 664 575 ’lnt.
699 477 851 585 Quid
878 493 960 568 bis
1004 495 1443 596 respondendum
1483 517 1605 574 est,
1638 508 1730 578 qui
1771 507 1841 563 ob
1872 522 2067 562 uxores
2094 510 2148 571 Α
2245 507 2401 577 Resp.
2443 506 2596 576 Quod
2637 525 2743 564 non
2783 508 2988 566 Judmis
3029 501 3235 567 tantum
3283 503 3368 569 lex
3410 501 3506 570 illa
3548 489 3755 586 prolata

482 609 678 668 multas
720 603 1166 668 incontinentiam
1207 600 1452 672 patribus
1479 599 1564 657 vel
1605 600 1929 672 patriarcbis
1969 614 2065 656 no-

481 685 607 760 stris
635 699 993 771 objiciendam
1023 694 1250 768 putant?
1515 765 1519 768 .
1613 763 1616 766 ἢ

549 795 710 866 Resp.
750 792 1022 858 Primum,
1051 788 1194 860 quod
1233 797 1360 844 tunc
1398 775 1637 842 nondum
1673 771 1792 857 lege
1823 773 2066 856 prohibi-

479 897 611 954 tum,
641 887 766 958 quia
790 879 1124 941 consuetudo
1146 890 1284 947 erat,
1311 881 1516 935 crimen
1542 870 1800 934 esse'nOn
1825 887 2061 950 poterat.

480 980 684 1038 Deinde
701 1020 720 1046 ,
747 977 889 1054 quod
915 976 1006 1030 illa
1029 984 1155 1044 tunc
1177 961 1385 1052 vel'pro
1407 967 1527 1026 loco
1548 1012 1562 1034 ,
1587 959 1668 1025 vel
1695 967 1791 1042 pro
1819 967 2064 1039 tempore

479 1089 584 1129 non
612 1068 987 1141 improbabilia
1014 1065 1154 1136 apud
1186 1067 1350 1120 Deum
1380 1061 1604 1119 fuerint.
1634 1055 1737 1118 Pro
1761 1061 1902 1131 loco,
1923 1061 2064 1117 sicut

475 1165 610 1226 etin
641 1179 746 1232 una
773 1163 934 1217 domo
961 1159 1013 1214 in
1045 1147 1215 1212 altero
1239 1157 1433 1227 angulo
1455 1151 1659 1226 aliquid
1685 1153 1796 1209 lieri
1824 1171 1851 1206 a
1883 1151 2062 1225 quoli-

475 1257 568 1315 bet
631 1255 857 1316 Domino
901 1250 1245 1326 praecipitur,
1286 1247 1430 1318 quod
1476 1247 1527 1301 in
1570 1235 1677 1300 alio
1723 1247 2059 1317 nequaquam

475 1349 592 1404 tieri
617 1344 964 1420 permittitur.
995 1340 1102 1396 Pro
1134 1329 1374 1410 tempere
1391 1353 1541 1407 vero,
1571 1331 1714 1408 quod
1741 1338 1859 1392 rudi
1887 1336 2062 1393 adhuc

474 1441 672 1494 saeculo
716 1427 1056 1508 praeceptum
1104 1431 1279 1488 fuerat
1335 1449 1349 1485 :
1397 1427 1617 1485 Crescite
1652 1440 1703 1484 et
1742 1427 2059 1506 multiplica-

475 1533 602 1587 mini
631 1529 787 1604 (Gen.
825 1546 872 1596 t,
897 1526 1012 1597 ει).
1042 1525 1194 1580 Nunc
1228 1538 1355 1579 vero
1375 1521 1617 1594 jubetur,
1655 1531 1712 1576 ut
1744 1521 1837 1592 qui
1865 1521 2062 1576 habent

473 1639 707 1703 uxores,
737 1632 1012 1696 tamquam
1061 1634 1169 1676 non
1199 1618 1460 1692 habentes
1491 1616 1619 1672 sint.
1649 1615 1764 1670 Non
1805 1613 1948 1686 quod
1970 1614 2056 1687 ju~

472 1716 617 1772 stitia
638 1715 783 1784 varia
801 1715 893 1780 sit,
908 1712 1002 1767 sed
1027 1721 1268 1778 tempora
1291 1706 1594 1773 mutabilia,
1616 1724 1736 1777 quae
1757 1707 1959 1777 pariter
1982 1706 2060 1782 ire

471 1795 581 1865 non
619 1815 875 1878 possunt,
917 1813 975 1860 et
1012 1801 1243 1858 diversis
1271 1799 1574 1871 quibusque
1602 1789 1945 1870 temporibus
1972 1797 2059 1853 vel

2131 672 2133 674 η
2167 599 2257 670 sit,
2306 614 2428 670 quae
2471 601 2721 656 omnibus
2761 601 3014 672 gentibus
3055 605 3472 662 constitutione‘
3495 609 3760 668 naturalis

2166 690 2300 762 legis
2349 690 2691 762 innascitur,
2729 693 2996 765 Apostolo
3027 697 3142 752 ‘hoc
3191 697 3354 753 etiam
3385 695 3761 760 ‘confirmante

2166 783 2332 855 atque
2358 783 2576 842 dicente
2610 777 2625 840 Ξ
2655 781 2784 842 Cum
2811 779 2946 843 enim
2969 781 3305 862 gentes,'quar
3331 781 3495 864 legem
3522 807 3635 848 non
3664 789 3760 849 Ito-

2168 875 2304 943 bent,
2335 879 2640 932 naturaliter
2671 895 2786 950 qua:
2816 879 2940 952 legis
2967 893 3107 949 sunt,
3143 882 3366 953 faciunt,
3397 886 3661 957 ejusmodi
3694 886 3763 940 le-

2165 963 2278 1050 gem
2301 984 2403 1022 non
2425 966 2685 1037 habentes,
2709 970 2806 1024 sibi
2830 973 2931 1040 ipsi
2951 986 3071 1026 sunt
3092 973 3197 1038 lex,
3221 974 3309 1046 qui
3329 979 3610 1031 ostendunt
3632 993 3763 1048 opus

2165 1055 2291 1131 legis
2320 1061 2568 1131 scriptum
2613 1063 2667 1115 in
2711 1063 2948 1117 cordibus
2985 1067 3092 1120 suis
3124 1063 3302 1139 (Rom.
3336 1083 3405 1137 ιι,
3437 1069 3551 1141 id).
3585 1073 3764 1140 Atque
3816 1079 3818 1082 ’

2163 1151 2368 1208 idcirco
2405 1170 2512 1208 non
2552 1169 2676 1210 sero
2710 1156 2967 1212 Dominus
3007 1158 3180 1228 legem
3222 1160 3552 1218 innocentia:
3583 1163 3640 1219 in
3670 1163 3765 1220 de—

2162 1242 2283 1300 cem
2314 1245 2480 1300 verba
2521 1244 2770 1317 collegit,
2802 1248 2957 1318 cujus
2983 1247 3097 1319 jam
3131 1250 3306 1305 insita
3351 1251 3405 1306 in
3449 1247 3763 1321 pectoribus

2162 1331 2415 1391 humanis
2456 1329 2609 1406 origo
2653 1350 3027 1407 praecesserat.
3073 1339 3187 1397 Nec
3231 1341 3383 1398 tarde
3421 1357 3543 1399 eam
3581 1335 3762 1400 saxeis

2162 1431 2360 1487 tabulis
2407 1437 2595 1487 rurSus
2635 1431 2944 1503 inscripsit,
2985 1449 3145 1504 quam
3182 1434 3293 1506 jam
3341 1444 3503 1492 antea
3551 1439 3763 1509 paginis

2161 1522 2342 1579 cordis
2381 1523 2759 1592 insculpserat.
2795 1515 3005 1580 Etenim
3037 1535 3164 1583 ante
3202 1526 3340 1584 hanc
3381 1528 3554 1602 Moysi
3587 1530 3761 1601 legem

2163 1613 2394 1671 habebat
2434 1609 2633 1694 (natura
2684 1606 2855 1688 legem
2902 1609 3088 1688 suam,
3131 1629 3231 1690 per
3279 1633 3439 1692 quam
3484 1634 3540 1679 et
3593 1613 3763 1678 Deum

2161 1695 2348 1761 mundi
2377 1700 2608 1777 vitaeque
2637 1699 2916 1765 auctorem
2945 1725 3265 1782 agnoscere,
3295 1725 3348 1768 et
3377 1729 3479 1784 per
3506 1717 3612 1770 hoc
3641 1715 3762 1770 dili-

2160 1814 2313 1871 gere,
2347 1801 2397 1853 in
2443 1813 2696 1872 promptu
2734 1815 2870 1871 erat,
2909 1812 2964 1860 et
2998 1804 3260 1874 jusﬁtiam
3293 1821 3418 1879 erga
3453 1805 3761 1878 proximum

471 1871 698 1962 diversis
727 1905 860 1960 locis
883 1903 1099 1958 diversa
1126 1908 1442 1970 congruant.
1470 1895 1702 1951 Necesse
1727 1902 1812 1948 est
1842 1900 2051 1962 postre-
2083 1871 2130 1953 Β
2157 1881 2610 1963 dilectionemque
2659 1887 2900 1952 servare.
2936 1871 3220 1968 Iniquibus
3249 1871 3520 1956 mandatis
3547 1891 3763 1958 duobus

471 2014 561 2062 mo
581 2040 596 2064 ,
627 1996 770 2069 quod
802 1997 853 2049 in
879 1994 965 2048 bis
992 2009 1060 2050 ex
1089 1992 1362 2047 voluntate
1393 1986 1606 2044 Domini
1637 1987 1736 2042 sub
1762 1984 1940 2057 specie
1966 1987 2059 2056 ge-

470 2079 675 2146 storum
717 2087 1068 2160 praesentium
1098 2085 1250 2141 ﬁeret
1279 2082 1526 2156 quaedam
1565 2079 1945 2152 pramuntialio
1973 2073 2058 2134 iu-

471 2194 716 2238 turorum
729 2221 742 2234 .

539 2275 646 2346 Ιηι.
687 2275 825 2344 Quid
855 2284 941 2329 est
968 2276 1114 2343 quod
1140 2271 1311 2326 dicit:
1344 2270 1408 2325 Et
1428 2287 1541 2325 ecce
1560 2271 1677 2325 uitis
1704 2286 1757 2323 sn
1779 2277 2054 2338 conspectu

469 2387 600 2442 meo,
633 2378 679 2422 et
702 2384 816 2422 ecce
836 2369 889 2420 in
918 2367 1014 2422 uite
1041 2374 1140 2420 tres
1171 2365 1322 2436 fundi
1344 2362 1500 2436 (Gen.
1535 2380 1624 2430 ιι,
1656 2362 1780 2433 i0)?

541 2462 695 2535 Resp.
738 2459 860 2516 Tria
900 2459 1109 2528 ﬂagella
1138 2460 1224 2514 vel
1253 2467 1362 2514 tres
1395 2445 1716 2528 propagines
1751 2443 2055 2511 indicanttlr

468 2555 568 2612 sub
597 2555 696 2612 hac
725 2553 886 2608 trium
913 2551 1286 2608 enuntiatione
1309 2549 1626 2605 fundorum.

1114 2662 1166 2702 IN
1204 2661 1400 2703 IXODO.

536 2739 650 2798 Int.
691 2740 942 2810 Loquitur
970 2741 1038 2796 ad
1069 2739 1331 2796 Abraham
1364 2739 1524 2806 Deus,
1552 2739 1690 2810 quod
1717 2749 1899 2811 quarta
1933 2756 2056 2808 pro-

466 2835 606 2903 genie
627 2831 690 2886 de
712 2844 849 2887 terra
875 2831 1095 2904 /Egypti
1117 2832 1368 2888 reversuri
1391 2817 1555 2886 essent
1582 2830 1682 2901 ﬁlii
1704 2830 1872 2886 Israel
1893 2829 2047 2904 (Gen.

467 2941 553 2986 xv.
577 2923 708 2993 16),
739 2932 794 2979 et
818 2922 1093 2994 quomodo
1125 2932 1309 2992 postea
1343 2922 1555 2992 Moyses
1589 2923 1781 2978 scribit
1814 2941 1826 2976 :
1856 2923 2051 2991 Quinta

465 3026 644 3082 autem
686 3017 946 3088 progenie
1005 3007 1368 3073 ascenderunt
1416 3016 1512 3072 lilii
1568 3017 1733 3073 lsrael
1787 3013 1856 3072 de
1903 3024 2050 3072 terra
2100 3075 2101 3078 η

819 3201 1192 3271 genealogiam
1223 3200 1517 3258 secundum
1550 3197 1684 3257 Levi
1719 3200 1918 3256 tribum
1965 3216 2051 3254 re-

2158 1986 2337 2040 omnis
2383 1983 2468 2040 lex
2512 1987 2712 2055 pendet
2749 1999 2798 2042 et
2842 1993 3144 2059 prophetae.
3177 1989 3347 2061 lgitnr
3381 1995 3436 2047 et
3469 1991 3604 2048 illud
3636 1985 3763 2049 ante

2152 2075 2264 2146 jam
2311 2086 2574 2132 noverant
2617 2093 2632 2137 :
2681 2075 2869 2133 Omnia
2907 2096 3240 2153 quacumque
3269 2081 3424 2136 vultis
3466 2094 3522 2136 ut
3564 2077 3766 2151 faciant

2156 2167 2296 2222 uobis
2323 2167 2583 2233 homines,
2615 2180 2663 2223 et
2696 2170 2969 2239 ινοιῙαπὲιε
3003 2171 3076 2225 eis
3108 2187 3126 2225 :
3157 2173 3211 2225 in
3247 2185 3350 2242 quo
3388 2180 3463 2226 est
3505 2181 3556 2226 et
3596 2174 3686 2228 lea:
3717 2182 3767 2228 et

2157 2259 2650 2334 prophetwjﬂlatth.
2672 2277 2777 2328 vn,
2799 2260 2888 2330 12)
2915 2277 2934 2316 :
2963 2261 3032 2317 Et
3064 2272 3118 2317 ut
3161 2263 3265 2317 ltoc
3297 2264 3459 2318 etiam
3488 2263 3762 2334 exemplis

2154 2357 2451 2426 probemus
2486 2374 2499 2410 :
2534 2363 2662 2411 ante
2695 2355 2833 2411 hanc
2861 2355 3034 2426 legem
3068 2356 3262 2411 littera:
3287 2371 3387 2426 per
3417 2356 3571 2411 illam
3605 2366 3763 2411 natu—

2153 2463 2230 2504 rte
2259 2447 2442 2520 legem
2475 2449 2594 2502 Abe’l
2617 2452 2793 2520 justus
2833 2444 3128 2519 agnoscitur
3169 2447 3324 2519 (Gen.
3351 2463 3424 2511 tv,
3456 2449 3539 2518 4),
3577 2447 3763 2503 Enoctt

2151 2542 2359 2611 rapitur
2383 2538 2536 2610 (Gen.
2571 2557 2624 2606 v,
2655 2539 2774 2612 24),
2811 2539 2927 2595 Noe
2954 2541 3164 2613 eligitur
3194 2539 3347 2612 (Gen.
3375 2555 3449 2601 vt,
3481 2541 3564 2610 8),
3596 2541 3763 2596 Abro-

2155 2633 2275 2688 nam
2302 2641 2449 2706 pater
2473 2634 2702 2705 gentium
2734 2643 3061 2707 nuncupatur
3097 2630 3251 2706 (Gen.
3279 2647 3411 2700 xm,
3436 2635 3524 2702 4).
3558 2634 3764 2702 Quam-

2154 2725 2343 2782 obrem
2375 2725 2515 2780 hanc
2557 2725 2728 2798 Moysi
2774 2725 2947 2796 legem
2979 2739 3084 2779 non
3117 2737 3241 2781 sero
3289 2737 3416 2781 esse
3457 2726 3755 2796 prolatam,

2153 2819 2470 2890 praecedens
2508 2817 2685 2874 etl‘ecit
2729 2820 2813 2873 lex
2856 2829 3098 2886 naturae,
3128 2835 3225 2890 per
3253 2835 3413 2890 quam
3448 2820 3760 2876 multi‘De‘o

2151 2911 2461 2984 probabiles
2491 2911 2839 2968 exstiterunt.

2227 2998 2336 3060 int.
2375 3001 2508 3073 Quis
2529 3014 2613 3061 est
2641 3007 2734 3061 ille
2755 3007 2955 3076 digitus
2980 3005 3098 3070 Dei,
3118 3019 3226 3074 quo
3253 3005 3374 3063 dua
3402 2988 3754 3078 legitstabull
3795 3039 3799 3042 ~

2151 3096 2402 3168 leguntur
2431 3099 2644 3168 scriptae
2674 3099 2874 3168 (Exod.
2905 3113 3062 3165 xm,
3097 3098 3214 3170 ιδῃ

2224 3189 2381 3262 Resp.
2424 3190 2632 3262 Digitus
2689 3191 2788 3248 Dei
2842 3193 2927 3248 hic
2979 3192 3336 3264 accipiendas
3381 3201 3470 3250 est
3519 3181 3756 3266 Spit-itis

467 3293 669 3362 quiras,
695 3301 930 3360 quatuor
958 3292 1239 3366 progenies
1280 3308 1379 3363 pro
1423 3293 1655 3348 liliorum
1698 3293 2047 3348 successione
2074 3267 2118 3332 ο
2151 3291 2394 3336 “news.

466 3381 782 3444 numerabis
815 3401 825 3436 :
858 3382 905 3437 si
927 3383 1100 3438 tribus
1128 3383 1281 3439 Judte
1307 3383 1440 3438 ordo
1469 3384 1786 3454 replicetur,
1814 3383 2053 3454 quinque

466 3476 874 3546 generationum
913 3475 1286 3531 successiones
1311 3476 1594 3552 invenies,
1641 3490 1961 3546 quamquam
1995 3471 2048 3528 in

466 3571 714 3635 Rubrae,
743 3577 804 3624 ut
834 3568 1038 3624 indicat
1058 3569 1265 3640 Aquilae
1295 3567 1681 3624 studiosissimi
1709 3569 2051 3647 translatoris

466 3660 654 3727 editio,
683 3675 788 3715 non
809 3659 1031 3728 habeat,
1061 3659 1258 3727 Quinta
1285 3661 1634 3739 generatione
1647 3647 2048 3739 ascenderunt:

467 3754 594 3823 sed,
627 3753 827 3816 Armati
850 3755 1186 3814 ascenderunt
1223 3753 1320 3822 ﬁlii
1362 3737 1536 3808 Israel
1568 3751 1631 3806 de
1665 3741 1802 3807 terra
1832 3737 2052 3823 )Egypti

467 3846 670 3916 (Exod.
701 3861 828 3913 xtu,
866 3846 982 3917 18).
1832 3907 1840 3916 ι

537 3939 645 3994 Int.
689 3941 745 3996 ln
783 3938 1079 4009 Scripturis
1117 3939 1430 4010 frequenter
1469 3937 1702 4010 legimus
1747 3956 1759 3991 :
1811 3925 1880 3992 Et
1921 3921 2052 3992 dixit

466 4031 720 4090 Dominus
748 4047 766 4086 :
793 4031 935 4088 istud
983 4029 1171 4086 dicere
1217 4029 1432 4086 Domini
1473 4019 1746 4102 quomodo
1781 4028 2052 4099 accipien-

466 4128 593 4191 dum
623 4127 738 4182 est?
1001 4177 1006 4180 ,
1194 4175 1196 4177 .

532 4219 702 4286 Resp:
739 4219 930 4276 Dicere
987 4217 1251 4275 Dominus
1305 4217 1389 4272 vel
1455 4217 1599 4288 loqui
1657 4216 1948 4282 scribitur,
2005 4213 2050 4269 si

467 4313 684 4383 quando
709 4312 778 4367 ad
803 4322 1111 4368 sanctorum
1141 4325 1304 4366 aures
1329 4325 1678 4381 expressum,
1704 4310 1792 4379 qui
1820 4324 1963 4378 scrpe
1983 4308 2050 4364 ab

467 4406 589 4461 aliis
621 4421 730 4460 non
757 4405 994 4472 auditur,
1019 4405 1148 4460 iacit
1175 4418 1368 4460 sonum
1398 4405 1688 4473 pervenire
1711 4391 1998 4459 verborum
2035 4419 2050 4458 :

468 4501 576 4554 Aut
611 4513 734 4553 cum
777 4512 874 4566 per
909 4497 1174 4567 assumpti
1209 4495 1501 4567 cujuslibet
1528 4497 1774 4566 corporis
1815 4496 2050 4563 speciem

467 4592 610 4648 Deus
635 4591 912 4662 loquitur:
939 4599 1032 4646 aut
1054 4605 1178 4648 cum
1199 4588 1392 4661 aliquis
1421 4589 1795 4645 admonitione
1821 4591 1934 4644 sive
1962 4605 2050 4644 re-

467 4682 739 4740 vslatione
787 4691 1072 4740 nocturnae
1117 4680 1342 4738 visionis
1389 4680 1677 4736 instruitur
1717 4697 1730 4736 :
1772 4680 1858 4735 vel
1906 4689 2053 4736 certe

465 4787 588 4829 cum
617 4788 682 4828 ea
713 4787 836 4842 qua
862 4772 947 4844 agi
975 4771 1089 4830 vult
1137 4772 1422 4843 Dominus,
1447 4781 1756 4828 sanctorum
1797 4771 2054 4829 cordibus

465 4877 526 4922 ut
552 4875 779 4936 agantur
798 4905 813 4932 ,
845 4864 1108 4934 inspirat,
1143 4863 1440 4922 secundum
1471 4862 1604 4920 illud
1633 4881 1646 4916 :
1677 4862 1897 4920 Audiam
1924 4851 2052 4935 quid

467 4959 707 5030 loquatur
724 4958 878 5022 inme
905 4955 1158 5012 Dominus
1191 4955 1328 5012 Deus
1355 4954 1719 5028 (Ps.'t.xxxtv,
1750 4953 1829 5027 9).
2053 5023 2060 5028 ν

535 5052 645 5107 lnt.
687 5051 830 5121 Dicit
873 5051 1133 5106 Dominus
1172 5049 1240 5106 ad
1284 5051 1507 5122 Moysen
1542 5067 1557 5104 :
1596 5047 1894 5106 Posteriora
1936 5064 2049 5103 mea

463 5145 656 5200 ridebis
684 5141 881 5215 (Exod.
910 5157 1104 5210 xxxm,
1133 5140 1228 5214 23)
1273 5160 1288 5198 :
1330 5143 1462 5214 quid
1508 5141 1597 5199 hic
1641 5133 2048 5214 intelligendum

463 5247 544 5291 est
565 5237 589 5292 τ

536 5329 697 5400 Resp.
735 5327 891 5397 Quod
943 5327 1254 5398 posteriora
1322 5327 1628 5383 divinorum
1697 5341 1923 5398 cperum
1993 5321 2048 5380 in

427 5451 430 5454 ~
462 5422 682 5478 Christo
711 5421 1018 5492 postremis.
1047 5418 1443 5476 manifestanda
1478 5419 1846 5489 temporibus.
1879 5418 1966 5473 vel
1996 5419 2049 5473 in

379 5549 382 5554 -
463 5517 655 5585 spiritu
676 5517 892 5572 visurus
928 5523 1105 5582 esset,
1131 5513 1221 5570 vel
1247 5514 1304 5570 in
1333 5513 1567 5584 posteris
1596 5513 1727 5568 suis.

405 5613 426 5678 ,1
533 5606 645 5666 Int.
685 5609 819 5678 Quas
845 5608 1134 5666 referenda
1161 5614 1291 5673 sunt
1345 5606 1750 5679 inquirentibus
1780 5621 1940 5679 quam
1981 5603 2050 5663 ὁὶ)

464 5715 686 5781 causam
727 5701 873 5772 Deus
899 5701 996 5757 nni
1026 5707 1239 5758 tantum
1279 5700 1428 5780 genti
1475 5715 1570 5770 per
1613 5699 1837 5772 Moysen
1877 5695 2049 5770 legem

465 5778 679 5845 dederit
713 5807 726 5842 :
767 5799 930 5860 atque
956 5789 1097 5848 hanc
1130 5778 1303 5861 ipsam
1331 5781 1503 5847 multa
1527 5789 1637 5862 jam
1675 5791 1858 5847 saeculi
1890 5796 2049 5848 aetate

466 5888 776 5936 transcursa
787 5879 811 5932 τ

2772 3436 2824 3477 IN
2859 3436 3125 3478 LBVITICO.

2215 3567 2332 3627 "Int.
2372 3573 2735 3641 Quamobrem
2785 3576 2837 3630 in
2891 3572 3166 3633 sacriﬁciis
3215 3577 3321 3632 mel
3378 3575 3532 3647 (Lev.
3563 3591 3623 3642 ιι,
3654 3576 3753 3651 ιι)

2151 3657 2469 3733 prohibetur
2496 3665 2718 3721 olierrii

2223 3751 2386 3824 Resp.
2427 3749 2562 3825 Quia
2595 3757 2892 3813 secundum
2921 3758 3235 3814 interiorem
3267 3761 3492 3816 sensum
3527 3755 3753 3818 resoluti

2152 3848 2541 3906 blandimentis
2568 3849 2915 3916 deliciarum,
2942 3862 3034 3906 aut
3064 3847 3352 3908 dulcedine
3376 3853 3750 3923 voluptatum.

2152 3933 2259 3995 non
2298 3952 2522 4010 possunt
2551 3942 2938 4014 mysteriorum
2972 3942 3071 3998 Dei
3105 3957 3228 4000 esse
3261 3944 3584 4016 participes.
3617 3944 3754 4002 ﬂint:

2153 4044 2237 4089 est
2281 4036 2464 4104 igitur,
2498 4037 2640 4106 quod
2681 4038 2845 4093 etiam
2889 4035 3097 4092 Pascha
3141 4033 3353 4093 Domini
3393 4015 3599 4096 domedi
3639 4029 3754 4097 cinis

2151 4128 2495 4182 amaritudine
2511 4129 2728 4202 jubetur
2753 4129 2947 4199 (Exod.
2981 4143 3085 4196 ιιι,
3121 4131 3177 4203 8)
3220 4150 3232 4186 :
3274 4132 3402 4203 quia
3431 4133 3505 4189 sit
3536 4149 3753 4205 semper

2153 4227 2366 4275 austera
2396 4221 2666 4279 districtio
2689 4223 2952 4279 veritatis.
2983 4221 3211 4295 Oportet
3241 4231 3372 4297 ergo
3401 4226 3616 4299 absque
3642 4227 3750 4283 ullo

2153 4309 2481 4369 adulationis
2510 4328 2574 4370 ac
2602 4314 2895 4385 voluptatis
2927 4316 3088 4372 melle
3127 4317 3292 4372 noxio
3337 4318 3616 4375 salutares
3655 4306 3750 4374 rib's
3781 4340 3784 4342 τ

2154 4405 2267 4461 Deo
2287 4407 2491 4462 hostias
2518 4422 2738 4477 semper
2764 4407 2962 4464 offerre
2984 4419 3038 4464 t~t
3061 4410 3242 4465 dicere
3275 4426 3290 4465 :
3322 4409 3472 4480 Ergo
3502 4405 3745 4467 inimicus

2153 4495 2328 4552 laetus
2367 4513 2485 4553 sum
2517 4511 2701 4554 verum
2744 4500 2931 4554 dicens
2973 4500 3166 4555 vobis?
3205 4500 3536 4558 Econtrario
3582 4489 3748 4558 adsiti-

2155 4591 2294 4644 sceri
2335 4591 2390 4644 in
2431 4591 2668 4646 omnibus
2693 4593 2959 4658 sacriﬁciis
3001 4595 3081 4647 sal
3126 4593 3328 4662 iubetur
3359 4593 3511 4667 (Leo.
3546 4611 3607 4664 ιι,
3640 4597 3747 4668 15),

2156 4683 2364 4739 scilicet
2391 4696 2446 4739 ut
2477 4685 2654 4740 omnia
2674 4728 2690 4753 ,
2731 4701 2850 4756 quas
2879 4687 2948 4741 ad
2983 4685 3188 4742 Christi
3220 4687 3488 4744 honorem
3523 4688 3751 4746 cultum-

2155 4789 2259 4844 que
2281 4774 2582 4842 oll‘erimus,
2609 4775 2774 4832 Salem
2809 4779 3039 4834 rationis
3065 4795 3128 4835 ac
3148 4775 3508 4836 discretionis
3537 4795 3754 4854 semper

2154 4867 2438 4935 accipiant.

2225 4959 2335 5014 Inl.
2374 4961 2510 5028 Quid
2540 4963 2758 5030 pr0prie
2775 4963 2840 5017 ad
2864 4978 3020 5018 usum
3045 4949 3353 5035 pertinebat
3379 4968 3754 5034 sacerdotum,

2151 5051 2351 5122 quidve
2381 5051 2445 5107 ad
2477 5051 2766 5109 levitarum
2800 5065 2867 5109 ex
2906 5054 2990 5110 bis
3031 5069 3150 5125 quae
3182 5057 3418 5127 populus
3450 5049 3760 5115 oﬁ'erebat?

2225 5143 2385 5213 Resp.
2425 5142 2687 5201 Primitiae
2719 5144 2927 5218 frugum
2970 5159 3403 5220 caaterarnmque
3439 5159 3628 5208 rerum
3664 5157 3760 5216 sa-

2151 5237 2499 5304 cerdotibus,
2533 5235 2758 5294 decimae
2789 5253 2920 5293 vero
2959 5239 3163 5296 Levitis
3203 5233 3632 5311 deputabantur.
3671 5239 3762 5300 De

2150 5329 2346 5401 quibus
2378 5333 2557 5386 tamen
2597 5329 2825 5386 decimis
2850 5329 3062 5387 decima
3093 5333 3482 5389 sacerdotibus
3507 5333 3758 5390 debebi-

2152 5430 2238 5474 tur
2257 5420 2446 5491 (Num.
2471 5436 2630 5484 xvut,
2661 5435 2779 5488 ιιι,
2809 5433 2927 5487 xxt',
2951 5425 3128 5492 xxvi).
3719 5443 3722 5450 ε

2225 5505 2330 5566 lnt.
2375 5506 2640 5568 Universa
2661 5509 2783 5582 quae
2811 5503 2959 5568 Deus
2986 5505 3253 5580 condidit,
3285 5514 3419 5569 bona
3441 5507 3601 5570 ualde
3622 5507 3758 5571 siin:

2155 5597 2306 5675 (Gen.
2339 5617 2387 5669 ι,
2414 5601 2508 5675 51)
2544 5618 2559 5658 :
2592 5613 2647 5659 et
2673 5605 2951 5674 quomodo
2989 5604 3045 5659 in
3069 5603 3470 5676 lege’qusedam
3488 5605 3760 5663 animalia

2151 5703 2413 5752 vocantur
2437 5696 2712 5753 immunda
2740 5697 2890 5768 (Leu.
2907 5699 2986 5769 ιι)
3002 5697 3030 5751 τ
3717 5729 3726 5743 ι

2227 5787 2387 5859 Resp.
2425 5788 2496 5847 Ut
2537 5790 2745 5861 reliqua
2785 5791 3030 5860 taceam,
3063 5797 3187 5861 Quae
3221 5805 3290 5847 ex
3330 5790 3438 5849 hoc
3475 5792 3580 5848 dici
3618 5801 3762 5862 ροι-

2154 5891 2306 5949 sunt,
2355 5885 2631 5941 immunda
2678 5885 2939 5957 appellata
2981 5890 3107 5940 sunt
3134 5874 3250 5938 esui“
3272 5927 3289 5953 ,
3317 5895 3430 5940 non
3458 5875 3764 5943 cum

2527 6011 2570 6020 -η
2608 6007 2660 6018 ιο
2693 6006 2710 6029 δ.
