4018 6338
274 463 376 521 781

1468 452 2016 526 lNSTRUCTlONUM
2058 453 2266 510 LIBER
2308 450 2350 512 1.

3450 444 3561 520 989

277 575 486 631 Horum
515 570 659 628 enim
700 570 753 625 in
795 568 971 625 cibum
1014 582 1145 623 usus
1175 582 1274 638 pro
1315 567 1636 638 quibusdam
1678 568 1864 638 ﬁguris
1892 575 1940 629 Α
1969 567 2262 640 Egyptum
2290 571 2526 641 quinque
2569 580 2622 627 et
2672 573 3012 644 septuaginta
3061 571 3271 630 animas
3325 574 3562 635 refertur

277 666 460 722 divina
493 664 808 720 interdictus
840 662 958 731 lege
988 661 1354 731 cognoscitur.

352 759 464 835 fut.
486 759 631 825 (Cum
662 756 861 811 munda
888 766 944 831 et
978 753 1253 809 immunda
1280 754 1531 809 animalia
1565 754 1742 810 divina
1776 770 1873 826 per

278 828 506 924 ‘Movsen
550 836 670 921 lege
710 828 946 905 discreta
973 852 1114 913 sint,
1147 849 1419 919 quomodo
1445 851 1607 905 etiam
1641 836 1766 906 ante
1792 852 1875 906 di-

274 936 481 1001 luvium
516 944 582 1000 de
623 944 706 998 his
738 959 858 1014 qua:
900 943 950 997 in
995 958 1178 997 arcam
1226 944 1533 1012 recipienda
1567 928 1741 1011 erant,
1774 945 1870 998 im.

277 1039 477 1093 munda
502 1037 852 1109 appellantur
879 1036 1132 1091 animalia
1158 1033 1311 1105 (Gen.
1344 1051 1437 1100 vn,
1471 1036 1558 1106 8)?

351 1116 509 1202 Resp.
553 1129 785 1201 Moyses,
834 1127 1135 1198 inSpirante
1177 1138 1366 1183 sancto
1413 1128 1645 1203 Spiritui,
1681 1116 1874 1207 Petita-

272 1204 462 1279 issem
503 1223 738 1289 scriptor
771 1230 824 1277 et
860 1220 1109 1277 conditor
1136 1218 1221 1275 est
1263 1238 1274 1273 :
1310 1216 1363 1274 et
1390 1221 1511 1291 quia
1548 1220 1599 1273 in
1632 1204 1872 1285 Levi-tico

275 1314 345 1387 de
378 1302 1019 1381 mu'ndi's'immundisque
1048 1294 1375 1385 animalibus
1403 1321 1529 1387 erat
1552 1313 1870 1387 proferenda

274 1384 556 1471 discretio,
587 1402 749 1460 etiam
781 1405 833 1458 in
866 1403 1083 1465 Genesi,
1117 1402 1239 1473 quia
1270 1384 1547 1473 utriusque
1580 1390 1698 1457 libri
1727 1384 1870 1459 idem

277 1490 471 1553 auctor
501 1494 822 1565 est,'eadem
856 1497 1111 1550 animalia
1140 1497 1451 1567 appellavit,
1482 1498 1805 1575 imniunda._

349 1578 463 1645 Iul.
503 1586 633 1657 Quin
688 1590 754 1643 de
802 1590 973 1643 veteri
1023 1586 1372 1645 TeStanieuto
1427 1591 1740 1660 relinquere
1787 1591 1867 1646 vel

275 1674 399 1756 quae
424 1680 722 1737 bbservare
750 1681 1048 1737 debemus?
1748 1758 1751 1759 ν
1800 1746 1803 1749 ς

350 1770 514 1847 Resp.
563 1766 832 1829 Debemus
862 1774 1155 1830 observare
1190 1774 1459 1840 mandata,
1493 1792 1611 1845 qua:
1643 1760 1709 1830 ad
1748 1758 1871 1831 eor-

275 1868 557 1937 rigendam
603 1868 768 1921 vitam
820 1882 1107 1937 moresque
1157 1867 1433 1936 pertinent
1490 1883 1503 1920 :
1561 1868 1870 1938 relinquere

1974 664 2114 735 (Act.
2135 682 2230 731 vn,
2263 666 2375 737 14).

2048 755 2203 829 Resp.
2244 756 2470 813 Constat
2499 761 2718 830 quidem
2766 777 2834 817 eo
2866 771 3113 833 tempore
3139 774 3246 833 quo
3273 763 3445 820 Jacob
3483 767 3567 823 in-

1972 858 2192 917 gressus
2251 857 2333 904 est
2378 851 2669 922 [Egyptum
2716 856 2844 909 cum
2902 853 3106 925 toseph
3152 844 3400 927 (ﬁliisque
3446 856 3567 927 ejus

1974 942 2230 1011 Ephraim
2272 951 2327 999 et
2368 945 2618 1002 Manasse
2652 947 2721 1003 70
2764 940 2970 1004 animas
3008 946 3216 1005 tantum
3257 949 3440 1007 fu‘iSse.
3487 949 3569 1009 Ibi

1974 1044 2106 1089 vero
2140 1032 2230 1090 ubi
2261 1036 2332 1091 75
2360 1037 2659 1093 animarum
2703 1050 2962 1096 numerus
2994 1040 3248 1110 refertur,
3284 1044 3437 1113 quasi
3471 1056 3573 1114 per

1975 1128 2420 1198 anticipationem
2457 1132 2621 1186 etiam
2658 1131 2797 1188 ﬁiios
2834 1138 3172 1206 nepotesque
3216 1135 3470 1206 Ephraim
3510 1142 3574 1196 es

1973 1218 2218 1276 Manasse
2240 1222 2610 1279 numerandos
2634 1226 2859 1295 putavit,
2884 1230 3019 1298 Quos
3040 1237 3228 1298 postea
3250 1229 3303 1283 in
3326 1228 3571 1302 Egypt?

1975 1320 2134 1368 natos
2157 1312 2356 1369 divinae
2389 1315 2582 1370 relatio
2616 1316 2865 1372 lectionis
2896 1318 3155 1375 OSt'endit.

2048 1405 2156 1461 Int.
2210 1404 2347 1476 Quid
2401 1409 2841 1479 respondendum
2900 1420 2985 1467 est
3050 1410 3253 1467 Judazis
3298 1412 3564 1481 objicien-

1975 1499 2121 1555 tibus
2152 1501 2519 1556 testimonium
2547 1501 2680 1557 illud
2705 1520 2718 1556 :
2744 1501 3059 1559 Maledictus
3085 1504 3248 1559 omnis
3268 1503 3360 1573 qui
3381 1503 3564 1573 pendet

1971 1592 2027 1645 in
2054 1592 2195 1662 ligno
2217 1590 2396 1661 (Deut.
2431 1600 2539 1657 xxi,
2563 1591 2687 1661 25)?

2045 1683 2202 1752 Resp.
2246 1683 2584 1740 Maledictum
2609 1699 2729 1741 esse
2754 1684 3029 1740 hominem
3055 1685 3146 1754 Qui
3191 1687 3242 1741 in
3267 1686 3411 1757 ligno
3431 1701 3563 1757 pen-

1974 1774 2127 1835 deat.
2178 1776 2275 1829 sed
2325 1778 2577 1840 noxium,
2622 1782 2731 1832 non
2779 1778 3145 1832 innocentem.
3192 1777 3377 1848 Neque
3417 1779 3565 1834 enim

1976 1870 2301 1924 innocentia:
2323 1878 2501 1935 potest
2526 1872 2647 1926 esse
2671 1871 3015 1926 maledictum
3044 1884 3199 1940 pinna
3230 1872 3451 1941 peccati.
3481 1870 3565 1927 Et-

274 1971 457 2015 autem
476 1960 836 2014 caeremonias
869 1958 1117 2027 ritusque
1148 1960 1565 2025 sacriﬁciorum,
1594 1976 1712 2031 qua:
1744 1961 1872 2032 figu-
1904 1950 1952 2009 Β
1978 1962 2121 2016 enim
2140 1963 2182 2015 si
2200 1960 2565 2015 Mardochmus
2578 1972 2872 2033 prwparato
2892 1964 3029 2033 ligno
3051 1963 3563 2034 appensus(Esther.

276 2068 368 2107 ras
397 2060 562 2122 atque
587 2056 837 2107 umbram
866 2052 1057 2106 futuris
1086 2062 1211 2106 tunc
1234 2053 1397 2108 rebus
1428 2054 1798 2123 prsetulerunt.

350 2144 465 2201 Int.
505 2144 645 2214 Quid
694 2145 1145 2215 reapondcbimus
1177 2146 1563 2216 objicientibus
1603 2162 1764 2218 quam
1802 2150 1873 2204 ob

274 2252 497 2295 causam
536 2239 678 2293 Deus
708 2238 996 2292 sacrificiis
1035 2237 1312 2293 veteribus
1350 2240 1686 2309 repudiatis,
1719 2242 1873 2296 novis

275 2331 584 2387 delectatus
632 2330 746 2385 sit:
793 2329 924 2383 nihil
975 2330 1122 2386 enim
1164 2332 1361 2403 corrigi
1406 2332 1714 2400 affirmant,
1770 2334 1872 2388 nisi

276 2424 422 2493 quod
456 2438 565 2477 non
592 2431 745 2477 recte
773 2421 969 2477 factum
996 2424 1240 2492 putetur?

354 2517 514 2585 Resp.
556 2515 804 2584 Spatiosa
835 2516 1096 2584 quaestio,
1126 2516 1223 2570 sed
1270 2530 1367 2570 nos
1406 2532 1507 2585 pro
1553 2522 1875 2574 necessitate

275 2607 529 2663 breviter
560 2605 1032 2674 respondebimus,
1065 2606 1211 2677 quod
1241 2621 1347 2661 non
1377 2608 1500 2662 ideo
1530 2609 1675 2665 Deus
1703 2610 1874 2665 videri

276 2700 458 2772 possit
495 2698 796 2765 mutabilis,
827 2698 954 2767 quia
987 2699 1103 2753 haec
1139 2713 1238 2767 pro
1275 2707 1580 2768 temporum
1617 2709 1875 2769 opportu-

279 2791 456 2845 nitate
484 2798 685 2844 ntutata
709 2788 838 2843 sint.
859 2788 991 2843 Nam
1020 2798 1073 2844 et
1103 2803 1277 2844 anuus
1308 2790 1658 2859 temporibus,
1677 2802 1730 2845 et
1752 2790 1875 2845 vitae

278 2884 521 2953 spatium
553 2882 787 2936 variatur
813 2882 1084 2936 aetatibus.
1118 2881 1227 2935 Nec
1258 2881 1462 2936 idcirco
1492 2898 1611 2951 quae
1653 2883 1754 2937 ista
1795 2886 1870 2937 iu-

277 2977 483 3039 stituit,
513 2974 709 3029 divinae
752 2974 1104 3043 providentiae
1148 2976 1284 3027 ratio
1312 2974 1572 3027 variatur.
1608 2974 1716 3029 Nec
1734 2976 1877 3045 agri-

278 3066 427 3132 cola,
454 3065 502 3121 si
525 3075 713 3120 testate
738 3065 907 3131 aliud,
943 3064 1136 3135 hyeme
1164 3065 1309 3119 aliud
1340 3065 1392 3118 in
1416 3067 1722 3121 exercendo
1746 3082 1877 3136 agro

278 3166 531 3237 jusserit,
562 3166 908 3235 agriculturze
939 3166 1080 3218 ratio
1113 3176 1366 3219 mutatur.
1393 3165 1509 3220 Non
1542 3168 1684 3238 quod
1718 3170 1760 3222 is
1793 3168 1876 3223 sui

278 3260 534 3316 videatur
573 3274 697 3314 esse
741 3259 1018 3313 dissimilis
1058 3258 1147 3326 qui
1194 3258 1349 3328 facit,
1382 3259 1477 3315 sed
1521 3272 1730 3329 tempus
1770 3278 1877 3331 quo

1979 2067 2071 2119 vn,
2098 2054 2180 2121 9),
2205 2055 2526 2107 sententiam
2552 2053 2712 2123 regite
2735 2054 3075 2108 crudelitatis
3099 2054 3392 2123 explesset,
3413 2069 3567 2109 num-

1977 2144 2103 2215 quid
2147 2160 2266 2199 euui
2302 2144 2353 2198 hi
2385 2160 2525 2198 illlnC
2560 2145 2779 2215 dignum
2811 2144 2913 2199 hac
2945 2144 3325 2199 maledictione
3350 2144 3565 2214 judica-

1979 2236 2133 2289 rem?
2174 2239 2272 2289 Aut
2314 2234 2633 2302 Machabdei,
2668 2247 2831 2307 atque
2870 2236 2992 2303 alii,
3026 2250 3163 2305 quos
3196 2235 3467 2305 Scriptura
3498 2232 3570 2307 (ΙΙ

1981 2327 2158 2382 Maeli.
2193 2327 2287 2395 vn)
2329 2339 2502 2382 morte
2547 2330 2706 2383 simili
2750 2329 3122 2400 indignissime
3167 2337 3395 2383 testatur
3423 2327 3567 2381 afﬂi-

1978 2429 2131 2485 ctos,
2177 2421 2436 2490 numquid
2478 2422 2617 2489 apud
2655 2434 2752 2476 eos
2793 2438 2887 2490 pro
2926 2421 3227 2476 maledictis
3269 2420 3568 2475 habentur?

1980 2516 2315 2582 Quapropter
2338 2511 2587 2566 Salvator
2609 2514 2791 2567 noster
2816 2529 2843 2567 a
2871 2527 3044 2567 morte
3072 2514 3447 2581 redempturus
3471 2511 3570 2567 ho-

1980 2605 2203 2670 minem,
2227 2604 2299 2657 ita
2323 2616 2539 2658 crucem
2573 2618 2678 2659 non
2712 2604 2931 2674 refugit,
2953 2614 3013 2659 ut
3042 2614 3291 2659 mortem.
3321 2603 3487 2675 Igitur
3516 2606 3569 2660 in

1981 2698 2283 2754 minoribus
2316 2713 2422 2751 non
2450 2698 2867 2762 caluiunientur,
2902 2713 3021 2752 cum
3054 2712 3153 2767 pro
3182 2699 3431 2766 patientia
3466 2697 3570 2752 Βο-

1980 2791 2109 2844 mini
2145 2806 2243 2844 nos
2275 2791 2436 2845 etiam
2473 2793 2523 2844 in
2553 2790 2843 2858 majoribus
2872 2790 3184 2859 gloriemur.
3214 2788 3323 2844 Nec
3353 2790 3567 2854 mirum.

1979 2884 2026 2937 si
2059 2883 2269 2937 dicatur
2301 2884 2597 2953 patibulum
2631 2884 2888 2949 subiisse,
2915 2899 3071 2952 quem
3099 2899 3197 2937 nos
3218 2884 3378 2938 etiam
3401 2882 3467 2936 ad
3491 2882 3571 2937 in.

1980 2976 2128 3031 ferna
2163 2976 2511 3031 descendisse
2543 2976 2773 3030 fatemur
2810 2994 2823 3031 :
2863 2980 2953 3046 qui
2986 2992 3106 3031 cum
3143 2976 3419 3047 proprium
3457 2976 3571 3045 ipse

1982 3080 2263 3138 peccatum
2304 3086 2409 3125 non
2448 3070 2712 3138 habuerit,
2752 3071 2992 3139 suscepit
3031 3081 3206 3124 tamen
3239 3079 3466 3125 mortem
3501 3067 3571 3124 de

1978 3166 2186 3233 peccati
2229 3163 2608 3219 maledictione
2642 3164 2971 3220 venientem.
3010 3166 3183 3234 Atque
3229 3163 3434 3218 idcirco
3477 3176 3572 3233 pe-

1982 3258 2169 3326 pendit
2204 3258 2257 3312 iu
2292 3260 2437 3326 ligno
2468 3256 2614 3328 (Gal.
2648 3272 2727 3321 lli,
2762 3256 2872 3328 l3),
2899 3266 2955 3311 ut
2987 3270 3085 3311 nos
3120 3271 3150 3310 a
3186 3256 3403 3320 delicto,
3428 3253 3573 3325 quod

280 3353 436 3410 facit.
470 3353 729 3423 Praecepit
753 3368 880 3420 ergo
902 3352 1047 3406 Deus
1070 3366 1191 3422 qua:
1218 3362 1339 3420 apta
1364 3362 1489 3408 sunt
1515 3358 1629 3409 suis
1660 3356 1878 3425 quibus-
1906 3334 1951 3397 C
1985 3351 2039 3405 in
2080 3350 2223 3419 ligno
2261 3350 2436 3405 fuerat
2476 3350 2800 3419 perditionis
2838 3350 3167 3416 admissum,
3203 3351 3260 3403 in
3299 3348 3444 3419 ligno
3478 3365 3572 3421 ap-

282 3462 391 3515 que
423 3448 775 3516 temporibus.
806 3445 958 3500 Sicut
984 3446 1143 3499 etiam
1181 3445 1265 3500 hic
1286 3446 1354 3501 de
1376 3446 1656 3501 sacrificiis
1676 3444 1879 3517 praece-

283 3540 387 3609 pit,
435 3553 539 3593 nou
580 3553 738 3591 causa
781 3553 891 3591 sum
938 3537 1335 3604 delectatiohis,
1382 3539 1477 3594 sed
1509 3540 1779 3602 humanae.
1817 3546 1881 3595 ‘ut

280 3642 520 3696 caetera,
553 3633 819 3686 utilitatis.
858 3632 923 3685 Et
957 3631 1080 3686 ideo
1110 3647 1271 3687 verus
1312 3641 1398 3687 est
1426 3633 1717 3700 Dominus,
1760 3637 1881 3707 quia

284 3726 540 3780 bonorum
565 3732 857 3778 nostrorum
883 3740 983 3776 non
1014 3724 1207 3793 indiget
1241 3722 1359 3794 (Ps.
1394 3740 1488 3790 xv,
1519 3724 1599 3796 2).
1634 3727 1738 3782 Sed
1767 3728 1881 3784 hac

283 3818 406 3884 ipsa
450 3826 912 3870 sacramentorum
942 3816 1296 3870 commutatio
1336 3832 1405 3871 ne
1437 3832 1578 3872 nova
1619 3829 1670 3873 et
1700 3822 1882 3877 subito

282 3917 510 3981 putetur
553 3916 855 3977 assumpta,
886 3908 1145 3977 praedicta
1185 3908 1504 3977 jamdudum
1547 3914 1881 3983 prapheticis

283 4012 455 4069 atque
480 4000 672 4055 divinis
692 4001 915 4055 vocibus
946 4000 1142 4067 fuerat,
1176 4001 1370 4070 quibus
1396 4003 1593 4057 dicitur
1620 4022 1633 4057 :
1660 4004 1781 4059 Non
1805 4022 1884 4059 ac-

282 4094 481 4163 cipiam
496 4094 560 4146 de
575 4092 726 4146 domo
756 4103 845 4147 tua
868 4093 1075 4155 vitulos,
1102 4109 1263 4163 neque
1290 4094 1354 4147 de
1376 4097 1609 4165 gregibus
1640 4098 1739 4151 tuis
1767 4098 1880 4151 hir-

285 4204 378 4242 cos
410 4184 529 4257 (Ps.
560 4201 713 4251 χιιι,
745 4185 823 4256 9).
862 4184 1174 4255 Postremo,
1210 4196 1269 4242 ut
1310 4188 1547 4243 breviter
1589 4191 1885 4247 concluda-

286 4294 437 4344 mus,
470 4295 567 4335 cur
596 4280 807 4334 diversa
832 4279 934 4333 sibi
956 4280 1219 4334 sacrificia
1254 4280 1392 4335 Deus
1420 4282 1649 4337 voluerit
1674 4279 1879 4353 oti‘erri,

284 4374 418 4443 quia
436 4373 556 4426 aliis
572 4372 927 4427 sacramentis
957 4370 1229 4427 Christum
1250 4374 1597 4441 praenuntiari
1618 4375 1881 4443 oportuit,

284 4482 415 4523 cum
445 4474 706 4520 venturus
738 4477 917 4534 esset,
950 4465 1072 4520 aliis
1102 4466 1425 4521 annuntiare
1457 4470 1727 4537 oportuit,
1760 4484 1881 4523 cum

287 4560 555 4615 venisset.

920 4645 970 4684 ΙΙ
1010 4644 1257 4685 Νυκειιιδ.

1986 3457 2183 3513 pensus
2211 3445 2539 3499 absolveret.
3603 3502 3609 3508 ,

2055 3535 2163 3590 Int.
2206 3536 2488 3604 Quomodo
2518 3534 2569 3590 in
2605 3536 2762 3590 Deut.
2799 3535 2817 3605 (
2847 3550 2895 3599 v,
2931 3535 2990 3603 9)
3023 3533 3161 3588 Deus
3188 3536 3382 3589 zelatus
3404 3534 3572 3594 fuisse

1983 3629 2205 3698 dicitur,
2230 3646 2352 3685 cum
2383 3632 2436 3685 in
2460 3630 2627 3685 Deum
2652 3629 2797 3683 nulla
2822 3629 3156 3698 perturbatio
3184 3631 3380 3684 cadat?

2058 3724 2219 3795 Resp.
2264 3723 2405 3779 Deus
2436 3723 2761 3793 perturbari,
2792 3732 2850 3775 ut
2898 3722 3010 3789 ipse
3062 3722 3162 3787 ais,
3215 3736 3322 3775 non
3373 3731 3572 3792 potest,

1985 3817 2080 3873 sed
2128 3816 2417 3886 tranquilla
2465 3816 2707 3871 bonitate
2756 3814 2895 3869 zelat
2944 3831 2958 3871 ;
3009 3829 3075 3867 ne
3102 3815 3192 3868 uni
3228 3813 3341 3869 Deo
3370 3815 3572 3872 debeas

1986 3910 2167 3965 anima
2193 3909 2497 3963 castitatem
2526 3921 2625 3976 per
2655 3904 2856 3959 multos
2887 3903 3054 3959 falsos
3079 3912 3330 3975 corrupta
3360 3914 3414 3960 et
3441 3920 3571 3976 pro-

1985 4003 2167 4056 etituta
2201 4009 2462 4071 turpetur.

2676 4149 2728 4188 IN
2766 4149 2877 4188 IOI.

2063 4294 2170 4347 lnt.
2214 4292 2268 4346 In
2298 4293 2399 4349 Job
2432 4293 2645 4359 (xxvrn,
2670 4290 2757 4361 15)
2788 4290 3022 4360 qualiter
3063 4290 3433 4361 accipiendum
3466 4301 3570 4361 est,

1987 4386 2131 4455 quod
2163 4384 2437 4451 Scriptura
2467 4390 2877 4445 commemorat,
2920 4382 3113 4435 Aurum
3145 4379 3308 4452 Ophir
3334 4384 3361 4436 1

2060 4477 2217 4546 Resp.
2261 4475 2432 4544 Regio
2461 4481 2545 4528 est
2574 4472 2743 4543 Ophir
2772 4472 2825 4527 in
2860 4473 3061 4528 Indiam
3091 4475 3319 4529 tendens
3346 4492 3356 4527 :
3391 4475 3573 4544 itaque

1989 4583 2177 4624 aurum
2229 4568 2390 4636 hujus
2443 4564 2641 4620 indicat
2698 4566 2957 4635 regionis.
3007 4564 3116 4621 Alii
3165 4582 3352 4620 aurum
3405 4565 3575 4636 Ophir

1989 4663 2141 4716 valde
2170 4661 2463 4731 pretiosum
2486 4672 2607 4714 esse
2632 4656 2975 4724 confirmant,
3002 4659 3141 4728 quod
3164 4660 3403 4730 obryzon
3434 4657 3576 4729 apud

368 4719 498 4823 Int.-
526 4721 740 4823 Balaam
767 4720 857 4775 ille
878 4721 1093 4790 gentilis
1107 4721 1248 4823 quid.
1268 4735 1343 4777 est
1370 4726 1508 4823 quod
1536 4726 1884 4823 propinet-asse
1910 4722 1964 4783 D
1988 4719 2209 4812 Latino;
2245 4752 2571 4823 appellamr_

290 4814 595 4870 secundum
622 4815 782 4870 fidem
815 4830 986 4871 sacrae
1007 4816 1391 4885 comprobatur
1423 4818 1665 4873 hiStoriae
1689 4818 1881 4891 (Num.

287 4908 387 4974 ω,
420 4907 548 4977 t7)?

2063 4845 2168 4900 Int.
2211 4844 2347 4913 Quid
2388 4843 2492 4898 sibi
2532 4844 2675 4912 vult,
2712 4845 2857 4916 quod
2886 4844 2998 4900 illic
3040 4855 3319 4901 auctorum
3355 4826 3577 4903 saeuia-

1989 4942 2126 4994 rium
2179 4936 2574 4993 consuetudine
2632 4938 2860 5007 legimus
2917 4937 3197 5005 Pleiadas,
3252 4940 3447 4997 Oriona
3498 4942 3580 4997 vel

367 4999 530 5083 Resp.
572 4998 644 5056 Ut
683 5000 867 5055 multis
894 5001 1263 5056 innotesceret
1291 5003 1497 5069 modis,
1534 5003 1660 5057 dum
1689 5018 1873 5074 usque

1999 5030 2264 5084 Arcturum
2293 5026 2437 5098 (Job.
2470 5042 2546 5097 ιι,
2579 5028 2671 5097 9)?

290 5082 511 5165 quaque
554 5094 784 5165 prolata.
828 5096 994 5149 etiam
1064 5110 1159 5163 per
1201 5093 1447 5149 infideles
1516 5097 1881 5151 aununtiatur.

294 5189 367 5242 Et
418 5196 476 5241 ut
526 5188 628 5241 hoc
672 5202 740 5244 ex
781 5186 1029 5255 gentibus
1075 5187 1439 5256 prophetanto
1482 5188 1691 5257 signum
1742 5196 1885 5244 esset

290 5280 552 5351 gentibus
575 5280 885 5335 credituris.
912 5279 1042 5333 Nam
1069 5287 1124 5333 et
1149 5278 1302 5333 iieliu
1348 5280 1399 5333 in
1427 5279 1529 5333 Job
1554 5278 1691 5335 libro
1714 5279 1781 5334 de
1802 5278 1885 5334 fu-

294 5378 434 5431 turis
452 5374 590 5429 haud
608 5372 770 5429 dubie
807 5373 953 5427 nulla
979 5372 1222 5441 praedixit
1239 5372 1381 5441 (Job.
1405 5386 1575 5437 xun,
1604 5371 1637 5425 5
1656 5378 1704 5423 et
1726 5371 1883 5442 seq.),

295 5468 367 5524 Et
399 5468 627 5539 Caiphas
651 5467 720 5524 de
748 5468 977 5545 Domino
1008 5481 1069 5520 ac
1096 5465 1379 5521 Salvatore
1409 5476 1597 5519 nostro
1626 5464 1678 5518 in
1708 5464 1885 5520 Evan-

292 5562 441 5634 gelio
468 5560 793 5632 prapltetavit
824 5557 1001 5630 (Joan.
1035 5574 1110 5627 χι,
1146 5558 1259 5628 50).

833 5690 887 5731 ιι(
926 5688 1355 5731 νεοτειιοωοιίιο.

375 5768 483 5823 ιηι.
519 5768 656 5825 Cum
688 5768 744 5825 in
778 5769 1195 5824 Deuteronomio
1218 5767 1286 5822 70
1314 5774 1518 5822 tantum
1548 5767 1743 5822 animus
1766 5781 1889 5822 cum

298 5862 474 5920 Iacob
497 5861 791 5935 Egyptum
818 5862 1157 5918 ascribantur
1182 5860 1463 5929 impressae
1486 5859 1677 5930 (Deut.
1695 5875 1752 5926 ι,
1774 5857 1890 5930 2‘2),

300 5958 584 6025 quomodo
621 5967 803 6029 postea
850 5960 901 6012 in
948 5957 1165 6013 Actibus
1204 5952 1587 6023 Apostolorum
1643 5951 1894 6010 introisse

2065 5120 2222 5189 Resp.
2264 5117 2379 5173 Non
2436 5118 2580 5187 quod
2630 5119 2714 5175 his
2763 5120 2903 5190 apud
2956 5121 3215 5178 llebraaos
3268 5125 3577 5180 nominibus

1993 5223 2335 5275 censeantur,
2384 5210 2480 5266 sed
2512 5220 2571 5267 ut
2608 5210 2750 5281 apud
2781 5226 2880 5267 nos
2910 5213 3100 5268 horum
3130 5213 3366 5269 siderum
3414 5216 3580 5285 signi-

1992 5307 2205 5360 ﬁcantia
2243 5312 2427 5373 posset
2468 5318 2590 5359 esse
2634 5304 2995 5371 manifestior,
3027 5307 3098 5360 ita
3131 5304 3245 5361 haec
3282 5307 3579 5362 translator

1994 5397 2265 5467 appellare
2299 5395 2493 5462 voluit,
2525 5404 2584 5452 ut
2607 5412 2736 5451 usus
2765 5397 3082 5468 gentilitatis
3109 5398 3407 5453 invenerat.
3441 5399 3575 5455 illud

1994 5507 2207 5561 quoque
2254 5492 2582 5560 generaliter
2626 5492 3026 5548 observandum
3073 5502 3177 5558 est,
3229 5494 3370 5564 quod
3416 5494 3613 5587 etiam,

1996 5583 2224 5654 apostoli
2270 5583 2353 5639 vel
2400 5583 2680 5652 apostolici
2730 5584 2827 5636 viri
2879 5584 2931 5635 in
3004 5585 3231 5654 epistolis
3277 5586 3384 5639 suis
3444 5583 3609 5641 επὶ-⁵

1994 5679 2185 5733 bentes
2218 5677 2283 5731 ad
2316 5677 2561 5747 populos.
2593 5677 2883 5732 abutuntur
2913 5676 3179 5731 interdum
3219 5676 3303 5733 his
3334 5674 3582 5737 testimo-

1996 5770 2098 5824 niis
2129 5767 2275 5837 (Tn.
2311 5783 2351 5835 ι,
2386 5766 2451 5821 12
2475 5768 2514 5837 ),
2549 5781 2667 5837 quae
2695 5766 3018 5823 videbantur
3045 5768 3317 5841 divulgata
3363 5789 3457 5843 per
3490 5792 3585 5847 ρο-

1997 5865 2171 5933 pulos.

2076 5953 2178 6008 ιηι.
2223 5953 2267 6007 lr
2331 5952 2519 6007 eodem
2566 5951 2709 6008 libro
2753 5953 2881 6022 quid
2931 5963 3037 6024 est,
3083 5956 3226 6027 quod
3254 5958 3323 6015 de
3351 5956 3588 6023 dracone
