4018 6338
498 430 605 493 188

501 644 659 698 tinent
690 640 884 692 corium
908 632 1086 687 cauda:
1116 629 1265 701 ejus?

568 739 727 807 Resp.
768 734 942 791 Naves
994 727 1267 785 Ecclesias
1311 723 1456 788 dici,
1506 735 1626 791 qua:
1680 713 2075 774 lentatiooibus

501 805 1045 893 tribulationibusque
1084 828 1313 885 vesane,
1344 818 1433 870 vix
1460 812 1841 869 antichristum
1885 809 1938 863 in
1969 805 2077 860 ﬁne

500 923 685 985 mundi
738 917 1066 975 tolerabunt.
1099 912 1266 967 Recte
1294 918 1480 964 autem
1510 904 1763 961 draconis
1808 900 1974 964 illius,
2023 894 2078 951 id

499 1028 614 1085 est,
666 1012 864 1069 diaboli
912 1007 1139 1064 caudam
1171 1002 1551 1059 antichristum
1593 994 1848 1068 appellat,
1896 1006 1927 1046 ιι
1971 1003 2079 1061 quo

498 1104 807 1180 persecutio
831 1099 1014 1157 veniet
1037 1107 1301 1153 extrema.

1055 1205 1107 1244 IN
1146 1200 1324 1242 ιιεουιι
1360 1196 1544 1239 ιιιιιιιε.

574 1295 679 1349 ιηι.
720 1289 858 1362 Quid
890 1295 972 1343 est
1000 1281 1144 1356 quod
1180 1279 1397 1337 Saulem
1429 1272 1684 1330 Dominus
1709 1277 1885 1362 postea
1903 1280 2082 1362 repra-

501 1389 582 1441 bat
612 1356 816 1455 regem.
844 1393 1001 1450 quem
1048 1373 1194 1446 prius
1224 1372 1277 1426 in
1310 1379 1532 1438 regnum
1558 1359 1849 1433 eligendum
1885 1356 2082 1427 putavit

502 1478 545 1552 (Ι
577 1477 702 1549 Reg.
736 1487 854 1539 xm,
887 1468 1017 1537 M)?

573 1542 729 1637 Reip.
790 1564 927 1632 Quia
986 1562 1126 1615 Deus
1178 1568 1333 1611 suum
1390 1546 1524 1605 illud
1576 1548 1779 1618 justum
1831 1542 2082 1598 incorru-

503 1675 760 1736 ptutnque
806 1656 1068 1727 judicium
1118 1666 1186 1705 ex
1230 1646 1484 1717 mquitate
1531 1638 1821 1711 depromit,
1871 1651 1979 1691 non
2010 1648 2081 1689 ex

504 1733 845 1826 pra-scientia
888 1747 1040 1817 eligit
1092 1743 1154 1816 (Ι
1184 1741 1312 1813 Reg.
1346 1755 1408 1807 ι,
1442 1738 1467 1793 I
1498 1733 1906 1826 )zquempiam,
1953 1742 2083 1826 cum

504 1824 766 1914 meretur,
797 1842 1070 1913 reprobat,
1104 1852 1226 1893 cum
1261 1834 1522 1890 electione
1551 1829 1799 1899 indignus
1827 1824 2078 1881 efﬁcitur.

507 1910 774 1998 Cancrum
828 1910 1163 2005 nequaquam
1209 1925 1496 1983 convenire
1534 1930 1894 1977 sacrosancta:
1935 1914 2081 1971 veri-
2112 1910 2162 1972 Β

511 2036 603 2089 tati
629 2031 961 2104 justitizrque
1005 2025 1122 2096 ejus
1146 2019 1448 2089 videbatur,
1481 2026 1540 2073 ut
1566 2022 1848 2087 peccatum
1879 2010 2085 2067 oﬁ‘ensa

503 2126 855 2200 prmcederet.

573 2219 680 2274 Int.
721 2212 1002 2285 Quomodo
1048 2203 1458 2278 intelligendum
1500 2208 1602 2266 est,
1651 2195 1798 2271 quod
1845 2196 1898 2250 in
1936 2194 2085 2250 Scri-

504 2313 675 2385 pluris
724 2309 992 2380 paenitere
1022 2302 1281 2358 Dominus
1329 2312 1475 2368 stt-pe
1525 2290 1894 2350 memoratur?
1936 2288 2089 2345 Sicut

506 2382 665 2463 etiam
695 2406 762 2459 de
792 2402 955 2458 Saule
985 2398 1113 2453 dicit
1156 2416 1168 2449 ε
1216 2393 1437 2449 Ρωηὶιει
1468 2406 1548 2445 nte
1570 2387 1708 2458 quod
1735 2382 2087 2440 constituerim

507 2502 640 2557 Saul
664 2512 835 2568 regem
862 2494 905 2565 (ι
932 2491 1063 2563 Reg.
1099 2506 1191 2553 sv,
1221 2485 1342 2556 Il)?

580 2566 736 2658 Resp.
799 2580 1125 2641 Pmuitcnlia
1178 2576 1393 2633 Domini
1445 2572 1641 2629 dicitur
1688 2584 1868 2625 rerum
1913 2566 1980 2620 ab
2022 2578 2089 2620 eo

509 2685 923 2740 c0ttstitutarum
950 2673 1200 2740 mutatio,
1223 2686 1343 2739 quc
1371 2683 1469 2739 pro
1497 2680 1674 2721 rerum
1701 2659 2086 2723 ticissitudine,

508 2774 593 2828 vel
640 2788 737 2841 pro
788 2768 922 2824 recti
987 2762 1347 2833 dispositione
1402 2756 1664 2813 succedit.
1721 2754 1955 2809 Necesse.
2007 2756 2092 2804 est

509 2865 676 2930 enim,
730 2871 791 2916 ut
837 2860 1035 2913 divina:
1083 2853 1492 2925 dispositiones,
1543 2864 1652 2920 quo
1696 2843 2092 2901 manifestiores

510 2955 850 3013 audientibus
884 2953 1033 3017 ﬁant,
1068 2965 1165 3020 per
1208 2945 1627 3017 signiﬁcationes
1658 2940 1905 2996 humana-
1936 2951 2091 2993 meu-

513 3050 581 3103 tis
607 3047 930 3102 indicentur.

582 3136 690 3193 Int.
732 3135 981 3203 Legimus
1010 3129 1151 3201 quod
1187 3126 1471 3195 sulfocabat
1500 3124 1631 3181 Sanl
1673 3123 1888 3189 spiritus
1926 3118 2093 3173 malus

1492 412 1545 468 S.
1586 407 1917 468 EUCIIEBII
1956 402 2429 463 LUGDUNENSIS
2470 395 2769 460 EPISCOPI

501 549 596 605 illo
646 543 933 603 scribitur:
965 539 1149 595 Omnes
1192 550 1341 590 naves
1381 533 1427 587 si
1454 530 1777 597 conveniant,
1829 543 1931 581 non
1962 540 2075 580 sus-
2102 528 2153 584 Α

3666 399 3768 460 783

2812 531 2863 569 ΙΝ
2904 527 3139 570 ΙΙΕΙΙΕΑ.

2251 654 2361 710 Ιηι.
2428 652 2707 721 Quomodo
2751 652 3122 721 accipiendum
3166 659 3252 706 εει
3299 648 3448 720 quod
3515 646 3768 706 Ilicbaaas

2178 750 2442 822 propheta
2495 749 2617 803 ait:
2664 746 2798 800 Ecce
2847 744 3100 800 Dominus
3144 743 3248 799 erit
3305 743 3371 797 de
3423 743 3542 797 loco
3592 753 3771 797 sancto

2179 857 2312 908 suo,
2366 848 2415 895 et
2466 838 2771 904 descendit,
2825 848 2873 892 et
2922 836 3116 892 incedit
3164 851 3319 907 super
3374 834 3579 890 excelsa
3628 843 3773 889 terra

2182 932 2367 1008 (Mica.
2390 949 2430 999 I,
2461 931 2554 1004 δν

2253 1031 2415 1101 Resp.
2456 1029 2799 1086 Descendere
2836 1028 3096 1084 Dominus
3143 1027 3364 1096 dicitur,
3418 1026 3637 1097 quando
3681 1024 3771 1080 ba.

2180 1128 2310 1184 bere
2352 1141 2535 1182 curam
2584 1124 2887 1196 fragilitatis
2932 1124 3182 1179 humanm
3233 1124 3515 1180 evidenter
3562 1122 3775 1179 indiciis

2182 1219 2608 1289 dignantissima:
2640 1217 2852 1286 ιιίειτιιίε
2890 1216 3218 1272 ostenditur.
3256 1216 3344 1272 Sic
3374 1226 3429 1272 et
3461 1216 3652 1288 Angeli
3686 1231 3775 1288 per

2184 1314 2330 1369 illam
2354 1313 2519 1369 λιιι-οὺ
2544 1313 2738 1368 scalam
2774 1313 3100 1368 ascendentes
3130 1312 3593 1385 descendentequ
3618 1310 3774 1383 (Gen.

2185 1421 2379 1472 xxvm,
2429 1404 2561 1478 12),
2605 1396 2943 1460 ιειτεᾜοτιιιιι
2991 1404 3377 1470 visitationem,
3426 1419 3535 1458 non
3568 1402 3777 1458 ruinam

2185 1497 2627 1555 desrendeutium
2673 1496 2916 1553 indicant
2961 1497 3297 1567 angelorum.
3360 1495 3452 1552 Sic
3495 1504 3554 1551 et
3590 1498 3777 1551 excel-

2185 1593 2359 1646 siores
2395 1590 2602 1661 justitia
2651 1589 2750 1644 viri
2802 1588 3137 1645 descendere
3168 1598 3441 1659 putantur,
3479 1588 3526 1642 si
3564 1586 3781 1658 quando

2188 1682 2631 1739 condcscendunt
2685 1681 3037 1737 inferioribus
3102 1688 3304 1735 sanctzc
3351 1678 3643 1735 cbaritatis
3694 1677 3780 1734 in-

2187 1774 2409 1831 stinctu.

2853 1881 2905 1921 IN
2943 1880 3103 1921 ιεΑιΑ.

2258 2003 2369 2059 Int.
2426 2003 2581 2072 Quod
2642 2001 3055 2073 intelligendum
3117 2008 3202 2057 est
3251 2000 3305 2055 in
3367 1999 3584 2056 cantico
3635 1998 3783 2055 Isaia:

2191 2096 2497 2167 Prophetzc,
2530 2110 2651 2151 cum
2693 2095 2822 2150 dicit
2856 2110 2872 2150 :
2907 2092 3136 2148 Cantabo
3165 2093 3355 2147 dilecto
3383 2107 3498 2147 mea
3527 2091 3786 2146 canticum

2192 2190 2438 2258 patruelis
2469 2193 2567 2242 mel
2608 2189 2771 2242 vincte
2789 2202 2899 2241 sua:
2929 2202 2949 2241 :
2985 2184 3146 2240 Vinea
3178 2188 3317 2257 facta
3346 2196 3420 2240 est
3455 2186 3648 2241 dilecto
3674 2199 3785 2239 meo

2190 2285 2243 2339 in
2271 2301 2430 2339 cornu
2458 2282 2570 2354 ﬁlio
2602 2281 2702 2337 olei
2739 2279 2895 2351 (Isai.
2931 2295 2984 2347 ιι,
3018 2280 3109 2343 I)?

2264 2376 2421 2447 Resp.
2464 2374 2572 2430 Alii
2601 2372 2704 2428 hoc
2740 2374 3008 2428 canticum
3036 2387 3067 2426 a
3094 2370 3303 2442 Spiritu
3348 2378 3541 2425 sancto
3570 2372 3782 2425 cantari

2193 2475 2404 2539 putant,
2444 2467 2535 2522 alii
2584 2482 2614 2521 a
2662 2464 2945 2537 pr0pheta,
2997 2464 3091 2535 qui
3138 2479 3293 2533 reque
3338 2476 3528 2519 sancto
3579 2463 3790 2533 Spiritu

2192 2577 2397 2620 vacuus
2445 2575 2550 2616 non
2602 2568 2740 2615 erat.
2788 2558 2983 2615 Cantat
3012 2567 3191 2612 autem
3226 2558 3277 2609 in
3310 2557 3587 2627 planctum
3620 2556 3790 2609 vinea

2192 2669 2328 2722 sum,
2377 2668 2498 2724 qua:
2544 2662 2629 2709 est
2677 2652 2871 2706 domus
2899 2648 3085 2705 Israel.
3140 2648 3378 2704 Dilectus
3412 2655 3597 2703 autem
3630 2646 3791 2702 Iesus

2194 2745 2466 2803 CHRISTUS
2514 2756 2617 2801 est.
2666 2744 2769 2810 Ipsi
2814 2744 2958 2798 enim
3007 2742 3210 2797 tIiCtttttt
3261 2748 3384 2795 est:
3422 2737 3505 2793 Tu
3549 2756 3602 2793 es
3656 2739 3793 2805 [ilius

2195 2858 2338 2896 meus
2382 2838 2599 2894 dilectus
2630 2836 2861 2911 (Matth.
2910 2851 2991 2901 ιιι,
3027 2835 3091 2889 17
3118 2833 3160 2905 ).
3195 2833 3372 2903 Ipsum
3402 2844 3459 2888 et
3490 2831 3793 2900 patruelem

2195 2933 2465 3005 appellat,
2496 2932 2638 3001 quod
2680 2946 2745 2986 ex
2773 2929 2962 2985 eadem
2994 2929 3065 2982 sit
3096 2928 3266 2996 stirpe
3294 2925 3633 2997 progenitus.
3672 2924 3797 2980 Haec

2198 3044 2328 3099 ergo
2352 3030 2510 3084 vinea
2542 3026 2643 3095 ipsi
2693 3025 2933 3095 plan'ata
2954 3033 3039 3077 est
3086 3023 3140 3077 in
3184 3036 3377 3089 cornu,
3410 3018 3557 3091 qttod
3614 3027 3705 3075 est
3742 3020 3795 3075 in

2199 3119 2530 3174 sublimitate
2555 3126 2717 3182 atque
2744 3120 2945 3170 virtute
2973 3132 2986 3167 :
3014 3115 3103 3184 qui
3143 3114 3373 3169 dilectus
3402 3125 3459 3168 ει
3486 3114 3637 3166 ﬁzius
3665 3112 3795 3179 olei,

510 3230 720 3288 Domini
744 3229 787 3300 (l
816 3227 941 3300 Reg.
970 3239 1093 3288 ιιι,
1119 3221 1236 3292 ‘22).
1261 3219 1533 3291 quomodo
1558 3216 1793 3279 Domini,
1817 3216 1861 3269 si
1887 3211 2096 3268 malus?
2145 3297 2169 3300 _
2200 3211 2325 3282 quia
2360 3224 2555 3266 nncms
2582 3212 2669 3277 sit,
2702 3209 2847 3265 unde
2876 3218 2926 3264 et
2955 3205 3203 3263 Christus
3230 3216 3450 3262 vocatur
3490 3222 3505 3259 :
3550 3207 3643 3261 vel
3670 3206 3795 3275 quia

586 3297 759 3393 Resp.
786 3297 919 3388 Quia
965 3325 1158 3373 cuncta
1192 3313 1421 3369 Dunino
1466 3322 1687 3367 auctore
1734 3308 1966 3379 prolata,
2014 3305 2091 3361 di-

2204 3306 2350 3359 omni
2388 3303 2589 3360 mundo
2634 3314 2904 3370 tamquam
2938 3300 3280 3370 splendidum
3314 3298 3495 3354 lumen
3524 3299 3795 3354 illuseris.

518 3416 647 3468 ritur.
678 3423 801 3468 sunt
830 3409 1039 3463 subdita
1071 3404 1342 3477 potestati.
1396 3404 1536 3473 Ergo
1582 3412 1638 3457 ει
1679 3403 1794 3471 ipse
1824 3398 2090 3463 diabolus,

511 3492 665 3563 licet,
703 3517 809 3558 non
860 3500 1031 3571 qualis
1078 3513 1218 3552 nunc
1265 3508 1367 3563 est,
1421 3496 1517 3550 sed
1570 3497 1741 3550 bonus
1786 3509 1815 3547 a
1868 3492 2094 3547 Domino

512 3594 781 3667 quondam
813 3605 1055 3658 creatus,
1100 3600 1153 3645 et
1187 3591 1294 3643 Deo
1325 3604 1539 3658 semper
1572 3603 1669 3657 pro
1699 3584 2090 3656 omnipotentis

509 3690 717 3746 ditionc
745 3685 1043 3755 subjectus,
1072 3682 1288 3737 Domini
1319 3690 1458 3737 erat.

579 3780 690 3835 lnt.
731 3778 869 3847 Quid
917 3785 1020 3841 est,
1072 3775 1214 3845 quod
1247 3790 1368 3830 cum
1398 3773 1669 3844 aliquanta
1718 3772 1803 3828 hic
1832 3770 2092 3826 Dominus

508 3873 762 3938 vindicet,
796 3885 901 3926 non
931 3868 1166 3924 vindicat
1192 3866 1409 3923 omnia?

585 3966 739 4034 Resp.
786 3962 1034 4017 Vindicat
1080 3961 1377 4029 aliquanta,
1419 3968 1477 4011 ut
1526 3956 1855 4027 intelligatur
1898 3955 2091 4010 burna-

509 4073 701 4113 narum
748 4071 927 4111 rerum
971 4069 1131 4125 agere
1180 4067 1389 4107 curam.
1441 4050 1558 4105 Non
1606 4050 1842 4104 vindicat
1885 4048 2089 4115 omnia,

510 4165 565 4206 ut
597 4158 918 4222 agnoscatur
962 4145 1204 4204 terribile
1252 4145 1459 4202 cunctis
1488 4144 1663 4198 adhuc
1705 4145 1936 4198 futurum
1970 4158 2093 4199 esse

506 4246 784 4315 judicium.

580 4336 689 4392 Inl.
734 4336 981 4392 Umbram
1026 4333 1288 4390 Samuelis
1333 4332 1643 4403 l’y'ltonissa
1694 4330 1752 4401 (Ι
1780 4330 1911 4405 Reg.
1941 4346 2089 4396 xvm,

510 4428 599 4499 4‘2)
629 4428 1079 4499 quemadmodum
1114 4427 1283 4495 potuit
1312 4428 1580 4480 evocare?

583 4520 740 4589 Resp.
784 4520 891 4574 Aut.
933 4518 1122 4573 falsam
1171 4527 1298 4571 tunc
1344 4518 1588 4570 umbram
1622 4514 1931 4569 videntibus
1978 4514 2094 4567 dia-

508 4614 663 4667 bolus
691 4611 930 4666 ostendit
971 4627 984 4664 :
1028 4621 1118 4664 aut
1143 4608 1190 4663 si
1223 4608 1321 4663 fuit
1346 4624 1468 4662 vera
1497 4649 1512 4672 ,
1563 4616 1767 4661 tantum
1795 4608 1842 4661 ei
1877 4606 2093 4660 licuisse

2198 3395 2259 3453 In
2310 3399 2413 3452 hoc
2461 3396 2672 3452 cantico
2716 3410 2873 3450 uvam
2901 3392 3163 3465 justitiam
3194 3390 3456 3462 appellat,
3511 3400 3572 3446 et
3614 3391 3799 3462 spinas

2202 3489 2565 3558 iniquitatem.
3542 3545 3550 3553 ,

2277 3580 2383 3637 Int.
2428 3581 2483 3635 In
2516 3580 2667 3635 Isaia:
2699 3578 2906 3634 visione
2946 3593 3069 3634 cum
3116 3576 3252 3632 vidit
3282 3576 3573 3631 Dominum
3603 3574 3799 3632 seden-

2200 3686 2309 3733 tem
2363 3690 2526 3743 super
2571 3674 2805 3741 solium,
2862 3672 2992 3740 quid
3044 3671 3454 3740 intelligendum
3507 3682 3597 3725 est
3647 3669 3791 3740 quod

2199 3770 2304 3823 ait:
2327 3767 2585 3837 Seraphin
2597 3766 2797 3820 stabant
2821 3781 2975 3837 super
3001 3764 3158 3827 illud,
3187 3778 3278 3817 sex
3292 3765 3391 3817 alte
3417 3762 3511 3815 uni
3533 3772 3583 3815 et
3601 3763 3799 3816 serata:

2198 3864 2370 3918 alteri.
2402 3860 2614 3917 Duabus
2654 3860 2888 3913 vetabant
2921 3858 3103 3927 [aciem
3142 3857 3285 3927 ejus,
3326 3864 3377 3909 et
3405 3856 3621 3909 duabus
3650 3855 3800 3924 pedes

2198 3959 2337 4029 ejus,
2381 3964 2427 4009 et
2458 3953 2657 4009 duabus
2681 3950 2939 4017 volabant.
2968 3960 3015 4003 et
3060 3948 3348 4002 clamabant
3398 3950 3535 4001 alter
3587 3946 3659 4001 ad
3683 3946 3801 4001 alte-

2199 4068 2336 4112 rum.
2378 4059 2425 4105 et
2458 4049 2735 4105 dicebant:
2767 4045 3012 4112 Sanctus,
3036 4056 3269 4110 sanctus,
3300 4051 3513 4097 sanctus
3545 4038 3801 4095 Dominus

2201 4144 2515 4199 exercituum
2529 4141 2555 4195 .’

2278 4232 2438 4303 Resp.
2481 4233 2537 4287 In
2570 4231 2671 4287 bac
2717 4231 2926 4285 visione
2967 4229 3204 4284 Joannes
3237 4225 3576 4297 Evangelista
3609 4223 3796 4280 Domi.

2200 4342 2329 4381 nutu
2364 4324 2535 4380 .Iesuu
2570 4323 2842 4378 Cuntsruu
2878 4321 2945 4375 ab
2975 4319 3107 4374 Isaia
3146 4320 3320 4373 visum
3370 4332 3495 4374 esse
3547 4326 3798 4377 testatur,

2200 4417 2389 4473 dicens
2417 4433 2431 4469 :
2470 4415 2596 4470 llwc
2621 4414 2749 4468 dixit
2787 4411 2980 4479 Isaias,
3010 4410 3219 4474 quando
3246 4409 3371 4463 vidit
3405 4408 3637 4481 gloriam
3666 4408 3799 4477 ejus,

2201 4522 2248 4565 et
2272 4512 2472 4565 locutus
2500 4518 2576 4564 est
2615 4509 2678 4561 de
2709 4522 2767 4560 eo
2795 4502 2973 4575 (Joan.
3007 4518 3103 4566 ιιι.
3133 4500 3246 4573 ιι).
3279 4500 3519 4556 Primum
3551 4514 3691 4569 ergo
3720 4497 3803 4550 hic

2201 4603 2463 4673 quaeritur
2502 4598 2772 4672 quomodo
2807 4595 3060 4666 seraphin
3093 4593 3236 4648 circa
3275 4590 3489 4646 Domini
3540 4589 3799 4644 thronum

508 4705 835 4759 credendum
858 4712 961 4771 est,
989 4712 1246 4771 quantttru
1272 4715 1299 4752 a
1334 4699 1559 4753 Domino
1591 4699 1937 4768 permittente
1967 4712 2101 4751 con-
2126 4684 2184 4745 D
2208 4708 2414 4753 stantes
2462 4696 2664 4766 pariter
2706 4701 2762 4747 et
2811 4690 2996 4745 vlulare
3032 4687 3305 4742 dicuntur.
3360 4683 3508 4738 Bene
3551 4683 3659 4735 hoc
3686 4694 3776 4734 ser

508 4809 725 4850 cessum
776 4802 882 4858 est,
926 4807 1025 4847 nec
1070 4792 1266 4846 mirum
1316 4803 1412 4858 pro
1454 4789 1770 4858 quibusdam
1803 4786 2098 4843 reconditis

510 4886 828 4954 arcanisque
872 4884 1090 4947 causis,
1139 4883 1221 4937 vel
1268 4896 1368 4950 pro
1417 4880 1851 4936 rnanil‘eslatione
1902 4880 2097 4949 proba-

510 4982 711 5035 tionum
762 4975 977 5031 diabolo
1022 4975 1125 5029 ista
1180 4974 1416 5045 permitti
1464 4992 1476 5025 :
1522 4988 1643 5028 cum
1684 4984 1738 5028 et
1770 4973 2094 5030 Saluatorem

507 5072 829 5126 constituerit
856 5070 909 5123 in
942 5069 1153 5137 pinnam
1179 5066 1375 5138 templi,
1407 5076 1452 5119 et
1494 5064 1595 5120 Job
1630 5068 1851 5136 petierit,
1882 5084 2091 5139 accepe-

504 5168 665 5235 rilque
693 5162 996 5217 tentandum
1023 5158 1236 5232 (Matth.
1268 5173 1344 5227 tv,
1375 5159 1440 5223 5;
1480 5156 1603 5213 Job.
1638 5175 1676 5223 ι,
1711 5160 1821 5231 II).

576 5254 684 5308 lnt.
726 5252 858 5308 Cum
884 5252 1081 5305 factum
1108 5265 1213 5302 non
1244 5254 1333 5312 sit,
1361 5250 1631 5319 quomodo
1658 5255 1826 5305 oranti
1856 5252 2089 5307 Ezechias

505 5348 573 5401 ιδ
604 5348 727 5399 anni
759 5344 909 5413 quasi
937 5344 1003 5396 ad
1054 5340 1376 5412 praeﬁnitum
1409 5342 1529 5395 vit-.e
1577 5355 1688 5395 sua:
1734 5352 1942 5415 tempus
1993 5343 2093 5398 ad-

503 5441 703 5493 duntur
730 5436 819 5509 (IV
852 5436 979 5507 Reg.
1018 5452 1112 5500 xx,
1144 5433 1237 5505 6)?

573 5530 729 5601 Resp.
771 5528 908 5596 Quia
940 5529 1124 5597 utique
1174 5525 1469 5597 urgebatur
1515 5525 1774 5583 Eaechias
1822 5528 1876 5583 in
1907 5538 2089 5585 extre-

501 5622 607 5679 mis
654 5637 761 5677 non
811 5621 902 5674 tati
949 5620 1202 5684 decreto,
1268 5617 1362 5672 sed
1416 5617 1510 5673 Dei
1556 5620 1872 5674 evocatione
1926 5629 2088 5689 atque

500 5716 724 5785 judicio.
772 5714 831 5768 In
865 5722 1073 5768 tantum
1105 5724 1282 5769 autem
1314 5714 1438 5769 vita:
1481 5714 1605 5767 anni
1640 5714 1786 5781 prius
1818 5729 1921 5767 non
1968 5714 2087 5771 lue-

500 5819 625 5867 rsnt
667 5807 963 5875 constituti,
997 5814 1056 5867 ιιι
1098 5822 1194 5881 per
1239 5807 1688 5880 supplicationem
1720 5807 2089 5882 intelligantur

502 5897 721 5975 adiecti.

1830 6048 1834 6054 ,
1886 6036 1957 6051 ﬂ

2206 4806 2369 4847 mone
2417 4790 2648 4860 mystico
2694 4784 2951 4857 propheta
2982 4782 3253 4853 depromit
3299 4796 3315 4833 :
3359 4779 3481 4849 quia
3514 4775 3628 4831 Deo
3660 4785 3793 4829 starr

2205 4886 2350 4941 idem
2377 4894 2460 4940 est
2485 4880 2626 4953 quod
2659 4880 2862 4943 volare,
2897 4887 2948 4931 et
2977 4877 3028 4929 iu
3059 4875 3291 4931 sublime
3316 4871 3570 4926 exaltare
3595 4886 3610 4921 :
3639 4869 3773 4923 sede

2205 4978 2285 5033 bit
2333 4977 2424 5047 qui
2473 4973 2690 5030 festinat
2734 4968 3012 5025 obtutibus
3061 4978 3325 5036 apparere
3368 4961 3591 5017 divinis.
3649 4957 3804 5027 Quod

2200 5083 2337 5124 vero
2382 5066 2634 5136 seraphin
2681 5062 2779 5117 alis
2824 5063 2937 5116 suis
2980 5059 3171 5112 faciem
3216 5056 3429 5127 operire
3469 5053 3800 5111 indicantur,

2206 5160 2314 5214 hoc
2344 5159 2544 5213 idcirco
2586 5156 2707 5226 quia
2736 5167 2909 5223 neque
2941 5150 3219 5205 hominum
3251 5146 3567 5215 quisquam,
3621 5156 3801 5209 neque

2206 5252 2313 5306 ulla
2342 5259 2589 5306 creatura
2632 5246 2826 5301 divina:
2858 5240 3161 5312 maiestatis
3200 5240 3381 5293 lumen
3418 5231 3803 5296 contemplari,

2205 5357 2269 5401 ut
2314 5353 2439 5408 est,
2491 5347 2692 5412 potest.
2735 5337 2952 5393 Faciem
2999 5348 3130 5405 ergo
3186 5340 3240 5387 et
3281 5329 3446 5399 pedes
3490 5330 3696 5387 velant.
3742 5339 3807 5378 eo

2207 5437 2351 5510 quod
2385 5435 2541 5491 nobis
2564 5443 2619 5489 et
2648 5442 2773 5487 ante
2801 5427 3057 5484 mundum
3087 5425 3383 5497 pratterita,
3413 5431 3470 5478 et
3498 5429 3623 5491 post
3649 5435 3806 5473 mun-

2208 5529 2337 5585 dunt
2364 5528 2541 5583 futura
2569 5526 2836 5582 celentur.
2871 5522 2988 5580 Ala:
3014 5533 3227 5590 quoque
3255 5515 3513 5587 seraphin
3561 5512 3807 5569 indicant

2207 5622 2379 5679 divini
2436 5620 2729 5677 ministerii
2776 5616 3143 5672 velocitatem.
3195 5610 3328 5679 Qua:
3395 5608 3522 5664 ideo
3577 5604 3807 5675 singulis

2204 5732 2353 5771 sena:
2393 5724 2558 5780 sunt,
2607 5711 2733 5783 quia
2787 5726 2850 5765 ea
2907 5717 3115 5763 tantum
3164 5706 3219 5760 in
3268 5703 3493 5766 mundo,
3541 5715 3660 5771 qua:
3707 5711 3808 5753 sex

2206 5809 2404 5866 diebus
2456 5816 2583 5864 sunt
2631 5807 2793 5873 facta,
2847 5802 3231 5875 conspicimus.
3281 5798 3435 5870 Quod
3486 5809 3615 5852 vero
3660 5792 3806 5851 alter

2206 5904 2274 5960 ad
2325 5900 2558 5961 alterum
2600 5899 2858 5968 clamant.
2889 5907 2945 5956 et
2977 5897 3162 5956 dicunt
3208 5912 3221 5953 :
3262 5895 3516 5961 Sanctus,
3560 5896 3784 5949 sanctus

2168 6042 2169 6045 “
2236 6032 2271 6084 Ve
