4018 6338
789 232 818 242 ,-

243 344 348 410 788

1345 316 1348 317 ί
1444 324 2000 389 ιΝδτιιυθτιοΝωι
2041 323 2241 383 uasa
2279 323 2317 379 ι.

3425 319 3531 376 786

245 472 462 524 sanctus
490 458 751 517 Dominus
779 455 1142 517 exercituum,
1182 463 1344 503 unam
1375 444 1672 501 ostendunt
1699 441 1835 498 divi-
1860 444 1914 502 Α
1941 436 2336 507 gubernatores
2390 434 2644 489 Ecclesrae
2696 431 3129 501 prarligurantur,
3182 429 3236 485 in
3296 427 3526 491 Daniele

246 562 469 618 nitatem
502 556 555 611 in
590 552 846 625 mysterio
874 546 1173 602 Trinitatis.

316 651 425 709 Iut.
466 650 605 717 Quid
639 643 1073 715 respondendum
1105 649 1186 694 est
1244 638 1322 695 eis
1365 635 1455 705 qui
1504 634 1690 689 dicunt
1733 643 1835 684 no-

248 748 326 805 lth
371 763 384 799 :
427 744 564 813 Quid
613 741 855 797 l':'certtttt
897 736 1091 800 Jutla'i,
1138 734 1181 789 si
1229 732 1452 786 credere
1502 744 1606 782 non
1648 733 1837 795 polues

249 841 409 898 runt?
448 838 571 909 quia
628 848 850 889 necesse
897 832 995 884 fuit
1044 837 1101 882 nt
1146 841 1325 882 sermo
1375 824 1526 878 Isaite
1558 817 1839 890 propheta:

250 936 587 1003 impleretur,
631 926 897 982 dicentis:
928 919 1210 976 Excwcarit
1239 918 1410 970 oculos
1451 928 1645 975 eorum,
1682 919 1727 963 et
1758 908 1843 960 in-

252 1028 458 1084 duravit
477 1042 564 1079 cu
583 1037 778 1083 eorum,
811 1030 865 1073 ut
891 1034 993 1070 non
1026 1015 1226 1069 videant
1257 1009 1449 1067 oculis.
1476 1017 1526 1062 et
1553 1003 1841 1072 intelligant

254 1122 428 1179 corde.
457 1131 505 1173 et
533 1124 910 1176 conrertnntur,
941 1119 988 1163 et
1014 1122 1186 1161 sanem
1211 1102 1331 1156 illos
1362 1099 1515 1172 (Isai.
1546 1114 1622 1161 γι,
1654 1094 1770 1165 ιθ).

331 1215 491 1279 Resp.
537 1210 801 1279 Propheta
850 1205 953 1258 hoc
983 1199 1249 1268 pra-dixit,
1285 1195 1405 1266 quia
1440 1194 1580 1247 Dens
1611 1192 1713 1243 hoc
1757 1186 1844 1241 fu-

258 1319 441 1364 turum
468 1319 591 1360 esse
639 1297 929 1370 tirmscivit.
968 1292 1153 1359 Neque
1180 1289 1324 1344 enim
1356 1293 1532 1356 potest
1558 1281 1624 1335 ad
1658 1292 1848 1349 pecca-

260 1410 374 1455 tum
425 1393 751 1464 compellere
803 1392 963 1449 Deus,
1012 1383 1100 1439 cui
1134 1396 1241 1435 non
1276 1386 1450 1448 potest
1482 1375 1694 1444 placere
1724 1383 1849 1440 pec-

260 1501 464 1550 catum.
497 1460 669 1543 ln‘his
713 1498 841 1552 ergo
870 1495 974 1535 non
1009 1470 1412 1547 pra-destinatio
1460 1467 1642 1521 divina
1690 1460 1845 1517 intel-

260 1581 477 1655 ligenda
528 1589 631 1642 est,
668 1578 763 1631 sed
809 1567 1172 1640 prwscientia.
1208 1566 1280 1620 De
1326 1564 1429 1617 hoc
1469 1561 1519 1614 in
1555 1553 1850 1626 Evangelii)

262 1676 520 1732 scribitur
561 1690 573 1724 :
618 1667 901 1736 Propterea
941 1680 1042 1717 non
1071 1667 1307 1733 poterant
1337 1655 1575 1715 credere,
1605 1651 1724 1715 quia
1753 1649 1854 1702 ite-

263 1787 381 1823 rum
420 1767 543 1819 dicit
584 1761 752 1816 Isaias
792 1775 812 1812 :
856 1754 1143 1812 Exca'cavit
1190 1749 1363 1804 oculos
1391 1761 1588 1807 eorum.
1618 1751 1665 1797 et
1703 1740 1855 1794 indu-

265 1819 402 1917 rarit
433 1876 521 1913 cor
547 1872 741 1920 eorum,
775 1863 819 1908 et
851 1852 1045 1919 reliqua
1074 1848 1093 1920 (
1118 1844 1277 1900 Joan.
1312 1859 1403 1908 xtl,
1438 1843 1505 1896 39
1530 1844 1568 1911 ).
1608 1836 1721 1893 Non
1756 1849 1850 1903 po-
1885 1819 1935 1880 Β

268 1964 448 2009 terant
494 1949 739 2010 credere,
774 1947 843 1998 ita
874 1943 1092 2004 diei;ur,
1127 1940 1267 1991 sicut
1296 1945 1351 1990 et
1377 1950 1475 1989 nos
1508 1946 1653 1998 sepe
1681 1928 1855 1997 aliqua

267 2045 504 2100 dicimus
549 2056 654 2095 non
690 2050 878 2106 ιιιιμδθ,
910 2033 1034 2103 qttia
1067 2030 1335 2085 nolumus.
1376 2024 1444 2079 Et
1486 2023 1553 2077 de
1584 2022 1860 2075 Pharaone

268 2136 530 2194 scribitur
569 2149 584 2187 :
633 2129 697 2185 In
728 2133 821 2183 hoc
856 2128 1024 2197 ipsum
1059 2120 1276 2178 excitavi
1307 2129 1375 2183 te,
1416 2126 1471 2171 ut
1513 2114 1777 2170 ostendam
1806 2112 1862 2165 in

272 2240 326 2284 te
352 2230 589 2283 virtutem
617 2237 782 2277 meam
809 2217 1004 2291 (Exod.
1051 2232 1134 2282 Ix,
1170 2211 1283 2283 16).
1320 2210 1500 2279 Neque
1529 2206 1671 2263 enim
1702 2203 1861 2269 dixit,

272 2322 333 2380 in
366 2322 473 2376 ιιοθ
504 2331 555 2375 ιθ
584 2317 707 2382 leci,
743 2326 799 2368 ut
828 2313 949 2367 talis
976 2323 1126 2365 esses
1168 2324 1182 2359 :
1226 2305 1319 2359 sed
1350 2305 1402 2357 in
1433 2303 1536 2356 hoc
1562 2308 1614 2355 te
1644 2296 1781 2368 elegi
1813 2304 1868 2351 et

276 2412 564 2475 suseitavi,
601 2425 723 2463 cum
754 2406 864 2476 jatn
894 2414 949 2458 te
991 2401 1148 2454 lalettt
1181 2398 1295 2466 ipse
1327 2395 1549 2450 fecisses
1590 2409 1602 2444 ε
1647 2391 1785 2460 Ergo
1813 2396 1869 2443 et

278 2505 374 2560 hic
421 2500 674 2559 exetet'ati
717 2511 907 2552 eorum
954 2492 1117 2556 oeuli,
1163 2499 1218 2544 et
1263 2487 1568 2543 induratum
1608 2497 1731 2538 esse
1775 2496 1870 2535 cor

276 2601 505 2660 dicitur.
537 2598 659 2668 quia
690 2600 801 2663 jam
832 2590 1001 2660 seipsi
1046 2592 1148 2642 hac
1178 2585 1421 2641 c'ecitate
1460 2581 1651 2651 dignos
1680 2577 1874 2632 olfece-

279 2705 432 2749 rant.
478 2691 730 2746 Excmcat
774 2692 953 2738 autem
982 2691 1038 2736 et
1086 2678 1300 2733 indurat
1332 2673 1591 2729 Dominus
1622 2678 1871 2741 peccito-

281 2801 405 2841 rem
456 2779 759 2837 deserendo
815 2787 869 2831 et
918 2790 1024 2829 non
1077 2767 1404 2839 adjuVando.
1459 2765 1514 2821 Si
1564 2762 1649 2817 cui
1698 2769 1877 2814 autem

282 2891 485 2935 sensus
526 2874 612 2930 hic
650 2868 1088 2943 ptol‘ttndissitme
1116 2860 1432 2931 quaestionis
1463 2858 1637 2911 minus
1670 2852 1875 2919 iecerit,

285 2969 684 3028 contremiscat
711 2978 946 3025 mecum,
974 2971 1027 3015 et
1057 2958 1199 3012 dicat
1225 2954 1469 3010 :Judicia
1502 2950 1709 3004 Domini
1732 2946 1882 3017 abys-

286 3081 381 3120 ssts
413 3060 577 3117 multa
624 3057 759 3131 (Ps.
791 3070 957 3118 xxxv,
992 3050 1083 3123 7),
1116 3049 1240 3120 quia
1283 3044 1483 3118 judicia
1529 3042 1626 3098 Dei
1667 3054 1884 3110 semper

291 3157 442 3228 iusta
468 3163 615 3218 sunt,
646 3151 739 3205 sed
770 3148 1078 3216 frequenter
1109 3142 1343 3198 occulta.

366 3246 483 3302 Int.
524 3243 665 3314 ριῙά
696 3250 780 3297 est
824 3239 951 3296 illud
986 3237 1125 3307 quod
1156 3233 1411 3290 scribitur
1457 3248 1471 3284 :

295 3340 544 3413 imposuit
577 3336 702 3390 mihi
736 3338 962 3400 mitram,
1011 3340 1057 3385 et
1102 3331 1232 3384 sicut
1281 3342 1523 3397 sponsam
1568 3322 1768 3378 ornavit
1813 3335 1892 3374 me

299 3441 604 3487 ornamento
640 3425 811 3499 (Isai.
845 3441 954 3490 ιιι,
984 3422 1017 3478 9
1042 3421 1098 3493 )l
1138 3420 1420 3489 Quomodo
1470 3418 1612 3472 idem
1660 3427 1893 3485 sponsus

300 3533 356 3579 et
383 3521 619 3592 sponsa?

377 3617 540 3683 Resp.
585 3617 625 3667 Α
658 3612 834 3679 capite
872 3609 937 3664 ad
977 3622 1174 3678 corpus
1217 3605 1498 3658 transitum
1533 3600 1660 3654 fecit
1688 3617 1700 3653 :
1733 3599 1899 3671 Caput

305 3709 443 3763 enim
469 3706 831 3768 Christusaest,
879 3716 1065 3770 corpus
1114 3696 1345 3751 Ecclesia
1376 3693 1536 3766 (Eph.
1571 3707 1625 3757 v,
1655 3690 1773 3762 23),
1803 3688 1898 3746 sed

308 3813 492 3856 tamen
545 3809 827 3865 utrumque
872 3810 995 3849 esse
1040 3802 1252 3846 constat
1297 3792 1348 3843 in
1380 3789 1615 3842 Christo.
1656 3785 1900 3840 Notanda

309 3909 447 3949 vero
492 3903 549 3947 et
595 3889 819 3945 tenenda
852 3888 1034 3957 regula
1072 3890 1205 3948 hate,
1237 3897 1357 3953 qua:
1385 3882 1435 3935 in
1484 3881 1761 3951 prepbetis
1793 3877 1901 3933 l're-

312 3998 552 4059 quenter
598 3984 840 4048 incurrit,
885 3997 1153 4051 generatis
1186 3976 1556 4045 ignorantibus
1598 3975 1903 4028 obscurita-

316 4092 452 4147 tem,
506 4096 625 4135 eum
674 4080 741 4134 de
790 4082 964 4145 capite
1012 4075 1077 4129 ad
1110 4087 1328 4143 corpus.
1373 4080 1463 4125 aut
1491 4070 1558 4125 de
1584 4084 1812 4137 corpore
1840 4067 1908 4123 ad

317 4184 488 4243 caput
516 4189 575 4227 se
604 4171 877 4240 propheta:
908 4169 1044 4223 ordo
1074 4165 1359 4221 convertit.

393 4264 509 4319 Int.
552 4261 745 4317 Ctrlum
774 4261 898 4314 mihi
946 4259 1154 4313 thronus
1193 4268 1295 4325 est,
1340 4266 1474 4310 terra
1512 4263 1680 4309 autem
1720 4253 1915 4308 scabel-

321 4360 436 4412 lum
477 4354 664 4425 pedum
700 4369 926 4407 meorum
976 4350 1144 4423 (lsai.
1186 4364 1329 4412 1.1m,
1364 4350 1384 4402 l
1416 4348 1475 4418 ).
1516 4344 1782 4418 quomodo
1813 4344 1915 4400 hoc

322 4451 559 4521 intelligi
597 4458 795 4519 potest,
822 4462 945 4501 cum
977 4445 1156 4516 utique
1189 4445 1359 4497 Deum
1387 4441 1769 4511 incorporeum
1796 4454 1918 4494 esse

325 4542 653 4603 credamus?

1939 530 2110 583 Sancti
2156 526 2659 595 continentiamque
2704 530 2995 587 sectantes,
3035 521 3090 577 in
3118 519 3219 577 Job
3244 519 3523 593 coniugati

1937 633 1993 678 et
2018 621 2283 691 justitiam
2315 619 2617 687 diligentes.

2012 711 2123 767 Int.
2163 711 2300 779 Quid
2348 708 2618 778 si3.,ilicat
2668 706 2797 761 illud
2848 705 2993 774 quod
3044 704 3243 761 dicitur
3292 703 3350 759 in
3400 717 3529 775 pro-

1941 804 2106 877 pheta
2149 774 2458 871 :V—Aufera‘m
2503 816 2591 854 cor
2640 800 2901 869 lapideum
2948 799 3010 852 de
3053 813 3205 852 carne
3250 774 3436 861 t'estra,
3479 804 3530 852 st
3572 774 3573 777 Ἴ

1943 899 2077 952 dabo
2102 896 2239 951 vobis
2265 910 2354 948 car
2379 908 2622 947 corneum
2650 890 2863 962 (Ezeclt.
2892 908 2967 957 at,
2996 891 3083 958 l9,
3112 902 3160 945 et
3188 906 3369 956 xxxt't,
3393 887 3532 963 '16)?

2022 987 2176 1058 Resp.
2219 986 2425 1040 Durum
2477 999 2572 1039 cor
2619 992 2674 1038 et
2705 983 3019 1039 inobediens
3049 983 3242 1051 lapidei
3276 982 3532 1038 testiﬁca-

1947 1082 2096 1137 tione
2145 1080 2487 1134 demonstrat
2530 1094 2541 1127 :
2585 1074 2771 1130 carnei
2821 1088 2950 1129 vero
2997 1072 3388 1145 signiﬁcatione
3435 1086 3531 1129 θοι·

1949 1174 2112 1228 molle
2143 1168 2404 1234 ostendit,
2436 1183 2498 1223 ac
2523 1166 2723 1232 docile,
2748 1175 2802 1220 et
2829 1165 2974 1235 quod
3003 1165 3327 1221 insinuatam
3364 1165 3536 1236 possit

1955 1267 2202 1338 recipere
2228 1261 2722 1334 compunctioncm.

2476 1415 2529 1455 IN
2567 1409 3026 1454 PARALIPOIESON.

2024 1516 2133 1573 Int.
2174 1515 2315 1586 Quid
2345 1524 2427 1572 est
2453 1514 2597 1584 quod
2646 1513 2903 1567 scribitur
2947 1512 3000 1565 in
3033 1506 3492 1579 Paralipomenon
3522 1524 3537 1562 :

1958 1611 2085 1677 Qua:
2134 1609 2391 1664 habitabat
2432 1608 2485 1662 in
2531 1605 2860 1660 Hierusalem
2900 1604 2953 1657 in
2984 1604 3213 1658 secunda
3267 1599 3377 1671 (ιν
3407 1600 3539 1675 Reg.

1958 1717 2087 1760 χλιι.
2121 1700 2245 1767 ts)?

2030 1794 2187 1857 Resp.
2230 1792 2287 1847 In
2334 1789 2571 1847 secunda
2617 1790 2830 1845 scilicet
2871 1796 3046 1859 parte.
3088 1785 3353 1842 Ezechias
3395 1783 3545 1840 enim

1961 1885 2257 1941 ερθιιιιιιιιιιι
2290 1881 2633 1937 Hierusalem
2667 1896 2878 1936 murum
2912 1878 3040 1936 fecit
3063 1919 3079 1944 ,
3128 1877 3379 1948 ﬁliusque
3428 1876 3553 1946 ejus

1964 1982 2238 2037 Manasses
2287 1978 2532 2032 tertium.
2598 1976 2885 2031 "abitabit
2930 1988 3060 2044 ergo
3116 1978 3273 2042 haec,
3327 1971 3395 2027 de
3445 1985 3555 2042 qua

1964 2073 2224 2129 scribitur
2256 2070 2311 2125 in
2345 2070 2580 2124 secunda
2615 2078 2768 2135 parte
2796 2066 3047 2122 civitatis.

2040 2165 2147 2219 Int.
2168 2165 2361 2220 Arcam
2399 2162 2634 2226 Dom'ni,
2667 2162 2721 2216 in
2756 2176 2861 2227 qua
2892 2169 3047 2214 erant
3077 2158 3197 2212 duae
3224 2155 3423 2211 tabulae
3447 2153 3558 2211 To-

1969 2256 2244 2318 stamenti.
2273 2271 2380 2323 quo
2408 2255 2644 2309 ablatam
2677 2269 2799 2308 esse
2826 2252 3154 2306 credendum
3183 2250 3308 2304 est?

2044 2351 2202 2421 Resp.
2244 2348 2499 2418 Legimus
2527 2346 2579 2401 itt
2616 2345 3062 2414 Paralipomenon
3087 2385 3100 2407 ,
3142 2342 3345 2398 Josiam
3376 2354 3559 2410 regem

1972 2445 2137 2507 Juda,
2170 2460 2292 2498 cum
2336 2443 2675 2496 Hierusalem
2720 2442 2925 2495 laceret
2970 2438 3175 2493 Pascha
3208 2437 3460 2502 Domino,
3492 2431 3565 2490 ad

1976 2538 2168 2593 levitas
2196 2535 2270 2591 ita
2303 2535 2543 2591 locntmn
2574 2548 2697 2588 esse
2726 2551 2739 2588 :
2769 2531 2958 2587 Ponite
2986 2547 3161 2586 arcam
3187 2532 3240 2585 in
3268 2528 3565 2583 sanctuario

1978 2630 2191 2698 templi,
2242 2628 2381 2699 quod
2432 2627 2706 2694 cedi/icavit
2757 2624 3008 2681 Salomon
3059 2624 3200 2694 [ilius
3253 2620 3423 2675 David
3476 2633 3570 2675 res

1980 2723 2169 2778 Israel.
2201 2722 2545 2794 Nequaquam
2574 2721 2709 2773 enim
2735 2735 2847 2773 cam
2876 2721 3009 2772 ultra
3047 2716 3313 2787 portabilis
3343 2715 3408 2788 (ll
3437 2712 3566 2767 Par.

1981 2832 2148 2882 xxxv,
2184 2818 2216 2869 ὅ
2244 2818 2282 2885 ).
2332 2815 2443 2867 lloc
2473 2814 2593 2867 loco
2639 2812 2711 2865 ita
2756 2811 3064 2881 intelligere
3107 2808 3326 2879 quidam
3359 2806 3601 2869 volunt.‘

1983 2910 2126 2982 quod
2159 2909 2358 2973 Josias,
2388 2905 2695 2977 prtevidens
2727 2904 3117 2974 captivitatem,
3141 2916 3325 2956 arcam
3357 2895 3573 2955 Domini

1985 3004 2039 3059 in
2065 3011 2272 3058 certum
2304 3011 2480 3056 tamen
2508 3001 2683 3055 locum
2715 2999 2915 3054 curarit
2945 2995 3226 3051 abscondi.

2058 3097 2168 3151 lnt.
2210 3094 2349 3162 Quid
2382 3095 2522 3149 inter
2549 3093 2929 3150 holocaustum
2960 3098 3016 3145 et
3046 3088 3275 3143 hostiam
3314 3084 3576 3141 interest!

1517 3228 1667 3285 Sic,“
1695 3242 1886 3295 ,ροηδο
1916 3205 1962 3269 C
1999 3284 2038 3295 η
2071 3191 2223 3295 Resp.
2265 3187 2421 3256 Quod
2456 3186 2649 3240 hostias
2686 3196 2896 3295 parLtem
2944 3181 3257 3286 sacerdotes
3304 3177 3578 3235 edebant:

1999 3284 2383 3339 llolocaustnm
2427 3293 2561 3335 vero
2607 3285 2725 3332 erat
2778 3276 2955 3331 hoStia
2987 3274 3196 3343 integra
3244 3282 3407 3341 atque
3450 3284 3579 3340 per-

1996 3378 2160 3440 fecta,
2190 3374 2317 3444 quia
2347 3379 2457 3426 tota
2490 3372 2541 3426 in
2581 3370 2861 3424 oblatione
2891 3367 3145 3422 sacriﬁcii
3175 3366 3283 3437 igni
3326 3363 3581 3419 dabatur.

1999 3467 2206 3523 llostite
2233 3478 2450 3536 quoque
2478 3462 2719 3534 paciﬁca:
2751 3460 3187 3531 appellabantur,
3216 3456 3415 3529 quibus
3442 3453 3585 3512 vesci

1999 3561 2230 3634 populus
2258 3559 2485 3615 solebat.

2484 3687 2535 3725 IN
2576 3684 2890 3725 ΡεΑιιιοιιυιι
2930 3682 3103 3723 ιηιιιο.

2077 3789 2185 3844 lnt.
2226 3788 2359 3844 Cum
2393 3788 2597 3857 primus
2629 3785 2867 3855 psalmus
2919 3782 3110 3851 primis
3156 3779 3265 3835 illis
3299 3774 3593 3832 versiculis

2007 3884 2232 3953 impium
2266 3890 2610 3952 peccatorem
2644 3877 3067 3943 hmreticnmque
3093 3870 3432 3930 discreverit,
3466 3867 3594 3939 quid

2009 3978 2113 4033 sibi
2145 3977 2257 4033 vult
2289 3975 2383 4029 illa
2412 3973 2513 4027 sub
2554 3973 2669 4041 ipso
2701 3969 2897 4040 psalmi
2938 3970 3041 4021 line
3074 3964 3377 4028 CODCllhiO,
3411 3963 3597 4029 inqua

2010 4070 2125 4125 ait:
2158 4067 2284 4121 Ideo
2315 4082 2418 4120 ucn
2450 4070 2721 4135 resurgunt
2745 4060 2887 4131 ἱιιιριὶ
2913 4058 2965 4112 in
2986 4057 3188 4129 judicio
3219 4053 3335 4119 (Ps.
3369 4069 3408 4117 t,
3437 4051 3530 4123 5)?

2086 4159 2246 4228 Resp.
2287 4155 2488 4211 Psaltni
2537 4152 2697 4221 hujus
2746 4150 2957 4204 initium
3006 4148 3074 4202 de
3122 4146 3456 4201 discretione
3488 4155 3603 4196 me.

2018 4251 2129 4316 riti,
2161 4260 2213 4304 ct
2247 4249 2369 4302 linis
2398 4248 2464 4301 de
2491 4244 2820 4300 discretione
2859 4239 3074 4311 jndicii.
3120 4238 3178 4293 In
3207 4250 3313 4307 quo
3339 4233 3605 4311 ostendit,

2018 4343 2160 4416 quod
2193 4343 2355 4397 homo
2381 4340 2588 4409 absque
2635 4336 2800 4391 dubio
2850 4336 3030 4390 omnis
3076 4340 3363 4402 resurgat,
3414 4329 3467 4383 itl
3494 4338 3606 4393 est.

2017 4438 2220 4509 justus,
2255 4445 2311 4487 ut
2348 4432 2577 4502 jndicet,
2613 4436 2865 4497 peccator
2895 4439 2947 4481 ut
2985 4426 3281 4494 judicetur,
3324 4423 3524 4493 impius
3552 4430 3611 4481 ut

2028 4527 2305 4598 puniatur.
2339 4523 2527 4593 Neque
2565 4522 2709 4575 enim
2745 4531 2870 4573 tunc
2896 4517 3227 4588 judicabitur
3256 4514 3366 4584 jam
3391 4512 3611 4583 judica-

410 4635 570 4704 Resp.
614 4631 918 4689 Secundum
948 4628 1400 4684 consuetudinem
1455 4624 1779 4681 elocutionis
1831 4638 1923 4680 no-
1953 4593 1999 4653 θ
2028 4634 2137 4686 tus,
2177 4618 2473 4675 secundum
2521 4615 2663 4685 quod
2696 4613 2954 4683 scriptum
2996 4620 3079 4665 est
3118 4629 3130 4662 :
3177 4609 3279 4677 Qui
3308 4618 3480 4663 autem
3509 4623 3613 4663 non

333 4739 467 4789 strte
498 4727 711 4783 tidetur
743 4724 985 4780 habitum
1021 4722 1305 4792 designare
1344 4718 1641 4789 regnantis,
1674 4728 1725 4772 nt
1759 4718 1920 4773 intel-

334 4824 535 4893 ligatur
585 4822 727 4876 Deus
776 4820 859 4874 vcl
908 4817 1154 4873 habitare
1203 4812 1490 4880 cmleStia,
1540 4814 1632 4868 vel
1682 4812 1922 4881 subjecta

339 4919 544 4973 habere
572 4926 805 4971 terrena.

935 5020 985 5059 IN
1025 5018 1345 5059 εῑεθιιιειε.

424 5101 529 5156 Int.
571 5100 683 5163 Oua
715 5112 875 5153 causa
916 5096 1169 5150 scribitur
1216 5088 1330 5149 :‘ln
1365 5092 1453 5147 die
1485 5089 1574 5144 illa
1613 5103 1802 5162 magna
1832 5090 1929 5144 tri-

347 5192 643 5250 bulationis
690 5204 848 5245 nemo
902 5188 1240 5250 liberabitur,
1302 5185 1399 5238 nisi
1450 5180 1596 5249 Noe,
1649 5180 1835 5235 Daniel
1884 5190 1953 5255 et.

346 5289 446 5342 Job
494 5283 728 5359 (Each.
782 5297 913 5346 χιιι,
965 5278 1072 5346 lt)
1115 5295 1128 5331 :
1172 5292 1296 5333 cum
1338 5276 1524 5344 utique
1567 5272 1785 5342 quando
1832 5273 1932 5327 ista

350 5380 604 5437 Ezechiel
643 5377 903 5448 propheta
934 5374 1169 5433 dicebat,
1200 5370 1351 5426 stilus
1396 5369 1620 5424 forsitan
1666 5368 1848 5423 Daniel
1879 5368 1933 5421 in

350 5486 584 5542 corpore
628 5469 812 5530 fuerit,
864 5466 1076 5521 duobus
1102 5465 1225 5517 aliis
1248 5463 1359 5532 jam
1392 5472 1517 5515 tunc
1547 5463 1597 5513 in
1630 5476 1761 5530 pace
1812 5459 1936 5514 dor-

354 5564 647 5622 mientibns
671 5562 755 5616 vel
782 5558 961 5616 carnis
992 5556 1218 5612 nexibus
1245 5555 1543 5611 abSolutis?

431 5657 589 5725 Resp.
632 5654 689 5711 ln
722 5654 803 5708 his
832 5653 1002 5707 tribus
1047 5651 1246 5704 sanctis
1287 5650 1387 5703 tria
1431 5648 1705 5702 hominum
1738 5660 1937 5717 genera

359 5752 651 5823 signiﬁcari
678 5751 949 5813 videntur,
980 5760 1099 5816 qua:
1125 5742 1403 5798 liberanda
1435 5741 1486 5794 in
1514 5740 1599 5793 die
1628 5740 1713 5793 illa
1748 5753 1937 5808 magna

365 5844 728 5903 tribulationis
760 5858 790 5898 a
820 5840 1081 5907 periculis
1106 5836 1512 5905 promittuntur.
1544 5832 1602 5887 In
1642 5831 1755 5887 Noe
1796 5831 1937 5888 enim

2031 4716 2213 4781 credit,
2236 4717 2353 4786 jam
2374 4711 2641 4785 judicatus
2671 4717 2743 4761 est
2774 4705 2953 4778 (Jaan.
2986 4720 3067 4768 ut.
3103 4703 3214 4773 l8).

2106 4810 2214 4865 lnt.
2255 4807 2390 4862 Cum
2442 4804 2622 4873 passio
2669 4802 2724 4855 in
2755 4800 2925 4855 Deum
2979 4813 3084 4852 non
3130 4797 3318 4862 cadat,
3371 4792 3500 4865 quid
3531 4800 3617 4850 est

1936 4974 1937 4977 η
2034 4903 2175 4976 quod
2222 4915 2366 4969 strpe
2411 4898 2465 4952 in
2518 4893 2813 4964 Scripturis
2862 4891 2939 4943 ira
2986 4888 3083 4942 Dei
3131 4896 3179 4943 et
3226 4873 3616 4958 furofdicitut‘

2038 4995 2157 5069 (Ps.
2188 5009 2260 5056 vt,
2289 4991 2381 5052 9.)?

2107 5086 2266 5153 Resp.
2308 5083 2608 5151 Scriptura:
2654 5073 2994 5133 consuetudo
3053 5080 3165 5136 est,
3212 5079 3267 5125 ιιι
3299 5071 3375 5125 ira
3407 5083 3509 5141 pro
3540 5071 3622 5126 ul-

2037 5181 2181 5234 tione
2235 5184 2484 5246 ponatur.
2537 5171 2637 5226 Est
2681 5171 2821 5222 enim
2874 5168 2950 5221 ira
2978 5161 3619 5235 secundumdtominem,

2037 5270 2271 5325 vindic1a
2320 5264 2620 5321 secundum
2653 5261 2846 5321 Deum,
2881 5269 2933 5313 et
2964 5256 3112 5311 furor
3154 5253 3448 5310 secundum
3500 5253 3622 5309 ani-

2039 5379 2186 5420 mum
2227 5358 2499 5428 patientis,
2541 5370 2647 5410 non
2681 5352 2977 5408 secundum
3013 5347 3271 5414 iUSlitizlllt
3300 5347 3622 5418 judicantis.

2042 5456 2178 5509 llinc
2206 5461 2260 5506 et
2287 5450 2421 5505 illud
2449 5457 2534 5503 ost
2586 5446 2729 5517 quod
2765 5443 2979 5511 ponitur
3011 5443 3060 5493 in
3091 5440 3351 5509 propheta
3389 5458 3401 5493 :
3442 5440 3625 5507 Domi:

2044 5563 2139 5601 nus
2170 5559 2347 5598 creans
2375 5542 2512 5594 mala
2543 5539 2698 5608 (lsui.
2728 5550 2851 5599 va,
2883 5536 2961 5602 7).
2992 5532 3127 5587 Mala
3154 5547 3284 5602 ergo
3313 5544 3443 5588 sunt
3464 5532 3622 5608 juxta

2042 5640 2290 5695 allectum
2332 5636 2451 5705 ejus
2501 5606 2591 5701 qui
2645 5630 2896 5696 sustinet,
2949 5642 3054 5680 non
3103 5624 3258 5695 juxta
3309 5606 3627 5696 aequitatem

2044 5740 2162 5809 ejus
2192 5737 2279 5807 qui
2308 5731 2570 5788 decernit.
3685 5787 3687 5789 ι

2120 5827 2227 5883 Ιιιι.
2271 5826 2407 5895 Quid
2456 5824 2557 5881 sibi
2624 5819 2737 5877 vult
2785 5817 2914 5877 illud
2982 5816 3125 5888 quod
3179 5814 3496 5887 frequenter
3567 5807 3627 5871 in
