  <div class='ocr_page' id='page_1' title='image "/cluster/home/n/w/nwhite01/storage/ocr_20150623/50/hvd.32044015471550/398.png"; bbox 0 0 4024 6336; ppageno 0'>
   <div class='ocr_carea' id='block_1_1' title="bbox 257 267 386 360">
    <p class='ocr_par' dir='ltr' id='par_1_1' title="bbox 257 267 386 360">
     <span class='ocr_line' id='line_1_1' title="bbox 257 267 386 360; baseline -0.116 0"><span class='ocrx_word' id='word_1_1' title='bbox 257 267 386 360; x_wconf 62' lang='lat'><strong>3.3.9</strong></span> 
     </span>
    </p>
   </div>
   <div class='ocr_carea' id='block_1_2' title="bbox 1490 269 2354 348">
    <p class='ocr_par' dir='ltr' id='par_1_2' title="bbox 1490 269 2354 348">
     <span class='ocr_line' id='line_1_2' title="bbox 1490 269 2354 348; baseline 0.002 -22"><span class='ocrx_word' id='word_1_2' title='bbox 1490 269 2038 348; x_wconf 68' lang='lat' dir='ltr'><strong>lNSTRUQTlQNUM</strong></span> <span class='ocrx_word' id='word_1_3' title='bbox 2078 269 2280 328; x_wconf 81' lang='lat' dir='ltr'><strong>LIBER</strong></span> <span class='ocrx_word' id='word_1_4' title='bbox 2315 271 2354 328; x_wconf 87' lang='grc'><strong>1.</strong></span> 
     </span>
    </p>
   </div>
   <div class='ocr_carea' id='block_1_3' title="bbox 3447 252 3571 327">
    <p class='ocr_par' dir='ltr' id='par_1_3' title="bbox 3447 252 3571 327">
     <span class='ocr_line' id='line_1_3' title="bbox 3447 252 3571 327; baseline 0 0"><span class='ocrx_word' id='word_1_5' title='bbox 3447 252 3571 327; x_wconf 77' lang='grc' dir='ltr'><strong>’1οσ</strong></span> 
     </span>
    </p>
   </div>
   <div class='ocr_carea' id='block_1_4' title="bbox 258 341 3564 466">
    <p class='ocr_par' dir='ltr' id='par_1_4' title="bbox 258 341 3564 466">
     <span class='ocr_line' id='line_1_4' title="bbox 258 341 3564 466; baseline -0.001 -26"><span class='ocrx_word' id='word_1_6' title='bbox 258 343 349 444; x_wconf 41' lang='grc' dir='ltr'><strong>’δὴ</strong></span> <span class='ocrx_word' id='word_1_7' title='bbox 372 383 579 460; x_wconf 82' lang='lat' dir='ltr'><strong>absque</strong></span> <span class='ocrx_word' id='word_1_8' title='bbox 608 391 859 453; x_wconf 87' lang='lat' dir='ltr'><strong>peccato,</strong></span> <span class='ocrx_word' id='word_1_9' title='bbox 889 385 962 450; x_wconf 87' lang='lat' dir='ltr'><strong>ita</strong></span> <span class='ocrx_word' id='word_1_10' title='bbox 989 383 1315 454; x_wconf 79' lang='lat' dir='ltr'><strong>iustiﬁcatus</strong></span> <span class='ocrx_word' id='word_1_11' title='bbox 1340 384 1506 440; x_wconf 91' lang='lat' dir='ltr'><strong>vincit</strong></span> <span class='ocrx_word' id='word_1_12' title='bbox 1531 367 1717 466; x_wconf 70' lang='lat' dir='ltr'><strong>etiam,</strong></span> <span class='ocrx_word' id='word_1_13' title='bbox 1743 341 2216 466; x_wconf 36' lang='lat' dir='ltr'><strong>dum&#39;Atenditur</strong></span> <span class='ocrx_word' id='word_1_14' title='bbox 2257 401 2378 443; x_wconf 87' lang='lat' dir='ltr'><strong>esse</strong></span> <span class='ocrx_word' id='word_1_15' title='bbox 2418 341 2708 458; x_wconf 87' lang='lat' dir='ltr'><strong>completa.</strong></span> <span class='ocrx_word' id='word_1_16' title='bbox 2755 385 2812 440; x_wconf 92' lang='lat' dir='ltr'><strong>ln</strong></span> <span class='ocrx_word' id='word_1_17' title='bbox 2853 397 2956 455; x_wconf 89' lang='lat' dir='ltr'><strong>qua</strong></span> <span class='ocrx_word' id='word_1_18' title='bbox 2999 395 3143 438; x_wconf 89' lang='lat' dir='ltr'><strong>nunc</strong></span> <span class='ocrx_word' id='word_1_19' title='bbox 3173 380 3421 436; x_wconf 78' lang='lat' dir='ltr'><strong>animalia</strong></span> <span class='ocrx_word' id='word_1_20' title='bbox 3447 421 3462 447; x_wconf 89' lang='lat'><strong>,</strong></span> <span class='ocrx_word' id='word_1_21' title='bbox 3501 355 3564 438; x_wconf 80' lang='lat' dir='ltr'><strong>id</strong></span> 
     </span>
    </p>
   </div>
   <div class='ocr_carea' id='block_1_5' title="bbox 252 464 1894 550">
    <p class='ocr_par' dir='ltr' id='par_1_5' title="bbox 252 464 1894 550">
     <span class='ocr_line' id='line_1_5' title="bbox 252 464 1894 550; baseline -0.001 -16"><span class='ocrx_word' id='word_1_22' title='bbox 252 467 574 550; x_wconf 69' lang='lat' dir='ltr'><strong>‘ludicatur,</strong></span> <span class='ocrx_word' id='word_1_23' title='bbox 599 474 663 531; x_wconf 85' lang='lat' dir='ltr'><strong>id</strong></span> <span class='ocrx_word' id='word_1_24' title='bbox 695 485 779 534; x_wconf 83' lang='lat' dir='ltr'><strong>est</strong></span> <span class='ocrx_word' id='word_1_25' title='bbox 802 518 819 545; x_wconf 96' lang='lat'><strong>,</strong></span> <span class='ocrx_word' id='word_1_26' title='bbox 850 476 935 531; x_wconf 93' lang='lat' dir='ltr'><strong>vel</strong></span> <span class='ocrx_word' id='word_1_27' title='bbox 977 474 1224 532; x_wconf 84' lang='lat' dir='ltr'><strong>Christus</strong></span> <span class='ocrx_word' id='word_1_28' title='bbox 1263 474 1317 530; x_wconf 90' lang='lat' dir='ltr'><strong>in</strong></span> <span class='ocrx_word' id='word_1_29' title='bbox 1352 475 1632 543; x_wconf 84' lang='lat' dir='ltr'><strong>passione,</strong></span> <span class='ocrx_word' id='word_1_30' title='bbox 1660 464 1746 531; x_wconf 86' lang='lat' dir='ltr'><strong>vel</strong></span> <span class='ocrx_word' id='word_1_31' title='bbox 1787 483 1894 532; x_wconf 68' lang='lat' dir='ltr'><strong>se-&quot;</strong></span> 
     </span>
    </p>
   </div>
   <div class='ocr_carea' id='block_1_6' title="bbox 272 554 1872 642">
    <p class='ocr_par' dir='ltr' id='par_1_6' title="bbox 272 554 1872 642">
     <span class='ocr_line' id='line_1_6' title="bbox 272 554 1872 642; baseline -0.001 -14"><span class='ocrx_word' id='word_1_32' title='bbox 272 571 524 628; x_wconf 86' lang='lat' dir='ltr'><strong>cundum</strong></span> <span class='ocrx_word' id='word_1_33' title='bbox 581 554 718 627; x_wconf 88' lang='lat' dir='ltr'><strong>illud</strong></span> <span class='ocrx_word' id='word_1_34' title='bbox 769 569 914 642; x_wconf 89' lang='lat' dir='ltr'><strong>quod</strong></span> <span class='ocrx_word' id='word_1_35' title='bbox 943 569 996 624; x_wconf 89' lang='lat' dir='ltr'><strong>in</strong></span> <span class='ocrx_word' id='word_1_36' title='bbox 1045 571 1306 641; x_wconf 83' lang='lat' dir='ltr'><strong>prOpheta</strong></span> <span class='ocrx_word' id='word_1_37' title='bbox 1354 569 1528 624; x_wconf 89' lang='lat' dir='ltr'><strong>dicit:</strong></span> <span class='ocrx_word' id='word_1_38' title='bbox 1560 568 1632 625; x_wconf 85' lang='lat' dir='ltr'><strong>Et</strong></span> <span class='ocrx_word' id='word_1_39' title='bbox 1669 570 1872 642; x_wconf 90' lang='lat' dir='ltr'><strong>venite,</strong></span> 
     </span>
    </p>
   </div>
   <div class='ocr_carea' id='block_1_7' title="bbox 272 655 1372 737">
    <p class='ocr_par' dir='ltr' id='par_1_7' title="bbox 272 655 1372 737">
     <span class='ocr_line' id='line_1_7' title="bbox 272 655 1372 737; baseline -0.006 -18"><span class='ocrx_word' id='word_1_40' title='bbox 272 663 616 737; x_wconf 79' lang='lat' dir='ltr'><strong>iudicemur,</strong></span> <span class='ocrx_word' id='word_1_41' title='bbox 646 659 780 718; x_wconf 90' lang='lat' dir='ltr'><strong>dicit</strong></span> <span class='ocrx_word' id='word_1_42' title='bbox 807 661 1084 716; x_wconf 87' lang='lat' dir='ltr'><strong>Dominus.</strong></span> <span class='ocrx_word' id='word_1_43' title='bbox 1366 655 1372 662; x_wconf 80' lang='grc'><strong>’</strong></span> 
     </span>
    </p>
   </div>
   <div class='ocr_carea' id='block_1_8' title="bbox 348 745 1876 846">
    <p class='ocr_par' dir='ltr' id='par_1_8' title="bbox 348 745 1876 846">
     <span class='ocr_line' id='line_1_8' title="bbox 348 745 1876 846; baseline -0.003 -36"><span class='ocrx_word' id='word_1_44' title='bbox 348 745 465 810; x_wconf 72' lang='lat' dir='ltr'><strong>Int.</strong></span> <span class='ocrx_word' id='word_1_45' title='bbox 505 751 638 822; x_wconf 85' lang='lat' dir='ltr'><strong>Viri,</strong></span> <span class='ocrx_word' id='word_1_46' title='bbox 670 754 868 846; x_wconf 88' lang='lat' dir='ltr'><strong>inquit,</strong></span> <span class='ocrx_word' id='word_1_47' title='bbox 902 753 1214 846; x_wconf 78' lang='lat' dir='ltr'><strong>sanguinum</strong></span> <span class='ocrx_word' id='word_1_48' title='bbox 1235 761 1290 846; x_wconf 72' lang='lat' dir='ltr'><strong>et</strong></span> <span class='ocrx_word' id='word_1_49' title='bbox 1310 751 1481 846; x_wconf 85' lang='lat' dir='ltr'><strong>dolosi</strong></span> <span class='ocrx_word' id='word_1_50' title='bbox 1507 768 1608 807; x_wconf 90' lang='lat' dir='ltr'><strong>non</strong></span> <span class='ocrx_word' id='word_1_51' title='bbox 1633 747 1876 846; x_wconf 59' lang='lat' dir='ltr'><strong>dimidia-</strong></span> 
     </span>
    </p>
   </div>
   <div class='ocr_carea' id='block_1_9' title="bbox 275 843 1874 916">
    <p class='ocr_par' dir='ltr' id='par_1_9' title="bbox 275 843 1874 916">
     <span class='ocr_line' id='line_1_9' title="bbox 275 843 1874 916; baseline 0 -14"><span class='ocrx_word' id='word_1_52' title='bbox 275 848 405 902; x_wconf 74' lang='lat' dir='ltr'><strong>bunt</strong></span> <span class='ocrx_word' id='word_1_53' title='bbox 426 846 540 901; x_wconf 88' lang='lat' dir='ltr'><strong>dies</strong></span> <span class='ocrx_word' id='word_1_54' title='bbox 561 861 681 900; x_wconf 85' lang='lat' dir='ltr'><strong>suos</strong></span> <span class='ocrx_word' id='word_1_55' title='bbox 700 845 817 916; x_wconf 87' lang='lat' dir='ltr'><strong>(Ps.</strong></span> <span class='ocrx_word' id='word_1_56' title='bbox 843 860 950 913; x_wconf 90' lang='lat' dir='ltr'><strong>LIv,</strong></span> <span class='ocrx_word' id='word_1_57' title='bbox 971 845 1066 916; x_wconf 69' lang='grc'><strong>24)</strong></span> <span class='ocrx_word' id='word_1_58' title='bbox 1089 861 1104 900; x_wconf 88' lang='lat'><strong>:</strong></span> <span class='ocrx_word' id='word_1_59' title='bbox 1125 843 1253 914; x_wconf 92' lang='lat' dir='ltr'><strong>quid</strong></span> <span class='ocrx_word' id='word_1_60' title='bbox 1279 844 1366 899; x_wconf 88' lang='lat' dir='ltr'><strong>hic</strong></span> <span class='ocrx_word' id='word_1_61' title='bbox 1386 845 1727 900; x_wconf 89' lang='lat' dir='ltr'><strong>sentiendum</strong></span> <span class='ocrx_word' id='word_1_62' title='bbox 1750 843 1874 902; x_wconf 71' lang='lat' dir='ltr'><strong>esi?</strong></span> 
     </span>
    </p>
   </div>
   <div class='ocr_carea' id='block_1_10' title="bbox 351 927 1873 1011">
    <p class='ocr_par' dir='ltr' id='par_1_10' title="bbox 351 927 1873 1011">
     <span class='ocr_line' id='line_1_10' title="bbox 351 927 1873 1011; baseline 0.001 -16"><span class='ocrx_word' id='word_1_63' title='bbox 351 928 512 1011; x_wconf 88' lang='lat' dir='ltr'><strong>Resp.</strong></span> <span class='ocrx_word' id='word_1_64' title='bbox 547 938 663 994; x_wconf 87' lang='lat' dir='ltr'><strong>Non</strong></span> <span class='ocrx_word' id='word_1_65' title='bbox 715 927 1000 994; x_wconf 88' lang='lat' dir='ltr'><strong>dimidiant</strong></span> <span class='ocrx_word' id='word_1_66' title='bbox 1030 937 1148 992; x_wconf 90' lang='lat' dir='ltr'><strong>dies</strong></span> <span class='ocrx_word' id='word_1_67' title='bbox 1189 953 1317 993; x_wconf 86' lang='lat' dir='ltr'><strong>suos</strong></span> <span class='ocrx_word' id='word_1_68' title='bbox 1363 937 1419 992; x_wconf 90' lang='lat' dir='ltr'><strong>bi</strong></span> <span class='ocrx_word' id='word_1_69' title='bbox 1451 938 1541 1008; x_wconf 90' lang='lat' dir='ltr'><strong>qui</strong></span> <span class='ocrx_word' id='word_1_70' title='bbox 1583 939 1873 996; x_wconf 89' lang='lat' dir='ltr'><strong>immatura</strong></span> 
     </span>
    </p>
   </div>
   <div class='ocr_carea' id='block_1_11' title="bbox 277 1023 1874 1116">
    <p class='ocr_par' dir='ltr' id='par_1_11' title="bbox 277 1023 1874 1116">
     <span class='ocr_line' id='line_1_11' title="bbox 277 1023 1874 1116; baseline -0.001 -25"><span class='ocrx_word' id='word_1_71' title='bbox 277 1046 460 1116; x_wconf 81' lang='lat' dir='ltr'><strong>morte</strong></span> <span class='ocrx_word' id='word_1_72' title='bbox 489 1036 792 1106; x_wconf 89' lang='lat' dir='ltr'><strong>rapiuntur.</strong></span> <span class='ocrx_word' id='word_1_73' title='bbox 832 1037 940 1091; x_wconf 86' lang='lat' dir='ltr'><strong>llac</strong></span> <span class='ocrx_word' id='word_1_74' title='bbox 969 1038 1182 1091; x_wconf 84' lang='lat' dir='ltr'><strong>ratione</strong></span> <span class='ocrx_word' id='word_1_75' title='bbox 1219 1034 1384 1090; x_wconf 89' lang='lat' dir='ltr'><strong>etiam</strong></span> <span class='ocrx_word' id='word_1_76' title='bbox 1411 1033 1544 1089; x_wconf 91' lang='lat' dir='ltr'><strong>illud</strong></span> <span class='ocrx_word' id='word_1_77' title='bbox 1574 1023 1874 1106; x_wconf 73' lang='lat' dir='ltr'><strong>intelligere</strong></span> 
     </span>
    </p>
   </div>
   <div class='ocr_carea' id='block_1_12' title="bbox 277 1119 1874 1214">
    <p class='ocr_par' dir='ltr' id='par_1_12' title="bbox 277 1119 1874 1214">
     <span class='ocr_line' id='line_1_12' title="bbox 277 1119 1874 1214; baseline -0.003 -31"><span class='ocrx_word' id='word_1_78' title='bbox 277 1119 575 1214; x_wconf 76' lang='lat' dir='ltr'><strong>possumus</strong></span> <span class='ocrx_word' id='word_1_79' title='bbox 607 1148 622 1186; x_wconf 87' lang='lat'><strong>:</strong></span> <span class='ocrx_word' id='word_1_80' title='bbox 674 1128 757 1185; x_wconf 86' lang='lat' dir='ltr'><strong>Ne</strong></span> <span class='ocrx_word' id='word_1_81' title='bbox 792 1131 970 1202; x_wconf 83' lang='lat' dir='ltr'><strong>rapias</strong></span> <span class='ocrx_word' id='word_1_82' title='bbox 1009 1145 1087 1184; x_wconf 85' lang='lat' dir='ltr'><strong>me</strong></span> <span class='ocrx_word' id='word_1_83' title='bbox 1125 1130 1180 1183; x_wconf 90' lang='lat' dir='ltr'><strong>in</strong></span> <span class='ocrx_word' id='word_1_84' title='bbox 1223 1127 1388 1182; x_wconf 87' lang='lat' dir='ltr'><strong>medio</strong></span> <span class='ocrx_word' id='word_1_85' title='bbox 1419 1128 1618 1182; x_wconf 84' lang='lat' dir='ltr'><strong>dierum</strong></span> <span class='ocrx_word' id='word_1_86' title='bbox 1645 1141 1874 1196; x_wconf 71' lang='lat' dir='ltr'><strong>meorum</strong></span> 
     </span>
    </p>
   </div>
   <div class='ocr_carea' id='block_1_13' title="bbox 263 1219 1873 1298">
    <p class='ocr_par' dir='ltr' id='par_1_13' title="bbox 263 1219 1873 1298">
     <span class='ocr_line' id='line_1_13' title="bbox 263 1219 1873 1298; baseline -0.001 -22"><span class='ocrx_word' id='word_1_87' title='bbox 263 1219 606 1292; x_wconf 75' lang='lat' dir='ltr'><strong>‘(Ps.c1,25).</strong></span> <span class='ocrx_word' id='word_1_88' title='bbox 641 1224 708 1278; x_wconf 88' lang='lat' dir='ltr'><strong>Et</strong></span> <span class='ocrx_word' id='word_1_89' title='bbox 727 1224 884 1278; x_wconf 86' lang='lat' dir='ltr'><strong>aliter</strong></span> <span class='ocrx_word' id='word_1_90' title='bbox 910 1242 921 1277; x_wconf 91' lang='lat'>:</span> <span class='ocrx_word' id='word_1_91' title='bbox 947 1222 1060 1277; x_wconf 83' lang='lat' dir='ltr'><strong>Non</strong></span> <span class='ocrx_word' id='word_1_92' title='bbox 1079 1221 1362 1276; x_wconf 91' lang='lat' dir='ltr'><strong>dimidiant</strong></span> <span class='ocrx_word' id='word_1_93' title='bbox 1385 1221 1502 1276; x_wconf 90' lang='lat' dir='ltr'><strong>dies</strong></span> <span class='ocrx_word' id='word_1_94' title='bbox 1523 1235 1670 1298; x_wconf 87' lang='lat' dir='ltr'><strong>suos,</strong></span> <span class='ocrx_word' id='word_1_95' title='bbox 1696 1221 1783 1289; x_wconf 89' lang='lat' dir='ltr'><strong>qui</strong></span> <span class='ocrx_word' id='word_1_96' title='bbox 1808 1220 1873 1274; x_wconf 91' lang='lat' dir='ltr'><strong>ad</strong></span> 
     </span>
    </p>
   </div>
   <div class='ocr_carea' id='block_1_14' title="bbox 277 1299 1870 1386">
    <p class='ocr_par' dir='ltr' id='par_1_14' title="bbox 277 1299 1870 1386">
     <span class='ocr_line' id='line_1_14' title="bbox 277 1299 1870 1386; baseline -0.003 -16"><span class='ocrx_word' id='word_1_97' title='bbox 277 1316 376 1372; x_wconf 87' lang='lat' dir='ltr'><strong>Dei</strong></span> <span class='ocrx_word' id='word_1_98' title='bbox 397 1299 826 1373; x_wconf 79' lang='lat' dir='ltr'><strong>satisfactionem</strong></span> <span class='ocrx_word' id='word_1_99' title='bbox 839 1331 953 1386; x_wconf 87' lang='lat' dir='ltr'><strong>non</strong></span> <span class='ocrx_word' id='word_1_100' title='bbox 971 1314 1259 1370; x_wconf 84' lang='lat' dir='ltr'><strong>conferunt</strong></span> <span class='ocrx_word' id='word_1_101' title='bbox 1274 1313 1357 1368; x_wconf 85' lang='lat' dir='ltr'><strong>vel</strong></span> <span class='ocrx_word' id='word_1_102' title='bbox 1378 1315 1499 1367; x_wconf 85' lang='lat' dir='ltr'><strong>vitae</strong></span> <span class='ocrx_word' id='word_1_103' title='bbox 1514 1329 1624 1368; x_wconf 85' lang='lat' dir='ltr'><strong>suae</strong></span> <span class='ocrx_word' id='word_1_104' title='bbox 1641 1324 1870 1382; x_wconf 89' lang='lat' dir='ltr'><strong>partem.</strong></span> 
     </span>
    </p>
   </div>
   <div class='ocr_carea' id='block_1_15' title="bbox 333 1395 1874 1482">
    <p class='ocr_par' dir='ltr' id='par_1_15' title="bbox 333 1395 1874 1482">
     <span class='ocr_line' id='line_1_15' title="bbox 333 1395 1874 1482; baseline -0.002 -19"><span class='ocrx_word' id='word_1_105' title='bbox 333 1397 466 1465; x_wconf 26' lang='lat' dir='ltr'><strong>&#39;Int.</strong></span> <span class='ocrx_word' id='word_1_106' title='bbox 495 1411 636 1482; x_wconf 86' lang='lat' dir='ltr'><strong>Quid</strong></span> <span class='ocrx_word' id='word_1_107' title='bbox 680 1412 906 1466; x_wconf 86' lang='lat' dir='ltr'><strong>interior</strong></span> <span class='ocrx_word' id='word_1_108' title='bbox 945 1395 1145 1464; x_wconf 79' lang='lat' dir='ltr'><strong>sensus</strong></span> <span class='ocrx_word' id='word_1_109' title='bbox 1181 1408 1450 1478; x_wconf 87' lang='lat' dir='ltr'><strong>eloquitur</strong></span> <span class='ocrx_word' id='word_1_110' title='bbox 1482 1407 1550 1463; x_wconf 89' lang='lat' dir='ltr'><strong>de</strong></span> <span class='ocrx_word' id='word_1_111' title='bbox 1590 1407 1694 1462; x_wconf 91' lang='lat' dir='ltr'><strong>hoc</strong></span> <span class='ocrx_word' id='word_1_112' title='bbox 1730 1407 1874 1477; x_wconf 92' lang='lat' dir='ltr'><strong>quod</strong></span> 
     </span>
    </p>
   </div>
   <div class='ocr_carea' id='block_1_16' title="bbox 279 1493 1877 1578">
    <p class='ocr_par' dir='ltr' id='par_1_16' title="bbox 279 1493 1877 1578">
     <span class='ocr_line' id='line_1_16' title="bbox 279 1493 1877 1578; baseline -0.004 -19"><span class='ocrx_word' id='word_1_113' title='bbox 279 1493 592 1576; x_wconf 80' lang='lat' dir='ltr'><strong>scribitur:</strong></span> <span class='ocrx_word' id='word_1_114' title='bbox 634 1502 942 1576; x_wconf 75' lang='lat' dir='ltr'><strong>Priusquam</strong></span> <span class='ocrx_word' id='word_1_115' title='bbox 982 1503 1269 1575; x_wconf 81' lang='lat' dir='ltr'><strong>producant</strong></span> <span class='ocrx_word' id='word_1_116' title='bbox 1320 1502 1484 1578; x_wconf 79' lang='lat' dir='ltr'><strong>spina:</strong></span> <span class='ocrx_word' id='word_1_117' title='bbox 1530 1509 1707 1555; x_wconf 72' lang='lat' dir='ltr'><strong>vestra:</strong></span> <span class='ocrx_word' id='word_1_118' title='bbox 1753 1499 1877 1553; x_wconf 87' lang='lat' dir='ltr'><strong>rha-</strong></span> 
     </span>
    </p>
   </div>
   <div class='ocr_carea' id='block_1_17' title="bbox 279 1583 936 1672">
    <p class='ocr_par' dir='ltr' id='par_1_17' title="bbox 279 1583 936 1672">
     <span class='ocr_line' id='line_1_17' title="bbox 279 1583 936 1672; baseline -0.002 -23"><span class='ocrx_word' id='word_1_119' title='bbox 279 1605 461 1672; x_wconf 70' lang='lat' dir='ltr'><strong>mnum</strong></span> <span class='ocrx_word' id='word_1_120' title='bbox 487 1594 606 1672; x_wconf 84' lang='lat' dir='ltr'><strong>(Ps.</strong></span> <span class='ocrx_word' id='word_1_121' title='bbox 641 1583 768 1664; x_wconf 85' lang='lat' dir='ltr'><strong>Lvu,</strong></span> <span class='ocrx_word' id='word_1_122' title='bbox 805 1594 892 1666; x_wconf 82' lang='grc'><strong>10)</strong></span> <span class='ocrx_word' id='word_1_123' title='bbox 913 1597 936 1648; x_wconf 87' lang='lat'><strong>?</strong></span> 
     </span>
    </p>
   </div>
   <div class='ocr_carea' id='block_1_18' title="bbox 357 1685 1876 1759">
    <p class='ocr_par' dir='ltr' id='par_1_18' title="bbox 357 1685 1876 1759">
     <span class='ocr_line' id='line_1_18' title="bbox 357 1685 1876 1759; baseline -0.002 -17"><span class='ocrx_word' id='word_1_124' title='bbox 357 1685 514 1757; x_wconf 84' lang='lat' dir='ltr'><strong>Resp.</strong></span> <span class='ocrx_word' id='word_1_125' title='bbox 560 1686 614 1742; x_wconf 93' lang='lat' dir='ltr'><strong>ld</strong></span> <span class='ocrx_word' id='word_1_126' title='bbox 646 1699 760 1754; x_wconf 87' lang='lat' dir='ltr'><strong>est,</strong></span> <span class='ocrx_word' id='word_1_127' title='bbox 803 1690 1114 1759; x_wconf 83' lang='lat' dir='ltr'><strong>priusquam</strong></span> <span class='ocrx_word' id='word_1_128' title='bbox 1155 1703 1214 1742; x_wconf 88' lang='lat' dir='ltr'><strong>se</strong></span> <span class='ocrx_word' id='word_1_129' title='bbox 1245 1697 1464 1757; x_wconf 87' lang='lat' dir='ltr'><strong>peccata</strong></span> <span class='ocrx_word' id='word_1_130' title='bbox 1516 1697 1695 1742; x_wconf 88' lang='lat' dir='ltr'><strong>vestra</strong></span> <span class='ocrx_word' id='word_1_131' title='bbox 1745 1700 1876 1739; x_wconf 90' lang='lat' dir='ltr'><strong>con-</strong></span> 
     </span>
    </p>
   </div>
   <div class='ocr_carea' id='block_1_19' title="bbox 281 1769 1002 1858">
    <p class='ocr_par' dir='ltr' id='par_1_19' title="bbox 281 1769 1002 1858">
     <span class='ocr_line' id='line_1_19' title="bbox 281 1769 1002 1858; baseline -0.003 -23"><span class='ocrx_word' id='word_1_132' title='bbox 281 1789 576 1858; x_wconf 73' lang='lat' dir='ltr'><strong>summent.</strong></span> <span class='ocrx_word' id='word_1_133' title='bbox 998 1769 1002 1774; x_wconf 82' lang='grc'><strong>’</strong></span> 
     </span>
    </p>
   </div>
   <div class='ocr_carea' id='block_1_20' title="bbox 283 1966 1186 2039">
    <p class='ocr_par' dir='ltr' id='par_1_20' title="bbox 283 1966 1186 2039">
     <span class='ocr_line' id='line_1_20' title="bbox 283 1966 1186 2039; baseline 0.001 -19"><span class='ocrx_word' id='word_1_134' title='bbox 283 1980 348 2020; x_wconf 89' lang='lat' dir='ltr'><strong>ne</strong></span> <span class='ocrx_word' id='word_1_135' title='bbox 377 1978 703 2034; x_wconf 80' lang='lat' dir='ltr'><strong>peccatorum</strong></span> <span class='ocrx_word' id='word_1_136' title='bbox 730 1966 848 2035; x_wconf 87' lang='lat' dir='ltr'><strong>(Ps.</strong></span> <span class='ocrx_word' id='word_1_137' title='bbox 886 1983 1015 2036; x_wconf 81' lang='grc' dir='ltr'><strong>ινιι,</strong></span> <span class='ocrx_word' id='word_1_138' title='bbox 1047 1967 1186 2039; x_wconf 75' lang='lat' dir='ltr'><strong>ll)?</strong></span> 
     </span>
    </p>
   </div>
   <div class='ocr_carea' id='block_1_21' title="bbox 361 2056 1884 2132">
    <p class='ocr_par' dir='ltr' id='par_1_21' title="bbox 361 2056 1884 2132">
     <span class='ocr_line' id='line_1_21' title="bbox 361 2056 1884 2132; baseline 0.001 -21"><span class='ocrx_word' id='word_1_139' title='bbox 361 2057 519 2130; x_wconf 82' lang='lat' dir='ltr'><strong>Resp.</strong></span> <span class='ocrx_word' id='word_1_140' title='bbox 562 2058 694 2132; x_wconf 77' lang='lat' dir='ltr'><strong>Cum</strong></span> <span class='ocrx_word' id='word_1_141' title='bbox 730 2060 982 2130; x_wconf 76' lang='lat' dir='ltr'><strong>tribuitur</strong></span> <span class='ocrx_word' id='word_1_142' title='bbox 1008 2059 1242 2114; x_wconf 86' lang='lat' dir='ltr'><strong>vindicta</strong></span> <span class='ocrx_word' id='word_1_143' title='bbox 1285 2058 1354 2114; x_wconf 92' lang='lat' dir='ltr'><strong>de</strong></span> <span class='ocrx_word' id='word_1_144' title='bbox 1381 2059 1558 2128; x_wconf 88' lang='lat' dir='ltr'><strong>impiis</strong></span> <span class='ocrx_word' id='word_1_145' title='bbox 1582 2103 1596 2127; x_wconf 97' lang='lat'><strong>,</strong></span> <span class='ocrx_word' id='word_1_146' title='bbox 1629 2074 1733 2112; x_wconf 92' lang='lat' dir='ltr'><strong>non</strong></span> <span class='ocrx_word' id='word_1_147' title='bbox 1779 2056 1884 2114; x_wconf 90' lang='lat' dir='ltr'><strong>hoc</strong></span> 
     </span>
    </p>
   </div>
   <div class='ocr_carea' id='block_1_22' title="bbox 285 2151 1882 2222">
    <p class='ocr_par' dir='ltr' id='par_1_22' title="bbox 285 2151 1882 2222">
     <span class='ocr_line' id='line_1_22' title="bbox 285 2151 1882 2222; baseline -0.001 -18"><span class='ocrx_word' id='word_1_148' title='bbox 285 2151 709 2220; x_wconf 87' lang='lat' dir='ltr'><strong>procurantihus</strong></span> <span class='ocrx_word' id='word_1_149' title='bbox 738 2153 940 2207; x_wconf 89' lang='lat' dir='ltr'><strong>sanctis</strong></span> <span class='ocrx_word' id='word_1_150' title='bbox 975 2171 986 2206; x_wconf 89' lang='lat'><strong>:</strong></span> <span class='ocrx_word' id='word_1_151' title='bbox 1021 2162 1071 2206; x_wconf 93' lang='lat' dir='ltr'><strong>et</strong></span> <span class='ocrx_word' id='word_1_152' title='bbox 1111 2159 1232 2221; x_wconf 80' lang='lat' dir='ltr'><strong>post</strong></span> <span class='ocrx_word' id='word_1_153' title='bbox 1259 2151 1454 2208; x_wconf 87' lang='lat' dir='ltr'><strong>delicta</strong></span> <span class='ocrx_word' id='word_1_154' title='bbox 1486 2161 1648 2222; x_wconf 90' lang='lat' dir='ltr'><strong>atque</strong></span> <span class='ocrx_word' id='word_1_155' title='bbox 1678 2151 1882 2206; x_wconf 81' lang='lat' dir='ltr'><strong>exitum</strong></span> 
     </span>
    </p>
   </div>
   <div class='ocr_carea' id='block_1_23' title="bbox 281 2229 1883 2322">
    <p class='ocr_par' dir='ltr' id='par_1_23' title="bbox 281 2229 1883 2322">
     <span class='ocr_line' id='line_1_23' title="bbox 281 2229 1883 2322; baseline 0.001 -25"><span class='ocrx_word' id='word_1_156' title='bbox 281 2255 631 2322; x_wconf 79' lang='lat' dir='ltr'><strong>peccatorum</strong></span> <span class='ocrx_word' id='word_1_157' title='bbox 656 2287 670 2312; x_wconf 94' lang='lat'><strong>,</strong></span> <span class='ocrx_word' id='word_1_158' title='bbox 697 2245 964 2316; x_wconf 85' lang='lat' dir='ltr'><strong>justorum</strong></span> <span class='ocrx_word' id='word_1_159' title='bbox 1002 2245 1206 2301; x_wconf 89' lang='lat' dir='ltr'><strong>clarius</strong></span> <span class='ocrx_word' id='word_1_160' title='bbox 1235 2247 1344 2300; x_wconf 88' lang='lat' dir='ltr'><strong>vita</strong></span> <span class='ocrx_word' id='word_1_161' title='bbox 1389 2253 1552 2317; x_wconf 90' lang='lat' dir='ltr'><strong>atque</strong></span> <span class='ocrx_word' id='word_1_162' title='bbox 1601 2259 1764 2314; x_wconf 90' lang='lat' dir='ltr'><strong>opera</strong></span> <span class='ocrx_word' id='word_1_163' title='bbox 1796 2229 1883 2298; x_wconf 85' lang='lat' dir='ltr'><strong>re-</strong></span> 
     </span>
    </p>
   </div>
   <div class='ocr_carea' id='block_1_24' title="bbox 283 2319 1820 2408">
    <p class='ocr_par' dir='ltr' id='par_1_24' title="bbox 283 2319 1820 2408">
     <span class='ocr_line' id='line_1_24' title="bbox 283 2319 1820 2408; baseline -0.003 -16"><span class='ocrx_word' id='word_1_164' title='bbox 283 2319 600 2408; x_wconf 77' lang='lat' dir='ltr'><strong>splendent.</strong></span> <span class='ocrx_word' id='word_1_165' title='bbox 628 2319 630 2322; x_wconf 11' lang='lat' dir='ltr'><strong>i</strong></span> <span class='ocrx_word' id='word_1_166' title='bbox 1817 2327 1820 2332; x_wconf 74' lang='grc'><em>’</em></span> 
     </span>
    </p>
   </div>
   <div class='ocr_carea' id='block_1_25' title="bbox 291 2425 1884 2502">
    <p class='ocr_par' dir='ltr' id='par_1_25' title="bbox 291 2425 1884 2502">
     <span class='ocr_line' id='line_1_25' title="bbox 291 2425 1884 2502; baseline 0.001 -22"><span class='ocrx_word' id='word_1_167' title='bbox 291 2425 294 2430; x_wconf 81' lang='grc'><em>’</em></span> <span class='ocrx_word' id='word_1_168' title='bbox 361 2425 472 2482; x_wconf 80' lang='lat' dir='ltr'><strong>lnt.</strong></span> <span class='ocrx_word' id='word_1_169' title='bbox 523 2427 807 2494; x_wconf 85' lang='lat' dir='ltr'><strong>Quomodo</strong></span> <span class='ocrx_word' id='word_1_170' title='bbox 863 2429 1236 2498; x_wconf 90' lang='lat' dir='ltr'><strong>accipiendum</strong></span> <span class='ocrx_word' id='word_1_171' title='bbox 1304 2439 1385 2483; x_wconf 90' lang='lat' dir='ltr'><strong>est</strong></span> <span class='ocrx_word' id='word_1_172' title='bbox 1433 2427 1568 2483; x_wconf 88' lang='lat' dir='ltr'><strong>illud</strong></span> <span class='ocrx_word' id='word_1_173' title='bbox 1631 2427 1776 2502; x_wconf 89' lang='lat' dir='ltr'><strong>quod</strong></span> <span class='ocrx_word' id='word_1_174' title='bbox 1830 2427 1884 2482; x_wconf 91' lang='lat' dir='ltr'><strong>in</strong></span> 
     </span>
    </p>
   </div>
   <div class='ocr_carea' id='block_1_26' title="bbox 289 2519 1887 2592">
    <p class='ocr_par' dir='ltr' id='par_1_26' title="bbox 289 2519 1887 2592">
     <span class='ocr_line' id='line_1_26' title="bbox 289 2519 1887 2592; baseline -0.001 -17"><span class='ocrx_word' id='word_1_175' title='bbox 289 2520 508 2589; x_wconf 81' lang='lat' dir='ltr'><strong>psalmo</strong></span> <span class='ocrx_word' id='word_1_176' title='bbox 536 2521 552 2590; x_wconf 94' lang='lat'><strong>(</strong></span> <span class='ocrx_word' id='word_1_177' title='bbox 586 2536 745 2585; x_wconf 78' lang='lat' dir='ltr'><strong>LVIII,</strong></span> <span class='ocrx_word' id='word_1_178' title='bbox 779 2519 853 2591; x_wconf 87' lang='lat'><strong>6)</strong></span> <span class='ocrx_word' id='word_1_179' title='bbox 885 2521 1081 2592; x_wconf 82' lang='lat' dir='ltr'><strong>legitur</strong></span> <span class='ocrx_word' id='word_1_180' title='bbox 1115 2540 1126 2574; x_wconf 93' lang='lat'><strong>:</strong></span> <span class='ocrx_word' id='word_1_181' title='bbox 1166 2520 1288 2575; x_wconf 85' lang='lat' dir='ltr'><strong>Non</strong></span> <span class='ocrx_word' id='word_1_182' title='bbox 1318 2521 1612 2575; x_wconf 88' lang='lat' dir='ltr'><strong>miserearis</strong></span> <span class='ocrx_word' id='word_1_183' title='bbox 1654 2520 1887 2573; x_wconf 86' lang='lat' dir='ltr'><strong>omnibus</strong></span> 
     </span>
    </p>
   </div>
   <div class='ocr_carea' id='block_1_27' title="bbox 287 2614 1076 2683">
    <p class='ocr_par' dir='ltr' id='par_1_27' title="bbox 287 2614 1076 2683">
     <span class='ocr_line' id='line_1_27' title="bbox 287 2614 1076 2683; baseline 0.001 -16"><span class='ocrx_word' id='word_1_184' title='bbox 287 2614 382 2682; x_wconf 84' lang='lat' dir='ltr'><strong>qui</strong></span> <span class='ocrx_word' id='word_1_185' title='bbox 410 2625 686 2680; x_wconf 88' lang='lat' dir='ltr'><strong>aperantur</strong></span> <span class='ocrx_word' id='word_1_186' title='bbox 716 2614 1076 2683; x_wconf 74' lang='lat' dir='ltr'><strong>iniquitatem?</strong></span> 
     </span>
    </p>
   </div>
   <div class='ocr_carea' id='block_1_28' title="bbox 369 2687 1886 2774">
    <p class='ocr_par' dir='ltr' id='par_1_28' title="bbox 369 2687 1886 2774">
     <span class='ocr_line' id='line_1_28' title="bbox 369 2687 1886 2774; baseline 0.001 -16"><span class='ocrx_word' id='word_1_187' title='bbox 369 2705 530 2774; x_wconf 89' lang='lat' dir='ltr'><strong>Resp.</strong></span> <span class='ocrx_word' id='word_1_188' title='bbox 574 2703 689 2759; x_wconf 83' lang='lat' dir='ltr'><strong>Non</strong></span> <span class='ocrx_word' id='word_1_189' title='bbox 721 2714 829 2760; x_wconf 90' lang='lat' dir='ltr'><strong>tam</strong></span> <span class='ocrx_word' id='word_1_190' title='bbox 864 2687 1244 2761; x_wconf 76' lang='lat' dir='ltr'><strong>maledicentia</strong></span> <span class='ocrx_word' id='word_1_191' title='bbox 1273 2707 1456 2760; x_wconf 91' lang='lat' dir='ltr'><strong>animo</strong></span> <span class='ocrx_word' id='word_1_192' title='bbox 1484 2705 1627 2760; x_wconf 86' lang='lat' dir='ltr'><strong>istud</strong></span> <span class='ocrx_word' id='word_1_193' title='bbox 1665 2705 1886 2770; x_wconf 90' lang='lat' dir='ltr'><strong>dicitur,</strong></span> 
     </span>
    </p>
   </div>
   <div class='ocr_carea' id='block_1_29' title="bbox 288 2797 1887 2878">
    <p class='ocr_par' dir='ltr' id='par_1_29' title="bbox 288 2797 1887 2878">
     <span class='ocr_line' id='line_1_29' title="bbox 288 2797 1887 2878; baseline 0.001 -28"><span class='ocrx_word' id='word_1_194' title='bbox 288 2810 456 2878; x_wconf 73' lang='lat' dir='ltr'><strong>quam</strong></span> <span class='ocrx_word' id='word_1_195' title='bbox 512 2798 912 2872; x_wconf 89' lang='lat' dir='ltr'><strong>correptionem</strong></span> <span class='ocrx_word' id='word_1_196' title='bbox 953 2798 1498 2867; x_wconf 82' lang='lat' dir='ltr'><strong>emendationemque</strong></span> <span class='ocrx_word' id='word_1_197' title='bbox 1547 2797 1887 2866; x_wconf 84' lang='lat' dir='ltr'><strong>peccantium</strong></span> 
     </span>
    </p>
   </div>
   <div class='ocr_carea' id='block_1_30' title="bbox 289 2877 1891 2966">
    <p class='ocr_par' dir='ltr' id='par_1_30' title="bbox 289 2877 1891 2966">
     <span class='ocr_line' id='line_1_30' title="bbox 289 2877 1891 2966; baseline 0.001 -24"><span class='ocrx_word' id='word_1_198' title='bbox 289 2877 653 2962; x_wconf 80' lang='lat' dir='ltr'><strong>desiderantis</strong></span> <span class='ocrx_word' id='word_1_199' title='bbox 682 2905 697 2942; x_wconf 89' lang='lat'><strong>:</strong></span> <span class='ocrx_word' id='word_1_200' title='bbox 740 2888 793 2943; x_wconf 94' lang='lat' dir='ltr'><strong>id</strong></span> <span class='ocrx_word' id='word_1_201' title='bbox 832 2898 944 2954; x_wconf 91' lang='lat' dir='ltr'><strong>est,</strong></span> <span class='ocrx_word' id='word_1_202' title='bbox 977 2900 1032 2943; x_wconf 92' lang='lat' dir='ltr'><strong>ut</strong></span> <span class='ocrx_word' id='word_1_203' title='bbox 1062 2889 1116 2943; x_wconf 91' lang='lat' dir='ltr'><strong>in</strong></span> <span class='ocrx_word' id='word_1_204' title='bbox 1144 2877 1397 2966; x_wconf 68' lang='lat' dir='ltr'><strong>praesenti</strong></span> <span class='ocrx_word' id='word_1_205' title='bbox 1427 2891 1610 2960; x_wconf 86' lang='lat' dir='ltr'><strong>potius</strong></span> <span class='ocrx_word' id='word_1_206' title='bbox 1638 2891 1744 2944; x_wconf 87' lang='lat' dir='ltr'><strong>vita</strong></span> <span class='ocrx_word' id='word_1_207' title='bbox 1768 2905 1891 2944; x_wconf 88' lang='lat' dir='ltr'><strong>cor-</strong></span> 
     </span>
    </p>
   </div>
   <div class='ocr_carea' id='block_1_31' title="bbox 289 2979 1890 3053">
    <p class='ocr_par' dir='ltr' id='par_1_31' title="bbox 289 2979 1890 3053">
     <span class='ocr_line' id='line_1_31' title="bbox 289 2979 1890 3053; baseline 0.002 -20"><span class='ocrx_word' id='word_1_208' title='bbox 289 2979 461 3048; x_wconf 88' lang='lat' dir='ltr'><strong>repti,</strong></span> <span class='ocrx_word' id='word_1_209' title='bbox 495 2994 599 3035; x_wconf 92' lang='lat' dir='ltr'><strong>non</strong></span> <span class='ocrx_word' id='word_1_210' title='bbox 633 2982 926 3035; x_wconf 86' lang='lat' dir='ltr'><strong>abutantur</strong></span> <span class='ocrx_word' id='word_1_211' title='bbox 956 2981 1137 3035; x_wconf 80' lang='lat' dir='ltr'><strong>divina</strong></span> <span class='ocrx_word' id='word_1_212' title='bbox 1165 2981 1420 3051; x_wconf 83' lang='lat' dir='ltr'><strong>patientia</strong></span> <span class='ocrx_word' id='word_1_213' title='bbox 1449 2996 1620 3053; x_wconf 88' lang='lat' dir='ltr'><strong>usque</strong></span> <span class='ocrx_word' id='word_1_214' title='bbox 1651 2980 1717 3036; x_wconf 90' lang='lat' dir='ltr'><strong>ad</strong></span> <span class='ocrx_word' id='word_1_215' title='bbox 1746 2979 1890 3036; x_wconf 87' lang='lat' dir='ltr'><strong>futu-</strong></span> 
     </span>
    </p>
   </div>
   <div class='ocr_carea' id='block_1_32' title="bbox 291 3059 1540 3141">
    <p class='ocr_par' dir='ltr' id='par_1_32' title="bbox 291 3059 1540 3141">
     <span class='ocr_line' id='line_1_32' title="bbox 291 3059 1540 3141; baseline 0.002 -16"><span class='ocrx_word' id='word_1_216' title='bbox 291 3084 411 3125; x_wconf 78' lang='lat' dir='ltr'><strong>ram</strong></span> <span class='ocrx_word' id='word_1_217' title='bbox 445 3086 723 3141; x_wconf 64' lang='lat' dir='ltr'><strong>partarum</strong></span> <span class='ocrx_word' id='word_1_218' title='bbox 754 3072 1122 3127; x_wconf 87' lang='lat' dir='ltr'><strong>acerbitatem.</strong></span> <span class='ocrx_word' id='word_1_219' title='bbox 1149 3059 1152 3062; x_wconf 55' lang='grc'><em>’</em></span> <span class='ocrx_word' id='word_1_220' title='bbox 1537 3071 1540 3074; x_wconf 78' lang='grc'><strong>’</strong></span> 
     </span>
    </p>
   </div>
   <div class='ocr_carea' id='block_1_33' title="bbox 1978 473 3127 560">
    <p class='ocr_par' dir='ltr' id='par_1_33' title="bbox 1978 473 3127 560">
     <span class='ocr_line' id='line_1_33' title="bbox 1978 473 3127 560; baseline -0.003 -26"><span class='ocrx_word' id='word_1_221' title='bbox 1978 473 2083 550; x_wconf 83' lang='lat' dir='ltr'><strong>est,</strong></span> <span class='ocrx_word' id='word_1_222' title='bbox 2119 473 2583 560; x_wconf 78' lang='lat' dir='ltr'><strong>gentes&#39;hahitant</strong></span> <span class='ocrx_word' id='word_1_223' title='bbox 2610 487 2770 558; x_wconf 83' lang='lat' dir='ltr'><strong>atque</strong></span> <span class='ocrx_word' id='word_1_224' title='bbox 2799 476 3127 532; x_wconf 87' lang='lat' dir='ltr'><strong>consistunt.</strong></span> 
     </span>
    </p>
   </div>
   <div class='ocr_carea' id='block_1_34' title="bbox 2005 567 3563 642">
    <p class='ocr_par' dir='ltr' id='par_1_34' title="bbox 2005 567 3563 642">
     <span class='ocr_line' id='line_1_34' title="bbox 2005 567 3563 642; baseline -0.004 -17"><span class='ocrx_word' id='word_1_225' title='bbox 2005 573 2008 576; x_wconf 86' lang='grc'><em>’</em></span> <span class='ocrx_word' id='word_1_226' title='bbox 2039 567 2158 626; x_wconf 73' lang='lat' dir='ltr'><strong>&#39;lnt&#39;.</strong></span> <span class='ocrx_word' id='word_1_227' title='bbox 2183 567 2314 641; x_wconf 77' lang='lat' dir='ltr'><strong>Quae</strong></span> <span class='ocrx_word' id='word_1_228' title='bbox 2355 572 2714 642; x_wconf 77' lang='lat' dir='ltr'><strong>intelligentia</strong></span> <span class='ocrx_word' id='word_1_229' title='bbox 2749 577 2833 627; x_wconf 87' lang='lat' dir='ltr'><strong>est</strong></span> <span class='ocrx_word' id='word_1_230' title='bbox 2871 571 2924 625; x_wconf 92' lang='lat' dir='ltr'><strong>in</strong></span> <span class='ocrx_word' id='word_1_231' title='bbox 2967 571 3072 625; x_wconf 90' lang='lat' dir='ltr'><strong>hoc</strong></span> <span class='ocrx_word' id='word_1_232' title='bbox 3103 568 3249 638; x_wconf 90' lang='lat' dir='ltr'><strong>quod</strong></span> <span class='ocrx_word' id='word_1_233' title='bbox 3297 567 3563 637; x_wconf 76' lang='lat' dir='ltr'><strong>legimus:</strong></span> 
     </span>
    </p>
   </div>
   <div class='ocr_carea' id='block_1_35' title="bbox 1980 656 3568 742">
    <p class='ocr_par' dir='ltr' id='par_1_35' title="bbox 1980 656 3568 742">
     <span class='ocr_line' id='line_1_35' title="bbox 1980 656 3568 742; baseline -0.003 -26"><span class='ocrx_word' id='word_1_234' title='bbox 1980 661 2040 742; x_wconf 82' lang='lat' dir='ltr'><strong>Si</strong></span> <span class='ocrx_word' id='word_1_235' title='bbox 2093 663 2360 719; x_wconf 83' lang='lat' dir='ltr'><strong>dormiatis</strong></span> <span class='ocrx_word' id='word_1_236' title='bbox 2411 665 2546 719; x_wconf 85' lang='lat' dir='ltr'><strong>inter</strong></span> <span class='ocrx_word' id='word_1_237' title='bbox 2583 663 2779 718; x_wconf 87' lang='lat' dir='ltr'><strong>medios</strong></span> <span class='ocrx_word' id='word_1_238' title='bbox 2829 663 3029 727; x_wconf 85' lang='lat' dir='ltr'><strong>cleros,</strong></span> <span class='ocrx_word' id='word_1_239' title='bbox 3085 675 3268 734; x_wconf 78' lang='lat' dir='ltr'><strong>penna:</strong></span> <span class='ocrx_word' id='word_1_240' title='bbox 3318 656 3568 712; x_wconf 71' lang='lat' dir='ltr'><strong>columbae</strong></span> 
     </span>
    </p>
   </div>
   <div class='ocr_carea' id='block_1_36' title="bbox 1969 741 3568 829">
    <p class='ocr_par' dir='ltr' id='par_1_36' title="bbox 1969 741 3568 829">
     <span class='ocr_line' id='line_1_36' title="bbox 1969 741 3568 829; baseline -0.005 -19"><span class='ocrx_word' id='word_1_241' title='bbox 1969 741 2324 829; x_wconf 72' lang='lat' dir='ltr'><strong>&#39;deargentata:</strong></span> <span class='ocrx_word' id='word_1_242' title='bbox 2367 770 2414 812; x_wconf 88' lang='lat' dir='ltr'><strong>et</strong></span> <span class='ocrx_word' id='word_1_243' title='bbox 2462 757 2746 828; x_wconf 82' lang='lat' dir='ltr'><strong>posteriora</strong></span> <span class='ocrx_word' id='word_1_244' title='bbox 2785 742 2958 813; x_wconf 72' lang='lat' dir='ltr'><strong>&#39;dofsi‘</strong></span> <span class='ocrx_word' id='word_1_245' title='bbox 2985 759 3103 828; x_wconf 82' lang='lat' dir='ltr'><strong>ejus</strong></span> <span class='ocrx_word' id='word_1_246' title='bbox 3145 755 3202 809; x_wconf 83' lang='lat' dir='ltr'><strong>in</strong></span> <span class='ocrx_word' id='word_1_247' title='bbox 3237 753 3407 823; x_wconf 78' lang='lat' dir='ltr'><strong>specie</strong></span> <span class='ocrx_word' id='word_1_248' title='bbox 3450 751 3568 804; x_wconf 83' lang='lat' dir='ltr'><strong>auri</strong></span> 
     </span>
    </p>
   </div>
   <div class='ocr_carea' id='block_1_37' title="bbox 1963 833 2694 924">
    <p class='ocr_par' dir='ltr' id='par_1_37' title="bbox 1963 833 2694 924">
     <span class='ocr_line' id='line_1_37' title="bbox 1963 833 2694 924; baseline -0.001 -18"><span class='ocrx_word' id='word_1_249' title='bbox 1963 843 2256 924; x_wconf 73' lang='lat' dir='ltr'><strong>&#39;(Ps.va1,</strong></span> <span class='ocrx_word' id='word_1_250' title='bbox 2290 839 2420 923; x_wconf 66' lang='lat' dir='ltr'><strong>l4)?</strong></span> <span class='ocrx_word' id='word_1_251' title='bbox 2631 833 2636 846; x_wconf 46' lang='grc'><strong><em>³</em></strong></span> <span class='ocrx_word' id='word_1_252' title='bbox 2687 840 2694 870; x_wconf 45' lang='grc' dir='ltr'><strong><em>τ</em></strong></span> 
     </span>
    </p>
   </div>
   <div class='ocr_carea' id='block_1_38' title="bbox 1996 938 3567 1026">
    <p class='ocr_par' dir='ltr' id='par_1_38' title="bbox 1996 938 3567 1026">
     <span class='ocr_line' id='line_1_38' title="bbox 1996 938 3567 1026; baseline -0.006 -27"><span class='ocrx_word' id='word_1_253' title='bbox 1996 941 1998 946; x_wconf 85' lang='grc'><em>’</em></span> <span class='ocrx_word' id='word_1_254' title='bbox 2051 943 2208 1016; x_wconf 82' lang='lat' dir='ltr'><strong>Resp.</strong></span> <span class='ocrx_word' id='word_1_255' title='bbox 2246 938 2300 1026; x_wconf 82' lang='lat' dir='ltr'><strong>in</strong></span> <span class='ocrx_word' id='word_1_256' title='bbox 2331 938 2433 999; x_wconf 89' lang='lat' dir='ltr'><strong>hoc</strong></span> <span class='ocrx_word' id='word_1_257' title='bbox 2465 945 2584 1000; x_wconf 91' lang='lat' dir='ltr'><strong>loco</strong></span> <span class='ocrx_word' id='word_1_258' title='bbox 2610 943 2679 999; x_wconf 92' lang='lat' dir='ltr'><strong>de</strong></span> <span class='ocrx_word' id='word_1_259' title='bbox 2705 942 2970 1013; x_wconf 86' lang='lat' dir='ltr'><strong>apostolis</strong></span> <span class='ocrx_word' id='word_1_260' title='bbox 3006 946 3162 1011; x_wconf 87' lang='lat' dir='ltr'><strong>optat</strong></span> <span class='ocrx_word' id='word_1_261' title='bbox 3188 939 3474 1010; x_wconf 84' lang='lat' dir='ltr'><strong>propheta,</strong></span> <span class='ocrx_word' id='word_1_262' title='bbox 3508 944 3567 990; x_wconf 90' lang='lat' dir='ltr'><strong>ut</strong></span> 
     </span>
    </p>
   </div>
   <div class='ocr_carea' id='block_1_39' title="bbox 1978 1027 3569 1108">
    <p class='ocr_par' dir='ltr' id='par_1_39' title="bbox 1978 1027 3569 1108">
     <span class='ocr_line' id='line_1_39' title="bbox 1978 1027 3569 1108; baseline -0.007 -14"><span class='ocrx_word' id='word_1_263' title='bbox 1978 1029 2151 1108; x_wconf 79' lang='lat' dir='ltr'><strong>usque</strong></span> <span class='ocrx_word' id='word_1_264' title='bbox 2175 1038 2241 1094; x_wconf 92' lang='lat' dir='ltr'><strong>ad</strong></span> <span class='ocrx_word' id='word_1_265' title='bbox 2267 1027 2560 1095; x_wconf 76' lang='lat' dir='ltr'><strong>iransitum-</strong></span> <span class='ocrx_word' id='word_1_266' title='bbox 2583 1041 2966 1108; x_wconf 82' lang='lat' dir='ltr'><strong>perseverent,</strong></span> <span class='ocrx_word' id='word_1_267' title='bbox 2998 1034 3285 1091; x_wconf 86' lang='lat' dir='ltr'><strong>credentes</strong></span> <span class='ocrx_word' id='word_1_268' title='bbox 3320 1032 3373 1086; x_wconf 91' lang='lat' dir='ltr'><strong>in</strong></span> <span class='ocrx_word' id='word_1_269' title='bbox 3405 1041 3569 1087; x_wconf 85' lang='lat' dir='ltr'><strong>testa-</strong></span> 
     </span>
    </p>
   </div>
   <div class='ocr_carea' id='block_1_40' title="bbox 1981 1124 3568 1196">
    <p class='ocr_par' dir='ltr' id='par_1_40' title="bbox 1981 1124 3568 1196">
     <span class='ocr_line' id='line_1_40' title="bbox 1981 1124 3568 1196; baseline -0.006 -10"><span class='ocrx_word' id='word_1_270' title='bbox 1981 1131 2178 1186; x_wconf 86' lang='lat' dir='ltr'><strong>mentis</strong></span> <span class='ocrx_word' id='word_1_271' title='bbox 2208 1131 2443 1185; x_wconf 91' lang='lat' dir='ltr'><strong>duobus.</strong></span> <span class='ocrx_word' id='word_1_272' title='bbox 2468 1131 2528 1185; x_wconf 91' lang='lat' dir='ltr'><strong>In</strong></span> <span class='ocrx_word' id='word_1_273' title='bbox 2549 1129 2798 1185; x_wconf 87' lang='lat' dir='ltr'><strong>columba</strong></span> <span class='ocrx_word' id='word_1_274' title='bbox 2827 1137 3007 1182; x_wconf 87' lang='lat' dir='ltr'><strong>autem</strong></span> <span class='ocrx_word' id='word_1_275' title='bbox 3036 1124 3276 1196; x_wconf 83' lang='lat' dir='ltr'><strong>Spiritus</strong></span> <span class='ocrx_word' id='word_1_276' title='bbox 3304 1133 3525 1179; x_wconf 87' lang='lat' dir='ltr'><strong>sanctus</strong></span> <span class='ocrx_word' id='word_1_277' title='bbox 3552 1162 3568 1188; x_wconf 92' lang='lat'><strong>,</strong></span> 
     </span>
    </p>
   </div>
   <div class='ocr_carea' id='block_1_41' title="bbox 1978 1217 3571 1294">
    <p class='ocr_par' dir='ltr' id='par_1_41' title="bbox 1978 1217 3571 1294">
     <span class='ocr_line' id='line_1_41' title="bbox 1978 1217 3571 1294; baseline -0.007 -16"><span class='ocrx_word' id='word_1_278' title='bbox 1978 1223 2050 1278; x_wconf 66' lang='lat' dir='ltr'><strong>in&#39;</strong></span> <span class='ocrx_word' id='word_1_279' title='bbox 2083 1221 2475 1294; x_wconf 86' lang='lat' dir='ltr'><strong>posterioribus</strong></span> <span class='ocrx_word' id='word_1_280' title='bbox 2521 1221 2784 1277; x_wconf 89' lang='lat' dir='ltr'><strong>occultior</strong></span> <span class='ocrx_word' id='word_1_281' title='bbox 2840 1219 3148 1274; x_wconf 86' lang='lat' dir='ltr'><strong>intellectus</strong></span> <span class='ocrx_word' id='word_1_282' title='bbox 3192 1236 3208 1272; x_wconf 90' lang='lat'><strong>:</strong></span> <span class='ocrx_word' id='word_1_283' title='bbox 3251 1217 3304 1272; x_wconf 86' lang='lat' dir='ltr'><strong>in</strong></span> <span class='ocrx_word' id='word_1_284' title='bbox 3343 1223 3571 1285; x_wconf 89' lang='lat' dir='ltr'><strong>argento</strong></span> 
     </span>
    </p>
   </div>
   <div class='ocr_carea' id='block_1_42' title="bbox 1979 1305 3572 1386">
    <p class='ocr_par' dir='ltr' id='par_1_42' title="bbox 1979 1305 3572 1386">
     <span class='ocr_line' id='line_1_42' title="bbox 1979 1305 3572 1386; baseline -0.006 -16"><span class='ocrx_word' id='word_1_285' title='bbox 1979 1309 2271 1386; x_wconf 86' lang='lat' dir='ltr'><strong>splendens</strong></span> <span class='ocrx_word' id='word_1_286' title='bbox 2288 1315 2516 1372; x_wconf 87' lang='lat' dir='ltr'><strong>historia</strong></span> <span class='ocrx_word' id='word_1_287' title='bbox 2541 1315 2968 1384; x_wconf 87' lang='lat' dir='ltr'><strong>Scripturarum,</strong></span> <span class='ocrx_word' id='word_1_288' title='bbox 2999 1310 3054 1366; x_wconf 91' lang='lat' dir='ltr'><strong>in</strong></span> <span class='ocrx_word' id='word_1_289' title='bbox 3076 1323 3209 1364; x_wconf 89' lang='lat' dir='ltr'><strong>auro</strong></span> <span class='ocrx_word' id='word_1_290' title='bbox 3228 1309 3456 1364; x_wconf 86' lang='lat' dir='ltr'><strong>interior</strong></span> <span class='ocrx_word' id='word_1_291' title='bbox 3483 1305 3572 1362; x_wconf 83' lang='lat' dir='ltr'><strong>vel</strong></span> 
     </span>
    </p>
   </div>
   <div class='ocr_carea' id='block_1_43' title="bbox 1982 1406 2846 1479">
    <p class='ocr_par' dir='ltr' id='par_1_43' title="bbox 1982 1406 2846 1479">
     <span class='ocr_line' id='line_1_43' title="bbox 1982 1406 2846 1479; baseline -0.003 -16"><span class='ocrx_word' id='word_1_292' title='bbox 1982 1410 2272 1479; x_wconf 89' lang='lat' dir='ltr'><strong>pretiosior</strong></span> <span class='ocrx_word' id='word_1_293' title='bbox 2300 1424 2493 1465; x_wconf 87' lang='lat' dir='ltr'><strong>sensus</strong></span> <span class='ocrx_word' id='word_1_294' title='bbox 2522 1406 2846 1464; x_wconf 84' lang='lat' dir='ltr'><strong>ostenditur.</strong></span> 
     </span>
    </p>
   </div>
   <div class='ocr_carea' id='block_1_44' title="bbox 2052 1501 3570 1564">
    <p class='ocr_par' dir='ltr' id='par_1_44' title="bbox 2052 1501 3570 1564">
     <span class='ocr_line' id='line_1_44' title="bbox 2052 1501 3570 1564; baseline -0.008 -4"><span class='ocrx_word' id='word_1_295' title='bbox 2052 1505 2161 1560; x_wconf 86' lang='lat' dir='ltr'><strong>Int.</strong></span> <span class='ocrx_word' id='word_1_296' title='bbox 2197 1505 2343 1562; x_wconf 71' lang='lat' dir='ltr'><strong>Dixit</strong></span> <span class='ocrx_word' id='word_1_297' title='bbox 2376 1504 2671 1559; x_wconf 85' lang='lat' dir='ltr'><strong>Dominus:</strong></span> <span class='ocrx_word' id='word_1_298' title='bbox 2706 1502 2786 1557; x_wconf 78' lang='lat' dir='ltr'><strong>Ea:</strong></span> <span class='ocrx_word' id='word_1_299' title='bbox 2813 1501 2989 1556; x_wconf 88' lang='lat' dir='ltr'><strong>Basan</strong></span> <span class='ocrx_word' id='word_1_300' title='bbox 3021 1505 3328 1564; x_wconf 73' lang='lat' dir='ltr'><strong>camertem,</strong></span> <span class='ocrx_word' id='word_1_301' title='bbox 3362 1512 3570 1552; x_wconf 79' lang='lat' dir='ltr'><strong>conver-</strong></span> 
     </span>
    </p>
   </div>
   <div class='ocr_carea' id='block_1_45' title="bbox 1980 1581 3576 1672">
    <p class='ocr_par' dir='ltr' id='par_1_45' title="bbox 1980 1581 3576 1672">
     <span class='ocr_line' id='line_1_45' title="bbox 1980 1581 3576 1672; baseline -0.01 -17"><span class='ocrx_word' id='word_1_302' title='bbox 1980 1611 2085 1655; x_wconf 86' lang='lat' dir='ltr'><strong>tam</strong></span> <span class='ocrx_word' id='word_1_303' title='bbox 2107 1603 2160 1654; x_wconf 90' lang='lat' dir='ltr'><strong>in</strong></span> <span class='ocrx_word' id='word_1_304' title='bbox 2190 1591 2501 1672; x_wconf 77' lang='lat' dir='ltr'><strong>profundum</strong></span> <span class='ocrx_word' id='word_1_305' title='bbox 2533 1598 2710 1661; x_wconf 89' lang='lat' dir='ltr'><strong>maris,</strong></span> <span class='ocrx_word' id='word_1_306' title='bbox 2736 1606 2791 1649; x_wconf 83' lang='lat' dir='ltr'><strong>ut</strong></span> <span class='ocrx_word' id='word_1_307' title='bbox 2812 1581 3098 1664; x_wconf 83' lang='lat' dir='ltr'><strong>intingatur</strong></span> <span class='ocrx_word' id='word_1_308' title='bbox 3122 1581 3214 1663; x_wconf 75' lang='lat' dir='ltr'><strong>pes</strong></span> <span class='ocrx_word' id='word_1_309' title='bbox 3237 1600 3354 1643; x_wconf 81' lang='lat' dir='ltr'><strong>tuus</strong></span> <span class='ocrx_word' id='word_1_310' title='bbox 3381 1589 3435 1641; x_wconf 87' lang='lat' dir='ltr'><strong>in</strong></span> <span class='ocrx_word' id='word_1_311' title='bbox 3463 1603 3576 1640; x_wconf 86' lang='lat' dir='ltr'><strong>san-</strong></span> 
     </span>
    </p>
   </div>
   <div class='ocr_carea' id='block_1_46' title="bbox 1979 1679 3573 1766">
    <p class='ocr_par' dir='ltr' id='par_1_46' title="bbox 1979 1679 3573 1766">
     <span class='ocr_line' id='line_1_46' title="bbox 1979 1679 3573 1766; baseline -0.008 -19"><span class='ocrx_word' id='word_1_312' title='bbox 1979 1683 2153 1766; x_wconf 78' lang='lat' dir='ltr'><strong>guine,</strong></span> <span class='ocrx_word' id='word_1_313' title='bbox 2183 1696 2358 1766; x_wconf 87' lang='lat' dir='ltr'><strong>lingua</strong></span> <span class='ocrx_word' id='word_1_314' title='bbox 2389 1707 2571 1746; x_wconf 88' lang='lat' dir='ltr'><strong>canum</strong></span> <span class='ocrx_word' id='word_1_315' title='bbox 2595 1703 2801 1745; x_wconf 88' lang='lat' dir='ltr'><strong>tuorum</strong></span> <span class='ocrx_word' id='word_1_316' title='bbox 2832 1703 2897 1742; x_wconf 77' lang='lat' dir='ltr'><strong>ea:</strong></span> <span class='ocrx_word' id='word_1_317' title='bbox 2923 1685 3164 1749; x_wconf 87' lang='lat' dir='ltr'><strong>inimicis,</strong></span> <span class='ocrx_word' id='word_1_318' title='bbox 3194 1683 3256 1737; x_wconf 78' lang='lat' dir='ltr'><strong>ab</strong></span> <span class='ocrx_word' id='word_1_319' title='bbox 3295 1682 3410 1751; x_wconf 89' lang='lat' dir='ltr'><strong>ipso</strong></span> <span class='ocrx_word' id='word_1_320' title='bbox 3445 1679 3573 1751; x_wconf 85' lang='lat' dir='ltr'><strong>(Ps.</strong></span> 
     </span>
    </p>
   </div>
   <div class='ocr_carea' id='block_1_47' title="bbox 293 1770 2901 1872">
    <p class='ocr_par' dir='ltr' id='par_1_47' title="bbox 293 1770 2901 1872">
     <span class='ocr_line' id='line_1_47' title="bbox 293 1770 2901 1872; baseline -0.002 -37"><span class='ocrx_word' id='word_1_321' title='bbox 293 1789 576 1872; x_wconf 57' lang='lat' dir='ltr'><strong>summent.</strong></span> <span class='ocrx_word' id='word_1_322' title='bbox 998 1770 1002 1774; x_wconf 62' lang='grc'><strong>’</strong></span> <span class='ocrx_word' id='word_1_323' title='bbox 1585 1871 1591 1872; x_wconf 11' lang='lat'><em>7</em></span> <span class='ocrx_word' id='word_1_324' title='bbox 1906 1770 1953 1830; x_wconf 82' lang='lat' dir='ltr'><strong>B</strong></span> <span class='ocrx_word' id='word_1_325' title='bbox 1980 1803 2142 1853; x_wconf 87' lang='lat' dir='ltr'><strong>vaII,</strong></span> <span class='ocrx_word' id='word_1_326' title='bbox 2157 1785 2280 1856; x_wconf 34' lang='lat'><strong>25).:</strong></span> <span class='ocrx_word' id='word_1_327' title='bbox 2305 1784 2430 1858; x_wconf 87' lang='lat' dir='ltr'><strong>quid</strong></span> <span class='ocrx_word' id='word_1_328' title='bbox 2456 1785 2541 1858; x_wconf 88' lang='lat' dir='ltr'><strong>hic</strong></span> <span class='ocrx_word' id='word_1_329' title='bbox 2572 1780 2901 1852; x_wconf 73' lang='lat' dir='ltr'><strong>sequemur?</strong></span> 
     </span>
    </p>
   </div>
   <div class='ocr_carea' id='block_1_48' title="bbox 358 1868 1920 1952">
    <p class='ocr_par' dir='ltr' id='par_1_48' title="bbox 358 1868 1920 1952">
     <span class='ocr_line' id='line_1_48' title="bbox 358 1868 1920 1952; baseline 0.002 -28"><span class='ocrx_word' id='word_1_330' title='bbox 358 1868 469 1925; x_wconf 86' lang='lat' dir='ltr'><strong>Iut.</strong></span> <span class='ocrx_word' id='word_1_331' title='bbox 501 1870 985 1948; x_wconf 74' lang='lat' dir='ltr'><strong>Iustusquomodo</strong></span> <span class='ocrx_word' id='word_1_332' title='bbox 1033 1874 1169 1927; x_wconf 85' lang='lat' dir='ltr'><strong>lavat</strong></span> <span class='ocrx_word' id='word_1_333' title='bbox 1202 1889 1384 1928; x_wconf 87' lang='lat' dir='ltr'><strong>manus</strong></span> <span class='ocrx_word' id='word_1_334' title='bbox 1416 1889 1536 1952; x_wconf 88' lang='lat' dir='ltr'><strong>suas</strong></span> <span class='ocrx_word' id='word_1_335' title='bbox 1575 1871 1630 1926; x_wconf 88' lang='lat' dir='ltr'><strong>in</strong></span> <span class='ocrx_word' id='word_1_336' title='bbox 1665 1873 1879 1944; x_wconf 83' lang='lat' dir='ltr'><strong>sangui-</strong></span> <span class='ocrx_word' id='word_1_337' title='bbox 1915 1888 1920 1891; x_wconf 66' lang='lat'><strong><em>‘</em></strong></span> 
     </span>
    </p>
   </div>
   <div class='ocr_carea' id='block_1_49' title="bbox 2057 1865 3578 1952">
    <p class='ocr_par' dir='ltr' id='par_1_49' title="bbox 2057 1865 3578 1952">
     <span class='ocr_line' id='line_1_49' title="bbox 2057 1865 3578 1952; baseline -0.011 -18"><span class='ocrx_word' id='word_1_338' title='bbox 2057 1869 2216 1952; x_wconf 83' lang='lat' dir='ltr'><strong>Resp.</strong></span> <span class='ocrx_word' id='word_1_339' title='bbox 2247 1879 2488 1934; x_wconf 84' lang='lat' dir='ltr'><strong>Basanin</strong></span> <span class='ocrx_word' id='word_1_340' title='bbox 2524 1870 2713 1930; x_wconf 80' lang='lat' dir='ltr'><strong>Latino</strong></span> <span class='ocrx_word' id='word_1_341' title='bbox 2739 1871 2987 1929; x_wconf 83' lang='lat' dir='ltr'><strong>confusio</strong></span> <span class='ocrx_word' id='word_1_342' title='bbox 3011 1878 3189 1926; x_wconf 90' lang='lat' dir='ltr'><strong>sonat.</strong></span> <span class='ocrx_word' id='word_1_343' title='bbox 3221 1868 3361 1936; x_wconf 83' lang='lat' dir='ltr'><strong>Ergo</strong></span> <span class='ocrx_word' id='word_1_344' title='bbox 3396 1865 3578 1920; x_wconf 89' lang='lat' dir='ltr'><strong>Domi-</strong></span> 
     </span>
    </p>
   </div>
   <div class='ocr_carea' id='block_1_50' title="bbox 1985 1959 3580 2032">
    <p class='ocr_par' dir='ltr' id='par_1_50' title="bbox 1985 1959 3580 2032">
     <span class='ocr_line' id='line_1_50' title="bbox 1985 1959 3580 2032; baseline -0.011 -5"><span class='ocrx_word' id='word_1_345' title='bbox 1985 1989 2085 2027; x_wconf 92' lang='lat' dir='ltr'><strong>nus</strong></span> <span class='ocrx_word' id='word_1_346' title='bbox 2109 1981 2323 2026; x_wconf 78' lang='lat' dir='ltr'><strong>nosmet</strong></span> <span class='ocrx_word' id='word_1_347' title='bbox 2349 1969 2416 2024; x_wconf 89' lang='lat' dir='ltr'><strong>de</strong></span> <span class='ocrx_word' id='word_1_348' title='bbox 2437 1967 2753 2024; x_wconf 83' lang='lat' dir='ltr'><strong>confusione</strong></span> <span class='ocrx_word' id='word_1_349' title='bbox 2780 1966 3069 2025; x_wconf 83' lang='lat' dir='ltr'><strong>convertit,</strong></span> <span class='ocrx_word' id='word_1_350' title='bbox 3095 1978 3213 2032; x_wconf 74' lang='lat' dir='ltr'><strong>qua:</strong></span> <span class='ocrx_word' id='word_1_351' title='bbox 3235 1969 3318 2015; x_wconf 92' lang='lat' dir='ltr'><strong>est</strong></span> <span class='ocrx_word' id='word_1_352' title='bbox 3340 1959 3392 2013; x_wconf 93' lang='lat' dir='ltr'><strong>in</strong></span> <span class='ocrx_word' id='word_1_353' title='bbox 3419 1971 3580 2010; x_wconf 84' lang='lat' dir='ltr'><strong>cruce</strong></span> 
     </span>
    </p>
   </div>
   <div class='ocr_carea' id='block_1_51' title="bbox 1984 2049 3580 2136">
    <p class='ocr_par' dir='ltr' id='par_1_51' title="bbox 1984 2049 3580 2136">
     <span class='ocr_line' id='line_1_51' title="bbox 1984 2049 3580 2136; baseline -0.012 -16"><span class='ocrx_word' id='word_1_354' title='bbox 1984 2065 2102 2136; x_wconf 87' lang='lat' dir='ltr'><strong>ejus</strong></span> <span class='ocrx_word' id='word_1_355' title='bbox 2136 2083 2148 2117; x_wconf 92' lang='lat'><strong>:</strong></span> <span class='ocrx_word' id='word_1_356' title='bbox 2176 2065 2228 2118; x_wconf 93' lang='lat' dir='ltr'><strong>in</strong></span> <span class='ocrx_word' id='word_1_357' title='bbox 2258 2079 2361 2134; x_wconf 91' lang='lat' dir='ltr'><strong>qua</strong></span> <span class='ocrx_word' id='word_1_358' title='bbox 2393 2076 2553 2117; x_wconf 88' lang='lat' dir='ltr'><strong>cruce</strong></span> <span class='ocrx_word' id='word_1_359' title='bbox 2577 2060 2841 2130; x_wconf 81' lang='lat' dir='ltr'><strong>sanguine</strong></span> <span class='ocrx_word' id='word_1_360' title='bbox 2858 2056 3049 2127; x_wconf 88' lang='lat' dir='ltr'><strong>pedem</strong></span> <span class='ocrx_word' id='word_1_361' title='bbox 3079 2069 3236 2108; x_wconf 91' lang='lat' dir='ltr'><strong>suum</strong></span> <span class='ocrx_word' id='word_1_362' title='bbox 3263 2051 3440 2116; x_wconf 77' lang='lat' dir='ltr'><strong>tinxit,</strong></span> <span class='ocrx_word' id='word_1_363' title='bbox 3470 2049 3580 2103; x_wconf 86' lang='lat' dir='ltr'><strong>cla-</strong></span> 
     </span>
    </p>
   </div>
   <div class='ocr_carea' id='block_1_52' title="bbox 1988 2142 3580 2220">
    <p class='ocr_par' dir='ltr' id='par_1_52' title="bbox 1988 2142 3580 2220">
     <span class='ocr_line' id='line_1_52' title="bbox 1988 2142 3580 2220; baseline -0.014 -6"><span class='ocrx_word' id='word_1_364' title='bbox 1988 2152 2260 2214; x_wconf 84' lang='lat' dir='ltr'><strong>mantibus</strong></span> <span class='ocrx_word' id='word_1_365' title='bbox 2298 2153 2537 2217; x_wconf 65' lang='lat' dir='ltr'><strong>Judaeis,</strong></span> <span class='ocrx_word' id='word_1_366' title='bbox 2573 2162 2627 2207; x_wconf 93' lang='lat' dir='ltr'><strong>ut</strong></span> <span class='ocrx_word' id='word_1_367' title='bbox 2657 2152 3070 2220; x_wconf 90' lang='lat' dir='ltr'><strong>cruciﬁgeretur</strong></span> <span class='ocrx_word' id='word_1_368' title='bbox 3103 2147 3362 2201; x_wconf 86' lang='lat' dir='ltr'><strong>instinctu</strong></span> <span class='ocrx_word' id='word_1_369' title='bbox 3399 2142 3580 2195; x_wconf 84' lang='lat' dir='ltr'><strong>inimi-</strong></span> 
     </span>
    </p>
   </div>
   <div class='ocr_carea' id='block_1_53' title="bbox 1986 2237 3580 2318">
    <p class='ocr_par' dir='ltr' id='par_1_53' title="bbox 1986 2237 3580 2318">
     <span class='ocr_line' id='line_1_53' title="bbox 1986 2237 3580 2318; baseline -0.011 -12"><span class='ocrx_word' id='word_1_370' title='bbox 1986 2266 2196 2318; x_wconf 85' lang='lat' dir='ltr'><strong>corum,</strong></span> <span class='ocrx_word' id='word_1_371' title='bbox 2232 2251 2283 2304; x_wconf 91' lang='lat' dir='ltr'><strong>id</strong></span> <span class='ocrx_word' id='word_1_372' title='bbox 2315 2257 2431 2313; x_wconf 89' lang='lat' dir='ltr'><strong>est,</strong></span> <span class='ocrx_word' id='word_1_373' title='bbox 2463 2248 2790 2303; x_wconf 79' lang='lat' dir='ltr'><strong>daemOnum.</strong></span> <span class='ocrx_word' id='word_1_374' title='bbox 2825 2243 2908 2299; x_wconf 86' lang='lat' dir='ltr'><strong>Ab</strong></span> <span class='ocrx_word' id='word_1_375' title='bbox 2931 2244 3048 2310; x_wconf 91' lang='lat' dir='ltr'><strong>ipso</strong></span> <span class='ocrx_word' id='word_1_376' title='bbox 3073 2251 3253 2295; x_wconf 90' lang='lat' dir='ltr'><strong>autem</strong></span> <span class='ocrx_word' id='word_1_377' title='bbox 3300 2237 3580 2292; x_wconf 89' lang='lat' dir='ltr'><strong>Salvatore</strong></span> 
     </span>
    </p>
   </div>
   <div class='ocr_carea' id='block_1_54' title="bbox 1990 2331 3583 2412">
    <p class='ocr_par' dir='ltr' id='par_1_54' title="bbox 1990 2331 3583 2412">
     <span class='ocr_line' id='line_1_54' title="bbox 1990 2331 3583 2412; baseline -0.013 -12"><span class='ocrx_word' id='word_1_378' title='bbox 1990 2344 2093 2401; x_wconf 88' lang='lat' dir='ltr'><strong>hoc</strong></span> <span class='ocrx_word' id='word_1_379' title='bbox 2127 2353 2296 2399; x_wconf 89' lang='lat' dir='ltr'><strong>totum</strong></span> <span class='ocrx_word' id='word_1_380' title='bbox 2324 2345 2500 2409; x_wconf 82' lang='lat' dir='ltr'><strong>venit,</strong></span> <span class='ocrx_word' id='word_1_381' title='bbox 2532 2341 2656 2412; x_wconf 88' lang='lat' dir='ltr'><strong>quia</strong></span> <span class='ocrx_word' id='word_1_382' title='bbox 2697 2339 2876 2396; x_wconf 86' lang='lat' dir='ltr'><strong>omnia</strong></span> <span class='ocrx_word' id='word_1_383' title='bbox 2906 2336 3021 2391; x_wconf 83' lang='lat' dir='ltr'><strong>haec</strong></span> <span class='ocrx_word' id='word_1_384' title='bbox 3051 2333 3269 2405; x_wconf 86' lang='lat' dir='ltr'><strong>propria</strong></span> <span class='ocrx_word' id='word_1_385' title='bbox 3298 2331 3583 2385; x_wconf 76' lang='lat' dir='ltr'><strong>voluntate</strong></span> 
     </span>
    </p>
   </div>
   <div class='ocr_carea' id='block_1_55' title="bbox 1988 2427 3357 2492">
    <p class='ocr_par' dir='ltr' id='par_1_55' title="bbox 1988 2427 3357 2492">
     <span class='ocr_line' id='line_1_55' title="bbox 1988 2427 3357 2492; baseline -0.004 0"><span class='ocrx_word' id='word_1_386' title='bbox 1988 2427 2264 2492; x_wconf 84' lang='lat' dir='ltr'><strong>sustinuit.</strong></span> <span class='ocrx_word' id='word_1_387' title='bbox 3355 2432 3357 2434; x_wconf 76' lang='grc'><em>’</em></span> 
     </span>
    </p>
   </div>
   <div class='ocr_carea' id='block_1_56' title="bbox 2062 2514 3582 2600">
    <p class='ocr_par' dir='ltr' id='par_1_56' title="bbox 2062 2514 3582 2600">
     <span class='ocr_line' id='line_1_56' title="bbox 2062 2514 3582 2600; baseline -0.01 -17"><span class='ocrx_word' id='word_1_388' title='bbox 2062 2528 2173 2583; x_wconf 85' lang='lat' dir='ltr'><strong>Int.</strong></span> <span class='ocrx_word' id='word_1_389' title='bbox 2203 2530 2353 2597; x_wconf 89' lang='lat' dir='ltr'><strong>Quos</strong></span> <span class='ocrx_word' id='word_1_390' title='bbox 2395 2527 2516 2582; x_wconf 91' lang='lat' dir='ltr'><strong>illos</strong></span> <span class='ocrx_word' id='word_1_391' title='bbox 2548 2525 2873 2596; x_wconf 82' lang='lat' dir='ltr'><strong>accipiemus</strong></span> <span class='ocrx_word' id='word_1_392' title='bbox 2904 2523 3160 2593; x_wconf 85' lang='lat' dir='ltr'><strong>principes</strong></span> <span class='ocrx_word' id='word_1_393' title='bbox 3197 2517 3435 2574; x_wconf 83' lang='lat' dir='ltr'><strong>Zabulon</strong></span> <span class='ocrx_word' id='word_1_394' title='bbox 3455 2560 3471 2586; x_wconf 91' lang='lat'><strong>,</strong></span> <span class='ocrx_word' id='word_1_395' title='bbox 3503 2514 3582 2600; x_wconf 79' lang='lat' dir='ltr'><strong>cel</strong></span> 
     </span>
    </p>
   </div>
   <div class='ocr_carea' id='block_1_57' title="bbox 1993 2613 3096 2695">
    <p class='ocr_par' dir='ltr' id='par_1_57' title="bbox 1993 2613 3096 2695">
     <span class='ocr_line' id='line_1_57' title="bbox 1993 2613 3096 2695; baseline -0.008 -18"><span class='ocrx_word' id='word_1_396' title='bbox 1993 2624 2251 2695; x_wconf 81' lang='lat' dir='ltr'><strong>principes</strong></span> <span class='ocrx_word' id='word_1_397' title='bbox 2285 2619 2584 2686; x_wconf 83' lang='lat' dir='ltr'><strong>Nephtalim</strong></span> <span class='ocrx_word' id='word_1_398' title='bbox 2617 2613 2734 2689; x_wconf 89' lang='lat' dir='ltr'><strong>(Ps.</strong></span> <span class='ocrx_word' id='word_1_399' title='bbox 2771 2632 2935 2682; x_wconf 73' lang='lat' dir='ltr'><strong>LXVII,</strong></span> <span class='ocrx_word' id='word_1_400' title='bbox 2967 2614 3096 2688; x_wconf 78' lang='lat'><strong>28)?</strong></span> 
     </span>
    </p>
   </div>
   <div class='ocr_carea' id='block_1_58' title="bbox 2015 2690 3582 2785">
    <p class='ocr_par' dir='ltr' id='par_1_58' title="bbox 2015 2690 3582 2785">
     <span class='ocr_line' id='line_1_58' title="bbox 2015 2690 3582 2785; baseline -0.009 -13"><span class='ocrx_word' id='word_1_401' title='bbox 2015 2701 2022 2728; x_wconf 67' lang='grc'><strong><em>²</em></strong></span> <span class='ocrx_word' id='word_1_402' title='bbox 2065 2690 2225 2785; x_wconf 82' lang='lat' dir='ltr'><strong>Resp.</strong></span> <span class='ocrx_word' id='word_1_403' title='bbox 2269 2715 2487 2769; x_wconf 88' lang='lat' dir='ltr'><strong>Petrum</strong></span> <span class='ocrx_word' id='word_1_404' title='bbox 2528 2713 2868 2782; x_wconf 83' lang='lat' dir='ltr'><strong>apostolum,</strong></span> <span class='ocrx_word' id='word_1_405' title='bbox 2913 2709 2995 2764; x_wconf 87' lang='lat' dir='ltr'><strong>vel</strong></span> <span class='ocrx_word' id='word_1_406' title='bbox 3047 2690 3352 2772; x_wconf 77' lang='lat' dir='ltr'><strong>Andream,</strong></span> <span class='ocrx_word' id='word_1_407' title='bbox 3384 2705 3474 2774; x_wconf 89' lang='lat' dir='ltr'><strong>qui</strong></span> <span class='ocrx_word' id='word_1_408' title='bbox 3516 2717 3582 2759; x_wconf 79' lang='lat' dir='ltr'><strong>ex</strong></span> 
     </span>
    </p>
   </div>
   <div class='ocr_carea' id='block_1_59' title="bbox 1994 2797 3583 2882">
    <p class='ocr_par' dir='ltr' id='par_1_59' title="bbox 1994 2797 3583 2882">
     <span class='ocr_line' id='line_1_59' title="bbox 1994 2797 3583 2882; baseline -0.008 -19"><span class='ocrx_word' id='word_1_409' title='bbox 1994 2809 2182 2863; x_wconf 90' lang='lat' dir='ltr'><strong>iisdem</strong></span> <span class='ocrx_word' id='word_1_410' title='bbox 2206 2808 2453 2862; x_wconf 88' lang='lat' dir='ltr'><strong>tribubus</strong></span> <span class='ocrx_word' id='word_1_411' title='bbox 2475 2815 2600 2860; x_wconf 89' lang='lat' dir='ltr'><strong>sunt</strong></span> <span class='ocrx_word' id='word_1_412' title='bbox 2623 2806 2827 2870; x_wconf 88' lang='lat' dir='ltr'><strong>vocati,</strong></span> <span class='ocrx_word' id='word_1_413' title='bbox 2870 2803 3012 2858; x_wconf 90' lang='lat' dir='ltr'><strong>sicut</strong></span> <span class='ocrx_word' id='word_1_414' title='bbox 3035 2811 3087 2856; x_wconf 90' lang='lat' dir='ltr'><strong>et</strong></span> <span class='ocrx_word' id='word_1_415' title='bbox 3117 2798 3276 2869; x_wconf 84' lang='lat' dir='ltr'><strong>supra</strong></span> <span class='ocrx_word' id='word_1_416' title='bbox 3308 2797 3583 2882; x_wconf 80' lang='lat' dir='ltr'><strong>Benjamin</strong></span> 
     </span>
    </p>
   </div>
   <div class='ocr_carea' id='block_1_60' title="bbox 1996 2884 3468 2967">
    <p class='ocr_par' dir='ltr' id='par_1_60' title="bbox 1996 2884 3468 2967">
     <span class='ocr_line' id='line_1_60' title="bbox 1996 2884 3468 2967; baseline -0.006 -12"><span class='ocrx_word' id='word_1_417' title='bbox 1996 2884 2215 2956; x_wconf 83' lang='lat' dir='ltr'><strong>homine</strong></span> <span class='ocrx_word' id='word_1_418' title='bbox 2245 2900 2546 2967; x_wconf 90' lang='lat' dir='ltr'><strong>apostolum</strong></span> <span class='ocrx_word' id='word_1_419' title='bbox 2573 2897 2798 2952; x_wconf 82' lang='lat' dir='ltr'><strong>Paulum</strong></span> <span class='ocrx_word' id='word_1_420' title='bbox 2831 2905 3046 2964; x_wconf 87' lang='lat' dir='ltr'><strong>oportet</strong></span> <span class='ocrx_word' id='word_1_421' title='bbox 3084 2893 3328 2961; x_wconf 84' lang='lat' dir='ltr'><strong>intelligi.</strong></span> <span class='ocrx_word' id='word_1_422' title='bbox 3465 2885 3468 2890; x_wconf 73' lang='grc'><em>’</em></span> 
     </span>
    </p>
   </div>
   <div class='ocr_carea' id='block_1_61' title="bbox 2067 2975 3582 3090">
    <p class='ocr_par' dir='ltr' id='par_1_61' title="bbox 2067 2975 3582 3090">
     <span class='ocr_line' id='line_1_61' title="bbox 2067 2975 3582 3090; baseline -0.007 -44"><span class='ocrx_word' id='word_1_423' title='bbox 2209 2993 2347 3059; x_wconf 88' lang='lat' dir='ltr'><strong>Quid</strong></span> <span class='ocrx_word' id='word_1_424' title='bbox 2397 2992 2600 3047; x_wconf 89' lang='lat' dir='ltr'><strong>indicat</strong></span> <span class='ocrx_word' id='word_1_425' title='bbox 2644 2989 2787 3061; x_wconf 86' lang='lat' dir='ltr'><strong>quod</strong></span> <span class='ocrx_word' id='word_1_426' title='bbox 2834 2989 3029 3057; x_wconf 81' lang='lat' dir='ltr'><strong>legitur</strong></span> <span class='ocrx_word' id='word_1_427' title='bbox 3069 3004 3081 3040; x_wconf 92' lang='lat'><strong>:</strong></span> <span class='ocrx_word' id='word_1_428' title='bbox 3123 2975 3582 3078; x_wconf 68' lang='lat' dir='ltr'><strong>Posueruntsign&#39;a</strong></span> 
     </span>
    </p>
   </div>
   <div class='ocr_carea' id='block_1_62' title="bbox 1998 3067 3579 3158">
    <p class='ocr_par' dir='ltr' id='par_1_62' title="bbox 1998 3067 3579 3158">
     <span class='ocr_line' id='line_1_62' title="bbox 1998 3067 3579 3158; baseline -0.008 -17"><span class='ocrx_word' id='word_1_429' title='bbox 1998 3073 2120 3153; x_wconf 51' lang='lat' dir='ltr'><strong>sua:</strong></span> <span class='ocrx_word' id='word_1_430' title='bbox 2138 3067 2314 3158; x_wconf 53' lang='lat' dir='ltr'><strong>&#39;signa,</strong></span> <span class='ocrx_word' id='word_1_431' title='bbox 2333 3096 2377 3140; x_wconf 88' lang='lat' dir='ltr'><strong>et</strong></span> <span class='ocrx_word' id='word_1_432' title='bbox 2407 3103 2511 3140; x_wconf 88' lang='lat' dir='ltr'><strong>non</strong></span> <span class='ocrx_word' id='word_1_433' title='bbox 2545 3093 2894 3155; x_wconf 78' lang='lat' dir='ltr'><strong>cognoverunt</strong></span> <span class='ocrx_word' id='word_1_434' title='bbox 2916 3081 3046 3136; x_wconf 87' lang='lat' dir='ltr'><strong>sicut</strong></span> <span class='ocrx_word' id='word_1_435' title='bbox 3073 3069 3234 3134; x_wconf 46' lang='lat' dir='ltr'><strong>in&#39;oia</strong></span> <span class='ocrx_word' id='word_1_436' title='bbox 3253 3067 3410 3148; x_wconf 79' lang='lat' dir='ltr'><strong>supra</strong></span> <span class='ocrx_word' id='word_1_437' title='bbox 3436 3067 3579 3130; x_wconf 77' lang='lat' dir='ltr'><strong>sum-</strong></span> 
     </span>
    </p>
   </div>
   <div class='ocr_carea' id='block_1_63' title="bbox 324 3149 2624 3258">
    <p class='ocr_par' dir='ltr' id='par_1_63' title="bbox 324 3149 2624 3258">
     <span class='ocr_line' id='line_1_63' title="bbox 324 3149 2624 3258; baseline 0.003 -42"><span class='ocrx_word' id='word_1_438' title='bbox 324 3157 478 3258; x_wconf 49' lang='lat' dir='ltr'><strong>&#39;-lnt.</strong></span> <span class='ocrx_word' id='word_1_439' title='bbox 533 3163 703 3219; x_wconf 87' lang='lat' dir='ltr'><strong>Semel</strong></span> <span class='ocrx_word' id='word_1_440' title='bbox 750 3165 946 3219; x_wconf 87' lang='lat' dir='ltr'><strong>locutus</strong></span> <span class='ocrx_word' id='word_1_441' title='bbox 994 3174 1066 3218; x_wconf 87' lang='lat' dir='ltr'><strong>est</strong></span> <span class='ocrx_word' id='word_1_442' title='bbox 1119 3163 1290 3234; x_wconf 86' lang='lat' dir='ltr'><strong>Deus,</strong></span> <span class='ocrx_word' id='word_1_443' title='bbox 1344 3166 1448 3221; x_wconf 87' lang='lat' dir='ltr'><strong>duo</strong></span> <span class='ocrx_word' id='word_1_444' title='bbox 1501 3167 1609 3222; x_wconf 68' lang='lat' dir='ltr'><strong>lucc</strong></span> <span class='ocrx_word' id='word_1_445' title='bbox 1649 3167 1891 3221; x_wconf 69' lang='lat' dir='ltr'><strong>exaudiui</strong></span> <span class='ocrx_word' id='word_1_446' title='bbox 1921 3149 1965 3212; x_wconf 73' lang='grc' dir='ltr'>Ο</span> <span class='ocrx_word' id='word_1_447' title='bbox 1998 3149 2134 3258; x_wconf 42' lang='lat' dir='ltr'><strong>mm);</strong></span> <span class='ocrx_word' id='word_1_448' title='bbox 2165 3149 2281 3250; x_wconf 59' lang='lat' dir='ltr'><strong>(iis,</strong></span> <span class='ocrx_word' id='word_1_449' title='bbox 2316 3193 2502 3258; x_wconf 32' lang='lat' dir='ltr'><strong>Limn,</strong></span> <span class='ocrx_word' id='word_1_450' title='bbox 2533 3149 2624 3247; x_wconf 46' lang='grc' dir='ltr'><strong>δή</strong></span> 
     </span>
    </p>
   </div>
   <div class='ocr_carea' id='block_1_64' title="bbox 292 3253 1609 3327">
    <p class='ocr_par' dir='ltr' id='par_1_64' title="bbox 292 3253 1609 3327">
     <span class='ocr_line' id='line_1_64' title="bbox 292 3253 1609 3327; baseline 0.002 -19"><span class='ocrx_word' id='word_1_451' title='bbox 292 3253 417 3324; x_wconf 88' lang='lat' dir='ltr'><strong>(Ps.</strong></span> <span class='ocrx_word' id='word_1_452' title='bbox 451 3271 570 3321; x_wconf 89' lang='lat' dir='ltr'><strong>th,</strong></span> <span class='ocrx_word' id='word_1_453' title='bbox 602 3255 726 3323; x_wconf 69' lang='lat'><strong>1‘2):</strong></span> <span class='ocrx_word' id='word_1_454' title='bbox 762 3257 888 3327; x_wconf 90' lang='lat' dir='ltr'><strong>quid</strong></span> <span class='ocrx_word' id='word_1_455' title='bbox 918 3257 1004 3310; x_wconf 90' lang='lat' dir='ltr'><strong>hic</strong></span> <span class='ocrx_word' id='word_1_456' title='bbox 1036 3256 1446 3327; x_wconf 89' lang='lat' dir='ltr'><strong>intelligendum</strong></span> <span class='ocrx_word' id='word_1_457' title='bbox 1480 3257 1609 3311; x_wconf 78' lang='lat' dir='ltr'><strong>est?</strong></span> 
     </span>
    </p>
   </div>
   <div class='ocr_carea' id='block_1_65' title="bbox 369 3343 1889 3419">
    <p class='ocr_par' dir='ltr' id='par_1_65' title="bbox 369 3343 1889 3419">
     <span class='ocr_line' id='line_1_65' title="bbox 369 3343 1889 3419; baseline 0.001 -18"><span class='ocrx_word' id='word_1_458' title='bbox 369 3343 533 3419; x_wconf 85' lang='lat' dir='ltr'><strong>Resp.</strong></span> <span class='ocrx_word' id='word_1_459' title='bbox 566 3348 744 3403; x_wconf 91' lang='lat' dir='ltr'><strong>Semel</strong></span> <span class='ocrx_word' id='word_1_460' title='bbox 773 3349 856 3402; x_wconf 87' lang='lat' dir='ltr'><strong>hic</strong></span> <span class='ocrx_word' id='word_1_461' title='bbox 881 3363 986 3402; x_wconf 89' lang='lat' dir='ltr'><strong>non</strong></span> <span class='ocrx_word' id='word_1_462' title='bbox 1017 3348 1082 3402; x_wconf 91' lang='lat' dir='ltr'><strong>ad</strong></span> <span class='ocrx_word' id='word_1_463' title='bbox 1108 3364 1388 3403; x_wconf 90' lang='lat' dir='ltr'><strong>numerum</strong></span> <span class='ocrx_word' id='word_1_464' title='bbox 1417 3349 1758 3404; x_wconf 89' lang='lat' dir='ltr'><strong>referendum</strong></span> <span class='ocrx_word' id='word_1_465' title='bbox 1787 3359 1889 3416; x_wconf 89' lang='lat' dir='ltr'><strong>est,</strong></span> 
     </span>
    </p>
   </div>
   <div class='ocr_carea' id='block_1_66' title="bbox 293 3439 1893 3509">
    <p class='ocr_par' dir='ltr' id='par_1_66' title="bbox 293 3439 1893 3509">
     <span class='ocr_line' id='line_1_66' title="bbox 293 3439 1893 3509; baseline 0 -14"><span class='ocrx_word' id='word_1_466' title='bbox 293 3441 393 3498; x_wconf 86' lang='lat' dir='ltr'><strong>sed</strong></span> <span class='ocrx_word' id='word_1_467' title='bbox 430 3443 493 3495; x_wconf 90' lang='lat' dir='ltr'><strong>ad</strong></span> <span class='ocrx_word' id='word_1_468' title='bbox 527 3440 860 3497; x_wconf 78' lang='lat' dir='ltr'><strong>firmitatem.</strong></span> <span class='ocrx_word' id='word_1_469' title='bbox 904 3439 1034 3509; x_wconf 63' lang='lat' dir='ltr'><strong>Quae</strong></span> <span class='ocrx_word' id='word_1_470' title='bbox 1073 3452 1257 3496; x_wconf 92' lang='lat' dir='ltr'><strong>autem</strong></span> <span class='ocrx_word' id='word_1_471' title='bbox 1302 3451 1429 3496; x_wconf 90' lang='lat' dir='ltr'><strong>sunt</strong></span> <span class='ocrx_word' id='word_1_472' title='bbox 1455 3442 1547 3496; x_wconf 87' lang='lat' dir='ltr'><strong>illa</strong></span> <span class='ocrx_word' id='word_1_473' title='bbox 1583 3441 1724 3506; x_wconf 91' lang='lat' dir='ltr'><strong>duo,</strong></span> <span class='ocrx_word' id='word_1_474' title='bbox 1772 3457 1893 3509; x_wconf 66' lang='lat' dir='ltr'><strong>quas</strong></span> 
     </span>
    </p>
   </div>
   <div class='ocr_carea' id='block_1_67' title="bbox 296 3532 1891 3602">
    <p class='ocr_par' dir='ltr' id='par_1_67' title="bbox 296 3532 1891 3602">
     <span class='ocr_line' id='line_1_67' title="bbox 296 3532 1891 3602; baseline 0.002 -16"><span class='ocrx_word' id='word_1_475' title='bbox 296 3533 531 3587; x_wconf 89' lang='lat' dir='ltr'><strong>Domino</strong></span> <span class='ocrx_word' id='word_1_476' title='bbox 562 3532 857 3602; x_wconf 82' lang='lat' dir='ltr'><strong>adjacent?</strong></span> <span class='ocrx_word' id='word_1_477' title='bbox 881 3541 934 3587; x_wconf 91' lang='lat' dir='ltr'><strong>et</strong></span> <span class='ocrx_word' id='word_1_478' title='bbox 962 3547 1121 3602; x_wconf 89' lang='lat' dir='ltr'><strong>posse</strong></span> <span class='ocrx_word' id='word_1_479' title='bbox 1143 3533 1347 3599; x_wconf 89' lang='lat' dir='ltr'><strong>omnia,</strong></span> <span class='ocrx_word' id='word_1_480' title='bbox 1375 3542 1430 3588; x_wconf 94' lang='lat' dir='ltr'><strong>et</strong></span> <span class='ocrx_word' id='word_1_481' title='bbox 1460 3534 1595 3589; x_wconf 79' lang='lat' dir='ltr'><strong>velle</strong></span> <span class='ocrx_word' id='word_1_482' title='bbox 1624 3535 1891 3590; x_wconf 85' lang='lat' dir='ltr'><strong>misereri.</strong></span> 
     </span>
    </p>
   </div>
   <div class='ocr_carea' id='block_1_68' title="bbox 295 3616 1891 3698">
    <p class='ocr_par' dir='ltr' id='par_1_68' title="bbox 295 3616 1891 3698">
     <span class='ocr_line' id='line_1_68' title="bbox 295 3616 1891 3698; baseline 0.002 -19"><span class='ocrx_word' id='word_1_483' title='bbox 295 3623 365 3679; x_wconf 84' lang='grc' dir='ltr'><strong>Εἰ</strong></span> <span class='ocrx_word' id='word_1_484' title='bbox 399 3623 560 3680; x_wconf 88' lang='lat' dir='ltr'><strong>aliter</strong></span> <span class='ocrx_word' id='word_1_485' title='bbox 594 3643 606 3678; x_wconf 91' lang='lat'>:</span> <span class='ocrx_word' id='word_1_486' title='bbox 652 3624 831 3680; x_wconf 87' lang='lat' dir='ltr'><strong>Semel</strong></span> <span class='ocrx_word' id='word_1_487' title='bbox 865 3623 1081 3679; x_wconf 89' lang='lat' dir='ltr'><strong>locutus</strong></span> <span class='ocrx_word' id='word_1_488' title='bbox 1111 3633 1197 3680; x_wconf 86' lang='lat' dir='ltr'><strong>est</strong></span> <span class='ocrx_word' id='word_1_489' title='bbox 1225 3625 1399 3692; x_wconf 89' lang='lat' dir='ltr'><strong>Deus,</strong></span> <span class='ocrx_word' id='word_1_490' title='bbox 1430 3625 1481 3680; x_wconf 92' lang='lat' dir='ltr'><strong>id</strong></span> <span class='ocrx_word' id='word_1_491' title='bbox 1507 3635 1624 3693; x_wconf 84' lang='lat' dir='ltr'><strong>est,</strong></span> <span class='ocrx_word' id='word_1_492' title='bbox 1668 3627 1721 3682; x_wconf 89' lang='lat' dir='ltr'><strong>in</strong></span> <span class='ocrx_word' id='word_1_493' title='bbox 1752 3616 1891 3698; x_wconf 83' lang='lat' dir='ltr'><strong>lege.</strong></span> 
     </span>
    </p>
   </div>
   <div class='ocr_carea' id='block_1_69' title="bbox 292 3717 1895 3796">
    <p class='ocr_par' dir='ltr' id='par_1_69' title="bbox 292 3717 1895 3796">
     <span class='ocr_line' id='line_1_69' title="bbox 292 3717 1895 3796; baseline 0.001 -24"><span class='ocrx_word' id='word_1_494' title='bbox 292 3717 431 3796; x_wconf 79' lang='lat' dir='ltr'><strong>Nam</strong></span> <span class='ocrx_word' id='word_1_495' title='bbox 460 3717 514 3772; x_wconf 92' lang='lat' dir='ltr'><strong>in</strong></span> <span class='ocrx_word' id='word_1_496' title='bbox 537 3718 970 3796; x_wconf 76' lang='lat' dir='ltr'><strong>Evangelionon</strong></span> <span class='ocrx_word' id='word_1_497' title='bbox 1001 3719 1104 3772; x_wconf 90' lang='lat' dir='ltr'><strong>alia</strong></span> <span class='ocrx_word' id='word_1_498' title='bbox 1136 3720 1394 3789; x_wconf 64' lang='lat' dir='ltr'><strong>praecepit</strong></span> <span class='ocrx_word' id='word_1_499' title='bbox 1425 3735 1440 3772; x_wconf 89' lang='lat'><strong>:</strong></span> <span class='ocrx_word' id='word_1_500' title='bbox 1472 3721 1596 3789; x_wconf 86' lang='lat' dir='ltr'><strong>quia</strong></span> <span class='ocrx_word' id='word_1_501' title='bbox 1649 3737 1752 3774; x_wconf 89' lang='lat' dir='ltr'><strong>non</strong></span> <span class='ocrx_word' id='word_1_502' title='bbox 1782 3722 1895 3774; x_wconf 74' lang='lat' dir='ltr'><strong>veni</strong></span> 
     </span>
    </p>
   </div>
   <div class='ocr_carea' id='block_1_70' title="bbox 294 3795 1714 3881">
    <p class='ocr_par' dir='ltr' id='par_1_70' title="bbox 294 3795 1714 3881">
     <span class='ocr_line' id='line_1_70' title="bbox 294 3795 1714 3881; baseline 0 -17"><span class='ocrx_word' id='word_1_503' title='bbox 294 3795 464 3881; x_wconf 62' lang='grc' dir='ltr'><strong>ιὲᾕρτη</strong></span> <span class='ocrx_word' id='word_1_504' title='bbox 484 3811 698 3875; x_wconf 88' lang='lat' dir='ltr'><strong>solvere,</strong></span> <span class='ocrx_word' id='word_1_505' title='bbox 731 3809 820 3864; x_wconf 87' lang='lat' dir='ltr'><strong>sed</strong></span> <span class='ocrx_word' id='word_1_506' title='bbox 849 3795 1130 3880; x_wconf 83' lang='lat' dir='ltr'><strong>adimplere</strong></span> <span class='ocrx_word' id='word_1_507' title='bbox 1156 3807 1370 3881; x_wconf 76' lang='lat' dir='ltr'><strong>(Matth.</strong></span> <span class='ocrx_word' id='word_1_508' title='bbox 1412 3825 1469 3874; x_wconf 87' lang='lat' dir='ltr'><strong>v,</strong></span> <span class='ocrx_word' id='word_1_509' title='bbox 1499 3807 1627 3881; x_wconf 78' lang='lat' dir='ltr'><strong>l7)?</strong></span> <span class='ocrx_word' id='word_1_510' title='bbox 1711 3797 1714 3802; x_wconf 67' lang='grc'><em>’</em></span> 
     </span>
    </p>
   </div>
   <div class='ocr_carea' id='block_1_71' title="bbox 341 3888 1896 3974">
    <p class='ocr_par' dir='ltr' id='par_1_71' title="bbox 341 3888 1896 3974">
     <span class='ocr_line' id='line_1_71' title="bbox 341 3888 1896 3974; baseline 0.003 -18"><span class='ocrx_word' id='word_1_511' title='bbox 341 3891 480 3957; x_wconf 75' lang='grc' dir='ltr'><strong>⁴ιηῑ.</strong></span> <span class='ocrx_word' id='word_1_512' title='bbox 529 3903 667 3972; x_wconf 86' lang='lat' dir='ltr'><strong>Quid</strong></span> <span class='ocrx_word' id='word_1_513' title='bbox 721 3912 805 3958; x_wconf 88' lang='lat' dir='ltr'><strong>est</strong></span> <span class='ocrx_word' id='word_1_514' title='bbox 850 3893 992 3973; x_wconf 85' lang='lat' dir='ltr'><strong>quod</strong></span> <span class='ocrx_word' id='word_1_515' title='bbox 1039 3888 1301 3959; x_wconf 85' lang='lat' dir='ltr'><strong>scribitur</strong></span> <span class='ocrx_word' id='word_1_516' title='bbox 1346 3923 1358 3956; x_wconf 89' lang='lat'><strong>:</strong></span> <span class='ocrx_word' id='word_1_517' title='bbox 1407 3903 1759 3959; x_wconf 73' lang='lat' dir='ltr'><strong>Transivimus</strong></span> <span class='ocrx_word' id='word_1_518' title='bbox 1802 3920 1896 3974; x_wconf 83' lang='lat' dir='ltr'><strong>per</strong></span> 
     </span>
    </p>
   </div>
   <div class='ocr_carea' id='block_1_72' title="bbox 293 3996 1896 4069">
    <p class='ocr_par' dir='ltr' id='par_1_72' title="bbox 293 3996 1896 4069">
     <span class='ocr_line' id='line_1_72' title="bbox 293 3996 1896 4069; baseline 0.002 -20"><span class='ocrx_word' id='word_1_519' title='bbox 293 3998 467 4068; x_wconf 83' lang='lat' dir='ltr'><strong>ignem</strong></span> <span class='ocrx_word' id='word_1_520' title='bbox 481 4003 530 4050; x_wconf 83' lang='lat' dir='ltr'><strong>et</strong></span> <span class='ocrx_word' id='word_1_521' title='bbox 542 4013 749 4068; x_wconf 86' lang='lat' dir='ltr'><strong>aquam,</strong></span> <span class='ocrx_word' id='word_1_522' title='bbox 770 4004 815 4050; x_wconf 87' lang='lat' dir='ltr'><strong>et</strong></span> <span class='ocrx_word' id='word_1_523' title='bbox 830 3996 1076 4050; x_wconf 73' lang='lat' dir='ltr'><strong>induxisti</strong></span> <span class='ocrx_word' id='word_1_524' title='bbox 1095 4012 1187 4050; x_wconf 91' lang='lat' dir='ltr'><strong>nos</strong></span> <span class='ocrx_word' id='word_1_525' title='bbox 1202 3998 1252 4049; x_wconf 91' lang='lat' dir='ltr'><strong>in</strong></span> <span class='ocrx_word' id='word_1_526' title='bbox 1272 3997 1598 4068; x_wconf 81' lang='lat' dir='ltr'><strong>refrigerium</strong></span> <span class='ocrx_word' id='word_1_527' title='bbox 1615 3996 1896 4069; x_wconf 59' lang='lat' dir='ltr'><strong>(Psmxv)?</strong></span> 
     </span>
    </p>
   </div>
   <div class='ocr_carea' id='block_1_73' title="bbox 369 4089 1893 4161">
    <p class='ocr_par' dir='ltr' id='par_1_73' title="bbox 369 4089 1893 4161">
     <span class='ocr_line' id='line_1_73' title="bbox 369 4089 1893 4161; baseline 0 -17"><span class='ocrx_word' id='word_1_528' title='bbox 369 4090 534 4158; x_wconf 84' lang='lat' dir='ltr'><strong>Resp.</strong></span> <span class='ocrx_word' id='word_1_529' title='bbox 562 4091 741 4160; x_wconf 87' lang='lat' dir='ltr'><strong>Ignem</strong></span> <span class='ocrx_word' id='word_1_530' title='bbox 778 4099 832 4145; x_wconf 91' lang='lat' dir='ltr'><strong>et</strong></span> <span class='ocrx_word' id='word_1_531' title='bbox 875 4105 1069 4161; x_wconf 89' lang='lat' dir='ltr'><strong>aquam</strong></span> <span class='ocrx_word' id='word_1_532' title='bbox 1115 4090 1546 4159; x_wconf 86' lang='lat' dir='ltr'><strong>persecutionem</strong></span> <span class='ocrx_word' id='word_1_533' title='bbox 1579 4089 1780 4145; x_wconf 88' lang='lat' dir='ltr'><strong>indicat</strong></span> <span class='ocrx_word' id='word_1_534' title='bbox 1808 4101 1893 4145; x_wconf 85' lang='lat' dir='ltr'><strong>at-</strong></span> 
     </span>
    </p>
   </div>
   <div class='ocr_carea' id='block_1_74' title="bbox 290 4173 1893 4256">
    <p class='ocr_par' dir='ltr' id='par_1_74' title="bbox 290 4173 1893 4256">
     <span class='ocr_line' id='line_1_74' title="bbox 290 4173 1893 4256; baseline 0 -17"><span class='ocrx_word' id='word_1_535' title='bbox 290 4199 401 4254; x_wconf 91' lang='lat' dir='ltr'><strong>que</strong></span> <span class='ocrx_word' id='word_1_536' title='bbox 431 4183 770 4256; x_wconf 85' lang='lat' dir='ltr'><strong>martyrium.</strong></span> <span class='ocrx_word' id='word_1_537' title='bbox 804 4183 982 4254; x_wconf 88' lang='lat' dir='ltr'><strong>Aliqui</strong></span> <span class='ocrx_word' id='word_1_538' title='bbox 1029 4184 1114 4237; x_wconf 90' lang='lat' dir='ltr'><strong>hic</strong></span> <span class='ocrx_word' id='word_1_539' title='bbox 1144 4198 1336 4254; x_wconf 90' lang='lat' dir='ltr'><strong>aquam</strong></span> <span class='ocrx_word' id='word_1_540' title='bbox 1373 4184 1698 4254; x_wconf 84' lang='lat' dir='ltr'><strong>baptismum</strong></span> <span class='ocrx_word' id='word_1_541' title='bbox 1732 4173 1893 4239; x_wconf 77' lang='lat' dir='ltr'><strong>intel-</strong></span> 
     </span>
    </p>
   </div>
   <div class='ocr_carea' id='block_1_75' title="bbox 293 4276 1893 4348">
    <p class='ocr_par' dir='ltr' id='par_1_75' title="bbox 293 4276 1893 4348">
     <span class='ocr_line' id='line_1_75' title="bbox 293 4276 1893 4348; baseline 0 -16"><span class='ocrx_word' id='word_1_542' title='bbox 293 4277 577 4348; x_wconf 90' lang='lat' dir='ltr'><strong>ligendum</strong></span> <span class='ocrx_word' id='word_1_543' title='bbox 601 4286 819 4347; x_wconf 91' lang='lat' dir='ltr'><strong>putant,</strong></span> <span class='ocrx_word' id='word_1_544' title='bbox 873 4288 926 4332; x_wconf 93' lang='lat' dir='ltr'><strong>et</strong></span> <span class='ocrx_word' id='word_1_545' title='bbox 965 4278 1142 4348; x_wconf 87' lang='lat' dir='ltr'><strong>ignem</strong></span> <span class='ocrx_word' id='word_1_546' title='bbox 1185 4289 1433 4331; x_wconf 86' lang='lat' dir='ltr'><strong>sanctum</strong></span> <span class='ocrx_word' id='word_1_547' title='bbox 1467 4277 1766 4347; x_wconf 88' lang='lat' dir='ltr'><strong>Spiritum,</strong></span> <span class='ocrx_word' id='word_1_548' title='bbox 1801 4276 1893 4345; x_wconf 90' lang='lat' dir='ltr'><strong>qui</strong></span> 
     </span>
    </p>
   </div>
   <div class='ocr_carea' id='block_1_76' title="bbox 293 4359 1897 4441">
    <p class='ocr_par' dir='ltr' id='par_1_76' title="bbox 293 4359 1897 4441">
     <span class='ocr_line' id='line_1_76' title="bbox 293 4359 1897 4441; baseline -0.003 -14"><span class='ocrx_word' id='word_1_549' title='bbox 293 4371 515 4429; x_wconf 82' lang='lat' dir='ltr'><strong>infusus</strong></span> <span class='ocrx_word' id='word_1_550' title='bbox 556 4380 775 4439; x_wconf 87' lang='lat' dir='ltr'><strong>peccata</strong></span> <span class='ocrx_word' id='word_1_551' title='bbox 811 4382 1082 4441; x_wconf 87' lang='lat' dir='ltr'><strong>tamquam</strong></span> <span class='ocrx_word' id='word_1_552' title='bbox 1113 4369 1250 4440; x_wconf 87' lang='lat' dir='ltr'><strong>ignis</strong></span> <span class='ocrx_word' id='word_1_553' title='bbox 1292 4379 1485 4424; x_wconf 87' lang='lat' dir='ltr'><strong>exurat</strong></span> <span class='ocrx_word' id='word_1_554' title='bbox 1524 4383 1539 4428; x_wconf 85' lang='lat'><strong>:</strong></span> <span class='ocrx_word' id='word_1_555' title='bbox 1570 4378 1624 4424; x_wconf 91' lang='lat' dir='ltr'><strong>et</strong></span> <span class='ocrx_word' id='word_1_556' title='bbox 1659 4363 1785 4424; x_wconf 84' lang='lat' dir='ltr'><strong>hinc</strong></span> <span class='ocrx_word' id='word_1_557' title='bbox 1813 4359 1897 4423; x_wconf 84' lang='lat' dir='ltr'><strong>est</strong></span> 
     </span>
    </p>
   </div>
   <div class='ocr_carea' id='block_1_77' title="bbox 278 4447 1895 4540">
    <p class='ocr_par' dir='ltr' id='par_1_77' title="bbox 278 4447 1895 4540">
     <span class='ocr_line' id='line_1_77' title="bbox 278 4447 1895 4540; baseline -0.002 -22"><span class='ocrx_word' id='word_1_558' title='bbox 278 4454 442 4530; x_wconf 62' lang='lat' dir='ltr'><strong>ouod</strong></span> <span class='ocrx_word' id='word_1_559' title='bbox 472 4461 727 4517; x_wconf 88' lang='lat' dir='ltr'><strong>scribitur</strong></span> <span class='ocrx_word' id='word_1_560' title='bbox 757 4479 770 4515; x_wconf 89' lang='lat'>:</span> <span class='ocrx_word' id='word_1_561' title='bbox 807 4461 1059 4515; x_wconf 87' lang='lat' dir='ltr'><strong>Dominus</strong></span> <span class='ocrx_word' id='word_1_562' title='bbox 1087 4459 1226 4514; x_wconf 84' lang='lat' dir='ltr'><strong>Deus</strong></span> <span class='ocrx_word' id='word_1_563' title='bbox 1281 4470 1441 4540; x_wconf 81' lang='lat' dir='ltr'><strong>vester</strong></span> <span class='ocrx_word' id='word_1_564' title='bbox 1469 4462 1602 4530; x_wconf 84' lang='lat' dir='ltr'><strong>ignis</strong></span> <span class='ocrx_word' id='word_1_565' title='bbox 1633 4447 1788 4514; x_wconf 78' lang='lat' dir='ltr'><strong>urens</strong></span> <span class='ocrx_word' id='word_1_566' title='bbox 1819 4470 1895 4514; x_wconf 84' lang='lat' dir='ltr'><strong>est</strong></span> 
     </span>
    </p>
   </div>
   <div class='ocr_carea' id='block_1_78' title="bbox 295 4543 1756 4625">
    <p class='ocr_par' dir='ltr' id='par_1_78' title="bbox 295 4543 1756 4625">
     <span class='ocr_line' id='line_1_78' title="bbox 295 4543 1756 4625; baseline -0.008 -15"><span class='ocrx_word' id='word_1_567' title='bbox 295 4555 482 4624; x_wconf 91' lang='lat' dir='ltr'><strong>(Deut.</strong></span> <span class='ocrx_word' id='word_1_568' title='bbox 508 4571 577 4620; x_wconf 89' lang='lat' dir='ltr'><strong>Iv,</strong></span> <span class='ocrx_word' id='word_1_569' title='bbox 607 4556 723 4625; x_wconf 71' lang='grc'><strong>24).</strong></span> <span class='ocrx_word' id='word_1_570' title='bbox 1351 4545 1356 4550; x_wconf 80' lang='grc'><em>’</em></span> <span class='ocrx_word' id='word_1_571' title='bbox 1753 4543 1756 4546; x_wconf 39' lang='grc'><strong>⁴</strong></span> 
     </span>
    </p>
   </div>
   <div class='ocr_carea' id='block_1_79' title="bbox 367 4647 1888 4719">
    <p class='ocr_par' dir='ltr' id='par_1_79' title="bbox 367 4647 1888 4719">
     <span class='ocr_line' id='line_1_79' title="bbox 367 4647 1888 4719; baseline 0 -17"><span class='ocrx_word' id='word_1_572' title='bbox 367 4647 479 4702; x_wconf 85' lang='lat' dir='ltr'><strong>lnt.</strong></span> <span class='ocrx_word' id='word_1_573' title='bbox 511 4647 651 4716; x_wconf 86' lang='lat' dir='ltr'><strong>Quid</strong></span> <span class='ocrx_word' id='word_1_574' title='bbox 678 4647 809 4704; x_wconf 88' lang='lat' dir='ltr'><strong>dicit</strong></span> <span class='ocrx_word' id='word_1_575' title='bbox 832 4647 965 4703; x_wconf 88' lang='lat' dir='ltr'><strong>illud</strong></span> <span class='ocrx_word' id='word_1_576' title='bbox 988 4647 1129 4719; x_wconf 89' lang='lat' dir='ltr'><strong>quod</strong></span> <span class='ocrx_word' id='word_1_577' title='bbox 1149 4648 1341 4718; x_wconf 86' lang='lat' dir='ltr'><strong>legitur</strong></span> <span class='ocrx_word' id='word_1_578' title='bbox 1369 4666 1381 4702; x_wconf 90' lang='lat'><strong>:</strong></span> <span class='ocrx_word' id='word_1_579' title='bbox 1407 4647 1512 4701; x_wconf 83' lang='lat' dir='ltr'><strong>Iter</strong></span> <span class='ocrx_word' id='word_1_580' title='bbox 1530 4649 1684 4717; x_wconf 81' lang='lat' dir='ltr'><strong>facile</strong></span> <span class='ocrx_word' id='word_1_581' title='bbox 1704 4648 1769 4711; x_wconf 90' lang='lat' dir='ltr'><strong>ei,</strong></span> <span class='ocrx_word' id='word_1_582' title='bbox 1799 4653 1888 4718; x_wconf 76' lang='lat' dir='ltr'><strong>qui</strong></span> 
     </span>
    </p>
   </div>
   <div class='ocr_carea' id='block_1_80' title="bbox 291 4735 1883 4812">
    <p class='ocr_par' dir='ltr' id='par_1_80' title="bbox 291 4735 1883 4812">
     <span class='ocr_line' id='line_1_80' title="bbox 291 4735 1883 4812; baseline 0.001 -19"><span class='ocrx_word' id='word_1_583' title='bbox 291 4741 531 4795; x_wconf 82' lang='lat' dir='ltr'><strong>ascendit</strong></span> <span class='ocrx_word' id='word_1_584' title='bbox 573 4756 725 4810; x_wconf 83' lang='lat' dir='ltr'><strong>super</strong></span> <span class='ocrx_word' id='word_1_585' title='bbox 775 4756 1056 4804; x_wconf 79' lang='lat' dir='ltr'><strong>occasum;</strong></span> <span class='ocrx_word' id='word_1_586' title='bbox 1109 4739 1358 4793; x_wconf 88' lang='lat' dir='ltr'><strong>Dominus</strong></span> <span class='ocrx_word' id='word_1_587' title='bbox 1407 4756 1588 4793; x_wconf 87' lang='lat' dir='ltr'><strong>nomen</strong></span> <span class='ocrx_word' id='word_1_588' title='bbox 1641 4735 1719 4792; x_wconf 89' lang='lat' dir='ltr'><strong>illi</strong></span> <span class='ocrx_word' id='word_1_589' title='bbox 1763 4738 1883 4812; x_wconf 85' lang='lat' dir='ltr'><strong>(Ps.</strong></span> 
     </span>
    </p>
   </div>
   <div class='ocr_carea' id='block_1_81' title="bbox 293 4821 596 4903">
    <p class='ocr_par' dir='ltr' id='par_1_81' title="bbox 293 4821 596 4903">
     <span class='ocr_line' id='line_1_81' title="bbox 293 4821 596 4903; baseline -0.017 -16"><span class='ocrx_word' id='word_1_590' title='bbox 293 4847 466 4893; x_wconf 83' lang='lat' dir='ltr'><strong>vaII,</strong></span> <span class='ocrx_word' id='word_1_591' title='bbox 499 4821 596 4903; x_wconf 75' lang='lat'><strong>5)?</strong></span> 
     </span>
    </p>
   </div>
   <div class='ocr_carea' id='block_1_82' title="bbox 371 4921 1888 4992">
    <p class='ocr_par' dir='ltr' id='par_1_82' title="bbox 371 4921 1888 4992">
     <span class='ocr_line' id='line_1_82' title="bbox 371 4921 1888 4992; baseline -0.001 -14"><span class='ocrx_word' id='word_1_592' title='bbox 371 4924 534 4992; x_wconf 85' lang='lat' dir='ltr'><strong>Resp.</strong></span> <span class='ocrx_word' id='word_1_593' title='bbox 584 4922 735 4976; x_wconf 86' lang='lat' dir='ltr'><strong>Viam</strong></span> <span class='ocrx_word' id='word_1_594' title='bbox 781 4924 1044 4978; x_wconf 90' lang='lat' dir='ltr'><strong>bonorum</strong></span> <span class='ocrx_word' id='word_1_595' title='bbox 1088 4933 1303 4978; x_wconf 87' lang='lat' dir='ltr'><strong>actuum</strong></span> <span class='ocrx_word' id='word_1_596' title='bbox 1337 4930 1637 4992; x_wconf 63' lang='lat' dir='ltr'><strong>praeparate</strong></span> <span class='ocrx_word' id='word_1_597' title='bbox 1676 4921 1751 4976; x_wconf 92' lang='lat' dir='ltr'><strong>illi</strong></span> <span class='ocrx_word' id='word_1_598' title='bbox 1797 4921 1888 4991; x_wconf 91' lang='lat' dir='ltr'><strong>qni</strong></span> 
     </span>
    </p>
   </div>
   <div class='ocr_carea' id='block_1_83' title="bbox 291 5016 1530 5086">
    <p class='ocr_par' dir='ltr' id='par_1_83' title="bbox 291 5016 1530 5086">
     <span class='ocr_line' id='line_1_83' title="bbox 291 5016 1530 5086; baseline 0 -17"><span class='ocrx_word' id='word_1_599' title='bbox 291 5029 684 5086; x_wconf 83' lang='lat' dir='ltr'><strong>supergressus</strong></span> <span class='ocrx_word' id='word_1_600' title='bbox 705 5023 787 5069; x_wconf 82' lang='lat' dir='ltr'><strong>est</strong></span> <span class='ocrx_word' id='word_1_601' title='bbox 812 5029 1060 5070; x_wconf 88' lang='lat' dir='ltr'><strong>occasum</strong></span> <span class='ocrx_word' id='word_1_602' title='bbox 1095 5024 1270 5070; x_wconf 89' lang='lat' dir='ltr'><strong>morte</strong></span> <span class='ocrx_word' id='word_1_603' title='bbox 1299 5016 1530 5071; x_wconf 82' lang='lat' dir='ltr'><strong>devicta.</strong></span> 
     </span>
    </p>
   </div>
   <div class='ocr_carea' id='block_1_84' title="bbox 363 5106 1880 5183">
    <p class='ocr_par' dir='ltr' id='par_1_84' title="bbox 363 5106 1880 5183">
     <span class='ocr_line' id='line_1_84' title="bbox 363 5106 1880 5183; baseline -0.001 -20"><span class='ocrx_word' id='word_1_604' title='bbox 363 5109 479 5163; x_wconf 82' lang='lat' dir='ltr'><strong>Int.</strong></span> <span class='ocrx_word' id='word_1_605' title='bbox 515 5107 768 5174; x_wconf 84' lang='lat' dir='ltr'><strong>Pluviam,</strong></span> <span class='ocrx_word' id='word_1_606' title='bbox 799 5109 994 5179; x_wconf 86' lang='lat' dir='ltr'><strong>inquit,</strong></span> <span class='ocrx_word' id='word_1_607' title='bbox 1024 5110 1363 5163; x_wconf 80' lang='lat' dir='ltr'><strong>voluntariam</strong></span> <span class='ocrx_word' id='word_1_608' title='bbox 1389 5109 1698 5183; x_wconf 83' lang='lat' dir='ltr'><strong>segregabis,</strong></span> <span class='ocrx_word' id='word_1_609' title='bbox 1720 5106 1880 5173; x_wconf 81' lang='lat' dir='ltr'><strong>Deus,</strong></span> 
     </span>
    </p>
   </div>
   <div class='ocr_carea' id='block_1_85' title="bbox 293 5197 1887 5277">
    <p class='ocr_par' dir='ltr' id='par_1_85' title="bbox 293 5197 1887 5277">
     <span class='ocr_line' id='line_1_85' title="bbox 293 5197 1887 5277; baseline -0.001 -22"><span class='ocrx_word' id='word_1_610' title='bbox 293 5202 585 5277; x_wconf 70' lang='lat' dir='ltr'><strong>Itwreditati</strong></span> <span class='ocrx_word' id='word_1_611' title='bbox 633 5210 762 5265; x_wconf 78' lang='lat' dir='ltr'><strong>tute,</strong></span> <span class='ocrx_word' id='word_1_612' title='bbox 808 5210 857 5256; x_wconf 84' lang='lat' dir='ltr'><strong>et</strong></span> <span class='ocrx_word' id='word_1_613' title='bbox 895 5200 1159 5270; x_wconf 83' lang='lat' dir='ltr'><strong>inﬁrmata</strong></span> <span class='ocrx_word' id='word_1_614' title='bbox 1205 5209 1321 5266; x_wconf 84' lang='lat' dir='ltr'><strong>est;</strong></span> <span class='ocrx_word' id='word_1_615' title='bbox 1365 5211 1419 5254; x_wconf 82' lang='lat' dir='ltr'><strong>tu</strong></span> <span class='ocrx_word' id='word_1_616' title='bbox 1465 5216 1580 5254; x_wconf 76' lang='lat' dir='ltr'><strong>vero</strong></span> <span class='ocrx_word' id='word_1_617' title='bbox 1627 5197 1887 5273; x_wconf 70' lang='lat' dir='ltr'><strong>perfecis&#39;ti</strong></span> 
     </span>
    </p>
   </div>
   <div class='ocr_carea' id='block_1_86' title="bbox 293 5277 1883 5363">
    <p class='ocr_par' dir='ltr' id='par_1_86' title="bbox 293 5277 1883 5363">
     <span class='ocr_line' id='line_1_86' title="bbox 293 5277 1883 5363; baseline 0 -18"><span class='ocrx_word' id='word_1_618' title='bbox 293 5292 709 5347; x_wconf 87' lang='lat' dir='ltr'><strong>eam:animalia</strong></span> <span class='ocrx_word' id='word_1_619' title='bbox 735 5303 823 5345; x_wconf 90' lang='lat' dir='ltr'><strong>tuo</strong></span> <span class='ocrx_word' id='word_1_620' title='bbox 854 5277 1211 5346; x_wconf 79' lang='lat' dir='ltr'><strong>inhabitabant</strong></span> <span class='ocrx_word' id='word_1_621' title='bbox 1240 5293 1294 5346; x_wconf 89' lang='lat' dir='ltr'><strong>in</strong></span> <span class='ocrx_word' id='word_1_622' title='bbox 1322 5309 1383 5346; x_wconf 92' lang='lat' dir='ltr'><strong>ea</strong></span> <span class='ocrx_word' id='word_1_623' title='bbox 1408 5289 1534 5359; x_wconf 86' lang='lat' dir='ltr'><strong>(Ps.</strong></span> <span class='ocrx_word' id='word_1_624' title='bbox 1558 5307 1727 5358; x_wconf 85' lang='lat' dir='ltr'><strong>vau,</strong></span> <span class='ocrx_word' id='word_1_625' title='bbox 1760 5290 1883 5363; x_wconf 73' lang='lat' dir='ltr'><strong>ill):</strong></span> 
     </span>
    </p>
   </div>
   <div class='ocr_carea' id='block_1_87' title="bbox 292 5369 1794 5462">
    <p class='ocr_par' dir='ltr' id='par_1_87' title="bbox 292 5369 1794 5462">
     <span class='ocr_line' id='line_1_87' title="bbox 292 5369 1794 5462; baseline -0.004 -23"><span class='ocrx_word' id='word_1_626' title='bbox 292 5386 412 5462; x_wconf 89' lang='lat' dir='ltr'><strong>quis</strong></span> <span class='ocrx_word' id='word_1_627' title='bbox 443 5370 732 5452; x_wconf 38' lang='lat' dir='ltr'><strong>hujus&#39;loci</strong></span> <span class='ocrx_word' id='word_1_628' title='bbox 762 5381 952 5438; x_wconf 80' lang='lat' dir='ltr'><strong>sensUs</strong></span> <span class='ocrx_word' id='word_1_629' title='bbox 977 5385 1100 5437; x_wconf 89' lang='lat' dir='ltr'><strong>est?</strong></span> <span class='ocrx_word' id='word_1_630' title='bbox 1785 5369 1794 5382; x_wconf 75' lang='grc'>’</span> 
     </span>
    </p>
   </div>
   <div class='ocr_carea' id='block_1_88' title="bbox 325 5471 1891 5547">
    <p class='ocr_par' dir='ltr' id='par_1_88' title="bbox 325 5471 1891 5547">
     <span class='ocr_line' id='line_1_88' title="bbox 325 5471 1891 5547; baseline 0.001 -15"><span class='ocrx_word' id='word_1_631' title='bbox 325 5477 327 5480; x_wconf 83' lang='grc'><em>’</em></span> <span class='ocrx_word' id='word_1_632' title='bbox 368 5478 529 5547; x_wconf 88' lang='lat' dir='ltr'><strong>Resp.</strong></span> <span class='ocrx_word' id='word_1_633' title='bbox 567 5477 752 5533; x_wconf 87' lang='lat' dir='ltr'><strong>Pluvia</strong></span> <span class='ocrx_word' id='word_1_634' title='bbox 782 5477 869 5533; x_wconf 89' lang='lat' dir='ltr'><strong>hic</strong></span> <span class='ocrx_word' id='word_1_635' title='bbox 904 5478 1203 5532; x_wconf 84' lang='lat' dir='ltr'><strong>&#39;secundum</strong></span> <span class='ocrx_word' id='word_1_636' title='bbox 1252 5478 1487 5534; x_wconf 90' lang='lat' dir='ltr'><strong>litteram</strong></span> <span class='ocrx_word' id='word_1_637' title='bbox 1531 5492 1730 5532; x_wconf 88' lang='lat' dir='ltr'><strong>manna</strong></span> <span class='ocrx_word' id='word_1_638' title='bbox 1778 5471 1891 5546; x_wconf 85' lang='lat' dir='ltr'><strong>est,</strong></span> 
     </span>
    </p>
   </div>
   <div class='ocr_carea' id='block_1_89' title="bbox 294 5575 1889 5644">
    <p class='ocr_par' dir='ltr' id='par_1_89' title="bbox 294 5575 1889 5644">
     <span class='ocr_line' id='line_1_89' title="bbox 294 5575 1889 5644; baseline 0.001 -16"><span class='ocrx_word' id='word_1_639' title='bbox 294 5575 594 5630; x_wconf 90' lang='lat' dir='ltr'><strong>secundum</strong></span> <span class='ocrx_word' id='word_1_640' title='bbox 661 5589 940 5644; x_wconf 81' lang='lat' dir='ltr'><strong>anagOgen</strong></span> <span class='ocrx_word' id='word_1_641' title='bbox 999 5575 1251 5629; x_wconf 87' lang='lat' dir='ltr'><strong>mandata</strong></span> <span class='ocrx_word' id='word_1_642' title='bbox 1304 5575 1655 5643; x_wconf 73' lang='lat' dir='ltr'><strong>intelligenda</strong></span> <span class='ocrx_word' id='word_1_643' title='bbox 1701 5584 1825 5629; x_wconf 89' lang='lat' dir='ltr'><strong>sunt</strong></span> <span class='ocrx_word' id='word_1_644' title='bbox 1875 5593 1889 5629; x_wconf 92' lang='lat'><strong>:</strong></span> 
     </span>
    </p>
   </div>
   <div class='ocr_carea' id='block_1_90' title="bbox 274 5665 1892 5738">
    <p class='ocr_par' dir='ltr' id='par_1_90' title="bbox 274 5665 1892 5738">
     <span class='ocr_line' id='line_1_90' title="bbox 274 5665 1892 5738; baseline 0.001 -15"><span class='ocrx_word' id='word_1_645' title='bbox 274 5684 416 5738; x_wconf 78' lang='lat' dir='ltr'><strong>..qu:e</strong></span> <span class='ocrx_word' id='word_1_646' title='bbox 443 5666 698 5722; x_wconf 90' lang='lat' dir='ltr'><strong>mandata</strong></span> <span class='ocrx_word' id='word_1_647' title='bbox 745 5667 831 5722; x_wconf 89' lang='lat' dir='ltr'><strong>vel</strong></span> <span class='ocrx_word' id='word_1_648' title='bbox 876 5667 995 5733; x_wconf 86' lang='lat' dir='ltr'><strong>lex,</strong></span> <span class='ocrx_word' id='word_1_649' title='bbox 1030 5665 1162 5723; x_wconf 90' lang='lat' dir='ltr'><strong>licet</strong></span> <span class='ocrx_word' id='word_1_650' title='bbox 1193 5668 1405 5723; x_wconf 88' lang='lat' dir='ltr'><strong>inﬁrma</strong></span> <span class='ocrx_word' id='word_1_651' title='bbox 1435 5669 1685 5723; x_wconf 90' lang='lat' dir='ltr'><strong>videatur</strong></span> <span class='ocrx_word' id='word_1_652' title='bbox 1715 5675 1892 5724; x_wconf 89' lang='lat' dir='ltr'><strong>trans-</strong></span> 
     </span>
    </p>
   </div>
   <div class='ocr_carea' id='block_1_91' title="bbox 295 5749 1890 5830">
    <p class='ocr_par' dir='ltr' id='par_1_91' title="bbox 295 5749 1890 5830">
     <span class='ocr_line' id='line_1_91' title="bbox 295 5749 1890 5830; baseline 0.001 -17"><span class='ocrx_word' id='word_1_653' title='bbox 295 5757 667 5824; x_wconf 69' lang='lat' dir='ltr'><strong>gressionibus</strong></span> <span class='ocrx_word' id='word_1_654' title='bbox 708 5757 1054 5825; x_wconf 71' lang='lat' dir='ltr'><strong>Iudaeorum,</strong></span> <span class='ocrx_word' id='word_1_655' title='bbox 1087 5759 1255 5830; x_wconf 85' lang='lat' dir='ltr'><strong>gratia</strong></span> <span class='ocrx_word' id='word_1_656' title='bbox 1282 5768 1460 5814; x_wconf 91' lang='lat' dir='ltr'><strong>tamen</strong></span> <span class='ocrx_word' id='word_1_657' title='bbox 1491 5757 1771 5830; x_wconf 86' lang='lat' dir='ltr'><strong>Evangelii</strong></span> <span class='ocrx_word' id='word_1_658' title='bbox 1803 5749 1890 5815; x_wconf 84' lang='lat' dir='ltr'><strong>os-</strong></span> 
     </span>
    </p>
   </div>
   <div class='ocr_carea' id='block_1_92' title="bbox 2074 3259 3579 3344">
    <p class='ocr_par' dir='ltr' id='par_1_92' title="bbox 2074 3259 3579 3344">
     <span class='ocr_line' id='line_1_92' title="bbox 2074 3259 3579 3344; baseline -0.009 -19"><span class='ocrx_word' id='word_1_659' title='bbox 2074 3271 2224 3344; x_wconf 72' lang='lat' dir='ltr'><strong>Resp.</strong></span> <span class='ocrx_word' id='word_1_660' title='bbox 2258 3261 2408 3338; x_wconf 77' lang='lat' dir='ltr'><strong>Quod</strong></span> <span class='ocrx_word' id='word_1_661' title='bbox 2447 3259 2723 3341; x_wconf 79' lang='lat' dir='ltr'><strong>Babylonii</strong></span> <span class='ocrx_word' id='word_1_662' title='bbox 2756 3266 2983 3340; x_wconf 79' lang='lat' dir='ltr'><strong>victoria</strong></span> <span class='ocrx_word' id='word_1_663' title='bbox 3033 3263 3330 3340; x_wconf 77' lang='lat' dir='ltr'><strong>insolentes</strong></span> <span class='ocrx_word' id='word_1_664' title='bbox 3362 3259 3541 3316; x_wconf 86' lang='lat' dir='ltr'><strong>eil&#39;ccti</strong></span> <span class='ocrx_word' id='word_1_665' title='bbox 3565 3301 3579 3323; x_wconf 94' lang='lat'><strong>,</strong></span> 
     </span>
    </p>
   </div>
   <div class='ocr_carea' id='block_1_93' title="bbox 1997 3343 3582 3434">
    <p class='ocr_par' dir='ltr' id='par_1_93' title="bbox 1997 3343 3582 3434">
     <span class='ocr_line' id='line_1_93' title="bbox 1997 3343 3582 3434; baseline -0.009 -13"><span class='ocrx_word' id='word_1_666' title='bbox 1997 3367 2066 3421; x_wconf 88' lang='lat' dir='ltr'><strong>ita</strong></span> <span class='ocrx_word' id='word_1_667' title='bbox 2095 3343 2463 3434; x_wconf 71' lang='lat' dir='ltr'><strong>exposuerunt</strong></span> <span class='ocrx_word' id='word_1_668' title='bbox 2479 3363 2630 3432; x_wconf 86' lang='lat' dir='ltr'><strong>signa</strong></span> <span class='ocrx_word' id='word_1_669' title='bbox 2661 3361 2713 3415; x_wconf 89' lang='lat' dir='ltr'><strong>in</strong></span> <span class='ocrx_word' id='word_1_670' title='bbox 2729 3361 2826 3414; x_wconf 89' lang='lat' dir='ltr'><strong>Dei</strong></span> <span class='ocrx_word' id='word_1_671' title='bbox 2843 3351 3231 3434; x_wconf 40' lang='lat' dir='ltr'><strong>templo,&quot;sit&#39;:ut</strong></span> <span class='ocrx_word' id='word_1_672' title='bbox 3248 3355 3504 3410; x_wconf 83' lang='lat' dir='ltr'><strong>constitui</strong></span> <span class='ocrx_word' id='word_1_673' title='bbox 3530 3356 3582 3406; x_wconf 89' lang='lat' dir='ltr'><strong>in</strong></span> 
     </span>
    </p>
   </div>
   <div class='ocr_carea' id='block_1_94' title="bbox 1997 3431 3582 3528">
    <p class='ocr_par' dir='ltr' id='par_1_94' title="bbox 1997 3431 3582 3528">
     <span class='ocr_line' id='line_1_94' title="bbox 1997 3431 3582 3528; baseline -0.009 -12"><span class='ocrx_word' id='word_1_674' title='bbox 1997 3457 2238 3528; x_wconf 68' lang='lat' dir='ltr'><strong>trOplmeo</strong></span> <span class='ocrx_word' id='word_1_675' title='bbox 2255 3431 2436 3512; x_wconf 35' lang='lat' dir='ltr'><strong>solent,</strong></span> <span class='ocrx_word' id='word_1_676' title='bbox 2452 3431 2618 3525; x_wconf 86' lang='lat' dir='ltr'><strong>super</strong></span> <span class='ocrx_word' id='word_1_677' title='bbox 2642 3452 2878 3508; x_wconf 89' lang='lat' dir='ltr'><strong>fornices</strong></span> <span class='ocrx_word' id='word_1_678' title='bbox 2895 3431 3256 3528; x_wconf 71' lang='lat' dir='ltr'><strong>introitnSque</strong></span> <span class='ocrx_word' id='word_1_679' title='bbox 3281 3457 3582 3516; x_wconf 89' lang='lat' dir='ltr'><strong>portarum.</strong></span> 
     </span>
    </p>
   </div>
   <div class='ocr_carea' id='block_1_95' title="bbox 2021 3523 3584 3618">
    <p class='ocr_par' dir='ltr' id='par_1_95' title="bbox 2021 3523 3584 3618">
     <span class='ocr_line' id='line_1_95' title="bbox 2021 3523 3584 3618; baseline -0.012 -13"><span class='ocrx_word' id='word_1_680' title='bbox 2021 3523 2024 3552; x_wconf 41' lang='lat'>:</span> <span class='ocrx_word' id='word_1_681' title='bbox 2068 3523 2175 3605; x_wconf 72' lang='lat' dir='ltr'><strong>lnt.</strong></span> <span class='ocrx_word' id='word_1_682' title='bbox 2209 3529 2347 3618; x_wconf 85' lang='lat' dir='ltr'><strong>Quid</strong></span> <span class='ocrx_word' id='word_1_683' title='bbox 2391 3523 2646 3617; x_wconf 84' lang='lat' dir='ltr'><strong>estquod</strong></span> <span class='ocrx_word' id='word_1_684' title='bbox 2677 3523 2974 3599; x_wconf 60' lang='lat' dir='ltr'><strong>scribitur:</strong></span> <span class='ocrx_word' id='word_1_685' title='bbox 3010 3539 3146 3594; x_wconf 89' lang='lat' dir='ltr'><strong>Deus</strong></span> <span class='ocrx_word' id='word_1_686' title='bbox 3177 3548 3343 3591; x_wconf 88' lang='lat' dir='ltr'><strong>autem</strong></span> <span class='ocrx_word' id='word_1_687' title='bbox 3368 3553 3461 3590; x_wconf 76' lang='lat' dir='ltr'><strong>rex</strong></span> <span class='ocrx_word' id='word_1_688' title='bbox 3486 3554 3584 3589; x_wconf 90' lang='lat' dir='ltr'><strong>no-</strong></span> 
     </span>
    </p>
   </div>
   <div class='ocr_carea' id='block_1_96' title="bbox 1996 3629 3587 3711">
    <p class='ocr_par' dir='ltr' id='par_1_96' title="bbox 1996 3629 3587 3711">
     <span class='ocr_line' id='line_1_96' title="bbox 1996 3629 3587 3711; baseline -0.01 -12"><span class='ocrx_word' id='word_1_689' title='bbox 1996 3654 2100 3699; x_wconf 83' lang='lat' dir='ltr'><strong>ster</strong></span> <span class='ocrx_word' id='word_1_690' title='bbox 2125 3653 2242 3697; x_wconf 89' lang='lat' dir='ltr'><strong>ante</strong></span> <span class='ocrx_word' id='word_1_691' title='bbox 2279 3643 2471 3696; x_wconf 77' lang='lat' dir='ltr'><strong>swcula</strong></span> <span class='ocrx_word' id='word_1_692' title='bbox 2514 3647 2749 3711; x_wconf 86' lang='lat' dir='ltr'><strong>operatus</strong></span> <span class='ocrx_word' id='word_1_693' title='bbox 2780 3646 2851 3690; x_wconf 87' lang='lat' dir='ltr'><strong>est</strong></span> <span class='ocrx_word' id='word_1_694' title='bbox 2897 3635 3112 3688; x_wconf 84' lang='lat' dir='ltr'><strong>salutem</strong></span> <span class='ocrx_word' id='word_1_695' title='bbox 3151 3633 3205 3685; x_wconf 91' lang='lat' dir='ltr'><strong>in</strong></span> <span class='ocrx_word' id='word_1_696' title='bbox 3236 3629 3403 3684; x_wconf 88' lang='lat' dir='ltr'><strong>medio</strong></span> <span class='ocrx_word' id='word_1_697' title='bbox 3437 3637 3587 3683; x_wconf 69' lang='lat' dir='ltr'><strong>terra</strong></span> 
     </span>
    </p>
   </div>
   <div class='ocr_carea' id='block_1_97' title="bbox 1996 3719 3555 3806">
    <p class='ocr_par' dir='ltr' id='par_1_97' title="bbox 1996 3719 3555 3806">
     <span class='ocr_line' id='line_1_97' title="bbox 1996 3719 3555 3806; baseline -0.01 -17"><span class='ocrx_word' id='word_1_698' title='bbox 1996 3719 2330 3806; x_wconf 30' lang='lat' dir='ltr'><strong>(&#39;P&#39;s.Lxx1II,</strong></span> <span class='ocrx_word' id='word_1_699' title='bbox 2361 3732 2485 3803; x_wconf 73' lang='lat'><strong>1:2)?</strong></span> <span class='ocrx_word' id='word_1_700' title='bbox 3551 3737 3555 3742; x_wconf 93' lang='grc'><strong>·</strong></span> 
     </span>
    </p>
   </div>
   <div class='ocr_carea' id='block_1_98' title="bbox 2014 3816 3587 3899">
    <p class='ocr_par' dir='ltr' id='par_1_98' title="bbox 2014 3816 3587 3899">
     <span class='ocr_line' id='line_1_98' title="bbox 2014 3816 3587 3899; baseline -0.009 -16"><span class='ocrx_word' id='word_1_701' title='bbox 2014 3817 2020 3824; x_wconf 67' lang='grc'><em>’</em></span> <span class='ocrx_word' id='word_1_702' title='bbox 2068 3827 2224 3899; x_wconf 87' lang='lat' dir='ltr'><strong>Resp.</strong></span> <span class='ocrx_word' id='word_1_703' title='bbox 2258 3826 2500 3883; x_wconf 73' lang='lat' dir='ltr'><strong>Judaeum</strong></span> <span class='ocrx_word' id='word_1_704' title='bbox 2530 3824 2684 3891; x_wconf 82' lang='lat' dir='ltr'><strong>dixit,</strong></span> <span class='ocrx_word' id='word_1_705' title='bbox 2717 3821 2770 3876; x_wconf 94' lang='lat' dir='ltr'><strong>in</strong></span> <span class='ocrx_word' id='word_1_706' title='bbox 2803 3835 2907 3891; x_wconf 90' lang='lat' dir='ltr'><strong>qua</strong></span> <span class='ocrx_word' id='word_1_707' title='bbox 2931 3818 3181 3875; x_wconf 87' lang='lat' dir='ltr'><strong>Christus</strong></span> <span class='ocrx_word' id='word_1_708' title='bbox 3210 3816 3460 3872; x_wconf 87' lang='lat' dir='ltr'><strong>liberavit</strong></span> <span class='ocrx_word' id='word_1_709' title='bbox 3491 3829 3587 3884; x_wconf 84' lang='lat' dir='ltr'><strong>per</strong></span> 
     </span>
    </p>
   </div>
   <div class='ocr_carea' id='block_1_99' title="bbox 1995 3911 3585 3986">
    <p class='ocr_par' dir='ltr' id='par_1_99' title="bbox 1995 3911 3585 3986">
     <span class='ocr_line' id='line_1_99' title="bbox 1995 3911 3585 3986; baseline -0.011 -8"><span class='ocrx_word' id='word_1_710' title='bbox 1995 3937 2213 3978; x_wconf 89' lang='lat' dir='ltr'><strong>crucem</strong></span> <span class='ocrx_word' id='word_1_711' title='bbox 2265 3918 2522 3974; x_wconf 90' lang='lat' dir='ltr'><strong>mundum</strong></span> <span class='ocrx_word' id='word_1_712' title='bbox 2573 3933 2589 3976; x_wconf 87' lang='lat'><strong>:</strong></span> <span class='ocrx_word' id='word_1_713' title='bbox 2631 3929 2793 3986; x_wconf 92' lang='lat' dir='ltr'><strong>quam</strong></span> <span class='ocrx_word' id='word_1_714' title='bbox 2843 3915 3004 3984; x_wconf 89' lang='lat' dir='ltr'><strong>aliqui</strong></span> <span class='ocrx_word' id='word_1_715' title='bbox 3057 3911 3372 3966; x_wconf 86' lang='lat' dir='ltr'><strong>umbilicum</strong></span> <span class='ocrx_word' id='word_1_716' title='bbox 3425 3918 3585 3962; x_wconf 78' lang='lat' dir='ltr'><strong>terra:</strong></span> 
     </span>
    </p>
   </div>
   <div class='ocr_carea' id='block_1_100' title="bbox 1995 3995 3585 4088">
    <p class='ocr_par' dir='ltr' id='par_1_100' title="bbox 1995 3995 3585 4088">
     <span class='ocr_line' id='line_1_100' title="bbox 1995 3995 3585 4088; baseline -0.009 -18"><span class='ocrx_word' id='word_1_717' title='bbox 1995 3995 2377 4088; x_wconf 76' lang='lat' dir='ltr'><strong>appellandum</strong></span> <span class='ocrx_word' id='word_1_718' title='bbox 2420 4011 2776 4065; x_wconf 89' lang='lat' dir='ltr'><strong>arbitrantur.</strong></span> <span class='ocrx_word' id='word_1_719' title='bbox 2823 4003 2903 4061; x_wconf 81' lang='lat' dir='ltr'><strong>Et</strong></span> <span class='ocrx_word' id='word_1_720' title='bbox 2935 4008 3097 4060; x_wconf 87' lang='lat' dir='ltr'><strong>aliter</strong></span> <span class='ocrx_word' id='word_1_721' title='bbox 3141 4023 3151 4058; x_wconf 95' lang='lat'>:</span> <span class='ocrx_word' id='word_1_722' title='bbox 3191 4006 3459 4073; x_wconf 82' lang='lat' dir='ltr'><strong>Operatus</strong></span> <span class='ocrx_word' id='word_1_723' title='bbox 3502 4012 3585 4056; x_wconf 89' lang='lat' dir='ltr'><strong>est</strong></span> 
     </span>
    </p>
   </div>
   <div class='ocr_carea' id='block_1_101' title="bbox 1994 4094 3510 4169">
    <p class='ocr_par' dir='ltr' id='par_1_101' title="bbox 1994 4094 3510 4169">
     <span class='ocr_line' id='line_1_101' title="bbox 1994 4094 3510 4169; baseline -0.011 -6"><span class='ocrx_word' id='word_1_724' title='bbox 1994 4101 2229 4163; x_wconf 79' lang='lat' dir='ltr'><strong>salutem</strong></span> <span class='ocrx_word' id='word_1_725' title='bbox 2261 4107 2315 4160; x_wconf 91' lang='lat' dir='ltr'><strong>in</strong></span> <span class='ocrx_word' id='word_1_726' title='bbox 2350 4099 2528 4159; x_wconf 85' lang='lat' dir='ltr'><strong>medio</strong></span> <span class='ocrx_word' id='word_1_727' title='bbox 2553 4097 2734 4169; x_wconf 70' lang='lat' dir='ltr'><strong>terrm,</strong></span> <span class='ocrx_word' id='word_1_728' title='bbox 2763 4099 2812 4152; x_wconf 90' lang='lat' dir='ltr'><strong>id</strong></span> <span class='ocrx_word' id='word_1_729' title='bbox 2844 4107 2948 4164; x_wconf 89' lang='lat' dir='ltr'><strong>est,</strong></span> <span class='ocrx_word' id='word_1_730' title='bbox 2975 4099 3027 4152; x_wconf 93' lang='lat' dir='ltr'><strong>in</strong></span> <span class='ocrx_word' id='word_1_731' title='bbox 3058 4110 3211 4151; x_wconf 88' lang='lat' dir='ltr'><strong>utero</strong></span> <span class='ocrx_word' id='word_1_732' title='bbox 3240 4094 3510 4164; x_wconf 87' lang='lat' dir='ltr'><strong>virginali.</strong></span> 
     </span>
    </p>
   </div>
   <div class='ocr_carea' id='block_1_102' title="bbox 2069 4179 3586 4266">
    <p class='ocr_par' dir='ltr' id='par_1_102' title="bbox 2069 4179 3586 4266">
     <span class='ocr_line' id='line_1_102' title="bbox 2069 4179 3586 4266; baseline -0.008 -14"><span class='ocrx_word' id='word_1_733' title='bbox 2069 4198 2178 4254; x_wconf 81' lang='lat' dir='ltr'><strong>Int.</strong></span> <span class='ocrx_word' id='word_1_734' title='bbox 2205 4197 2345 4266; x_wconf 91' lang='lat' dir='ltr'><strong>Quid</strong></span> <span class='ocrx_word' id='word_1_735' title='bbox 2371 4206 2454 4252; x_wconf 90' lang='lat' dir='ltr'><strong>est</strong></span> <span class='ocrx_word' id='word_1_736' title='bbox 2487 4179 2588 4250; x_wconf 84' lang='lat' dir='ltr'><strong>hoc</strong></span> <span class='ocrx_word' id='word_1_737' title='bbox 2621 4193 2760 4263; x_wconf 89' lang='lat' dir='ltr'><strong>quod</strong></span> <span class='ocrx_word' id='word_1_738' title='bbox 2787 4187 3048 4261; x_wconf 87' lang='lat' dir='ltr'><strong>legimus:</strong></span> <span class='ocrx_word' id='word_1_739' title='bbox 3079 4187 3214 4255; x_wconf 84' lang='lat' dir='ltr'><strong>Quia</strong></span> <span class='ocrx_word' id='word_1_740' title='bbox 3235 4190 3371 4242; x_wconf 76' lang='lat' dir='ltr'><strong>calix</strong></span> <span class='ocrx_word' id='word_1_741' title='bbox 3398 4179 3450 4240; x_wconf 83' lang='lat' dir='ltr'><strong>in</strong></span> <span class='ocrx_word' id='word_1_742' title='bbox 3477 4183 3586 4240; x_wconf 81' lang='lat' dir='ltr'><strong>nia-</strong></span> 
     </span>
    </p>
   </div>
   <div class='ocr_carea' id='block_1_103' title="bbox 1996 4269 3588 4358">
    <p class='ocr_par' dir='ltr' id='par_1_103' title="bbox 1996 4269 3588 4358">
     <span class='ocr_line' id='line_1_103' title="bbox 1996 4269 3588 4358; baseline -0.007 -13"><span class='ocrx_word' id='word_1_743' title='bbox 1996 4310 2067 4345; x_wconf 90' lang='lat' dir='ltr'><strong>nu</strong></span> <span class='ocrx_word' id='word_1_744' title='bbox 2098 4272 2308 4344; x_wconf 83' lang='lat' dir='ltr'><strong>Domini</strong></span> <span class='ocrx_word' id='word_1_745' title='bbox 2332 4289 2434 4343; x_wconf 87' lang='lat' dir='ltr'><strong>vini</strong></span> <span class='ocrx_word' id='word_1_746' title='bbox 2465 4287 2593 4341; x_wconf 87' lang='lat' dir='ltr'><strong>meri</strong></span> <span class='ocrx_word' id='word_1_747' title='bbox 2619 4288 2802 4358; x_wconf 88' lang='lat' dir='ltr'><strong>plenus</strong></span> <span class='ocrx_word' id='word_1_748' title='bbox 2829 4293 2901 4338; x_wconf 86' lang='lat' dir='ltr'><strong>est</strong></span> <span class='ocrx_word' id='word_1_749' title='bbox 2921 4273 3120 4348; x_wconf 67' lang='lat' dir='ltr'><strong>&#39;mirt‘o,</strong></span> <span class='ocrx_word' id='word_1_750' title='bbox 3154 4291 3202 4334; x_wconf 87' lang='lat' dir='ltr'><strong>ct</strong></span> <span class='ocrx_word' id='word_1_751' title='bbox 3229 4269 3496 4333; x_wconf 83' lang='lat' dir='ltr'><strong>inclinavit</strong></span> <span class='ocrx_word' id='word_1_752' title='bbox 3525 4295 3588 4334; x_wconf 75' lang='lat' dir='ltr'><strong>ea:</strong></span> 
     </span>
    </p>
   </div>
   <div class='ocr_carea' id='block_1_104' title="bbox 1995 4359 3587 4456">
    <p class='ocr_par' dir='ltr' id='par_1_104' title="bbox 1995 4359 3587 4449">
     <span class='ocr_line' id='line_1_104' title="bbox 1995 4359 3587 4449; baseline -0.006 -13"><span class='ocrx_word' id='word_1_753' title='bbox 1995 4371 2092 4438; x_wconf 82' lang='lat' dir='ltr'><strong>hoc</strong></span> <span class='ocrx_word' id='word_1_754' title='bbox 2132 4385 2183 4436; x_wconf 91' lang='lat' dir='ltr'><strong>in</strong></span> <span class='ocrx_word' id='word_1_755' title='bbox 2223 4363 2316 4435; x_wconf 76' lang='lat' dir='ltr'><strong>hoc</strong></span> <span class='ocrx_word' id='word_1_756' title='bbox 2350 4395 2369 4435; x_wconf 92' lang='lat'><strong><em>:</em></strong></span> <span class='ocrx_word' id='word_1_757' title='bbox 2412 4367 2759 4433; x_wconf 63' lang='lat' dir='ltr'><strong>uerumtamen</strong></span> <span class='ocrx_word' id='word_1_758' title='bbox 2805 4378 2888 4446; x_wconf 75' lang='lat' dir='ltr'><strong>{ex</strong></span> <span class='ocrx_word' id='word_1_759' title='bbox 2919 4367 3041 4449; x_wconf 20' lang='lat' dir='ltr'><strong>ejus.</strong></span> <span class='ocrx_word' id='word_1_760' title='bbox 3075 4390 3176 4428; x_wconf 90' lang='lat' dir='ltr'><strong>non</strong></span> <span class='ocrx_word' id='word_1_761' title='bbox 3212 4381 3286 4427; x_wconf 86' lang='lat' dir='ltr'><strong>est</strong></span> <span class='ocrx_word' id='word_1_762' title='bbox 3320 4359 3587 4444; x_wconf 71' lang='lat' dir='ltr'><strong>exinanita</strong></span> 
     </span>
    </p>
   </div>
   <div class='ocr_carea' id='block_1_105' title="bbox 1997 4454 3470 4544">
    <p class='ocr_par' dir='ltr' id='par_1_105' title="bbox 1997 4454 3470 4544">
     <span class='ocr_line' id='line_1_105' title="bbox 1997 4454 3470 4544; baseline -0.005 -16"><span class='ocrx_word' id='word_1_763' title='bbox 1997 4473 2114 4544; x_wconf 91' lang='lat' dir='ltr'><strong>(Ps.</strong></span> <span class='ocrx_word' id='word_1_764' title='bbox 2150 4487 2330 4538; x_wconf 86' lang='lat' dir='ltr'><strong>LxxIv,</strong></span> <span class='ocrx_word' id='word_1_765' title='bbox 2364 4470 2458 4539; x_wconf 74' lang='lat'><strong>9)?</strong></span> <span class='ocrx_word' id='word_1_766' title='bbox 3023 4459 3026 4464; x_wconf 79' lang='grc'><em>’</em></span> <span class='ocrx_word' id='word_1_767' title='bbox 3285 4541 3288 4544; x_wconf 91' lang='lat'><em>_</em></span> <span class='ocrx_word' id='word_1_768' title='bbox 3445 4454 3470 4538; x_wconf 44' lang='grc' dir='ltr'><em>ί</em></span> 
     </span>
    </p>
   </div>
   <div class='ocr_carea' id='block_1_106' title="bbox 1915 4533 3584 4652">
    <p class='ocr_par' dir='ltr' id='par_1_106' title="bbox 1915 4533 3584 4652">
     <span class='ocr_line' id='line_1_106' title="bbox 1915 4533 3584 4652; baseline -0.007 -29"><span class='ocrx_word' id='word_1_769' title='bbox 2003 4533 2028 4566; x_wconf 44' lang='grc'><strong>“’</strong></span> <span class='ocrx_word' id='word_1_770' title='bbox 2075 4569 2224 4639; x_wconf 66' lang='lat' dir='ltr'><strong>Resp.</strong></span> <span class='ocrx_word' id='word_1_771' title='bbox 2251 4533 2430 4622; x_wconf 48' lang='lat' dir='ltr'><strong>&#39;Calix</strong></span> <span class='ocrx_word' id='word_1_772' title='bbox 2463 4565 2674 4622; x_wconf 90' lang='lat' dir='ltr'><strong>Domini</strong></span> <span class='ocrx_word' id='word_1_773' title='bbox 2713 4566 2916 4618; x_wconf 79' lang='lat' dir='ltr'><strong>mixtus</strong></span> <span class='ocrx_word' id='word_1_774' title='bbox 2949 4541 3321 4617; x_wconf 89' lang='lat' dir='ltr'><strong>misericordia</strong></span> <span class='ocrx_word' id='word_1_775' title='bbox 3360 4569 3408 4615; x_wconf 90' lang='lat' dir='ltr'><strong>et</strong></span> <span class='ocrx_word' id='word_1_776' title='bbox 3435 4535 3584 4652; x_wconf 76' lang='lat' dir='ltr'><strong>judi-</strong></span> 
     </span>
    </p>
   </div>
   <div class='ocr_carea' id='block_1_107' title="bbox 1995 4639 3585 4723">
    <p class='ocr_par' dir='ltr' id='par_1_107' title="bbox 1995 4639 3585 4723">
     <span class='ocr_line' id='line_1_107' title="bbox 1995 4639 3585 4723; baseline -0.005 -7"><span class='ocrx_word' id='word_1_777' title='bbox 1995 4664 2137 4718; x_wconf 91' lang='lat' dir='ltr'><strong>cium</strong></span> <span class='ocrx_word' id='word_1_778' title='bbox 2173 4681 2186 4715; x_wconf 91' lang='lat'><strong>:</strong></span> <span class='ocrx_word' id='word_1_779' title='bbox 2221 4662 2513 4715; x_wconf 87' lang='lat' dir='ltr'><strong>inclinatur</strong></span> <span class='ocrx_word' id='word_1_780' title='bbox 2539 4675 2602 4713; x_wconf 81' lang='lat' dir='ltr'><strong>ex</strong></span> <span class='ocrx_word' id='word_1_781' title='bbox 2629 4659 2731 4712; x_wconf 91' lang='lat' dir='ltr'><strong>hoc</strong></span> <span class='ocrx_word' id='word_1_782' title='bbox 2759 4659 2810 4712; x_wconf 93' lang='lat' dir='ltr'><strong>in</strong></span> <span class='ocrx_word' id='word_1_783' title='bbox 2841 4647 2994 4723; x_wconf 79' lang='lat' dir='ltr'><strong>illud,</strong></span> <span class='ocrx_word' id='word_1_784' title='bbox 3029 4669 3151 4710; x_wconf 92' lang='lat' dir='ltr'><strong>cum</strong></span> <span class='ocrx_word' id='word_1_785' title='bbox 3179 4653 3246 4710; x_wconf 91' lang='lat' dir='ltr'><strong>de</strong></span> <span class='ocrx_word' id='word_1_786' title='bbox 3277 4639 3585 4709; x_wconf 73' lang='lat' dir='ltr'><strong>misericor-</strong></span> 
     </span>
    </p>
   </div>
   <div class='ocr_carea' id='block_1_108' title="bbox 1997 4743 3590 4825">
    <p class='ocr_par' dir='ltr' id='par_1_108' title="bbox 1997 4743 3590 4825">
     <span class='ocr_line' id='line_1_108' title="bbox 1997 4743 3590 4825; baseline -0.006 -15"><span class='ocrx_word' id='word_1_787' title='bbox 1997 4757 2086 4810; x_wconf 89' lang='lat' dir='ltr'><strong>dia</strong></span> <span class='ocrx_word' id='word_1_788' title='bbox 2119 4743 2175 4810; x_wconf 86' lang='lat' dir='ltr'><strong>in</strong></span> <span class='ocrx_word' id='word_1_789' title='bbox 2198 4749 2458 4825; x_wconf 86' lang='lat' dir='ltr'><strong>judicium</strong></span> <span class='ocrx_word' id='word_1_790' title='bbox 2499 4745 2682 4807; x_wconf 83' lang='lat' dir='ltr'><strong>divina</strong></span> <span class='ocrx_word' id='word_1_791' title='bbox 2715 4753 3005 4807; x_wconf 90' lang='lat' dir='ltr'><strong>severitate</strong></span> <span class='ocrx_word' id='word_1_792' title='bbox 3036 4751 3314 4805; x_wconf 89' lang='lat' dir='ltr'><strong>transitur.</strong></span> <span class='ocrx_word' id='word_1_793' title='bbox 3354 4749 3466 4805; x_wconf 83' lang='lat' dir='ltr'><strong>Fex</strong></span> <span class='ocrx_word' id='word_1_794' title='bbox 3492 4765 3590 4802; x_wconf 83' lang='lat' dir='ltr'><strong>au-</strong></span> 
     </span>
    </p>
   </div>
   <div class='ocr_carea' id='block_1_109' title="bbox 1983 4825 3590 4919">
    <p class='ocr_par' dir='ltr' id='par_1_109' title="bbox 1983 4825 3590 4919">
     <span class='ocr_line' id='line_1_109' title="bbox 1983 4825 3590 4919; baseline -0.004 -17"><span class='ocrx_word' id='word_1_795' title='bbox 1983 4859 2106 4904; x_wconf 80' lang='lat' dir='ltr'><strong>tem</strong></span> <span class='ocrx_word' id='word_1_796' title='bbox 2139 4831 2390 4919; x_wconf 19' lang='lat' dir='ltr'><strong>cjus&#39;ln&#39;on</strong></span> <span class='ocrx_word' id='word_1_797' title='bbox 2422 4846 2757 4912; x_wconf 84' lang='lat' dir='ltr'><strong>exinanitur,</strong></span> <span class='ocrx_word' id='word_1_798' title='bbox 2800 4845 2925 4916; x_wconf 91' lang='lat' dir='ltr'><strong>quia</strong></span> <span class='ocrx_word' id='word_1_799' title='bbox 2969 4843 3147 4900; x_wconf 85' lang='lat' dir='ltr'><strong>adhuc</strong></span> <span class='ocrx_word' id='word_1_800' title='bbox 3177 4825 3590 4912; x_wconf 36' lang='lat' dir='ltr'><strong>ultimumjud&#39;i-</strong></span> 
     </span>
    </p>
   </div>
   <div class='ocr_carea' id='block_1_110' title="bbox 1999 4941 3446 5008">
    <p class='ocr_par' dir='ltr' id='par_1_110' title="bbox 1999 4941 3446 5008">
     <span class='ocr_line' id='line_1_110' title="bbox 1999 4941 3446 5008; baseline -0.009 -14"><span class='ocrx_word' id='word_1_801' title='bbox 1999 4941 2066 4996; x_wconf 91' lang='lat' dir='ltr'><strong>cii</strong></span> <span class='ocrx_word' id='word_1_802' title='bbox 2094 4951 2420 5008; x_wconf 71' lang='lat' dir='ltr'><strong>reservatur.</strong></span> <span class='ocrx_word' id='word_1_803' title='bbox 3441 4945 3446 4948; x_wconf 90' lang='grc'>·</span> 
     </span>
    </p>
   </div>
   <div class='ocr_carea' id='block_1_111' title="bbox 2066 5025 3586 5103">
    <p class='ocr_par' dir='ltr' id='par_1_111' title="bbox 2066 5025 3586 5103">
     <span class='ocr_line' id='line_1_111' title="bbox 2066 5025 3586 5103; baseline -0.005 -15"><span class='ocrx_word' id='word_1_804' title='bbox 2066 5034 2174 5088; x_wconf 85' lang='lat' dir='ltr'><strong>lnt.</strong></span> <span class='ocrx_word' id='word_1_805' title='bbox 2209 5035 2338 5103; x_wconf 69' lang='lat' dir='ltr'><strong>Quae</strong></span> <span class='ocrx_word' id='word_1_806' title='bbox 2365 5030 2722 5103; x_wconf 86' lang='lat' dir='ltr'><strong>signiﬁcantia</strong></span> <span class='ocrx_word' id='word_1_807' title='bbox 2754 5040 2840 5086; x_wconf 90' lang='lat' dir='ltr'><strong>est</strong></span> <span class='ocrx_word' id='word_1_808' title='bbox 2867 5029 3010 5101; x_wconf 90' lang='lat' dir='ltr'><strong>quod</strong></span> <span class='ocrx_word' id='word_1_809' title='bbox 3037 5029 3297 5084; x_wconf 89' lang='lat' dir='ltr'><strong>scribitur</strong></span> <span class='ocrx_word' id='word_1_810' title='bbox 3331 5046 3343 5080; x_wconf 91' lang='lat'><strong>:</strong></span> <span class='ocrx_word' id='word_1_811' title='bbox 3371 5025 3437 5079; x_wconf 82' lang='lat' dir='ltr'><strong>Et</strong></span> <span class='ocrx_word' id='word_1_812' title='bbox 3463 5027 3586 5090; x_wconf 85' lang='lat' dir='ltr'><strong>reli-</strong></span> 
     </span>
    </p>
   </div>
   <div class='ocr_carea' id='block_1_112' title="bbox 1993 5107 3586 5198">
    <p class='ocr_par' dir='ltr' id='par_1_112' title="bbox 1993 5107 3586 5198">
     <span class='ocr_line' id='line_1_112' title="bbox 1993 5107 3586 5198; baseline -0.004 -18"><span class='ocrx_word' id='word_1_813' title='bbox 1993 5141 2107 5198; x_wconf 76' lang='lat' dir='ltr'><strong>quce</strong></span> <span class='ocrx_word' id='word_1_814' title='bbox 2128 5125 2495 5197; x_wconf 75' lang='lat' dir='ltr'><strong>coyitationum</strong></span> <span class='ocrx_word' id='word_1_815' title='bbox 2511 5109 2850 5190; x_wconf 21' lang='lat' dir='ltr'><strong>diemzfestum</strong></span> <span class='ocrx_word' id='word_1_816' title='bbox 2868 5107 3026 5193; x_wconf 75' lang='lat' dir='ltr'><strong>agent</strong></span> <span class='ocrx_word' id='word_1_817' title='bbox 3041 5117 3130 5173; x_wconf 87' lang='lat' dir='ltr'><strong>tibi</strong></span> <span class='ocrx_word' id='word_1_818' title='bbox 3147 5121 3164 5189; x_wconf 92' lang='lat'><strong>(</strong></span> <span class='ocrx_word' id='word_1_819' title='bbox 3181 5119 3268 5171; x_wconf 86' lang='lat' dir='ltr'><strong>Ps.</strong></span> <span class='ocrx_word' id='word_1_820' title='bbox 3289 5133 3452 5182; x_wconf 81' lang='lat' dir='ltr'><strong>Lxxv,</strong></span> <span class='ocrx_word' id='word_1_821' title='bbox 3470 5115 3586 5198; x_wconf 75' lang='lat' dir='ltr'><strong>ll)?</strong></span> 
     </span>
    </p>
   </div>
   <div class='ocr_carea' id='block_1_113' title="bbox 2064 5195 3587 5290">
    <p class='ocr_par' dir='ltr' id='par_1_113' title="bbox 2064 5195 3587 5290">
     <span class='ocr_line' id='line_1_113' title="bbox 2064 5195 3587 5290; baseline -0.004 -18"><span class='ocrx_word' id='word_1_822' title='bbox 2064 5195 2226 5286; x_wconf 76' lang='lat' dir='ltr'><strong>Resp.</strong></span> <span class='ocrx_word' id='word_1_823' title='bbox 2260 5199 2492 5272; x_wconf 80' lang='lat' dir='ltr'><strong>Pulchre</strong></span> <span class='ocrx_word' id='word_1_824' title='bbox 2529 5216 2618 5270; x_wconf 84' lang='lat' dir='ltr'><strong>hic</strong></span> <span class='ocrx_word' id='word_1_825' title='bbox 2642 5215 2946 5284; x_wconf 85' lang='lat' dir='ltr'><strong>ostenditur</strong></span> <span class='ocrx_word' id='word_1_826' title='bbox 2983 5213 3124 5283; x_wconf 85' lang='lat' dir='ltr'><strong>quod</strong></span> <span class='ocrx_word' id='word_1_827' title='bbox 3168 5213 3309 5290; x_wconf 86' lang='lat' dir='ltr'><strong>Dens</strong></span> <span class='ocrx_word' id='word_1_828' title='bbox 3354 5195 3587 5280; x_wconf 82' lang='lat' dir='ltr'><strong>puritate</strong></span> 
     </span>
    </p>
   </div>
   <div class='ocr_carea' id='block_1_114' title="bbox 1996 5297 3511 5381">
    <p class='ocr_par' dir='ltr' id='par_1_114' title="bbox 1996 5297 3511 5381">
     <span class='ocr_line' id='line_1_114' title="bbox 1996 5297 3511 5381; baseline -0.005 -14"><span class='ocrx_word' id='word_1_829' title='bbox 1996 5313 2195 5381; x_wconf 87' lang='lat' dir='ltr'><strong>mentis</strong></span> <span class='ocrx_word' id='word_1_830' title='bbox 2221 5311 2372 5365; x_wconf 87' lang='lat' dir='ltr'><strong>velut</strong></span> <span class='ocrx_word' id='word_1_831' title='bbox 2399 5310 2628 5379; x_wconf 85' lang='lat' dir='ltr'><strong>quadam</strong></span> <span class='ocrx_word' id='word_1_832' title='bbox 2661 5297 2957 5365; x_wconf 83' lang='lat' dir='ltr'><strong>festivitate</strong></span> <span class='ocrx_word' id='word_1_833' title='bbox 2987 5308 3217 5363; x_wconf 66' lang='lat' dir='ltr'><strong>Imtatnr.</strong></span> <span class='ocrx_word' id='word_1_834' title='bbox 3508 5367 3511 5370; x_wconf 96' lang='lat'><em>_</em></span> 
     </span>
    </p>
   </div>
   <div class='ocr_carea' id='block_1_115' title="bbox 2069 5395 3567 5480">
    <p class='ocr_par' dir='ltr' id='par_1_115' title="bbox 2069 5395 3567 5480">
     <span class='ocr_line' id='line_1_115' title="bbox 2069 5395 3567 5480; baseline -0.003 -23"><span class='ocrx_word' id='word_1_835' title='bbox 2069 5401 2178 5480; x_wconf 85' lang='lat' dir='ltr'><strong>Int.</strong></span> <span class='ocrx_word' id='word_1_836' title='bbox 2234 5401 2370 5465; x_wconf 75' lang='lat' dir='ltr'><strong>Vox,</strong></span> <span class='ocrx_word' id='word_1_837' title='bbox 2400 5402 2607 5474; x_wconf 90' lang='lat' dir='ltr'><strong>inquit,</strong></span> <span class='ocrx_word' id='word_1_838' title='bbox 2642 5404 2856 5457; x_wconf 86' lang='lat' dir='ltr'><strong>tonitrui</strong></span> <span class='ocrx_word' id='word_1_839' title='bbox 2900 5404 2975 5457; x_wconf 86' lang='lat' dir='ltr'><strong>tui</strong></span> <span class='ocrx_word' id='word_1_840' title='bbox 3010 5401 3077 5480; x_wconf 84' lang='lat' dir='ltr'><strong>in</strong></span> <span class='ocrx_word' id='word_1_841' title='bbox 3103 5395 3360 5472; x_wconf 83' lang='lat' dir='ltr'><strong>rota_(Ps.</strong></span> <span class='ocrx_word' id='word_1_842' title='bbox 3401 5411 3567 5461; x_wconf 75' lang='lat' dir='ltr'><strong>Lxxvt,</strong></span> 
     </span>
    </p>
   </div>
   <div class='ocr_carea' id='block_1_116' title="bbox 2000 5479 3558 5567">
    <p class='ocr_par' dir='ltr' id='par_1_116' title="bbox 2000 5479 3558 5567">
     <span class='ocr_line' id='line_1_116' title="bbox 2000 5479 3558 5567; baseline -0.03 3"><span class='ocrx_word' id='word_1_843' title='bbox 2000 5496 2088 5567; x_wconf 73' lang='grc'><strong>19)</strong></span> <span class='ocrx_word' id='word_1_844' title='bbox 2121 5517 2132 5550; x_wconf 77' lang='grc' dir='ltr'><strong>ε</strong></span> <span class='ocrx_word' id='word_1_845' title='bbox 2165 5497 2290 5566; x_wconf 86' lang='lat' dir='ltr'><strong>quid</strong></span> <span class='ocrx_word' id='word_1_846' title='bbox 2318 5497 2403 5552; x_wconf 90' lang='lat' dir='ltr'><strong>hic</strong></span> <span class='ocrx_word' id='word_1_847' title='bbox 2435 5495 2777 5552; x_wconf 89' lang='lat' dir='ltr'><strong>sentiendum</strong></span> <span class='ocrx_word' id='word_1_848' title='bbox 2803 5485 2950 5552; x_wconf 40' lang='lat' dir='ltr'><strong>est?‘</strong></span> <span class='ocrx_word' id='word_1_849' title='bbox 3072 5479 3077 5484; x_wconf 71' lang='grc'><strong>’</strong></span> <span class='ocrx_word' id='word_1_850' title='bbox 3159 5485 3164 5490; x_wconf 84' lang='grc'>’</span> <span class='ocrx_word' id='word_1_851' title='bbox 3435 5491 3438 5496; x_wconf 91' lang='grc'><strong>·</strong></span> <span class='ocrx_word' id='word_1_852' title='bbox 3541 5489 3558 5508; x_wconf 93' lang='grc'>·-</span> 
     </span>
    </p>
   </div>
   <div class='ocr_carea' id='block_1_117' title="bbox 2073 5579 3581 5659">
    <p class='ocr_par' dir='ltr' id='par_1_117' title="bbox 2073 5579 3581 5659">
     <span class='ocr_line' id='line_1_117' title="bbox 2073 5579 3581 5659; baseline -0.001 -17"><span class='ocrx_word' id='word_1_853' title='bbox 2073 5589 2226 5659; x_wconf 88' lang='lat' dir='ltr'><strong>Resp.</strong></span> <span class='ocrx_word' id='word_1_854' title='bbox 2278 5583 2470 5643; x_wconf 81' lang='lat' dir='ltr'><strong>Ratam</strong></span> <span class='ocrx_word' id='word_1_855' title='bbox 2515 5586 2600 5643; x_wconf 87' lang='lat' dir='ltr'><strong>hic</strong></span> <span class='ocrx_word' id='word_1_856' title='bbox 2642 5589 2815 5657; x_wconf 87' lang='lat' dir='ltr'><strong>ipsum</strong></span> <span class='ocrx_word' id='word_1_857' title='bbox 2871 5585 3004 5642; x_wconf 87' lang='lat' dir='ltr'><strong>dixit</strong></span> <span class='ocrx_word' id='word_1_858' title='bbox 3043 5579 3472 5653; x_wconf 30' lang='lat' dir='ltr'><strong>orbem&#39;terrte,</strong></span> <span class='ocrx_word' id='word_1_859' title='bbox 3519 5599 3581 5640; x_wconf 78' lang='lat' dir='ltr'><strong>eo</strong></span> 
     </span>
    </p>
   </div>
   <div class='ocr_carea' id='block_1_118' title="bbox 1993 5677 3584 5755">
    <p class='ocr_par' dir='ltr' id='par_1_118' title="bbox 1993 5677 3584 5755">
     <span class='ocr_line' id='line_1_118' title="bbox 1993 5677 3584 5755; baseline -0.004 -15"><span class='ocrx_word' id='word_1_860' title='bbox 1993 5683 2137 5755; x_wconf 88' lang='lat' dir='ltr'><strong>quod</strong></span> <span class='ocrx_word' id='word_1_861' title='bbox 2169 5687 2304 5737; x_wconf 89' lang='lat' dir='ltr'><strong>intra</strong></span> <span class='ocrx_word' id='word_1_862' title='bbox 2350 5682 2590 5753; x_wconf 86' lang='lat' dir='ltr'><strong>ejusdem</strong></span> <span class='ocrx_word' id='word_1_863' title='bbox 2621 5681 2768 5737; x_wconf 90' lang='lat' dir='ltr'><strong>orbis</strong></span> <span class='ocrx_word' id='word_1_864' title='bbox 2814 5691 2988 5736; x_wconf 90' lang='lat' dir='ltr'><strong>rotam</strong></span> <span class='ocrx_word' id='word_1_865' title='bbox 3029 5677 3412 5736; x_wconf 82' lang='lat' dir='ltr'><strong>circumferant</strong></span> <span class='ocrx_word' id='word_1_866' title='bbox 3442 5679 3584 5735; x_wconf 43' lang='lat' dir='ltr'><strong>toni&quot;</strong></span> 
     </span>
    </p>
   </div>
   <div class='ocr_carea' id='block_1_119' title="bbox 1993 5776 2425 5846">
    <p class='ocr_par' dir='ltr' id='par_1_119' title="bbox 1993 5776 2425 5846">
     <span class='ocr_line' id='line_1_119' title="bbox 1993 5776 2425 5846; baseline -0.009 -13"><span class='ocrx_word' id='word_1_867' title='bbox 1993 5786 2110 5833; x_wconf 87' lang='lat' dir='ltr'><strong>trua</strong></span> <span class='ocrx_word' id='word_1_868' title='bbox 2144 5776 2425 5846; x_wconf 86' lang='lat' dir='ltr'><strong>mugitum.</strong></span> 
     </span>
    </p>
   </div>
  </div>
