4024 6336
543 328 642 396 Z9!

1541 325 1601 382 S.
1644 324 1971 383 EUUIERII
2009 324 2491 386 LUGDUNENSIS
2531 329 2846 404 EPlSCOl’h

3717 339 3822 404 ns

613 450 723 503 Int.
752 447 890 517 Quid
921 444 1334 514 intelligendum
1376 450 1462 498 est
1503 441 1571 498 de
1608 442 1712 497 hoc
1748 443 1891 514 quod
1935 441 2124 500 scribi-
2155 447 2207 506 Α
2233 453 2315 498 est
2358 445 2520 502 homo
2565 447 2875 502 Altissimus
2914 448 3000 516 qui
3055 447 3303 504 fundavit
3340 466 3483 507 eam.
3535 455 3602 510 Et
3633 466 3823 516 notans

538 553 621 595 tur
645 558 658 594 :
684 537 749 594 Et
765 542 1008 605 percussit
1021 538 1256 592 inimicos
1266 552 1387 591 suos
1409 537 1463 590 in
1483 537 1767 607 posteriora
1786 536 1905 610 (Ps.
1921 552 2120 604 uxvtt,

531 630 707 702 oo)?

607 721 767 792 Resp.
818 720 1125 778 Secundum
1177 719 1410 778 litteram
1485 721 1729 776 ulcerum
1789 721 2006 777 illorum
2059 723 2117 778 lit

534 813 1005 878 commemoratio,
1036 812 1233 883 quibus
1265 820 1395 868 sunt
1419 811 1694 883 AlIOphyli
1727 815 1778 868 in
1813 814 2117 883 posteriora

531 908 792 979 percussi.
827 907 1133 963 Secundum
1166 907 1476 963 interiorem
1505 922 1632 962 vero
1662 921 1881 962 sensum
1918 921 2112 974 percu-

527 1005 739 1061 tiuntur
771 1003 973 1060 inimici
998 1005 1089 1060 Dei
1116 1005 1165 1058 in
1194 1004 1520 1074 posteriora,
1551 1018 1673 1060 cum
1706 1004 1759 1058 in
1789 1003 2116 1074 Dominiju-

524 1097 670 1154 dicio
701 1098 994 1168 puninntur
1014 1106 1282 1153 extremo.

594 1187 704 1245 Int.
753 1190 923 1260 Quem
967 1191 1236 1262 signiﬁcat
1283 1190 1472 1247 dicens
1521 1208 1532 1242 :
1581 1189 1953 1245 Exterminavit
1999 1206 2111 1245 eam

519 1295 645 1348 aper
692 1280 756 1336 de
795 1283 962 1348 silua,
1006 1291 1053 1338 et
1089 1281 1366 1354 singularis
1408 1281 1548 1350 ferus
1587 1281 1829 1351 depastus
1880 1291 1957 1336 est
1995 1297 2109 1336 eam

517 1370 642 1443 (Ps.
667 1387 847 1438 um,
875 1372 1011 1444 ll)?

587 1463 746 1533 Resp.
772 1464 977 1532 Aprum
1002 1463 1091 1518 hic
1115 1465 1527 1533 Vespasianum,
1563 1473 1617 1520 ut
1646 1465 1866 1537 quidam
1896 1465 2101 1535 dicunt,

514 1557 628 1613 Vult
659 1557 914 1631 intelligi.
945 1559 1032 1629 qui
1063 1558 1278 1615 Judzcos
1304 1560 1449 1615 bello
1480 1563 1731 1615 vastavit.
1762 1562 2103 1630 Singularem

513 1649 709 1713 ferum.
743 1651 923 1708 Titum
958 1652 1274 1720 Vespasiani
1302 1652 1492 1720 lilittm,
1518 1653 1611 1721 qui
1643 1653 1984 1709 llierusalem
2006 1668 2106 1724 op-

511 1743 836 1814 pugnatione
859 1743 1218 1809 consumpsit.

2227 537 2357 592 dum
2383 540 2521 608 quod
2553 541 2714 593 etiatn
2743 539 2882 594 lilius
2913 541 3220 594 Altissimus
3249 543 3579 610 appellatur.

2296 628 2404 684 lnt.
2441 631 2577 698 Quid
2625 632 2712 688 hic
2759 633 3165 701 intelligendum
3213 642 3328 698 est,
3378 636 3468 691 ttbi
3505 640 3816 699 scribitur:

2224 718 2416 775 Factus
2436 739 2547 775 sum
2574 724 2702 776 sicut
2731 723 2885 778 homo
2915 724 3025 779 sine
3055 725 3319 796 adjutorio
3340 727 3474 781 inter
3501 740 3737 786 mortuos
3760 735 3820 788 li-

2221 811 2309 866 ber
2340 813 2456 884 (Ps.
2490 831 2730 884 Lxxxvtt,
2762 817 2859 879 ωτι

2293 905 2450 977 Resp.
2481 904 2729 962 Christus
2776 909 2957 978 utique
2998 909 3141 964 inter
3188 920 3430 966 mortuos
3471 912 3617 970 liber
3651 933 3663 968 :
3697 919 3815 986 quia

2216 994 2424 1065 absque
2457 1007 2679 1064 peccato
2711 1000 2852 1054 inter
2884 1011 3196 1067 peccatores
3226 1005 3493 1072 apparuit.

2288 1088 2398 1144 Int.
2445 1091 2576 1160 Quae
2607 1103 2686 1147 est
2720 1103 2862 1147 terra
2897 1093 2984 1147 illa
3017 1094 3308 1150 oblivionis
3337 1096 3404 1151 de
3430 1112 3536 1167 qua
3568 1097 3807 1156 dicitur:

2216 1181 2486 1252 Numquid
2513 1197 2890 1256 cognoscentur
2931 1188 2982 1239 in
3038 1189 3254 1242 tenebris
3298 1189 3558 1243 mirabilia
3597 1199 3727 1256 tua,
3769 1202 3816 1250 α

2203 1278 2414 1348 justitia
2445 1288 2533 1331 tua
2560 1278 2613 1331 in
2643 1288 2780 1331 terra
2811 1278 3080 1332 oblivionis
3135 1279 3252 1350 (Ps.
3304 1295 3542 1344 Lxxxvu.
3572 1283 3663 1352 l3)
3689 1283 3712 1335 ?

2285 1365 2441 1437 Resp.
2474 1367 2800 1423 Rectissime
2839 1370 3141 1439 appellatur
3183 1371 3472 1426 oblivionis
3515 1386 3663 1428 terra
3709 1374 3807 1430 imo

2211 1458 2422 1527 piorum
2464 1474 2593 1514 εειτο
2632 1476 2661 1514 a
2710 1461 2938 1515 Domino
2965 1461 3249 1517 derelicta.
3301 1463 3364 1516 Et
3391 1464 3598 1520 aliter:
3669 1475 3810 1522 terra

2209 1552 2496 1608 oblivionis
2516 1554 2678 1607 etiam
2703 1553 2757 1609 in
2790 1556 2879 1606 illo
2903 1555 3075 1623 accipi
3106 1565 3282 1624 potest
3298 1555 3440 1622 quod
3463 1557 3594 1613 dicit
3623 1575 3636 1611 :
3673 1558 3812 1626 Quo-

2207 1644 2346 1697 niam
2373 1660 2473 1698 non
2518 1655 2592 1698 est
2626 1645 2678 1698 in
2709 1654 2870 1699 morte
2905 1647 2994 1715 qui
3017 1663 3212 1702 memor
3244 1648 3310 1701 sit
3341 1649 3415 1702 tui
3444 1664 3461 1701 :
3491 1652 3546 1702 in
3592 1650 3806 1720 inferno

2207 1748 2376 1791 autem
2403 1739 2515 1807 quis
2548 1740 2879 1805 confitebitur
2911 1741 3000 1792 tibi
3025 1740 3144 1809 (Ps.
3180 1757 3253 1803 \‘l,
3288 1742 3389 1812 (Π

583 1833 691 1889 Ιηι.
723 1836 978 1908 Legimus
1007 1837 1060 1891 in
1094 1835 1610 1907 psalmo(t.xxx,9):
1639 1835 1832 1903 Israel,
1863 1838 2076 1893 siaudia

2281 1828 2388 1884 Int.
2435 1831 2719 1898 Quomodo
2745 1832 3004 1900 juventus
3045 1832 3240 1902 aquila:
3268 1843 3582 1898 renovatur,
3615 1851 3807 1891 secun-

507 1942 608 1992 me,
632 1943 734 1981 non
757 1929 854 1982 erit
882 1929 933 1981 in
963 1936 1012 1982 te
1053 1927 1194 1982 Deus
1228 1945 1402 1984 recens
1425 1945 1444 1984 :
1476 1930 1748 1999 quomodo
1777 1931 1923 1986 istud
1959 1932 2100 1989 scci-

506 2018 757 2087 pietnus?

576 2111 735 2183 Resp.
789 2111 937 2168 ldola
993 2113 1081 2169 vel
1129 2113 1523 2168 Antichristum
1583 2114 1926 2169 reintandum
1975 2128 2097 2170 esse

502 2207 842 2273 pronuntiat.
890 2208 1139 2262 Christus
1173 2218 1357 2264 autem
1416 2209 1553 2263 Deus
1595 2223 1785 2264 recens
1816 2224 1921 2264 non
1954 2219 2091 2276 erat,

499 2293 627 2352 licet
655 2297 855 2352 mundo
879 2313 975 2369 per
996 2314 1216 2355 carnem
1243 2302 1444 2357 nostris
1465 2301 1806 2371 temporibus
1833 2303 2091 2359 illuxerit.

500 2385 645 2443 Nam
671 2391 725 2443 in
749 2392 1007 2458 principio
1037 2401 1147 2445 erat
1179 2393 1322 2464 apud
1350 2394 1512 2447 Deum
1543 2394 1678 2448 Deus
1706 2394 1927 2450 Verbum
1947 2437 1961 2461 ,
1985 2398 2093 2466 ipse

498 2496 678 2536 creans
727 2481 986 2537 hominem
1025 2484 1092 2537 ad
1131 2484 1518 2539 similitudinem
1568 2483 1666 2539 Dei
1709 2483 1978 2557 (Joan.t,
2019 2492 2087 2554 l;

495 2570 628 2628 Cen.
659 2589 708 2638 ι,
739 2572 858 2646 26),
882 2576 1084 2647 quique
1112 2576 1352 2632 diversis
1398 2578 1604 2633 vicibus
1633 2589 1791 2650 atque
1826 2581 2089 2652 tempori-

494 2663 594 2721 bus
629 2666 862 2722 Abrahae
905 2670 988 2724 vel
1042 2670 1285 2739 patribus
1333 2671 1535 2726 nostris
1575 2685 1794 2742 semper
1837 2673 2088 2744 apparuit

494 2754 650 2830 (Gen.
679 2774 832 2826 svnt,
868 2760 944 2828 l).

566 2846 674 2905 Int.
710 2851 1334 2923 Qnaliteraccipiendum
1355 2853 1590 2924 estquod
1612 2856 1851 2923 psalmus
1868 2857 2081 2927 (um,

493 2938 548 3011 1)
575 2943 649 2996 ait
676 2961 688 2995 :
721 2941 859 2998 Deus
885 2946 1022 2998 stetit
1047 2945 1101 2999 in
1121 2962 1386 3018 synagoga
1417 2948 1630 3001 deorum
1653 2950 1677 3002 ?

559 3032 713 3105 Resp.
754 3033 808 3089 ld
837 3044 957 3101 est,
995 3037 1049 3090 in
1081 3040 1497 3108 congregatione
1538 3048 1871 3105 sanctorum;
1897 3040 2084 3097 Domi-

2202 1920 2334 1979 dum
2368 1923 2497 1976 illud
2544 1923 2685 1992 quod
2723 1925 2953 1992 legimus
2997 1943 3007 1976 :
3047 1923 3398 1978 Renovabitur
3439 1927 3574 1980 sicut
3613 1926 3807 1997 aquila

2189 2017 2438 2085 juventus
2468 2025 2557 2070 tua
2582 2015 2702 2088 (Ps.
2729 2031 2823 2084 cu,
2858 2014 2952 2087 5)?

2272 2107 2432 2175 Resp.
2468 2110 2671 2178 Aquila:
2700 2108 2956 2163 dicuntur
2996 2109 3046 2162 vi
3089 2109 3271 2162 nimia:
3313 2121 3549 2166 senecm
3601 2112 3803 2179 implu.

2198 2214 2314 2254 mcs
2349 2200 2497 2262 ﬁeri,
2528 2214 2581 2256 et
2621 2199 2750 2255 nido
2790 2202 2977 2255 relata:
3007 2201 3243 2256 vicissim
3295 2202 3454 2265 pullis
3484 2203 3602 2257 suis
3637 2206 3798 2259 inini-

2197 2294 2496 2349 strantibus
2529 2295 2707 2363 pasci,
2741 2294 2915 2349 donec
2943 2294 3162 2349 deterso
3206 2295 3342 2350 senii
3391 2305 3623 2351 veterno
3657 2298 3797 2354 reci-

2195 2388 2352 2458 piant
2387 2404 2510 2443 cum
2553 2389 2746 2457 pennis
2779 2405 2931 2443 usum
2969 2388 3204 2443 volandi.
3236 2389 3557 2446 Secundum
3591 2408 3797 2464 anago—

2192 2494 2292 2548 gen
2321 2490 2502 2533 autem
2531 2481 2785 2547 juventus
2817 2490 3002 2535 nostra
3043 2481 3122 2534 vel
3159 2479 3427 2550 baptismo
3467 2483 3555 2538 vel
3609 2499 3796 2539 resur-

2193 2574 2432 2628 reCtioue
2463 2585 2775 2627 renovatur.

2262 2663 2371 2718 Int.
2414 2665 2679 2736 Abyssus,
2731 2667 2939 2736 inquit,
2990 2666 3122 2720 sicut
3161 2667 3377 2739 pallium
3422 2669 3646 2722 amictus
3681 2672 3791 2740 ejus

2188 2756 2307 2831 (Ps.
2337 2773 2447 2822 CIII,
2476 2759 2530 2829 t)
2556 2775 2571 2813 :
2602 2758 2729 2828 quid
2761 2759 2847 2814 hic
2873 2760 3208 2827 sequemur?

2259 2853 2419 2922 Resp.
2453 2852 2568 2907 Non
2601 2853 2739 2908 bene
2769 2853 3009 2923 plerique
3043 2854 3375 2907 arbitrantur
3405 2853 3668 2924 abyssum
3703 2853 3791 2912 hic

2183 2947 2440 3002 amictum
2473 2945 2568 3001 Dei
2612 2945 2903 3015 appellari,
2952 2961 3073 3000 cum
3108 2947 3288 3015 potius
3323 2947 3583 3000 amictum
3628 2958 3788 3004 terra

2182 3037 2291 3092 dici
2341 3038 2455 3107 ipse
2498 3038 2841 3106 superiorum
2890 3052 3151 3092 versuum
3197 3037 3331 3092 ordo
3381 3025 3668 3103 declarat,
3722 3055 3787 3094 eo

488 3139 589 3180 nus
609 3137 790 3181 autem
824 3135 1007 3182 uoster
1037 3139 1250 3184 sanctos
1271 3144 1400 3185 suos
1428 3141 1482 3184 ttt
1505 3133 1655 3202 regni
1681 3132 1784 3195 sui,
1817 3133 1889 3188 ita
1912 3135 2078 3190 etiam
2129 3200 2140 3202 _
2181 3130 2325 3199 quod
2359 3140 2502 3185 terra
2530 3131 2642 3199 ipsa
2673 3130 2869 3201 abysso
2898 3129 3057 3200 quasi
3083 3130 3315 3201 quodam
3345 3130 3512 3201 pallio
3540 3130 3784 3187 circum-

486 3217 721 3272 nominis
776 3219 859 3272 sui
917 3219 1333 3290 participatione
1385 3200 1625 3278 donavit.
1684 3223 1840 3278 Unde
1894 3234 1949 3279 et
2014 3200 2155 3281 adC
2189 3220 2304 3276 fusa
2346 3221 2578 3276 τείνων.

485 3305 704 3379 Μηιγιοη
730 3308 900 3363 dicit:
951 3308 1081 3364 Dedi
1132 3321 1178 3365 te
1226 3311 1552 3367 Pharaonem
1590 3315 1642 3368 in
1680 3313 1841 3369 Deum
1879 3316 2079 3384 (Exod.

485 3411 579 3460 v.t,
611 3401 676 3469 l).
705 3399 1113 3470 Cotnpellantur
1145 3420 1275 3474 ergo
1324 3405 1546 3461 nomine
1577 3405 1695 3471 Dei,
1742 3408 1863 3474 quia
1896 3411 2082 3480 appel-

486 3489 667 3546 lantur
696 3501 749 3547 ct
782 3493 900 3549 Ριιιί
933 3495 1050 3550 Dei.
1085 3497 1192 3551 Nec
1231 3499 1422 3552 mirttm
1455 3515 1556 3570 pro
1587 3500 1673 3554 illa
1707 3501 1963 3556 inell'abili
1996 3504 2080 3559 di-

485 3583 626 3637 vinae
659 3585 1010 3654 benignitatis
1051 3587 1419 3658 indulgentia,
1467 3590 1514 3645 si
1546 3592 1779 3647 Voluerit
1817 3603 1874 3647 ut
1916 3595 2077 3653 homo

482 3675 859 3744 appellaretur
903 3677 1074 3742 Deus,
1117 3694 1236 3733 cuni
1269 3680 1409 3735 Deus
1447 3683 1746 3750 appellatus
1777 3685 1846 3740 sit
1887 3685 2070 3742 homo.

553 3765 662 3820 lnt.
710 3768 845 3834 Quid
901 3769 989 3823 hic
1040 3772 1387 3827 sentiendum
1428 3784 1513 3830 est
1555 3793 1567 3830 :
1616 3775 1834 3831 Iustitia
1877 3789 1925 3833 et
1967 3796 2072 3850 pas:

479 3860 725 3914 osculans
752 3870 867 3914 sunt
897 3878 951 3916 se
974 3861 1094 3931 (Ps.
1130 3879 1345 3932 Lsxstv,
1379 3865 1492 3936 ll).

551 3951 711 4020 Resp.
737 3953 890 4019 Quod
922 3969 980 4010 se
1012 3957 1099 4009 lex
1133 3968 1186 4011 et
1215 3959 1388 4026 gratia
1417 3958 1801 4029 conjunxerint
1829 3978 1924 4034 per
1953 3981 2066 4021 me-

476 4043 740 4100 diaturem
790 4049 1072 4103 Dominum
1116 4061 1361 4107 nostrqu
1403 4055 1590 4110 Jesum
1632 4056 1937 4125 Christum,
1978 4062 2066 4130 qui

475 4135 595 4206 fecit
625 4147 842 4208 utraque
867 4155 1024 4195 unum
1052 4139 1217 4213 (Eph.
1247 4159 1306 4208 tt,
1343 4144 1473 4215 l4)?

546 4226 656 4283 Int.
685 4229 928 4299 Qualiter
968 4235 1341 4304 accipiendum
1371 4249 1454 4294 est
1481 4240 1621 4310 quod
1657 4241 1889 4312 legimus
1920 4261 1932 4298 :
1965 4243 2063 4299 Di-

473 4322 585 4394 ligit
614 4323 867 4380 Dominus
906 4337 1081 4398 portas
1113 4328 1272 4397 Sion,
1314 4348 1470 4402 super
1507 4336 1680 4389 omnia
1726 4337 2060 4393 tabernacula

471 4413 638 4468 Iacob
668 4414 787 4487 (Ps.
823 4433 1037 4483 uuvt,
1068 4418 1172 4491 2)?

543 4503 703 4574 Resp.
736 4507 890 4576 Quod
919 4510 1174 4568 Dominus
1195 4515 1524 4574 umbraculis
1551 4533 1838 4592 synagoga:
1867 4521 2056 4580 Eccle-

470 4597 567 4653 size
590 4601 921 4658 munimenta
955 4606 1267 4673 praetulerit.

537 4688 648 4744 lnt.
683 4691 852 4748 Mater
881 4695 1009 4750 Sion
1046 4697 1180 4751 dicet
1213 4698 1396 4770 homo,
1436 4711 1485 4758 et
1523 4703 1674 4757 homo
1702 4709 1871 4775 factus
1901 4718 1974 4761 est
2002 4708 2057 4762 in

467 4797 550 4845 ea,
581 4792 628 4836 et
659 4786 765 4853 ipse
805 4787 1038 4855 fundavit
1071 4807 1185 4844 eam
1222 4792 1516 4850 Altissimus
1545 4796 1663 4870 (Ps.
1710 4813 1928 4866 unm,
1959 4801 2050 4870 5),

465 4872 594 4945 quid
625 4875 712 4930 hic
737 4882 1073 4947 sequemur?

535 4965 693 5038 Resp.
719 4967 887 5026 Mater
911 4970 1040 5026 Sion
1060 5013 1075 5036 ,
1107 4984 1166 5028 ut
1192 4975 1407 5046 quidam
1433 4978 1653 5047 volunt,
1683 4980 1847 5037 Maria
1884 4985 2050 5056 signi-

463 5059 674 5125 licatur,
707 5059 761 5116 in
787 5074 892 5132 qua
925 5070 1079 5136 natus
1105 5077 1191 5121 est
1213 5067 1374 5123 homo
1402 5068 1682 5138 Christus,
1709 5071 1877 5143 ipsius
1905 5090 2042 5146 quo-

458 5168 565 5226 que
592 5157 783 5210 matris
809 5164 1044 5212 creator.
1076 5158 1364 5216 Sciendum
1402 5175 1495 5220 est
1526 5174 1702 5220 tamen
1725 5208 1741 5234 ,
1771 5169 1965 5224 melius
1989 5179 2046 5226 et

456 5245 755 5304 secundum
774 5247 1060 5306 Hebreum
1081 5253 1257 5308 verius
1286 5253 1388 5311 dici
1417 5273 1430 5309 :
1458 5256 1726 5328 Numquid
1749 5259 1878 5316 Sion
1901 5261 2043 5319 dicet

456 5339 643 5407 homo,
671 5350 726 5397 et
755 5342 919 5398 homo
944 5352 1102 5401 natus
1133 5356 1218 5403 est
1243 5348 1296 5404 in
1324 5365 1412 5413 ea.
1437 5360 1492 5406 et
1513 5352 1630 5421 ipse
1653 5351 1898 5410 [undavit
1921 5371 2040 5413 eam

456 5431 811 5490 Altissimus?
848 5436 1024 5494 Etest
1066 5455 1259 5497 sensus
1286 5441 1414 5498 hic:
1449 5444 1573 5513 quis
1615 5445 1716 5500 hoc
1762 5448 2038 5506 hominum

453 5529 706 5582 nuntiare
737 5529 939 5596 possit?
965 5531 1119 5588 Sicut
1143 5543 1198 5587 et
1228 5534 1357 5590 illud
1385 5552 1401 5592 ζ
1433 5535 1536 5592 Aut
1567 5539 1837 5593 brachium
1864 5541 2042 5597 Domi-

445 5616 507 5680 t?”
543 5624 628 5677 cui
656 5625 928 5679 revelatum
963 5634 1035 5680 est
1065 5624 1220 5696 (Isai.
1256 5644 1376 5695 Llll,
1416 5631 1510 5700 l)?
1554 5631 1694 5701 Ergo
1725 5633 1827 5688 hoc
1862 5634 2032 5690 dicit:

450 5715 591 5788 quod
622 5717 799 5773 nullus
822 5720 1098 5775 hominum
1126 5723 1175 5779 ei
1208 5724 1457 5780 nuntiare
1482 5725 1670 5794 possit,
1702 5726 1824 5796 quia
1855 5728 2033 5784 salve-

446 5813 538 5868 tur
569 5805 708 5867 Sion
737 5810 792 5871 in
822 5813 1038 5872 homins
1065 5813 1155 5886 qui
1187 5822 1345 5874 natus
1371 5817 1445 5877 sit
1493 5818 1546 5876 iu
1578 5832 1666 5875 ea.
1698 5819 1816 5892 ipse
1843 5830 2029 5882 autem

2261 3311 2372 3366 Int.
2422 3313 2708 3381 Quomodo
2753 3323 2898 3369 stant
2948 3329 3114 3384 super
3166 3323 3376 3370 montes
3420 3316 3623 3385 aqum?
3653 3316 3780 3388 quia

2184 3409 2443 3475 scriptum
2471 3416 2553 3460 est
2583 3425 2596 3459 :
2629 3405 2800 3472 Super
2829 3416 3021 3460 montes
3052 3411 3256 3460 stabunt
3286 3423 3436 3476 aqua:
3463 3410 3488 3461 ?

2256 3497 2411 3566 Resp.
2464 3497 2659 3565 Utique
2695 3514 2814 3552 cum
2857 3506 2948 3553 aut
2994 3499 3165 3568 plenae
3192 3499 3347 3568 aquis
3394 3500 3572 3555 nubes
3612 3517 3777 3571 super

2182 3601 2396 3646 montes
2431 3591 2742 3660 dependent
2768 3611 2780 3644 :
2812 3601 2905 3646 aut
2932 3609 3057 3648 cum
3085 3595 3136 3648 itt
3165 3594 3301 3648 mari
3331 3596 3492 3649 unda:
3525 3596 3594 3650 ad
3622 3610 3774 3654 mon-

2181 3685 2309 3739 tium
2343 3686 2512 3739 instar
2542 3687 2874 3740 excitantur.

2248 3775 2356 3830 lnt.
2395 3776 2536 3844 Quid
2568 3777 2911 3832 sentiendum
2953 3789 3036 3834 est
3082 3780 3134 3834 in
3181 3779 3283 3836 hoc
3312 3782 3459 3852 quod
3492 3785 3767 3854 legimus:

2173 3865 2348 3922 Draco
2379 3868 2474 3922 iste
2509 3884 2657 3935 quem
2687 3869 2924 3940 formasti
2953 3869 3024 3924 ad
3058 3871 3384 3927 illudendum
3417 3879 3466 3929 ei
3497 3874 3622 3949 (Ps.
3657 3891 3767 3942 cut,

2170 3958 2312 4030 2m?

2241 4050 2399 4121 Resp.
2436 4051 2606 4108 Draco
2636 4054 2737 4112 iste
2781 4055 3026 4111 diabolus
3055 4067 3171 4120 est,
3207 4057 3302 4112 sed
3340 4068 3468 4114 ante
3503 4060 3765 4116 formatus

2167 4161 2199 4200 a
2231 4146 2488 4216 Domino,
2520 4164 2681 4218 quant
2723 4149 2774 4204 in
2815 4166 3013 4206 nomen
3060 4151 3262 4205 diaboli
3308 4153 3634 4208 voluntaria:
3672 4169 3764 4210 ne-

2164 4237 2348 4308 quitia:
2405 4241 2662 4295 transiret
2733 4241 3014 4296 instinctu.
3075 4242 3227 4298 llunc
3267 4245 3529 4315 propheta
3592 4244 3762 4301 Isaias

2163 4345 2194 4384 a
2221 4331 2324 4402 (st,
2355 4333 2410 4399 7)
2447 4332 2688 4400 parvulis
2715 4333 2978 4389 describit
3009 4335 3183 4390 illudi.

2234 4422 2485 4491 lnt.Qua
2538 4426 2746 4480 ratioite
2794 4425 3201 4497 intelligendum
3246 4429 3504 4498 estquod
3556 4428 3750 4484 scribi-

2155 4526 2245 4572 tur
2273 4536 2284 4570 :
2332 4518 2551 4572 Ferrum
2582 4521 2905 4588 pertransiuit
2935 4521 3162 4574 animam
3190 4525 3300 4594 ejus
3323 4521 3442 4592 (Ps.
3473 4537 3588 4585 Civ,
3623 4523 3750 4592 l8)?

2079 4589 2136 4652 Β
2234 4612 2392 4683 Resp.
2427 4612 2672 4667 Christus
2715 4613 2800 4669 hic
2838 4589 3278 4670 manifeSIissime
3318 4589 3665 4684 designatur,
3692 4630 3754 4672 eo

2159 4706 2300 4776 quod
2331 4707 2662 4778 resurgendo
2692 4707 3032 4778 alﬁgentium
3058 4709 3336 4763 clavorum
3361 4709 3614 4764 dolorem
3638 4728 3754 4766 cru-

2156 4800 2464 4865 ciatumque
2494 4802 2788 4868 superavit.
2821 4801 3006 4855 Potest
3037 4801 3126 4856 hic
3157 4801 3363 4856 ferrum
3395 4810 3452 4856 et
3475 4803 3750 4858 tribulatio

2154 4890 2308 4945 dura:
2340 4891 2679 4948 necessitatis
2707 4892 2969 4962 intelligi,
2999 4893 3127 4962 quia
3157 4894 3393 4948 animam
3433 4893 3572 4949 dixit
3606 4913 3617 4950 :
3649 4895 3747 4949 ali-

2152 4982 2367 5051 quando
2392 4993 2570 5037 tamen
2603 4983 2782 5036 anima
2815 4983 2866 5038 in
2893 4982 3187 5054 Scriptnris
3228 4998 3325 5052 pro
3353 4984 3615 5051 prasenti
3645 4984 3744 5039 vita

2150 5078 2472 5147 appellatur,
2522 5087 2578 5132 ut
2610 5077 2662 5132 in
2704 5077 3003 5147 Evangelio
3046 5093 3058 5128 :
3099 5075 3290 5130 Nonne
3319 5078 3496 5131 anima
3530 5077 3650 5149 plus
3675 5085 3744 5132 est

2146 5186 2431 5240 quamesca
2458 5169 2674 5243 (Matth.
2707 5186 2783 5237 Vl,
2817 5169 2956 5239 25)?

2218 5261 2327 5316 lnt.
2359 5261 2497 5329 Quid
2529 5262 2669 5317 inter
2693 5261 2954 5331 psalmum
2985 5261 3329 5316 etcanticum
3349 5259 3622 5317 interest?

2218 5353 2377 5420 Resp.
2410 5353 2565 5420 Quod
2615 5354 2806 5421 psalmi
2855 5368 2920 5408 ex
2971 5353 3232 5420 psalterio
3273 5352 3658 5423 appellantur,
3691 5360 3740 5404 at

2144 5459 2275 5500 vero
2298 5447 2569 5500 canticum
2594 5459 2660 5501 ex
2694 5459 2829 5500 voce
2857 5444 3136 5514 profertur
3167 5462 3179 5496 :
3210 5455 3264 5498 et
3290 5445 3437 5514 quod
3468 5445 3734 5502 canticum

2147 5553 2246 5608 pro
2296 5539 2554 5600 scientia,
2602 5554 2698 5608 pro
2751 5553 2916 5607 opere
2969 5552 3106 5591 vero
3157 5537 3400 5608 psalmus
3452 5538 3730 5602 accipitur.

2147 5632 2394 5687 Psalmus
2428 5647 2556 5702 ergo
2579 5633 2642 5685 ad
2667 5632 2958 5696 actualem,
2986 5631 3036 5686 id
3067 5642 3150 5687 est
3175 5630 3239 5685 ad
3273 5636 3543 5701 practicen
3575 5645 3729 5686 :can-

2140 5726 2305 5783 ticum
2338 5743 2466 5781 vero
2500 5725 2565 5780 ad
2595 5725 2876 5792 tbcoriam,
2913 5725 2965 5782 id
2991 5734 3098 5794 est,
3130 5727 3605 5797 contemplativam
3630 5737 3716 5779 re-

2136 5821 2304 5878 fertur
