4024 6336
216 388 320 450 793

1406 373 1968 435 INSTRUCTIONUM
2005 375 2210 433 LIBER
2245 376 2293 433 l.

3389 383 3494 443 79‘

279 497 388 553 Int.
411 495 620 553 Iuravit
654 494 941 559 Dominus,
975 506 1067 546 nec
1094 490 1351 564 paenitebit
1387 504 1504 543 eum
1530 487 1648 559 (Ps.
1682 502 1797 555 cu,
1827 489 1884 548 Α
1980 486 2135 559 Resp.
2179 489 2256 545 De
2285 489 2476 544 futuris
2514 505 2574 546 se
2601 496 2675 548 .bt
2718 492 2861 559 loqui
2901 494 3163 563 propheta
3206 496 3487 569 signiﬁcat,

209 590 263 649 ι)
289 608 301 643 :
331 588 602 660 quomodo
628 587 836 658 juravit
866 585 1127 640 Dominus
1150 584 1175 637 ἲ

280 681 440 752 Resp.
472 679 669 735 Jurare
719 675 929 732 Domini
979 684 1064 731 est
1110 672 1521 729 itumutabiliter
1564 671 1796 744 promit-

204 780 345 827 tere.
386 770 557 827 Recte
587 771 749 840 igitur
778 767 923 823 istud
959 755 1311 823 commutatio
1348 765 1615 820 sermonis
1644 778 1800 817 usur-

203 871 317 929 μη,
353 876 419 918 eo
449 861 593 933 quod
626 860 917 932 promissio
945 857 1064 929 ejus
1090 854 1415 912 sacramenti
1436 855 1677 912 obtineat
1701 853 1796 909 ﬁr-

204 954 479 1012 mitatem.

278 1046 392 1104 Int.
421 1048 563 1118 Quid
612 1046 814 1103 indicat
863 1045 997 1102 illud
1047 1045 1190 1116 quod
1232 1042 1535 1100 scribitur:
1575 1041 1654 1097 De
1695 1050 1798 1097 tor-

202 1149 353 1197 rente
376 1143 429 1196 in
452 1143 531 1196 via
552 1141 696 1207 bibit,
717 1152 992 1213 propterea
1013 1136 1260 1193 exaltabit
1282 1147 1432 1209 caput
1462 1134 1581 1210 (Ps.
1604 1150 1689 1197 cv,
1707 1132 1797 1206 7)?

276 1233 442 1304 Resp.
471 1233 553 1290 Ad
598 1248 885 1305 personam
924 1230 1127 1287 Christi
1176 1229 1280 1284 ista
1327 1228 1610 1285 referenda
1650 1235 1827 1295 sunt,°

203 1326 333 1399 quia
365 1330 434 1384 de
458 1337 727 1391 torrente,
758 1325 809 1379 id
838 1334 944 1389 est,
976 1323 1266 1394 passione:
1305 1322 1359 1376 in
1388 1321 1494 1385 via,
1521 1320 1573 1375 id
1606 1328 1709 1385 est,
1744 1319 1797 1373 in

204 1418 412 1475 saeculo
438 1419 573 1474 bibit
596 1430 886 1489 propterea
918 1417 1059 1471 Deus
1086 1414 1321 1469 exultans
1348 1422 1502 1479 caput
1531 1413 1640 1476 eius
1658 1453 1671 1474 ,
1705 1411 1799 1464 do-

204 1510 352 1563 narit
379 1510 458 1564 illi
485 1526 668 1565 nomen
695 1508 834 1579 quod
862 1519 934 1563 est
961 1522 1114 1579 super
1140 1522 1291 1560 omne
1320 1521 1501 1559 nomen
1529 1501 1699 1573 (Phil.
1733 1518 1796 1571 tt,

204 1600 237 1656 9
266 1616 283 1668 ;
320 1600 414 1657 Ps.
442 1617 563 1659 est:
595 1611 641 1655 et
671 1601 866 1673 καφ).

279 1691 393 1749 Iut.
430 1695 750 1763 Quindecim
787 1695 864 1748 illi
896 1692 1093 1763 psalmi
1134 1707 1293 1766 quam
1323 1691 1395 1748 ob
1430 1704 1647 1748 causam
1674 1705 1803 1747 can-

202 1786 375 1842 ticum
405 1785 667 1857 gradnum
699 1794 1070 1858 praenotantur
1096 1786 1120 1840 7

1901 583 1988 653 qui
2014 594 2135 652 post
2166 585 2308 638 illam
2357 589 2658 641 sessionem
2702 600 2955 657 snrgcnttt
2993 602 3204 661 tempus
3231 592 3489 650 declarat.

1900 672 2046 729 ldetn
2098 683 2447 744 posteaquam
2504 678 2714 733 dederit
2763 680 2977 736 dilectis
3037 682 3150 736 snis
3197 698 3487 753 80tllllttlll,

1901 768 2139 823 ostendit
2174 784 2294 837 qua:
2338 771 2511 825 futura
2553 773 2625 827 sit
2664 774 2989 829 resurrectio
3024 776 3111 829 illa
3145 788 3490 846 saltt‘lltrttttl,

1902 858 2027 914 dum
2072 859 2204 913 dicit
2233 878 2244 913 :
2277 861 2413 916 Ecce
2436 862 2724 919 Itzrreditas
2754 865 2971 920 Domini
3014 866 3105 922 ﬁlii
3136 884 3344 924 morees
3381 869 3493 927 fru-

1902 962 2019 1007 ctus
2048 955 2272 1009 ventris.
2303 954 2421 1024 ipsa
2465 954 2641 1024 itaque
2675 957 2885 1012 Domini
2913 968 2997 1013 est
3036 961 3321 1017 ba'reditas
3350 963 3401 1018 in
3434 962 3493 1017 ﬁ-

1901 1045 2010 1114 liis,
2039 1064 2197 1118 quam
2230 1064 2327 1118 pro
2355 1051 2602 1104 mercede
2634 1049 2838 1106 fructus
2858 1053 3062 1107 ventris
3094 1054 3345 1124 indeptus
3376 1066 3491 1113 est:

1903 1140 2021 1209 quia
2048 1140 2285 1194 salvator
2321 1140 2526 1195 fructus
2552 1154 2631 1195 εει
2656 1142 2878 1206 ventris,
2902 1144 3053 1211 cujus
3076 1145 3260 1215 utique
3283 1160 3493 1202 merces

1901 1243 2003 1299 est,
2039 1242 2097 1289 ut
2134 1234 2183 1289 ei
2216 1244 2403 1305 gentes
2434 1234 2720 1289 lta‘reditas
2768 1235 2897 1301 sint,
2930 1250 3062 1301 quas
3090 1253 3185 1307 per
3216 1238 3372 1294 ﬁdem
3399 1253 3492 1309 ge-

1902 1335 2057 1380 nerat
2084 1326 2135 1380 in
2163 1326 2322 1380 ﬁlios.
2352 1324 2571 1393 Sagitta:
2593 1338 2769 1381 autem
2796 1327 3023 1396 apostoli
3052 1339 3197 1384 recte
3217 1331 3493 1398 appellan-

1902 1426 2007 1479 tur,
2042 1418 2132 1487 qui
2168 1418 2353 1473 Orbem
2386 1430 2541 1473 terrae
2572 1418 2724 1489 quasi
2770 1420 2952 1473 volatu
2985 1432 3351 1489 peragrantes,
3394 1424 3492 1477 do—

1901 1512 2070 1568 ctrina
2098 1528 2191 1567 sua
2235 1513 2526 1567 inﬁdelium
2557 1512 2718 1566 corda
2764 1521 3308 1584 penetrarunt:quos
3352 1515 3492 1570 tilins

1903 1619 2277 1667 extussorum,
2322 1606 2373 1659 id
2414 1615 2519 1669 est,
2547 1604 2956 1673 prophetarum,
2995 1606 3197 1675 optime
3229 1608 3490 1677 propheta

1902 1695 2167 1765 designat.
2196 1696 2326 1751 Nam
2356 1697 2539 1767 utique
2561 1712 2682 1752 cum
2708 1697 2757 1751 in
2784 1696 3064 1763 prophetia
3090 1714 3185 1752 sua
3213 1700 3491 1755 excutiun-

1905 1796 1993 1840 tur
2024 1788 2323 1858 prophetse,
2353 1788 2477 1858 quid
2509 1788 2648 1842 aliud
2678 1789 2728 1841 in
2758 1788 2865 1841 illis
2898 1788 2997 1841 nisi
3030 1788 3230 1843 inventi
3262 1790 3489 1856 apostoli

274 1879 442 1953 Resp.
473 1880 791 1950 Quindecim
816 1877 1088 1951 quondam
1122 1879 1399 1949 gradibus,
1430 1878 1568 1933 sicut
1604 1884 1793 1932 osten-
1826 1872 1875 1934 B
1904 1880 2345 1933 ntauil'estantur?
2378 1882 2627 1935 lixt-nssis
2660 1881 2836 1947 itaque
2868 1879 3164 1949 prophetis,
3201 1884 3320 1947 quia
3360 1896 3489 1951 apo.

200 1972 281 2027 dit
316 1973 566 2039 historia,
612 1974 1008 2029 ascendebatur
1042 1972 1092 2026 iu
1143 1971 1403 2041 templum
1442 1987 1454 2023 :
1489 1981 1649 2039 atque.
1676 1969 1798 2025 ideo

202 2062 259 2118 lii
300 2063 498 2134 psalmi
543 2064 853 2134 quindecim
896 2064 1091 2119 cantici
1129 2064 1392 2132 graduum
1445 2062 1797 2128 inscriptione

197 2156 522 2227 signantur.
554 2157 696 2227 quod
726 2172 822 2211 nos
853 2172 949 2225 per
976 2158 1240 2228 quos-dant
1262 2155 1540 2224 prolectus
1572 2156 1639 2211 ad
1665 2155 1795 2211 sub-

196 2248 351 2304 limia
379 2249 709 2319 spiritalium
738 2265 915 2305 rerum
940 2252 1300 2320 provectiotie
1334 2248 1651 2319 perducant.

271 2339 392 2395 Int.
420 2342 663 2413 Sagittae,
688 2343 882 2409 inquit,
915 2342 1135 2410 potentis
1157 2352 1325 2395 acuta:
1351 2356 1466 2394 cum
1491 2339 1796 2393 carbonibus

196 2432 534 2488 desolatoriis
560 2432 676 2507 (Ps.
712 2449 859 2500 cxtx,
882 2432 976 2504 4);
1004 2449 1129 2504 qua:
1188 2433 1349 2502 hujus
1379 2446 1567 2488 versus
1599 2430 1797 2487 intelli-

194 2528 387 2597 gentia
411 2526 541 2582 est?

267 2618 435 2692 Resp.
479 2619 703 2689 S‘Igittte
759 2619 1001 2690 potentis
1025 2618 1189 2674 verba
1233 2617 1448 2672 Domini
1496 2625 1640 2678 sunt,
1674 2631 1796 2687 qute

195 2711 471 2769 charitate
492 2713 613 2783 ejus
644 2713 808 2769 corda
838 2724 1020 2769 nostra
1049 2712 1344 2782 conﬁgunt.
1366 2712 1639 2767 Carbones
1666 2726 1795 2766 vero

196 2804 526 2860 desolatorii
554 2816 713 2874 sunt,
753 2807 843 2877 qui
879 2818 1095 2873 peccata
1132 2806 1463 2871 ἀξεευινυιιι,
1495 2804 1795 2860 secundum

195 2896 361 2953 illum
394 2897 666 2953 carbonem
698 2896 853 2953 Isaia
876 2900 1140 2970 propheta:
1173 2902 1283 2967 (γι,
1311 2896 1391 2968 6),
1425 2897 1514 2967 qui
1559 2896 1624 2951 ad
1654 2897 1795 2952 labia

194 2990 327 3062 ejus
381 2992 650 3057 defertur,
682 3002 741 3048 ut
797 3004 990 3063 purget
1027 2994 1195 3059 vitia,
1251 3008 1370 3064 qua:
1422 3001 1771 3049 conzraxerat

196 3086 288 3143 vel
324 3086 623 3156 loquendo,
652 3087 735 3142 vel
763 3090 833 3141 ob
863 3087 1109 3143 timorem
1145 3088 1397 3142 tacendo.

263 3177 382 3235 Int.
415 3178 557 3248 Quid
587 3180 690 3235 sibi
716 3180 834 3234 vult
860 3179 1005 3249 quod
1035 3179 1291 3235 scribitur
1331 3196 1344 3233 :
1390 3178 1525 3233 Ecce
1547 3195 1646 3233 non
1674 3180 1796 3233 dor-

1901 1972 2024 2027 stoli
2072 1973 2311 2043 generati
2344 1983 2493 2037 sunt,
2526 1983 2671 2027 recte
2710 1972 3047 2042 appellantur
3087 1970 3185 2025 ﬁlii
3230 1986 3487 2028 excusso-

1899 2083 2043 2122 I'Ulll.

1971 2159 2079 2215 lat.
2105 2159 2239 2229 Quid
2273 2168 2354 2215 est
2380 2159 2519 2229 quod
2544 2158 2801 2227 legimus:
2830 2158 2975 2214 Sicut
3000 2158 3306 2213 ablactatum
3335 2172 3489 2227 super

1898 2264 2060 2308 matre
2084 2272 2199 2323 sua,
2232 2256 2305 2307 ita
2334 2254 2570 2308 retribuis
2601 2255 2651 2305 in
2675 2254 2847 2305 anima
2873 2267 2984 2305 mea
3013 2249 3141 2322 (Ps.
3169 2266 3330 2313 esss,
3353 2249 3388 2303 2
3410 2250 3466 2322 )?

1971 2348 2130 2419 Resp.
2168 2348 2374 2403 Animze
2405 2356 2603 2401 nostra:
2631 2347 2919 2400 ablactatio
2949 2358 3055 2410 εει,
3079 2360 3201 2399 cum
3232 2344 3302 2398 ab
3330 2343 3485 2415 igno-

1897 2440 2074 2495 rantia
2106 2439 2342 2492 infantiae
2368 2437 2430 2491 ad
2463 2436 2758 2506 perfectum
2786 2437 2965 2491 cibum
2995 2436 3118 2489 vitae
3145 2450 3489 2490 consumma-

1900 2535 2046 2588 tione
2088 2549 2281 2587 sensus
2325 2534 2574 2601 erigitur.
2610 2531 2777 2602 lgitur
2805 2546 2965 2597 sttpra
3003 2530 3210 2585 dixerat
3242 2549 3253 2583 :
3285 2529 3340 2585 Si
3381 2546 3489 2587 non

1900 2627 2177 2681 ltumiliter
2200 2627 2525 2690 sentiebam,
2562 2625 2611 2679 itl
2640 2636 2745 2689 est,
2769 2623 2987 2678 humilia
3017 2634 3071 2678 et
3099 2633 3310 2679 terrena
3341 2625 3487 2694 cogi.

1901 2720 2076 2773 tabam
2111 2737 2122 2772 :
2150 2720 2243 2773 sed
2274 2718 2502 2773 exaltavi
2533 2719 2766 2770 animam
2803 2733 2996 2783 nteant,
3034 2716 3135 2770 hoc
3164 2730 3268 2780 est,
3303 2717 3397 2771 sed
3420 2715 3491 2774 ad

1898 2813 2136 2868 caelestia
2169 2821 2347 2867 tneutc
2393 2810 2644 2866 contendi
2674 2830 2686 2865 :
2717 2810 2832 2865 haec
2862 2812 2989 2864 mihi
3034 2808 3128 2862 ﬁat
3162 2809 3446 2864 retributio
3467 2850 3486 2879 ,

1898 2914 1960 2959 ut
1988 2906 2219 2959 anituatn
2246 2920 2419 2959 meam
2446 2903 2750 2959 intellectus
2772 2903 3166 2959 consummatio
3191 2917 3489 2974 consequa-

1900 3007 2007 3051 lttr.

1970 3087 2078 3143 lnt.
2110 3087 2322 3152 Beatus,
2357 3087 2548 3157 inquit,
2580 3087 2668 3157 qui
2710 3088 2935 3140 restituet
2965 3086 3057 3141 tibi
3084 3089 3218 3159 quod
3249 3098 3303 3143 tu
3343 3088 3489 3143 resti-

1897 3182 2038 3235 tuisti
2085 3180 2228 3234 nobis
2259 3179 2382 3252 (Ps.
2415 3195 2632 3247 cxxnt,
2682 3178 2786 3249 8):
2828 3181 2948 3251 quis
2978 3180 3062 3236 hic
3110 3179 3490 3259 intelligendus

193 3276 422 3341 mitubit,
448 3290 608 3346 neque
637 3274 856 3329 dormiet
875 3276 964 3347 qui
984 3276 1203 3329 custodit
1229 3274 1393 3328 lsrael
1419 3271 1533 3343 (Ps.
1555 3287 1679 3339 cxx,
1702 3273 1797 3342 4)?
1825 3249 1873 3314 (ἶ
1903 3282 1983 3327 est
2013 3273 2036 3327 ?

264 3365 435 3437 Resp.
486 3365 732 3421 Dormire
774 3366 1044 3421 interdum
1090 3368 1141 3420 itt
1189 3365 1485 3434 Scriplut'is
1534 3365 1797 3421 Dominus

192 3457 432 3523 dicitur,
462 3472 585 3513 cum
618 3458 671 3513 in
706 3458 862 3513 nobis
893 3458 1071 3528 potius
1102 3458 1234 3513 lides
1259 3458 1479 3524 dormit,
1510 3470 1562 3512 et
1588 3456 1797 3512 dormi-

191 3560 405 3609 tantem
449 3552 722 3608 inﬁdelem
766 3553 1044 3622 relinquit.
1090 3552 1273 3607 Nescit
1316 3568 1446 3606 vero
1486 3551 1579 3605 ille
1605 3551 1795 3607 deesse

192 3644 567 3714 quaerentibus
598 3660 678 3709 se,
704 3659 809 3699 non
839 3644 991 3699 novit
1017 3644 1260 3699 dormire
1288 3644 1659 3713 vigilantibus.

261 3732 378 3789 lat.
405 3734 660 3806 Legimus
689 3734 740 3789 in
771 3738 977 3804 psalmo
1000 3734 1169 3804 (cui,
1219 3736 1276 3805 5)
1307 3735 1377 3789 de
1402 3735 1738 3790 llicrusalem
1767 3750 1781 3789 :

191 3828 361 3900 Cujus
404 3829 734 3900 participatio
776 3831 888 3896 eius
918 3830 971 3882 in
1003 3829 1234 3898 idipsum
1266 3844 1285 3882 :
1315 3829 1442 3900 quid
1474 3830 1560 3885 hic
1587 3845 1785 3900 seque-

200 3922 379 3977 mur?

262 4015 432 4087 Resp.
464 4014 616 4084 Quod
640 4014 872 4071 diversa:
903 4025 1086 4085 partes
1114 4029 1274 4069 unam
1304 4016 1640 4070 constituant
1667 4015 1795 4071 civi-

191 4116 401 4174 tatem,
431 4108 518 4164 vel
546 4106 761 4163 diversa
783 4108 1027 4163 membra
1058 4123 1222 4163 unum
1247 4107 1461 4163 Domini
1488 4122 1689 4178 corpus
1714 4106 1795 4163 el-

190 4200 409 4259 ﬁciant.

261 4290 380 4347 Int.
414 4291 551 4360 Quid
590 4292 933 4349 sentiendum
976 4300 1059 4348 est
1089 4291 1156 4347 de
1188 4308 1256 4348 eo
1300 4292 1443 4362 quod
1492 4292 1789 4349 scribitur:

195 4381 457 4439 Forsitan
504 4385 867 4453 pertransisset
910 4385 1087 4439 anima
1134 4395 1311 4439 nostra
1340 4402 1531 4457 aquam
1574 4388 1791 4442 immen-

188 4491 308 4529 sam
333 4473 452 4544 (Ps.
483 4490 677 4544 cunt,
710 4475 807 4547 5)?

262 4565 428 4638 Resp.
459 4565 707 4623 Forsitan
777 4568 830 4623 in
867 4567 1061 4624 Graeco
1093 4567 1352 4639 scriptum
1388 4578 1465 4625 est
1501 4570 1622 4648 ἄρα,
1648 4571 1793 4642 quod

1974 3366 2133 3432 Resp.
2164 3364 2409 3421 Psalmus
2432 3364 2517 3420 hic
2537 3365 2679 3420 etde
2702 3366 3008 3435 captivitate
3032 3365 3342 3423 Judreoru'm
3366 3383 3487 3425 cum

1901 3457 1953 3511 in
1985 3458 2313 3528 Babylonem
2342 3457 2487 3513 ducti
2518 3469 2664 3524 sunt,
2690 3469 2744 3511 ct
2771 3458 2838 3511 de
2871 3440 3242 3524 peccatoribus
3271 3462 3359 3530 qui
3393 3476 3488 3517 es-

1901 3549 2041 3620 pulsi
2073 3549 2141 3603 ab
2171 3548 2415 3603 Ecclesia
2446 3548 2748 3603 confusioni
2791 3550 3100 3613 traduntur,
3136 3551 3360 3623 intelligi
3395 3568 3489 3624 po-

1901 3651 2021 3696 test.
2059 3640 2154 3695 llic
2188 3655 2315 3709 ergo
2344 3641 2634 3695 secundum
2669 3639 2975 3705 historiam,
3023 3651 3079 3694 ιη
3114 3643 3327 3709 quidam
3372 3643 3489 3713 opi-

1900 3746 2117 3796 nautur,
2143 3733 2474 3801 signiﬁcatur
2491 3731 2664 3803 Cyrus
2686 3748 2800 3792 rex,
2824 3735 2912 3800 qui
2933 3732 3069 3786 ltanc
3092 3735 3485 3789 restitutionem

1897 3825 2157 3881 subversa
2206 3824 2483 3895 Babylone
2533 3823 2784 3887 restituit,
2821 3832 2873 3878 et
2921 3839 3087 3891 usque
3126 3824 3190 3877 ad
3235 3825 3487 3891 parvulos

1897 3917 2016 3986 ejus
2044 3916 2152 3969 illic
2200 3916 2345 3967 ωηιιί
2378 3915 2746 3968 iutct-tu-cioite
2773 3914 3042 3969 desawiit.
3073 3915 3331 3970 Interiure
3356 3931 3487 3971 vero

1898 4026 2083 4074 sensu,
2111 4009 2370 4081 Babyloni
2394 4010 2562 4065 \iecnt
2584 4010 2675 4065 ille
2699 4011 2934 4064 restituit
2964 4012 3053 4080 qui
3077 4027 3193 4065 eam
3217 4013 3484 4076 captivam

1896 4100 2065 4163 ducit,
2100 4116 2219 4172 qua:
2249 4118 2309 4157 se
2343 4101 2490 4171 prius
2515 4103 2771 4157 habuerat
2804 4103 3007 4173 peccati
3041 4102 3158 4172 lege
3192 4106 3482 4172 captivam,

1897 4205 1952 4249 et
1994 4194 2216 4250 exordia
2258 4196 2510 4249 vitiorum
2540 4195 2605 4249 ad
2637 4205 2865 4266 petram,
2906 4211 3027 4265 qua:
3068 4204 3153 4249 est
3196 4195 3482 4265 Christus,

1897 4288 2070 4343 e‘idit.

1968 4377 2075 4433 Int.
2118 4378 2272 4448 Saepe
2312 4378 2365 4432 in
2396 4378 2689 4448 Srripturis
2718 4377 2915 4433 dicitur
2948 4395 2961 4431 :
2999 4379 3309 4436 Conlitebor
3348 4379 3475 4449 tibi,

1896 4470 2123 4527 Domine
2146 4470 2407 4541 :qualiler
2438 4472 2538 4527 hoc
2566 4471 2970 4541 intelligendum
3001 4472 3120 4526 est?

1971 4562 2132 4631 Resp.
2163 4563 2278 4619 Non
2304 4579 2519 4635 semper
2550 4565 2915 4633 pmnitentiatn
2949 4560 3485 4634 videtur'signiﬁcare

149 4688 152 4693 -
189 4660 390 4718 Latine
416 4660 755 4716 tnanilestius
797 4661 1188 4733 interpretatur
1216 4674 1393 4735 putas,
1423 4673 1479 4718 ut
1502 4631 1567 4720 sit
1596 4631 1792 4722 sensus
1823 4631 1877 4692 Β
1900 4656 2192 4712 confessio.
2224 4655 2356 4710 Nam
2385 4657 2686 4711 conlitebor
2717 4656 2985 4710 interdum
3017 4655 3230 4723 ponitur
3253 4669 3350 4725 pro
3372 4655 3484 4710 lau-

188 4754 343 4811 iste:
377 4753 545 4810 Putas
583 4756 972 4825 pertransisset
1018 4756 1199 4810 anima
1240 4769 1425 4811 nostra
1461 4772 1653 4830 aquam
1688 4758 1791 4815 int-

190 4861 466 4912 mensam,
491 4846 590 4901 nisi
625 4846 889 4903 Dominus
915 4846 1110 4903 fuisset
1134 4852 1184 4903 in
1218 4849 1405 4904 nobis?

263 4936 377 4993 Int.
410 4937 548 5005 Quid
576 4948 664 4994 est
699 4938 840 5009 quod
884 4940 1136 4995 scribitur
1160 4957 1174 4994 :
1202 4939 1480 5007 Converte,
1530 4938 1748 4997 Domine
1769 4984 1786 5009 ,

189 5031 539 5101 captivitatem
582 5040 841 5099 nostram,
889 5032 1022 5086 sicut
1068 5040 1269 5088 torrens
1313 5034 1367 5087 in
1414 5032 1604 5089 Austro
1657 5033 1783 5107 (Ps.

189 5138 367 5189 cxxv,
399 5124 503 5195 4)?

264 5211 426 5279 Resp.
461 5212 793 5269 Exsultantis
822 5216 1020 5269 animae
1058 5230 1164 5271 vox
1194 5225 1299 5281 est,
1329 5225 1386 5271 et
1423 5232 1492 5273 ex
1529 5218 1781 5274 vitiorum

186 5303 425 5360 vinculis
471 5304 524 5360 in
563 5305 862 5362 libertatem
907 5308 1427 5380 conversionemque
1468 5310 1780 5378 redeuntis,

186 5408 295 5461 qua
336 5395 601 5466 postulat,
632 5408 692 5452 ut
716 5398 787 5452 ita
819 5396 1017 5453 divinm
1048 5399 1416 5455 miserationis
1456 5403 1785 5471 aspiratione

186 5499 258 5540 ex
302 5496 649 5554 peccatorum
678 5489 991 5558 captivitate
1037 5490 1299 5556 solvatur,
1340 5492 1475 5548 sicut
1512 5495 1782 5551 tonstricti

188 5574 367 5646 glacie
392 5588 660 5635 torrentes
691 5580 875 5635 Austri
904 5589 1090 5650 tepore
1121 5581 1427 5638 solvuntur.

265 5669 372 5728 lnt.
405 5672 655 5739 Qualiter
691 5674 1100 5746 intelligendum
1131 5688 1214 5733 est
1254 5677 1385 5732 illttd
1419 5696 1431 5731 :
1468 5677 1599 5733 Ecce
1627 5680 1785 5735 luere-

190 5769 329 5820 ditas
358 5763 569 5820 Domini
590 5768 687 5834 lilii
712 5784 902 5823 merces
930 5770 1128 5840 {ructus
1153 5770 1340 5824 centris
1371 5783 1390 5822 :
1414 5770 1544 5822 sicut
1582 5772 1784 5841 sagittw

188 5856 250 5916 its
270 5873 435 5918 manu
456 5862 699 5931 potentis,
725 5862 799 5917 ita
822 5862 921 5930 ﬁlii
949 5879 1277 5920 escussorum
1307 5860 1443 5933 (Ps.
1472 5878 1655 5933 cuvt,
1684 5866 1717 5921 5
1736 5863 1781 5933 )‘t

1896 4748 2061 4815 dabo,
2095 4749 2179 4804 vel
2214 4764 2311 4819 pro
2340 4750 2540 4818 gratias
2567 4763 2746 4818 agam,
2771 4748 2855 4803 vel
2898 4762 2994 4818 pro
3024 4746 3339 4818 gloriﬁeabo
3374 4746 3481 4803 Do-

1896 4843 2122 4899 minuto.

1964 4934 2075 4989 Int.
2108 4933 2471 5004 Imperfectum
2499 4947 2686 4995 meum,
2718 4931 2916 5001 inquit,
2952 4931 3186 4985 viderunt
3210 4928 3348 4984 oculi
3374 4929 3484 4985 tui:

1892 5036 1940 5082 et
1963 5028 2017 5081 in
2038 5026 2165 5080 libro
2187 5035 2275 5079 tuo
2296 5041 2468 5079 omnes
2491 5024 2777 5078 scribentur
2797 5023 2818 5093 (
2838 5022 2933 5078 Ps.
2960 5037 3191 5090 cxxxu,
3217 5023 3284 5078 lli
3301 5022 3342 5092 ):
3367 5037 3488 5093 qua

1891 5121 1978 5176 hic
2006 5120 2363 5189 signiﬁcantia
2394 5117 2519 5173 est?

1962 5212 2122 5284 Resp.
2151 5210 2301 5267 Oculi
2336 5210 2546 5267 Domini
2571 5208 2941 5283 imperfectum
2979 5218 3221 5264 nostrum
3264 5204 3487 5276 vident,

1892 5308 2015 5378 quia
2040 5307 2176 5362 Deus
2199 5306 2472 5361 hominem
2497 5308 2659 5361 etiam
2684 5307 2997 5376 priusquam
3023 5304 3288 5358 formetur
3328 5316 3488 5373 agno-

1893 5401 2014 5456 scit.
2051 5401 2118 5455 Et
2144 5400 2303 5456 aliter
2332 5418 2348 5455 :
2382 5398 2758 5470 Imperfectum
2813 5406 3058 5454 nostrum
3104 5397 3286 5452 vide-nt
3336 5396 3484 5453 oculi

1896 5493 2010 5556 Dei,
2041 5493 2161 5562 quia
2190 5494 2543 5565 cogitationes
2584 5502 2798 5549 nostras
2841 5491 3007 5547 etiam
3040 5500 3332 5561 antequam
3366 5503 3488 5559 per-

1890 5587 2137 5642 ﬁciantur
2166 5587 2491 5658 introspicit.
2526 5587 2579 5641 In
2620 5587 2757 5642 libro
2799 5596 2977 5641 autern
3033 5584 3151 5651 ejus
3176 5582 3487 5638 scribentur

1887 5696 2100 5750 omnes,
2132 5682 2260 5753 quia
2283 5698 2470 5737 omnes
2499 5681 2745 5735 homines
2776 5695 2880 5734 non
2906 5680 3111 5748 absque
3140 5676 3258 5746 ejus
3288 5677 3485 5730 volun-

1888 5782 1996 5829 tate
2038 5786 2350 5839 nascnntur,
2398 5775 2480 5829 vel
2531 5788 2719 5828 omnes
2751 5773 3054 5829 voluntates
3102 5781 3306 5826 nostra)
3338 5767 3482 5843 apud

1886 5882 2007 5925 cum
2052 5868 2362 5937 plenissime
2405 5865 2807 5923 describuntur.
2851 5864 3106 5938 Sequitur
3143 5859 3483 5923 autemzbie
