4024 6336
575 366 677 426 πο

1554 357 1609 415 S.
1652 352 1983 413 EDCHERII
2018 346 2499 411 LUGDL’NENSiS
2536 345 2846 406 EPISCOPI

3739 349 3834 412 800

574 488 819 551 sumptus
861 478 951 542 sit,
1001 487 1101 544 pro
1144 470 1387 543 ejusdem
1424 468 1700 524 voluntate
1744 465 2047 538 pertulerit,
2097 472 2155 519 ut
2180 468 2229 526 Α
2258 461 2477 531 quinque
2505 459 2557 511 in
2586 458 2739 512 domo
2766 473 2870 511 una
2899 458 3071 551 divisi,
3110 468 3213 512 tres
3241 460 3295 513 in
3325 458 3429 515 duo
3455 467 3504 515 et
3530 461 3640 516 duo
3667 461 3718 516 in
3745 454 3853 522 tres

571 572 797 629 Verbum
833 567 963 625 illud
990 565 1135 639 quod
1164 565 1217 619 iu
1256 562 1523 636 principio
1554 560 1694 631 apud
1727 560 1893 615 Deum
1941 559 2155 614 Patrem

574 674 713 728 erat,
740 660 1053 715 inviolatum
1083 659 1569 725 intemeratumque
1602 652 1958 725 permanserit
1984 668 1997 706 :
2026 666 2158 721 ergo

575 754 702 810 illud
725 750 938 822 injuria:
968 750 1262 804 obnoxium
1292 748 1411 815 fuit,
1443 745 1587 817 quod
1619 760 1717 814 pro
1746 749 1975 799 humana
2009 744 2159 797 inllr-

574 848 760 901 tnitate
804 842 1315 913 strseeperatzillud
1363 855 1493 896 vero
1543 842 1909 908 incorruptum
1940 835 2153 900 mansit,

575 936 717 1007 quod
741 936 925 991 divina
953 936 1231 991 aeternitas
1264 932 1596 1002 possidebat.

1237 1041 1289 1081 IN
1338 1040 1469 1081 ιυω
1480 1065 1493 1079 .

647 1129 756 1175 snt.
789 1121 929 1190 Quid
967 1128 1053 1176 est
1080 1119 1222 1190 quod
1252 1118 1509 1173 scribitur
1539 1117 1590 1172 in
1621 1116 1763 1172 Luca
1806 1116 1874 1171 de
1903 1116 2162 1171 Zacharia

579 1214 879 1279 sacerdote,
910 1212 1051 1283 quod
1082 1220 1228 1268 esset
1251 1212 1317 1266 de
1343 1213 1457 1265 vice
1485 1210 1618 1265 Abia
1649 1208 1811 1283 (Luc.
1838 1225 1877 1273 ι,
1909 1209 2021 1281 5)?

651 1307 811 1375 Resp.
851 1305 1046 1377 Viginti
1086 1314 1307 1375 quatuor
1334 1304 1557 1357 sortibus
1596 1304 1648 1355 in
1677 1302 2011 1355 ministerium
2039 1310 2166 1355 tent-

532 1383 540 1392 .
579 1399 655 1471 pli
700 1400 961 1455 distributi
1004 1400 1203 1469 fuerant
1234 1397 1521 1450 sacerdotes
1554 1396 1605 1465 (I
1640 1394 1767 1450 Par.
1802 1409 1948 1460 xxrv,
1980 1394 2076 1463 7),
2110 1403 2168 1447 ut

581 1492 770 1548 ordine
799 1492 929 1547 vicis
955 1506 1066 1546 sure
1097 1492 1325 1560 quisque
1351 1490 1673 1544 sacerdotali
1707 1489 2023 1558 fungeretur
2052 1487 2167 1542 olli-

583 1584 669 1639 cio
698 1602 712 1638 :
740 1585 792 1639 in
825 1585 924 1639 hoc
953 1598 1081 1653 ergo
1126 1583 1316 1635 ordine
1348 1593 1595 1636 octavam
1635 1590 1838 1635 sortem
1885 1582 2022 1636 Abia
2072 1580 2167 1635 ha-

587 1675 722 1745 buit,
749 1676 816 1730 de
841 1691 943 1747 qua
976 1677 1090 1729 vice
1121 1673 1163 1729 Z
1183 1675 1415 1727 teharias
1446 1674 1704 1728 sacerdos
1730 1672 1847 1727 fuit.

658 1767 767 1823 Int.
799 1769 901 1836 Qui
934 1768 1010 1822 illi
1038 1777 1159 1821 sunt
1186 1765 1276 1836 qui
1318 1765 1372 1820 in
1403 1765 1700 1833 Scripluris
1745 1766 1917 1820 sacris
1949 1765 2165 1820 nomina

590 1868 874 1931 antequam
905 1869 1253 1914 nascerentur
1283 1857 1643 1928 acceperunt?

660 1952 815 2021 Resp.
846 1952 901 2005 In
933 1968 1072 2005 novo
1089 1950 1457 2017 Testamento,
1482 1962 1678 2019 praeter
1695 1949 2052 2016 Salvatorem,
2085 1946 2187 2003 so-'

591 2043 698 2101 lum
732 2043 960 2113 legimus
996 2042 1291 2111 Baptistam
1324 2044 1586 2097 Joannem
1617 2060 1630 2098 ε
1662 2041 1718 2094 In
1748 2043 1915 2096 veteri
1946 2053 2172 2112 quatuor

589 2142 734 2199 sunt,
763 2134 910 2189 Isaac
942 2132 1098 2200 (Gen.
1140 2147 1278 2197 xvtr,
1323 2134 1431 2202 l9),
1479 2132 1665 2187 lsmael
1712 2130 1867 2205 (Gen.
1895 2149 2007 2199 xvi,
2059 2133 2169 2201 li),

591 2226 867 2290 Salomon,
894 2227 979 2281 vel
1008 2227 1181 2281 .losias
1204 2226 1293 2296 (lll
1325 2226 1450 2295 Reg.
1478 2242 1593 2293 xm,
1615 2225 1672 2297 9)
1699 2228 1786 2296 qui
1810 2237 1934 2281 ortu
1965 2226 2175 2282 videan-

591 2331 679 2373 tur
712 2318 951 2388 iuniores
991 2334 1299 2385 essequam
1335 2320 1573 2373 rinrninc.

663 2406 774 2463 Int.
804 2409 884 2463 Ad
909 2409 1197 2465 adventum
1225 2410 1415 2464 matris
1446 2410 1683 2477 Domini,
1712 2410 1982 2478 quomodo
2008 2410 2173 2466 Joan-

592 2515 688 2557 nes
736 2501 912 2556 adhuc
959 2516 1121 2556 sensu
1170 2517 1361 2557 carens
1391 2501 1447 2556 in
1479 2512 1633 2556 utero
1688 2502 1859 2572 potuit
1905 2504 2176 2559 exsultare

593 2605 836 2651 materno
879 2594 1034 2667 (Luc.
1067 2610 1107 2660 r,
1134 2594 1262 2665 45)?
1448 2582 1457 2588 ’

663 2688 826 2757 Resp.
884 2689 995 2742 lloc
1026 2688 1212 2743 matris
1260 2688 1432 2759 magis
1470 2702 1630 2743 sensu
1673 2689 1757 2743 vel
1784 2688 1979 2758 gaudio
2006 2702 2035 2743 a
2060 2690 2177 2760 qni-

594 2781 820 2836 busdam
847 2779 1042 2834 factum
1066 2780 1381 2840 :rstinmtur.
1416 2792 1470 2834 ut
1513 2781 1674 2835 etiam
1704 2780 2048 2836 interiorilms
2076 2797 2176 2852 po-

595 2872 759 2929 tuerit
783 2873 1056 2928 exsultare
1078 2873 1398 2927 visceribus.
1424 2877 1529 2929 Aut
1557 2886 1705 2929 certe
1734 2875 1777 2928 si
1807 2875 1906 2929 hoc
1928 2875 1992 2928 ad
2016 2874 2180 2930 Joan-

595 2981 718 3022 nem
751 2965 928 3035 potius
956 2966 1159 3021 rcfetre
1192 2966 1399 3035 placet,
1429 2967 1570 3021 inter
1600 2968 1854 3022 miracula
1883 2968 2062 3022 divina
2095 2983 2179 3023 re-

596 3059 889 3129 putandum
919 3069 1024 3125 est,
1057 3058 1195 3111 sicut
1217 3067 1269 3113 ct
1296 3058 1447 3125 illud,
1468 3075 1584 3113 cunt
1613 3075 1710 3113 vox
1738 3060 1896 3115 asina:
1918 3060 1970 3114 in
1995 3076 2179 3115 sonum

595 3152 843 3207 sermonis
865 3152 1029 3222 erupit
1053 3149 1242 3221 (Num.
1274 3166 1411 3218 xxu,
1446 3151 1565 3219 28).

2259 552 2577 615 dividentur;
2617 551 2844 622 paterin
2877 550 3067 616 ﬁlium,
3105 560 3152 602 et
3176 550 3404 619 ﬁliusju
3436 563 3639 622 patrem
3662 570 3835 624 suum;

2258 655 2419 698 mater
2448 644 2500 696 in
2536 643 2697 711 filiani
2717 683 2731 707 ,
2758 652 2805 697 et
2834 643 2945 711 [ilia
2978 642 3030 694 in
3074 656 3321 709 matrem,
3372 660 3555 698 socrus
3583 646 3636 697 in
3666 663 3835 701 nurum

2257 751 2425 801 suam,
2456 743 2503 788 et
2534 751 2693 788 nurus
2723 736 2775 787 in
2804 750 3008 788 socrum
3059 751 3205 787 suam
3242 734 3408 804 (Luc.
3440 752 3535 799 ιιι.
3567 735 3682 807 ΞΞ).
3714 738 3834 807 Quid

2259 828 2513 898 estquod
2543 844 2664 882 eum
2719 830 2974 899 superius
3027 829 3267 898 quinque
3315 830 3560 884 videatur
3609 834 3835 897 posuisse

2261 936 2559 991 personas,
2590 936 2686 976 sex
2732 922 2784 975 in
2832 920 3287 990 subsequentibus
3332 937 3453 975 cum
3497 936 3836 992 personarum

2262 1016 2655 1087 signiﬁcatione
2684 1015 2957 1085 subjecit?

2337 1109 2495 1175 Resp.
2523 1108 2691 1162 Mater
2720 1118 2773 1162 et
2799 1122 2989 1163 socrus
3043 1106 3233 1162 eadem
3264 1105 3494 1177 intelligi
3525 1116 3709 1179 potest
3738 1123 3839 1177 qua:

2265 1216 2362 1271 per
2396 1202 2558 1255 liliam
2587 1208 2643 1255 et
2686 1217 2878 1254 nttrutn
2911 1201 3123 1256 duobus
3169 1201 3241 1256 sit
3266 1202 3589 1272 compcllata
3622 1202 3837 1257 nomini~

2268 1296 2404 1350 bus:
2456 1310 2518 1350 ac
2560 1294 2784 1365 perinde
2817 1304 2872 1350 et
2902 1294 2957 1349 in
3003 1295 3353 1364 subsequenti
3402 1296 3646 1367 quinque
3690 1296 3842 1354 videri

2270 1397 2451 1458 ροιρει
2482 1402 2741 1443 numerus
2773 1402 3149 1457 personarum.

2341 1482 2448 1537 Int.
2491 1483 2545 1536 ltt
2574 1482 2826 1551 parabola
2869 1481 3056 1536 Lazari
3086 1490 3139 1537 et
3170 1480 3353 1537 divitis
3395 1483 3691 1553 aliquanta:
3722 1498 3844 1553 qua!-

2269 1572 2491 1629 stiones'
2520 1575 2823 1628 incurrunt.
2871 1574 2979 1628 Ant
3014 1574 3288 1645 quomodo
3319 1573 3474 1628 dives
3500 1575 3552 1628 in
3579 1577 3845 1631 tormentis

2270 1667 2341 1722 sit
2370 1676 2495 1721 ante
2519 1667 2779 1736 judicium
2830 1665 2981 1737 (Luc.
3018 1682 3132 1730 va,
3174 1668 3292 1735 i9);
3338 1678 3430 1722 aut
3468 1670 3746 1737 quomodo
3780 1669 3845 1723 di-

2270 1760 2411 1829 gitus
2442 1759 2629 1813 Lazari
2660 1758 2871 1812 dicatur
2920 1756 3073 1823 (Luc.
3110 1774 3226 1823 xvr,
3272 1757 3395 1829 ‘24);
3448 1759 3715 1821 numquid
3742 1775 3846 1814 θυι-ο

2198 1836 2247 1897 Β
2274 1867 2403 1920 pora
2437 1852 2575 1919 apud
2624 1851 2821 1903 inl‘eros
2851 1849 2990 1914 sint;
3022 1860 3111 1903 aut
3159 1850 3273 1919 ipse
3318 1866 3513 1921 aquam
3545 1850 3846 1915 desideret;

2275 1943 2531 2013 numquid
2564 1944 2706 1997 sitim
2737 1942 2983 2011 corporis
3006 1942 3315 1998 sentiebat?

2348 2036 2504 2107 Resp.
2533 2035 2658 2089 [ch
2688 2035 2869 2089 omnia
2900 2034 3199 2089 secundum
3232 2049 3326 2091 eos
3354 2035 3582 2091 allectus
3607 2037 3851 2106 loquitur,

2276 2143 2413 2199 quos
2462 2126 2751 2197 aliquando
2802 2143 2899 2195 pro
2940 2126 3266 2183 necessitate
3313 2129 3559 2196 corporis
3603 2137 3850 2199 gesserat.

2274 2218 2543 2274 Cteterum
2592 2218 2679 2273 ille
2729 2228 2857 2272 ante
2902 2218 3166 2287 judicium
3226 2229 3625 2274 tormentorum
3683 2235 3853 2277 sensus

2276 2312 2426 2381 quasi
2452 2325 2549 2379 pro
2573 2309 2692 2364 loco
2719 2310 2980 2365 custodite
3011 2312 3063 2365 in
3091 2326 3201 2380 quo
3228 2320 3347 2367 erat
3376 2313 3734 2380 accipiendos
3753 2323 3855 2369 est:

2276 2405 2383 2460 reis
2412 2404 2605 2475 quippe
2645 2406 2761 2474 ipsa
2790 2404 3031 2459 custodia
3066 2405 3229 2460 etiam
3282 2416 3408 2460 ante
3446 2405 3725 2477 judicium
3768 2424 3859 2464 non

2277 2508 2361 2555 est
2403 2501 2607 2570 absque
2650 2499 2954 2555 tormentis.
2987 2498 3043 2553 in
3071 2499 3176 2555 hoc
3206 2516 3419 2570 quoque
3447 2501 3596 2571 quod
3626 2502 3768 2573 apud
3790 2503 3860 2557 iu-

2278 2590 2487 2647 fernmn
2519 2592 2789 2647 Abraham
2811 2592 2943 2646 vidit
2966 2592 3081 2648 ltzrc
3106 2592 3350 2658 subesse,
3380 2610 3410 2646 a
3436 2595 3765 2664 quibusdam
3792 2612 3862 2651 ra-

2278 2686 2354 2740 tio
2386 2696 2615 2752 putatur.
2646 2686 2788 2757 quod
2812 2685 2973 2739 etiam
3005 2700 3194 2741 omnes
3223 2688 3395 2742 sancti
3421 2696 3553 2743 ante
3580 2688 3864 2744 adventum

2283 2778 2491 2832 Domini
2526 2779 2696 2833 nostri
2721 2777 2849 2833 Jesu
2874 2777 3079 2833 Christi
3116 2778 3184 2832 ad
3218 2778 3443 2846 inferna,
3476 2780 3611 2835 licet
3642 2782 3696 2835 in
3728 2781 3865 2836 refri-

2279 2872 2410 2940 gerii
2446 2869 2657 2938 locum,
2707 2869 3057 2925 descendisse
3106 2870 3374 2926 dicuntur.
3430 2872 3535 2928 Alii
3585 2873 3867 2942 Opinantur

2282 2964 2457 3018 locmn
2480 2964 2626 3017 illum
2659 2964 2711 3017 in
2742 2979 2848 3033 quo
2874 2963 3147 3019 Abraham
3173 2974 3310 3029 erat,
3336 2966 3404 3020 ab
3430 2965 3538 3019 illis
3568 2966 3768 3021 inferni
3796 2968 3867 3022 Io-

2281 3057 2360 3110 cis
2387 3057 2439 3111 in
2485 3056 2861 3126 superioribus
2888 3056 3263 3122 constitutum,
3311 3070 3537 3129 prop'er
3562 3059 3717 3129 quod
3742 3058 3871 3115 dicat

2285 3151 2543 3204 Dominus
2573 3152 2640 3205 de
2686 3150 2777 3204 illo
2832 3150 3036 3205 divite:
3096 3150 3329 3206 Elevans
3372 3153 3563 3207 oculos
3598 3166 3733 3207 suos
3760 3167 3870 3209 cum

668 3244 778 3298 Int.
812 3245 867 3299 In
894 3217 1087 3299 eodem
1118 3244 1409 3314 Evangelii)
1437 3217 1561 3315 quid
1602 3246 1701 3301 sibi
1727 3246 1842 3301 vult
1869 3245 1998 3301 illud
2035 3245 2178 3314 quod
2204 3217 2253 3282 (ἶ
2285 3252 2428 3298 esset
2454 3243 2506 3295 in
2533 3244 2839 3307 tormentis,
2865 3242 2999 3296 vidit
3025 3242 3297 3296 Abraham
3330 3243 3398 3298 de
3423 3243 3587 3311 longe
3614 3262 3631 3309 ;
3684 3245 3871 3299 sinum-

598 3338 794 3407 legitur
823 3354 835 3389 :
866 3334 1088 3389 Factum
1117 3344 1191 3390 est
1221 3346 1390 3390 autem
1421 3339 1474 3390 in
1503 3336 1713 3391 sabbato
1739 3338 1963 3391 secundo
1988 3340 2175 3407 primo,

598 3446 714 3486 cum
741 3430 982 3483 transiret
1014 3445 1103 3498 per
1130 3438 1258 3491 sata,
1298 3428 1547 3483 bellabant
1574 3430 1818 3495 discipuli
1841 3433 1955 3501 ejus
1984 3430 2197 3499 spicas,‘

596 3530 644 3576 et
669 3520 1049 3574 manducabant
1079 3522 1422 3590 confricantes
1452 3522 1688 3575 manibus
1724 3520 1877 3592 (Luc.
1908 3538 1981 3586 vt,
2012 3523 2111 3593 i)?

670 3615 827 3685 Resp.
862 3615 1090 3681 Quidam
1124 3614 1225 3670 hoc
1269 3616 1385 3670 loco
1428 3615 1573 3670 diem
1605 3615 1935 3671 dominicum
1984 3618 2053 3671 ita
2084 3631 2183 3687 ap-

598 3708 855 3781 pellatum
900 3710 1231 3772 exisrimant,
1262 3724 1328 3764 eo
1365 3712 1505 3777 quod
1549 3710 1792 3765 videatur
1820 3711 2087 3766 secundus
2116 3711 2183 3767 ab

597 3801 691 3857 illa
723 3800 882 3869 legali
914 3801 1295 3856 observatione
1321 3803 1551 3869 sabbati,
1586 3812 1641 3857 et
1665 3803 1868 3872 primus
1906 3805 1975 3857 sit
2017 3819 2185 3859 evan-

596 3894 781 3963 gelicze
810 3894 1000 3962 gratia:
1049 3893 1389 3951 celebritate.
1433 3896 1487 3948 Si
1518 3895 1605 3949 cui
1646 3904 1821 3950 autem
1873 3895 1974 3950 hoc
2006 3898 2184 3951 minus

597 3986 913 4041 satisfacere
938 3984 1171 4047 videtur.
1205 3987 1347 4057 quod
1397 3988 1538 4042 diem
1574 3988 1745 4057 ipsum
1778 3991 1947 4059 magis
1976 3989 2183 4044 sabbati

601 4080 767 4136 fuTsse
788 4081 1098 4142 contendat.
1122 4082 1245 4151 quia
1270 4080 1529 4149 scriptum
1554 4083 1619 4136 sit
1643 4082 1709 4136 de
1733 4098 1826 4138 eo:
1856 4082 1991 4150 Quid
2014 4084 2185 4152 facilis

601 4172 740 4241 quod
759 4188 858 4225 non
880 4172 997 4226 licet
1026 4173 1080 4225 iu
1106 4173 1331 4225 sabbatis
1358 4171 1508 4244 (Luc.
1537 4188 1610 4236 vr,
1645 4174 1731 4243 l)?
1762 4184 1937 4242 potest
1961 4173 2184 4229 forsitan

597 4272 654 4319 et
676 4264 789 4333 ipse
819 4262 1169 4318 nihilominus
1196 4264 1310 4317 dies
1348 4265 1552 4318 Sabbati
1579 4265 1646 4319 ila
1670 4281 1737 4319 ex
1780 4266 1881 4320 hoc
1914 4267 2135 4337 intelligi
2163 4306 2178 4331 ,

597 4366 653 4412 ut
679 4370 819 4411 nunc
842 4356 1223 4411 observatione
1246 4366 1427 4411 nostra
1453 4358 1722 4411 secundus
1745 4359 1837 4423 sit,
1862 4359 1950 4427 qui
1977 4358 2184 4429 primus

598 4450 867 4522 quondam
918 4449 1077 4504 fuerit
1129 4449 1507 4506 observatiOne
1562 4451 1803 4506 Judaica.
1864 4451 2185 4509 Rectissime

600 4541 742 4596 enim
765 4541 879 4594 dies
910 4542 1115 4610 primus
1144 4540 1263 4594 dies
1296 4540 1598 4596 dominicus
1621 4544 1927 4613 deputatur.

671 4630 779 4689 Int.
814 4633 1097 4699 Quomodo
1127 4632 1393 4687 visionem
1426 4633 1576 4688 illam
1599 4634 1651 4688 in
1681 4652 1784 4703 qua
1813 4635 2072 4691 Dominus
2101 4652 2189 4693 as-

601 4724 826 4792 sumptis
858 4725 1030 4777 tribus
1054 4723 1331 4791 discipulis
1359 4726 1693 4796 gloriﬁcatus
1714 4738 1797 4781 est
1822 4768 1837 4793 ,
1872 4727 2043 4783 Lucas
2068 4738 2191 4799 post

601 4824 745 4881 octo,
776 4814 864 4868 alii
892 4831 1021 4869 vero
1042 4815 1388 4885 evangelista:
1421 4828 1541 4885 post
1569 4832 1662 4873 sev
1694 4818 1809 4872 dies
1841 4820 2187 4876 subsecutam

602 4923 725 4963 esse
772 4920 1195 4963 commemorant
1242 4907 1397 4977 (Luc.
1427 4925 1503 4975 is,
1554 4908 1652 4976 28;
1708 4909 1895 4963 Matth.
1956 4927 2085 4977 svtt,
2118 4912 2186 4978 ις

604 5001 772 5057 Marc.
803 5017 876 5060 ix.
910 4999 999 5070 ω

676 5092 833 5164 Resp.
867 5093 1058 5153 Lucas.
1092 5094 1204 5161 qui,
1238 5092 1421 5146 habito
1469 5092 1679 5147 Domini
1713 5092 1853 5161 apud
1897 5094 2192 5162 discipulos

604 5202 853 5245 sermone
882 5193 1003 5256 post
1033 5197 1156 5238 octo
1179 5186 1313 5249 dies,
1348 5185 1535 5239 scrilut
1564 5185 1822 5240 visionem
1857 5185 1995 5240 hanc
2023 5186 2191 5242 disci-

604 5280 745 5349 pulis
769 5289 1073 5343 Ostensam,
1106 5287 1158 5330 ct
1186 5292 1305 5331 eum
1334 5276 1473 5330 diem
1525 5293 1634 5347 quo
1680 5277 1938 5331 Dominus
1980 5278 2193 5333 locutus

608 5383 687 5425 est
720 5369 1133 5439 comprehendit
1173 5379 1227 5423 et
1258 5384 1381 5422 cum
1408 5384 1514 5436 quo
1539 5369 1697 5423 Jesns
1737 5369 2065 5438 glorilieatus
2094 5386 2193 5441 ap-

610 5462 805 5532 paruit.
837 5463 896 5515 lli
928 5476 1057 5515 vero
1084 5461 1173 5526 qui
1220 5475 1313 5514 sex
1346 5459 1461 5514 dies
1490 5459 1807 5514 iudicandos
1852 5472 2191 5529 putaverunt,

610 5554 801 5609 mediis
847 5562 1052 5607 tantum
1095 5562 1255 5622 atque
1310 5552 1531 5622 integris
1578 5552 1767 5607 diebus
1801 5555 2195 5619 annumeratis,

611 5652 764 5722 quasi
792 5631 1146 5718 semiplenam
1179 5649 1410 5717 primum
1446 5647 1597 5701 illum
1652 5647 1791 5702 diem
1837 5658 2200 5717 postremum-

614 5756 717 5809 qne
750 5749 1055 5795 tacuerunt.

687 5828 796 5885 Int.
840 5832 1039 5886 Rursus
1081 5829 1135 5886 iu
1180 5832 1368 5889 eodem
1421 5831 1587 5888 dicit:
1626 5830 1793 5887 Erunt
1828 5834 1961 5888 enim
2007 5850 2067 5887 ex
2104 5834 2197 5889 hoc

2285 3352 2390 3406 que
2413 3336 2580 3405 ipsius
2610 3326 2843 3391 Abrabte
2864 3334 3136 3405 designari
3178 3334 3325 3389 illius
3351 3336 3591 3404 regionis
3623 3336 3871 3407 quietem.

2358 3427 2467 3483 Int.
2491 3428 2771 3496 Quomodo
2803 3427 3174 3497 accipiendum
3200 3436 3283 3482 est
3308 3427 3451 3496 quod
3483 3410 3758 3499 legimus:
3779 3427 3873 3483 Rs.

2286 3538 2442 3595 gnum
2474 3520 2568 3575 Dei
2596 3522 2732 3574 intra
2762 3537 2848 3573 ros
2871 3531 2944 3573 est
2976 3518 3129 3592 (Luc.
3160 3534 3291 3583 xm,
3318 3518 3448 3579 2|)?

2362 3613 2524 3681 Resp.
2573 3612 2629 3667 In
2680 3626 3009 3682 unoquoque
3064 3627 3162 3681 pro
3209 3612 3474 3667 bonorum
3506 3612 3874 3685 malorumque

2280 3717 2503 3760 aetnum
2532 3704 2915 3772 discrepantia,
2950 3712 3040 3757 aut
3066 3702 3204 3758 Deus
3238 3714 3447 3774 regnat,
3476 3713 3571 3759 aut
3600 3704 3872 3761 diabolus:

2288 3802 2411 3869 quia
2461 3816 2685 3856 necesse
2715 3810 2797 3855 est
2823 3800 2978 3870 cujus
3002 3802 3331 3853 voluntatem
3381 3814 3549 3870 opere
3595 3809 3873 3867 procurat,

2290 3893 2405 3962 ejus
2436 3893 2663 3961 imperio
2693 3892 2936 3946 videatur
2975 3906 3098 3946 esse
3123 3891 3419 3960 subjecms.
3454 3890 3646 3961 Itaque
3674 3892 3721 3946 si
3759 3891 3877 3962 justi

2289 3996 2414 4039 sunt
2436 3987 2674 4055 quidam,
2705 3985 2849 4040 Deus
2882 3987 2934 4039 in
2966 3985 3047 4039 his
3073 4000 3299 4055 regnare
3329 3984 3597 4039 dicendus
3626 3993 3747 4049 est;
3774 3984 3877 4039 dia-

2290 4080 2463 4143 bolus,
2492 4080 2535 4132 si
2569 4079 2774 4148 injusti.
2804 4079 2986 4134 Potest
3014 4078 3220 4134 etlldes
3251 4093 3473 4149 regnum
3504 4078 3599 4133 Dei
3626 4078 3760 4144 dici,
3781 4092 3878 4149 qua

2289 4171 2395 4225 itur
2424 4171 2488 4223 ad
2517 4187 2765 4239 regnum,
2799 4174 2922 4241 quia
2966 4172 3139 4240 utique
3176 4173 3351 4244 justus
3382 4186 3447 4224 ea:
3486 4170 3594 4238 ﬁde
3643 4170 3767 4224 vivit
3789 4184 3810 4223 :
3836 4176 3879 4222 et

2290 4281 2378 4335 per
2406 4281 2556 4332 quam
2581 4262 2816 4317 Christus
2846 4264 3041 4317 habitat
3072 4264 3123 4317 in
3156 4262 3401 4316 cordibus
3441 4271 3749 4317 sanctorum
3772 4278 3880 4317 suo-

2290 4373 2406 4410 rum
2438 4356 2593 4428 (lleb.
2629 4373 2688 4423 ll,
2718 4358 2783 4421 ις
2810 4355 2947 4425 Eph.
2982 4372 3065 4421 ut,
3100 4355 3208 4426 ιτ).

2364 4447 2473 4505 Ιηι.
2494 4451 2776 4517 Quomodo
2800 4452 2849 4504 in
2880 4450 3019 4504 Luca
3045 4449 3506 4505 lalroniSalvator
3525 4448 3695 4504 dicit:
3723 4448 3882 4503 Hodie

2293 4558 2489 4596 mecum
2512 4544 2612 4596 eris
2640 4543 2692 4596 in
2724 4544 2972 4613 paradiso
3004 4541 3157 4611 (Luc.
3189 4557 3335 4607 xxrv,
3368 4541 3482 4609 45),
3531 4556 3658 4595 cum
3708 4542 3881 4611 utique

2216 4600 2266 4660 θ
2292 4634 2380 4689 die
2410 4635 2501 4689 illo
2533 4634 2827 4689 secundum
2856 4634 3126 4690 hominem
3151 4648 3381 4705 corpore
3411 4634 3463 4688 in
3498 4643 3670 4696 terra.
3710 4634 3881 4689 anima

2292 4727 2431 4796 apud
2457 4726 2660 4781 inferos
2685 4726 2889 4781 fuerit?

2366 4817 2525 4890 Resp.
2557 4820 2739 4875 Potest
2768 4820 2904 4873 forte
2933 4819 3021 4873 hic
3069 4834 3167 4889 pro
3192 4817 3447 4890 paradiso
3476 4818 3647 4888 accipi
3691 4818 3785 4875 ille
3811 4828 3882 4871 at-

2296 4912 2507 4966 tributa:
2530 4913 2727 4982 quietis
2745 4912 2917 4975 locus,
2944 4913 3035 4967 ubi
3062 4912 3337 4969 Abraham
3360 4928 3482 4968 esse
3506 4930 3631 4969 (um
3661 4914 3879 4977 Lazaro,

2300 5004 2353 5057 in
2389 5004 2679 5074 Evangelia
2713 5005 2962 5059 Salvator
3006 5006 3241 5061 ostendit
3290 5006 3445 5073 (Luc.
3481 5022 3593 5069 xvi.
3637 5008 3755 5075 22).
3787 5008 3884 5063 Aut

2297 5103 2444 5149 certe
2470 5095 2540 5149 ita
2575 5095 2980 5165 intelligendum
3011 5106 3114 5160 est,
3135 5097 3276 5167 quod
3307 5098 3446 5152 hanc
3472 5100 3879 5167 promissionem

2299 5186 2560 5241 Dominus
2608 5188 2902 5242 secundum
2954 5188 3201 5243 effectum
3233 5188 3432 5244 divina:
3477 5192 3885 5261 potestatisimo

2300 5277 2549 5347 pleverit,
2576 5279 2697 5349 quia
2725 5279 2921 5350 ubique
2956 5280 3119 5334 Detnn
3144 5295 3267 5336 esse
3298 5281 3633 5341 noscendum
3662 5293 3770 5337 est.

2934 5388 2985 5425 IN
3020 5387 3240 5428 JOANNE.

2375 5462 2480 5517 Int.
2529 5462 2890 5534 Quadraginta
2932 5473 2990 5519 et
3028 5480 3120 5519 sex
3149 5465 3274 5519 anni
3301 5505 3317 5530 ,
3364 5465 3778 5522 afﬁrmantibus
3814 5465 3893 5521 Ju-

2302 5555 2456 5618 dzeis,
2492 5555 2787 5610 secundum
2828 5556 3176 5625 Evangelium
3229 5558 3453 5614 Joatinis
3484 5560 3507 5632 (
3536 5576 3595 5624 ll,
3633 5560 3782 5631 20),
3822 5548 3897 5633 ita

2303 5649 2665 5705 aediﬁcatione
2710 5651 2892 5721 templi
2930 5652 3203 5721 quomodo
3239 5654 3601 5709 ostenduntur
3634 5653 3849 5726 impleti
3884 5649 3903 5703 ?

2377 5740 2532 5811 Resp.
2583 5740 2927 5797 Salomonem
2971 5730 3190 5810 quidem
3221 5754 3433 5813 septem
3484 5755 3695 5799 tantum
3740 5743 3894 5800 anuis

2304 5833 2519 5889 domum
2550 5834 2758 5890 Domini
2778 5834 3073 5892 aediﬁcasse
3096 5836 3228 5893 satis
3255 5844 3470 5896 constat
3495 5852 3560 5897 es
3609 5837 3894 5910 Scriptura
