4024 6336
1344 328 1900 390 INSTRUCTIONUM
1939 330 2143 387 LIBER
2182 326 2220 386 1.

3312 324 3424 394 80!

147 461 250 515 boc
276 443 526 511 dicente:
561 451 965 523 £diﬁcavitque
988 464 1100 504 eam
1138 451 1193 502 in
1240 449 1390 502 annis
1430 456 1621 517 septem
1647 445 1734 516 (lll
1763 451 1813 509 Α
1841 458 2032 503 cuncta
2086 449 2375 518 propositre
2422 446 2755 516 operationis
2810 446 3151 515 impleverat,
3204 459 3423 523 propter

150 551 277 620 Reg.
308 562 381 612 \‘l,
414 544 527 615 58).
579 543 945 612 Quadraginta
970 558 1099 596 vero
1148 556 1240 595 sex
1271 540 1399 593 anni
1446 539 1497 592 in
1550 536 1735 608 templi

148 642 545 699 re~taui-atioue
602 645 891 708 patiuntur,
946 652 1065 705 qua:
1113 633 1288 688 habita
1338 642 1420 686 est
1452 633 1503 685 in
1545 631 1734 685 diebus

153 736 372 800 Esdrze,
406 742 526 803 post
552 732 959 788 subversiouem
1009 729 1419 799 Hierosolymm,
1456 725 1735 795 Captivita-

150 839 369 895 tentque
388 826 720 881 Judaeorum.
752 823 919 877 Porro
948 822 1061 890 ipsa
1093 821 1363 891 reparatio
1390 818 1738 873 exn-dilicuit-

151 921 199 973 di
231 918 419 988 tetupti
444 916 536 971 diu
566 926 733 969 tracta
756 925 861 979 est,
882 912 1074 966 vicinis
1093 912 1143 964 in
1174 910 1401 964 circuitu
1428 908 1739 963 nationibus

150 1027 284 1081 opus
312 1011 529 1066 assidua
555 1008 901 1064 infestatioue
930 1005 1365 1076 prohibentibus.

222 1104 339 1160 lnt.
360 1104 644 1172 Quomodo
664 1102 913 1157 Salvator
934 1111 1267 1167 assumptum
1301 1095 1570 1150 hominem
1592 1093 1741 1148 duxit

153 1204 203 1257 in
230 1199 476 1256 centum?
503 1206 592 1251 aut
623 1194 893 1266 quomodo
918 1193 1111 1248 caelum
1146 1193 1472 1259 promittitur
1513 1187 1737 1254 sanetis,

153 1310 273 1349 cum
309 1293 450 1347 dicat
476 1309 487 1342 :
518 1289 683 1344 Nemo
704 1287 930 1340 ascendit
952 1287 1004 1339 in
1027 1284 1229 1347 caelum,
1253 1284 1351 1337 nisi
1372 1282 1455 1353 qui
1481 1280 1743 1335 descendit

154 1386 215 1439 de
234 1384 366 1438 caelo
388 1381 560 1435 Filius
589 1380 811 1433 hominis
841 1378 929 1449 qui
955 1386 1027 1431 est
1070 1378 1121 1430 in
1150 1378 1273 1430 caelo
1300 1374 1481 1446 (Joan.
1516 1389 1591 1438 ιιι,
1618 1372 1743 1439 13)?

154 1484 257 1534 Aut
280 1477 554 1542 quomodo
578 1475 627 1526 in
650 1472 788 1527 caelo
813 1481 948 1537 erat,
978 1485 1099 1524 cum
1121 1469 1295 1522 adlmc
1322 1478 1466 1521 esset
1493 1466 1545 1519 ιιι
1568 1463 1745 1518 terra?

223 1567 389 1636 Resp.
426 1566 736 1622 Secundum
765 1578 983 1617 carnem
1024 1563 1075 1615 ιιι
1110 1572 1247 1615 terra
1281 1572 1417 1624 erat,
1448 1558 1744 1613 secundum

160 1661 420 1717 Deitatem
444 1658 585 1712 caelo
611 1672 714 1709 non
747 1656 950 1709 deerat.
980 1652 1105 1708 Ideo
1150 1666 1201 1706 et
1244 1653 1359 1721 ipse
1386 1651 1628 1706 ascendit
1657 1650 1747 1719 qui

155 1750 457 1815 descendit,
511 1748 634 1818 quia
666 1747 793 1801 licet
837 1745 1190 1814 assittupserit
1238 1743 1533 1809 hominem,
1568 1756 1745 1796 tamen

1838 557 1958 612 qua:
1992 542 2238 593 homines
2266 552 2571 606 tetrattt'ttte
2607 540 2935 593 v;sitavcrat.

1915 632 2021 687 lnt.
2069 633 2353 700 Quomodo
2409 633 2812 701 intelligendum
2856 641 2939 686 est
2987 633 3127 703 quod
3179 635 3424 693 Salvator

1840 730 2005 785 dicit:
2053 728 2177 783 Cum
2205 731 2433 796 loquitur
2464 730 2802 794 mendacium,
2834 746 2898 783 ex
2928 731 3149 800 propriis
3172 731 3422 799 loquitur.

1841 824 1961 891 quia
1996 822 2214 873 mendax.
2240 830 2312 873 est
2336 833 2383 874 et
2409 832 2556 890 pater
2580 821 2689 890 ejus
2720 818 2896 889 (Joan.
2935 836 3048 881 \lll,
3080 818 3211 888 4i)?

1914 915 2073 981 Resp.
2104 913 2275 982 Supra
2308 916 2515 965 dixerat
2546 912 2801 965 Domnus
2829 913 2893 964 ad
2927 911 3172 966 Juds'os:
3204 912 3257 967 Si
3284 910 3426 967 Deus

1844 1017 2001 1079 pater
2031 1018 2207 1061 vester
2236 1018 2400 1070 esset,
2426 1006 2717 1073 diligeretis
2748 1007 2933 1074 utique
2974 1022 3082 1071 me,
3114 1014 3167 1059 et
3198 1020 3383 1075 postea
3409 1022 3425 1061 :

1848 1102 1957 1157 Vos
1989 1118 2054 1156 ex
2080 1102 2299 1154 diabolo
2330 1112 2481 1169 patre
2505 1103 2658 1165 estis,
2690 1112 2741 1152 et
2765 1098 3034 1153 desideria
3068 1100 3236 1167 patris
3264 1098 3428 1153 vestri

1847 1196 2007 1251 vultis
2040 1196 2236 1249 tacere.
2276 1195 2345 1249 lle
2377 1193 2644 1246 homicida
2679 1204 2791 1245 erat
2827 1191 2894 1243 ab
2942 1191 3111 1254 initio,
3162 1201 3218 1246 et
3257 1192 3309 1245 in
3342 1206 3433 1245 ve-

1849 1290 2007 1343 ritate
2039 1286 2330 1347 nonstetit,
2355 1286 2474 1354 quia
2524 1299 2628 1335 non
2665 1294 2740 1335 est
2774 1283 2972 1336 veritas
2996 1285 3045 1335 itt
3070 1298 3155 1337 eo.
3182 1280 3314 1336 Cum
3349 1282 3431 1338 lo-

1848 1380 2029 1451 quitur
2062 1380 2422 1443 mendacium,
2461 1378 2544 1429 liic
2568 1375 2996 1429 subaudiendum
3020 1386 3123 1437 est,
3151 1377 3435 1443 unusquis-

1849 1489 1955 1543 que
1985 1484 2246 1537 vestrnm,
2294 1486 2357 1525 ex
2393 1471 2624 1540 propriis
2656 1469 2913 1536 loquitur,
2938 1468 3060 1536 quia
3096 1470 3324 1520 tuendas
3354 1476 3435 1521 est

1850 1575 1904 1620 ct
1938 1576 2087 1634 pater
2108 1567 2247 1632 ejus,
2298 1564 2349 1617 id
2381 1570 2496 1626 est,
2530 1561 2800 1615 diabolus.
2843 1561 2977 1614 Sunt
3009 1560 3098 1629 qni
3145 1560 3213 1612 ita
3250 1558 3438 1628 dispu-

1850 1664 1994 1709 tant:
2026 1656 2159 1709 Cum
2195 1656 2432 1723 loquitur
2463 1652 2825 1715 mendacium,
2850 1650 2903 1705 id
2932 1660 3033 1715 est,
3068 1649 3336 1713 diabolus.
3368 1651 3438 1705 de

1854 1748 2089 1820 propriis
2120 1750 2373 1817 loquitur,
2406 1748 2530 1815 quia
2582 1744 2811 1799 mendax
2854 1756 2957 1808 est,
3014 1755 3066 1797 et
3117 1752 3269 1811 pater
3297 1740 3435 1811 ejus,

156 1842 322 1898 Ιιοιιιο
360 1852 414 1897 ει
447 1841 606 1907 θεων
637 1840 736 1893 ¹ιυε
767 1846 871 1901 θεῖν
920 1834 1194 1901 Christus.
1231 1849 1333 1889 υηίι
1367 1848 1596 1903 Persona
1628 1843 1745 1897 ’ἐειὶ
1781 1838 1827 1899 Β
1855 1843 1959 1897 hoc
1989 1852 2073 1896 est
2118 1841 2384 1895 mendacd
2417 1840 2587 1908 ipsius
2636 1851 2787 1907 pater
2816 1845 2920 1899 est,
2955 1836 3078 1906 quia
3111 1844 3179 1889 ab
3211 1837 3329 1903 ipso
3358 1836 3440 1888 vi-

154 1943 207 1988 ει
234 1932 425 2003 utique
456 1945 578 1985 cum
612 1930 704 1983 ille
751 1930 823 1982 sit
863 1937 1046 1996 caput,
1093 1926 1264 1979 sancti
1295 1936 1473 1977 autem
1508 1925 1750 1978 membra

156 2026 283 2090 sint,
323 2038 546 2079 necesse
590 2030 673 2076 cst
718 2029 775 2074 ut
826 2030 1122 2090 sequantur
1164 2017 1405 2072 membra
1451 2032 1556 2085 quo
1591 2024 1752 2085 caput

156 2118 458 2187 pra-cessit,
491 2126 547 2167 ut
577 2116 647 2167 sit
676 2114 727 2167 in
758 2112 899 2167 cmlo
939 2110 1139 2165 Christi
1171 2112 1414 2179 corporis
1452 2109 1748 2178 plenitudo.

223 2207 343 2264 lat.
368 2207 757 2274 Qualiterillud
785 2204 1159 2275 accipiendum
1184 2215 1267 2259 est
1298 2204 1439 2274 qttod
1467 2204 1749 2259 scribitur:

159 2300 284 2358 Non
318 2304 455 2357 enim
488 2303 554 2357 ad
576 2318 868 2357 mensuram
900 2303 991 2354 dat
1021 2298 1161 2354 Deus
1186 2300 1422 2371 spiritum
1457 2297 1643 2368 (Joan.
1672 2312 1751 2363 ιιι,

158 2396 307 2467 3t)?

228 2486 399 2555 Resp.
439 2488 550 2543 lloc
580 2487 796 2559 quidam
825 2486 893 2542 de
934 2485 1073 2541 Filio
1100 2487 1315 2555 proprie
1344 2485 1754 2555 intelligendum

161 2596 285 2637 esse
318 2583 683 2636 continuant:
734 2581 855 2650 quia
886 2580 1131 2634 homines
1157 2579 1284 2633 dum
1325 2579 1418 2633 alii
1468 2578 1589 2632 aliis
1641 2577 1757 2646 llus

160 2674 418 2731 mittasve
442 2676 676 2744 capiant,
703 2675 890 2743 utique
918 2674 984 2728 ad
1013 2690 1316 2729 mensuram
1341 2675 1587 2743 spiritum
1619 2673 1759 2728 acci-

165 2783 299 2837 pere
339 2768 614 2833 videntur,
643 2767 795 2836 juxta
829 2767 960 2821 illud
995 2766 1267 2836 Apostoli:
1304 2766 1562 2822 Habentes
1590 2780 1759 2820 autem

164 2863 475 2916 donationes
505 2862 785 2915 secundum
836 2862 1077 2930 gratiam,
1129 2878 1243 2925 qua:
1291 2862 1412 2914 data
1461 2872 1534 2915 est
1575 2861 1759 2925 nobis,

163 2954 489 3023 Ili/ferentes.
523 2956 625 3008 sire
654 2953 976 3023 praphetiam
1007 2953 1286 3006 secundum
1319 2970 1609 3005 mensuram
1638 2953 1762 3018 fidei

166 3044 351 3115 (Rom.
374 3060 468 3107 xu,
484 3045 563 3111 6),
580 3043 797 3100 etc.Cln
814 3045 914 3098 isto
928 3059 1055 3099 vero
1076 3045 1345 3111 unigenito
1360 3060 1477 3106 suo,
1494 3046 1581 3113 qui
1598 3044 1761 3098 etiam

165 3139 284 3206 dat,
317 3155 423 3193 neu
454 3150 536 3193 est
566 3137 787 3207 Spiritus
817 3138 882 3190 ad
910 3152 1215 3192 mensuram
1249 3138 1428 3200 datus,
1459 3138 1580 3207 quia
1613 3137 1667 3191 in
1697 3152 1763 3191 eo

167 3241 252 3287 est
281 3232 452 3285 muttis
482 3229 1050 3299 plcnitudo‘dicinitatis
1081 3230 1297 3301 (Coloss.
1334 3247 1389 3293 ιι,
1431 3231 1509 3299 9).

241 3320 363 3376 Int.
397 3323 646 3376 Salvator
674 3322 836 3376 dicit:
895 3319 995 3375 Vos
1042 3322 1300 3375 ascendite
1331 3320 1399 3373 ad
1431 3323 1564 3375 diem
1593 3320 1764 3389 hunc,

171 3432 262 3489 ego
295 3433 400 3469 non
426 3419 698 3471 ascendam
725 3416 791 3469 ad
813 3416 945 3468 diem
967 3419 1152 3485 festum
1183 3416 1333 3469 istum
1359 3415 1535 3485 (Joau.
1568 3432 1661 3482 vn,
1689 3416 1766 3488 8),

170 3519 225 3563 et
253 3508 533 3576 quomodo
558 3519 744 3571 postea
775 3506 1033 3560 scribitur
1055 3508 1122 3561 de
1149 3524 1213 3561 eo
1241 3527 1252 3561 :
1290 3508 1356 3562 (it
1397 3519 1566 3561 autent
1595 3526 1772 3562 ascen-

172 3602 367 3655 derunt
396 3605 581 3671 fratres
629 3603 762 3672 ejus,
808 3611 926 3654 tunc
956 3610 1004 3654 et
1030 3602 1140 3667 ipsc
1168 3602 1397 3655 ascendit
1437 3602 1505 3654 ad
1533 3602 1667 3655 diem
1697 3606 1773 3659 fe-

174 3707 319 3749 stum
350 3694 535 3762 (Joan.
563 3710 660 3757 vu,
694 3694 817 3763 10)?

249 3787 415 3857 Resp.
452 3786 659 3840 \‘eritas
689 3786 1026 3841 mendacium
1056 3786 1199 3856 loqui
1231 3803 1336 3841 non
1369 3796 1566 3857 potest.
1600 3788 1774 3859 Atque

176 3880 388 3936 idcirco
412 3897 515 3933 non
544 3881 879 3935 aliteraJcsu
901 3881 1097 3935 factum
1122 3884 1553 3953 est,quamquod
1570 3900 1629 3939 se
1654 3901 1778 3953 pro-

178 3976 530 4029 nuntiaverat
546 3988 669 4028 esse
693 3974 974 4029 facturum.
993 3974 1327 4045 Sccnopegia
1348 3977 1661 4031 soletnuitas
1682 3978 1776 4031 Ju-

176 4065 434 4121 d.r-orum
463 4082 566 4118 nou
597 4082 756 4119 unum
783 4067 949 4131 diem,
978 4068 1072 4121 sed
1094 4071 1271 4137 plures
1290 4070 1406 4122 dies
1434 4071 1777 4127 solemnitate

178 4158 597 4227 (amplectitur,
629 4159 767 4213 sicut
816 4170 871 4214 et
917 4159 1138 4213 Pascha:
1170 4161 1449 4215 festivitas.
1484 4164 1623 4233 Etgu
1653 4164 1776 4231 quia

179 4249 428 4311 dixerat,
458 4265 563 4302 non
588 4250 821 4303 uses-nde
864 4250 931 4304 ad
968 4252 1109 4306 diem
1158 4251 1352 4306 festum
1396 4254 1562 4318 hanc,
1595 4257 1779 4325 utique

180 4342 249 4394 ad
272 4341 422 4395 diem
453 4340 644 4394 festum
682 4343 875 4410 ipsum,
908 4345 1047 4397 sicut
1078 4345 1421 4414 praedixerat,
1452 4362 1555 4400 non
1588 4361 1780 4402 ascen-

180 4433 287 4487 dit.
314 4433 450 4487 l‘iam
481 4444 534 4487 et
556 4437 799 4503 sequitur
821 4433 872 4488 iit
901 4434 1228 4505 Evangelii):
1261 4437 1384 4492 llazc
1410 4456 1529 4493 cum
1556 4441 1780 4496 dixisset

182 4524 330 4595 ipse,
362 4526 465 4579 ltoe
490 4539 595 4590 est,
620 4528 888 4593 Salvator,
922 4529 1119 4582 mansit
1150 4530 1200 4581 itt
1225 4529 1473 4596 Galilma;
1508 4544 1561 4586 ιιι
1583 4533 1779 4588 intelli-

1854 1936 2046 1989 deatur
2074 1942 2253 1988 ortum
2278 1948 2400 1987 e~se
2424 1931 2791 1996 mendacium;
2824 1941 2880 1983 ιιι
2910 1932 3046 1984 sicut
3075 1931 3218 1985 Deus
3246 1928 3439 1986 Filium

1855 2030 2138 2083 veritatem
2169 2026 2374 2097 genuit,
2408 2026 2476 2080 ita
2505 2033 2561 2079 et
2587 2024 2837 2078 diabolus
2865 2023 3039 2077 tilium
3071 2023 3316 2095 genuerit
3342 2021 3441 2077 fal-

1854 2123 2091 2176 sitatam.

1928 2215 2035 2269 lnt.
2075 2213 2355 2283 Quomodo
2380 2212 2749 2281 accipiendum
2783 2221 2862 2266 cst
2906 2210 3035 2265 illtttl
3065 2226 3173 2279 quo
3203 2209 3437 2266 dicitur:

1857 2310 2117 2364 Abraham
2150 2319 2295 2377 pater
2323 2317 2483 2360 vester
2507 2307 2775 2359 exsultavit
2795 2313 2848 2357 ut
2871 2304 3060 2356 videret
3084 2304 3217 2356 diem
3249 2318 3439 2370 meum,

1858 2413 1905 2456 et
1936 2403 2080 2465 vidit.
2116 2412 2161 2457 et
2189 2401 2393 2472 gavisus
2416 2409 2487 2453 est
2522 2400 2705 2469 (loan.
2736 2412 2849 2462 vttt,
2880 2396 3016 2466 53)?

1932 2493 2091 2564 Resp.
2118 2493 2403 2561 Propheta!
2434 2492 2677 2545 videntes
2696 2489 3105 2557 appellabantur
3137 2488 3177 2558 (l
3206 2488 3334 2559 Reg.
3358 2503 3443 2557 ιι,

1861 2588 1939 2659 9),
1986 2588 2108 2642 ideo
2155 2586 2296 2655 quod
2327 2585 2383 2640 S.
2418 2583 2651 2653 Spiritus
2684 2596 2907 2635 munere
2950 2595 3015 2635 ea
3062 2596 3182 2648 qtae
3237 2578 3448 2635 ueteris

1862 2691 2010 2736 erant
2046 2682 2251 2743 clausa,
2282 2677 2436 2746 quasi
2470 2674 2675 2729 conscii
2710 2674 3005 2727 futurorum
3032 2673 3323 2737 videbant;
3369 2674 3451 2726 itt-

1865 2784 1944 2828 ter
1965 2788 2101 2841 quos
2128 2782 2182 2825 et
2209 2769 2483 2824 Abraham
2513 2767 2784 2821 Christum
2819 2767 2948 2819 vidit
2982 2765 3035 2819 in
3065 2767 3280 2834 spiritu.

1936 2862 2043 2917 Int.
2079 2864 2282 2916 Dicitur
2308 2864 2357 2913 in
2393 2860 2720 2928 Evangelii):
2776 2858 2978 2913 Scimus
3016 2861 3136 2927 quia
3161 2867 3451 2924 peccatores

1870 2954 2007 3008 Deus
2026 2972 2122 3007 non
2151 2953 2365 3007 exaudit
2384 2950 2561 3017 (Joan.
2594 2967 2675 3015 ιχ,
2701 2952 2812 3017 51),
2832 2962 2885 3004 ει
2906 2965 3105 3019 quomo
3126 2953 3176 3003 lo
3208 2949 3453 3005 Salvator

1869 3048 1921 3103 itt
1936 3050 2040 3103 alio
2058 3048 2177 3102 loco
2194 3048 2342 3101 dicit:
2368 3045 2548 3100 Omnis
2563 3048 2648 3113 qui
2663 3047 2803 3114 petit,
2820 3045 3002 3113 accipit
3025 3042 3241 3114 (Matth.
3258 3060 3327 3097 vu
3340 3085 3354 3109 ,
3371 3044 3453 3115 8)?

1942 3144 2099 3213 Resp.
2130 3142 2259 3198 Sunt
2290 3143 2376 3208 qui
2410 3157 2477 3196 ev
2512 3140 2614 3193 ltoc
2645 3140 2764 3193 loco
2798 3140 2867 3193 ita
2913 3139 3183 3192 sentiunt:
3220 3138 3341 3203 ltle,
3371 3141 3453 3192 itt-

1789 3219 1835 3283 C
1868 3238 2083 3307 quittnt,
2116 3236 2204 3305 qui
2231 3235 2365 3287 dixit
2395 3242 2707 3301 peccatores
2732 3246 2837 3284 ιιοιι
2870 3229 3113 3285 exauditi
3142 3244 3317 3283 (-zrrus
3343 3228 3455 3285 foco

1870 3338 1974 3394 rat,
2005 3338 2059 3382 et
2091 3330 2299 3396 plenam
2322 3324 2665 3393 adltucqnasi
2691 3320 2868 3377 infuso
2888 3322 3115 3393 colfyrio
3141 3322 3323 3375 videre
3351 3336 3455 3375 non

1872 3429 2081 3490 poterat
2109 3420 2405 3472 \erilatent.
2444 3416 2662 3472 Certum
2692 3423 2776 3469 est
2802 3426 2979 3467 autem
3011 3414 3206 3468 divina:
3250 3414 3460 3468 miseri-

1873 3514 2073 3566 cordia:
2099 3528 2285 3565 aurem
2319 3522 2503 3579 patere
2538 3509 2894 3579 [illiaﬂﬂliijlls.
2933 3509 3111 3562 Potest
3156 3518 3210 3563 et
3243 3507 3342 3562 hac
3375 3524 3462 3563 ra-

1877 3606 2023 3659 tione
2049 3605 2273 3674 intelligi
2302 3606 2576 3673 quomodo
2610 3604 2748 3657 Deus
2784 3619 2890 3655 non
2923 3603 3176 3658 exaudiat
3215 3613 3463 3673 peccato-

1874 3713 1985 3760 res,
2037 3708 2093 3751 ttt
2138 3697 2299 3749 etiam
2343 3695 2389 3749 si
2418 3696 2777 3749 exaudiantur
2805 3697 2869 3748 ad
2902 3695 3294 3765 impetrandam
3339 3712 3462 3767 pro-

1878 3792 2049 3859 priam
2072 3790 2328 3852 Salutem,
2362 3803 2465 3840 non
2493 3788 2854 3842 exaudiautur
2886 3789 2936 3839 itt
2962 3790 3151 3856 signis.

1949 3878 2058 3933 1n.'.
2095 3881 2232 3933 Deus
2265 3892 2317 3932 et
2353 3877 2603 3933 Salvator
2643 3878 2769 3947 quid
2800 3880 3052 3948 estquod
3086 3882 3136 3933 iu
3173 3878 3462 3949 Evangelio

1879 3975 2105 4031 Joannis
2126 3974 2285 4027 dicit:
2322 3970 2386 4024 In
2406 3973 2666 4043 judicium
2689 3988 2782 4042 ego
2814 3972 2866 4025 in
2889 3972 3024 4025 hunc
3055 3971 3299 4025 mundum
3327 3972 3457 4039 t'em',

1883 4079 1934 4122 ttt
1964 4069 2051 4137 qui
2103 4084 2203 4120 non
2236 4064 2407 4119 rident
2468 4066 2705 4129 videant,
2744 4076 2790 4118 ει
2830 4065 2917 4134 qui
2963 4066 3131 4119 rident
3171 4066 3291 4117 sarci
3336 4065 3464 4133 ﬁant

1883 4159 2065 4229 (Joan.
2099 4176 2172 4222 ts,
2200 4156 2327 4228 59)?

1954 4253 2115 4324 Resp.
2148 4253 2263 4305 Non
2296 4250 2515 4303 minima
2547 4249 2798 4317 qumSIio.
2842 4249 2935 4304 sed
2970 4265 3065 4303 uos
3094 4250 3336 4304 breviter
3368 4266 3467 4320 pro

1884 4350 2204 4402 necessitate
2235 4345 2359 4413 quid
2393 4344 2478 4398 ltic
2517 4343 2801 4397 docmrum
2833 4346 3014 4411 opin‘o
3061 4346 3253 4400 habeat
3285 4346 3463 4414 prote-

1884 4454 2086 4494 remus.
2116 4437 2181 4491 Ut
2204 4438 2293 4504 qui
2319 4452 2423 4489 nou
2450 4435 2635 4489 vident
2666 4435 2903 4501 videant,
2929 4445 2983 4490 et
3012 4439 3101 4506 qui
3129 4437 3309 4490 vident
3338 4437 3466 4491 caeci

1887 4530 2048 4583 ﬁant:
2080 4529 2129 4583 id
2162 4538 2265 4592 est,
2293 4537 2349 4581 ut
2380 4529 2429 4581 lii
2460 4528 2549 4597 qui
2579 4543 2637 4581 se
2690 4543 2794 4580 non
2829 4529 3009 4582 videre
3040 4528 3365 4582 confitentur
3417 4538 3472 4585 et

181 4633 380 4688 gamus
416 4620 465 4671 iu
498 4636 556 4671 ea
590 4620 803 4686 quidem
835 4621 1211 4689 Solemnitate,
1246 4624 1340 4678 sed
1384 4642 1487 4679 non
1528 4628 1776 4681 eumdem
1808 4599 1860 4659 Β
1889 4625 2155 4679 medicum
2206 4634 2473 4690 qua-runt,
2504 4621 2715 4676 videant
2743 4637 2758 4684 ;
2812 4622 2865 4675 bi
2909 4638 3037 4677 vero
3064 4626 3155 4693 qui
3195 4638 3254 4679 se
3287 4634 3474 4693 putant

184 4714 334 4767 diem
360 4713 547 4779 luisse,
571 4713 638 4766 de
661 4729 762 4782 qua
781 4723 963 4782 postea
991 4718 1276 4769 scribitur:
1303 4717 1367 4771 Ut
1393 4729 1568 4771 autem
1590 4735 1780 4775 ascen-

184 4808 391 4861 derunt
423 4807 613 4860 fratres
640 4806 776 4876 ejus,
827 4820 954 4863 tunc
994 4820 1048 4861 et
1094 4810 1206 4879 ipse
1256 4812 1497 4865 ascendit
1531 4813 1594 4865 ad
1634 4815 1777 4869 diem

188 4900 416 4953 festum.
448 4899 629 4952 Potest
658 4914 707 4952 et
733 4898 958 4969 ﬁgurata
984 4901 1207 4971 intelligi
1240 4902 1323 4956 ltie
1348 4904 1461 4957 dies
1494 4905 1681 4968 festus,
1711 4906 1777 4960 ad

184 5010 352 5060 ηιι--ηι
385 4994 634 5046 Salvator
651 5007 709 5047 se
732 5011 834 5045 Ιιιιιι
860 5008 1207 5048 ascensurnm
1230 5012 1349 5051 esse
1376 4998 1650 5067 professus
1673 5009 1775 5067 est,

185 5096 241 5137 ut
272 5086 325 5136 in
360 5099 419 5139 se
465 5085 776 5138 mutandam
807 5084 1147 5139 festivitatem
1182 5088 1419 5142 doceret.

263 5174 376 5231 lnt.
413 5180 653 5242 Qualiter
679 5179 1021 5232 sentiendum
1051 5188 1129 5233 est
1165 5183 1232 5234 de
1279 5181 1397 5233 Ιοεο
1447 5182 1559 5244 illo,
1595 5182 1645 5235 in
1675 5198 1781 5250 quo

185 5272 259 5325 de
288 5271 416 5326 Jesu
446 5271 662 5325 Christo
711 5272 993 5326 Salvatore
1045 5284 1231 5325 nostro
1282 5274 1568 5326 scribitur:
1616 5273 1783 5328 Nemo

189 5367 332 5418 misit
372 5367 426 5418 in
465 5382 577 5420 eum
606 5383 816 5435 manus,
847 5368 968 5437 quia
1016 5367 1241 5420 nondum
1284 5377 1486 5421 venerat
1520 5369 1645 5422 liora
1674 5373 1784 5441 ejus

192 5454 377 5527 (Joan.
412 5474 507 5520 vtt,
540 5458 664 5527 50)?

270 5548 428 5619 Resp.
478 5549 616 5603 Hora
647 5552 759 5605 tunc
790 5565 893 5605 non
925 5550 1222 5605 secundum
1253 5551 1664 5606 mathematicos
1695 5552 1780 5607 in-

192 5645 491 5715 telligenda
518 5656 619 5707 t-st,
648 5646 739 5699 sed
773 5647 945 5715 potius
968 5647 1095 5700 liora
1137 5646 1225 5700 illa
1254 5662 1355 5718 qua
1383 5647 1495 5717 ipse
1516 5648 1781 5717 crncitigi,

191 5751 301 5807 qua
331 5738 447 5803 ipse
480 5739 585 5807 pati
618 5737 816 5804 vellet;
847 5748 901 5792 et
934 5740 1056 5795 ideo
1098 5739 1335 5793 nondum
1383 5750 1601 5794 venerat
1652 5738 1784 5796 liora

190 5827 339 5896 eius,
363 5829 486 5899 quia
510 5830 747 5888 nonduin
777 5834 1025 5893 universa
1050 5829 1373 5905 pertecerat,
1396 5833 1514 5905 quia
1546 5832 1783 5894 nondum

1886 4717 2072 4771 videre
2120 4725 2171 4769 et
2205 4714 2472 4768 medicum
2506 4728 2610 4767 non
2653 4716 2934 4783 requirunt
2990 4716 3040 4769 in
3088 4733 3179 4769 διιι
3231 4718 3474 4770 eacitato

1889 4819 2264 4879 permaneant.
2292 4806 2477 4875 Itaque
2499 4806 2548 4859 itt
2578 4808 2679 4860 ltoc
2702 4806 2963 4875 judicium
2987 4808 3204 4863 venisse
3229 4824 3287 4864 se
3315 4810 3470 4872 dixit,

1889 4920 1996 4973 quo
2017 4904 2350 4956 discerneret
2372 4916 2590 4954 causam
2611 4900 2949 4956 credentium
2974 4914 3029 4955 et
3046 4902 3469 4958 incredulorttm.

1888 4995 2030 5065 Ergo
2056 5004 2118 5048 ut
2146 4995 2237 5064 qui
2285 5008 2389 5047 non
2441 4994 2632 5048 vident
2660 4994 2896 5059 videant,
2941 5004 3120 5065 potest
3150 4996 3373 5064 inteltigi
3406 5006 3471 5051 ite

1885 5088 2138 5158 gentibus
2166 5088 2255 5157 qui
2292 5086 2455 5139 visuri
2502 5096 2661 5141 erant
2688 5102 2782 5155 per
2829 5087 3014 5151 ﬁdem;
3068 5099 3122 5143 et
3169 5090 3257 5158 qui
3291 5091 3474 5142 vident

1886 5184 2018 5237 εειξεί
2049 5183 2195 5246 ﬁant,
2241 5180 2413 5249 accipi
2443 5181 2510 5235 de
2534 5180 2733 5235 Judzcis
2766 5190 2963 5251 potest,
2992 5182 3083 5253 qui
3130 5183 3474 5238 cmcabantur

1886 5292 1984 5345 per
2008 5274 2277 5344 preptimt
2311 5273 2702 5328 iulidclilatetu.

1961 5367 2069 5422 lnt.
2099 5367 2383 5434 Quomodo
2411 5366 2659 5421 Salvator
2690 5366 2959 5436 loquitur:
3012 5366 3167 5421 Pater
3208 5368 3374 5435 major
3400 5384 3477 5421 me

1890 5467 1963 5513 est
1998 5457 2178 5530 (Joan.
2205 5473 2348 5519 utv,
2383 5459 2464 5526 8),
2492 5469 2546 5511 et
2575 5458 2684 5511 alio
2728 5458 2845 5513 loco
2874 5458 3040 5512 dicit:
3088 5454 3201 5529 Ego
3231 5468 3278 5513 et
3318 5458 3477 5512 Pater

1891 5569 2051 5607 unum
2082 5569 2254 5605 sumus
2283 5551 2467 5622 (Joan.
2511 5568 2563 5617 κ,
2593 5550 2730 5620 30)?

1967 5648 2122 5718 Resp.
2174 5648 2431 5703 Dominus
2484 5648 2640 5703 Je~us
2691 5649 2763 5702 ita
2814 5663 2970 5703 verus
3026 5648 3188 5704 homo
3232 5658 3289 5706 ut
3318 5666 3477 5707 verus

1896 5740 2068 5806 Deus,
2101 5741 2168 5794 de
2197 5740 2355 5796 Patre
2387 5742 2494 5795 Deo
2526 5742 2691 5811 Deus,
2742 5742 2811 5798 de
2838 5752 3009 5797 matre
3042 5742 3258 5798 ltomiue
3283 5743 3476 5813 homo,

1897 5832 2028 5894 illud
2054 5833 2350 5892 secundum
2382 5836 2671 5905 hominem,
2708 5836 2807 5895 boo
2850 5836 3143 5896 secundum
3196 5838 3364 5899 Deum
3389 5837 3476 5897 to-
