4024 6336
566 308 678 403 “ias

1565 331 1624 389 s.
1665 324 1988 386 sucusmt
2027 284 2503 419 manumissus
2542 323 2849 383 EPISCOPI

3754 266 3856 387 gi

571 466 731 516 cutus
752 450 1012 509 creditur.
1027 448 1186 506 Juxta
1207 462 1365 518 quam
1389 443 1654 501 rationem
1677 442 1973 499 divinitatis
1992 450 2154 511 atque
2180 424 2233 499 Ἀ
2258 440 2496 495 moritur.
2548 439 2687 496 Nam
2736 424 2832 513 pro
2873 441 3006 497 bono
3050 422 3274 512 forsitan
3484 443 3682 498 audeat
3728 444 3856 500 mori

571 548 945 614 humanitatis,
976 546 1139 601 etiam
1166 543 1221 597 in
1255 537 1480 609 reliquis
1508 553 1629 608 qua
1651 544 1755 606 ,λιιι
1793 534 2154 606 εᾳιιδιὶιθιθιιι

570 659 691 699 cum
737 641 921 704 Patre,
951 644 1044 691 aut
1070 633 1428 690 humilitatem
1475 630 1594 702 ejus
1643 636 1857 695 sonant,
1889 624 2045 681 facile
2074 626 2157 680 in-

569 736 820 790 tellectus
850 731 1074 802 patebit.
2132 790 2137 795 .

642 826 752 882 lnt.
787 824 923 891 Quid
957 822 1198 896 mysterii
1225 820 1467 876 continet
1484 818 1638 872 locus
1666 815 1758 870 ille
1786 813 1875 869 ubi
1899 810 2157 868 Dominus

572 924 738 993 pedes
764 918 1147 988 discipulorum
1180 915 1311 970 lavit
1336 911 1516 984 (Joan.
1551 926 1667 974 ιιιι.
1696 906 1797 980 5)?

647 1010 803 1087 Resp.
843 1015 900 1068 lu
947 1014 1069 1067 loco
1111 1010 1206 1067 illo
1237 1009 1583 1063 maledictum
1629 1005 1869 1062 calcanei
1900 996 2154 1070 diluitur,

574 1106 716 1173 quod
741 1103 958 1159 diabolo
979 1103 1260 1157 incertiore
1285 1101 1482 1154 animae
1512 1104 1714 1152 nostra:
1734 1111 1949 1167 gressus
1980 1092 2162 1150 incur-

573 1197 769 1254 rebaut
789 1196 943 1269 (Gen.
974 1211 1056 1264 ιιι,
1088 1192 1195 1261 15).
1223 1191 1406 1248 Primo
1435 1189 1582 1245 enim
1620 1189 1891 1245 morsibus
1918 1189 2036 1258 ejus
2064 1203 2161 1242 uo-

575 1298 747 1343 strum
794 1286 1009 1358 patebat
1038 1286 1386 1341 ‘calcaneuni.
1436 1278 1609 1338 POrro
1651 1295 1771 1336 cum
1803 1280 2002 1335 dictum
2033 1289 2157 1336 est:

576 1379 711 1435 Ecce
736 1380 854 1434 dedi
892 1378 1030 1433 vobis
1060 1374 1359 1447 potestatem
1394 1372 1632 1428 calcandi
1658 1389 1812 1444 super
1837 1382 2092 1443 serpentes
2113 1381 2162 1425 et

576 1474 869 1544 scorpiones
888 1470 1039 1542 (Luc.
1061 1485 1116 1534 ι,
1135 1468 1247 1537 i9),
1266 1464 1607 1523 maledictum
1628 1464 1758 1519 illud
1776 1463 2037 1521 abolitum
2058 1464 2160 1519 est.

994 1620 1048 1662 IN
1083 1619 1339 1661 ειηετοω
1374 1618 1445 1660 ΑΒ
1480 1614 1747 1658 ιιοιωςοε.

649 1737 759 1796 Ini.
791 1738 972 1813 (Rom.
1018 1752 1098 1804 tn,
1128 1735 1226 1809 5).
1260 1735 1390 1805 Qua:
1438 1732 1791 1805 intelligentia
1820 1730 1910 1789 ‘est
1943 1731 2163 1803 capituli
2204 1792 2215 1803 _

2263 532 2442 604 (Rom.
2466 548 2519 599 ν,
2542 532 2623 605 6).

2335 625 2493 698 Resp.
2527 624 2641 681 Hoc
2661 637 2744 682 est
2768 627 2912 698 quod
2957 628 3072 683 vult
3102 627 3325 700 intelligi
3352 645 3369 684 :
3402 629 3499 710 Ille
3524 631 3646 710 {pro
3677 628 3851 698 impiis

2261 726 2509 772 mortuus
2530 728 2634 783 est.
2652 734 2775 774 cum
2798 720 2885 775 vix
2911 721 3196 792 quisquam
3225 702 3527 791 reperiatur
3550 702 3699 776 mori
3721 721 3853 776 velle

2259 824 2359 881 pro
2383 806 2559 895 justo.
2584 810 2718 866 Nam
2750 826 2848 883 pro
2874 812 3049 881 bono,
3091 814 3144 869 id
3193 823 3275 870 est
3323 813 3590 880 Christo,
3633 812 3856 872 forsitan

2261 898 2457 974 aliquis
2487 890 2624 960 mori
2655 906 2872 961 audeat.
2905 908 3001 963 Hic
3030 908 3192 963 etiam
3224 908 3294 963 de
3328 922 3388 964 se
3431 907 3751 965 verecunde
3774 909 3852 964 in-

2262 996 2451 1053 dicans
2474 997 2619 1069 quod
2650 1014 2747 1068 pro
2769 999 2988 1056 Christo
3014 1001 3153 1057 mori
3195 1000 3384 1069 possit.
3426 1000 3494 1056 Et
3522 1000 3725 1056 aliter:
3762 1000 3855 1057 Vis

2264 1089 2408 1143 enim
2440 1104 2539 1159 pro
2572 1089 2722 1158 justo
2752 1091 2872 1161 quis
2901 1090 3155 1146 moritur.
3188 1091 3245 1146 In
3275 1093 3444 1146 veteri
3477 1091 3624 1162 lege,
3661 1092 3715 1145 in
3758 1070 3853 1160 qua

2264 1188 2349 1233 est
2390 1194 2487 1250 pro
2533 1179 2913 1235 mandatorum
2961 1184 3254 1238 severitate
3285 1168 3520 1252 j‘ustitia,
3574 1167 3669 1235 vix
3711 1184 3852 1250 pauci

2263 1284 2535 1344 martyres
2560 1283 2685 1328 sunt
2708 1276 2908 1344 reperti
2935 1293 2949 1329 :
2996 1276 3049 1330 in
3079 1290 3220 1331 novo
3243 1260 3424 1331 autem
3467 1277 3850 1343 instrumento,

2264 1362 2319 1418 in
2342 1379 2450 1433 quo
2472 1374 2556 1420 est
2580 1380 2676 1435 pro
2704 1365 2909 1443 pietate
2927 1377 3325 1438 praeceptorum
3350 1368 3591 1435 bonitas,
3618 1352 3854 1422 innume-

2266 1452 2470 1510 rabiles
2497 1467 2763 1533 martyres
2789 1460 3141 1514 exstiterunt.
3400 1522 3407 1531 ε

2280 1628 2287 1637 δ
2339 1544 2451 1603 Int.
2484 1548 2773 1620 Apostolus
2787 1552 2997 1635 dicitde
3019 1536 3131 1608 D'eo
3158 1553 3352 1610 Patre:
3380 1552 3490 1610 Sed
3509 1570 3609 1627 pro
3631 1554 3852 1610 omnibus

2269 1632 2413 1697 nobis
2443 1644 2658 1698 tradidit
2698 1644 2850 1700 illum
2872 1632 3054 1717 (Rom.
3098 1645 3365 1719 “11,52),
3413 1649 3469 1704 id
3500 1659 3611 1720 est,
3639 1648 3853 1718 Filium,

2270 1732 2398 1806 quid
2432 1739 2487 1791 in
2515 1735 2616 1791 hoc
2636 1738 2949 1806 significat?

578 1834 724 1889 illius
747 1796 854 1903 quo
883 1796 1454 1902 Apostolus'proponit
1498 1796 1687 1883 dicens
1712 1843 1726 1881 :
1778 1823 1841 1881 Si
1866 1796 2038 1879 autem
2066 1824 2165 1880 ini-
2286 1796 2306 1806 ’
2340 1816 2499 1900 Resp.
2530 1796 2828 1885 'l‘radiiioni
2847 1802 3141 1902 acquievit.
3247 1832 3419 1889 sacris
3443 1847 3684 1904 namque
3712 1832 3854 1891 libris

574 1930 751 2003 'qnitas
778 1935 955 1982 nostra
969 1927 1232 1999 justitiam
1256 1925 1352 1979 Dei
1379 1923 1724 1987 commendat,
1746 1923 1870 1992 quid
1901 1919 2167 1975 dicemus?

582 2006 851 2089 Numquid
878 2020 1079 2087 iniquus
1104 2015 1237 2070 Deus
1253 2025 1328 2070 est
1348 2017 1435 2084 qui
1456 2015 1621 2086 ‘infert
1645 2015 1776 2067 iram
1790 2013 1817 2066 ξ’
1839 2010 2168 2080 (Secundum

579 2112 836 2167 hominem
848 2110 1011 2181 dico.)
1028 2110 1187 2164 Absit.
1206 2108 1447 2178 Alioquin
1458 2106 1716 2178 quomodo
1730 2104 1992 2178 judicabit
2029 2102 2167 2157 Deus

579 2204 716 2259 hunc
745 2202 1037 2256 mundum?
1066 2200 1127 2257 Si
1155 2202 1293 2254 enim
1321 2201 1505 2253 veritas
1537 2196 1630 2252 Dei
1674 2200 1728 2252 in
1755 2206 1868 2251 meo
1902 2196 2166 2251 mendacio

579 2295 859 2350 abundavit
885 2295 939 2348 in
979 2293 1197 2366 gloriam
1242 2293 1425 2363 ipsius,
1474 2282 1599 2361 quid
1641 2289 1812 2344 adhuc
1837 2299 1882 2343 et
1912 2302 2002 2359 ego
2030 2284 2166 2341 tam-

578 2405 731 2459 quam
757 2396 994 2458 peccator
1008 2386 1234 2457 judicor,
1265 2394 1314 2439 et
1337 2401 1436 2439 non
1468 2383 1640 2457 (sicut
1662 2383 2096 2454 blasphematur,
2120 2384 2168 2436 et

579 2482 707 2536 sicut
750 2482 895 2535 aiunt
940 2480 1152 2548 quidam
1207 2495 1302 2534 nos
1355 2478 1569 2549 dicere)
1598 2478 1850 2546 faciamus
1898 2477 2059 2541 mala,
2109 2481 2169 2529 ut

580 2574 810 2631 eveniant
834 2572 967 2627 bona
990 2588 1009 2627 :
1039 2587 1257 2643 quorum
1286 2570 1550 2625 damnatio
1570 2570 1720 2641 justo
1755 2579 1851 2624 est.

656 2665 809 2737 Resp.
842 2664 1274 2720 Obscurissimus
1304 2672 1465 2732 atque
1505 2663 1793 2733 perplexus
1822 2661 1877 2717 in
1909 2663 2169 2732 Apostolo

578 2759 761 2824 locus,
811 2767 867 2814 et
917 2757 1101 2813 multis
1134 2756 1199 2811 ad
1227 2756 1630 2811 discutiendum
1675 2754 2170 2826 proferendumque

577 2867 797 2908 sensum
830 2850 1010 2906 verbis
1041 2850 1325 2921 indigens;
1376 2848 1532 2903 nobis
1576 2860 1754 2903 tamen
1806 2864 1901 2917 pro
1947 2834 2170 2903 festina-

581 2945 729 2999 tione
757 2943 1026 2997 sermonis
1056 2940 1366 2996 arctandus.
1396 2940 1617 2996 Dixerat
1647 2955 1842 3013 supra:
1868 2940 1966 2995 Est
1989 2934 2169 2995 autem

581 3040 725 3093 Deus
746 3050 930 3105 verax,
956 3035 1133 3090 omnis
1183 3044 1362 3090 autem
1396 3034 1558 3091 homo
1588 3020 1838 3101 mendax,
1871 3033 2012 3088 sicut
2038 3030 2173 3087 scri-

581 3139 728 3200 ptum
759 3139 842 3184 est
868 3146 881 3184 :
917 3128 984 3184 lJt
1009 3128 1320 3198 justillceris
1347 3127 1402 3183 in
1434 3128 1777 3183 sermonibus
1807 3128 1934 3193 tuis,
1959 3139 2013 3182 et
2043 3126 2162 3178 vin-

2269 1919 2451 2005 facere
2480 1924 2749 1979 interdum
2780 1924 2925 1981 Deus
2946 1924 3163 1993 dicitur,
3192 1926 3246 1980 in
3277 1926 3473 1996 quibus
3503 1925 3765 1993 faciendis
3783 1928 3856 1980 vi-

2270 2016 2431 2071 detur
2452 2025 2645 2087 praesta
2655 2032 2713 2073 re
2734 2018 3070 2088 patientiam.
3089 2018 3207 2074 Alia
3231 2020 3431 2090 quippe
3453 2030 3586 2074 sunt
3605 2035 3726 2088 qua:
3747 2018 3854 2090 ﬁeri

2271 2106 2414 2161 Deus
2442 2082 2576 2174 vult,
2602 2108 2705 2163 alia
2734 2082 2857 2179 qua:
2899 2110 3016 2165 ﬁeri
3063 2111 3214 2167 sinit.
3245 2082 3377 2165 vim
3403 2125 3535 2179 ergo
3582 2082 3705 2165 ﬁeri
3723 2082 3855 2181 quoii

2273 2198 2410 2253 facta
2434 2209 2726 2270 appareant
2750 2214 2873 2257 esse
2904 2202 3149 2258 meliora.
3182 2201 3254 2258 At
3282 2216 3411 2257 vero
3434 2201 3717 2256 deteriora
3744 2215 3854 2270 per-

2271 2284 2458 2359 mittit,
2489 2300 2549 2346 ut
2584 2292 2805 2347 libertas
2832 2293 3051 2349 humani
3091 2302 3305 2349 constet
3330 2294 3543 2349 arbitrii
3574 2293 3636 2349 in
3656 2310 3758 2364 qua
3777 2310 3855 2371 ar-

2271 2387 2418 2444 bitrii
2446 2388 2698 2445 libertate
2731 2390 3001 2446 bonorum
3030 2390 3375 2447 malorumve
3397 2392 3765 2448 sectatoribus
3786 2393 3855 2448 di-

2272 2469 2399 2537 vino
2423 2482 2630 2554 judicio
2660 2484 2982 2539 exbibeatur
3002 2483 3292 2540 retributio
3314 2483 3462 2553 justa
3487 2485 3826 2541 meritorum.

2292 2640 2295 2645 ι
2344 2571 2453 2628 Int.
2480 2574 2536 2630 ln
2566 2575 2666 2629 hac
2692 2575 2880 2630 eadem
2916 2575 3157 2645 Epistola
3179 2575 3309 2647 quid
3338 2575 3756 2646 intelligendum
3782 2588 3856 2632 est

2271 2650 2343 2722 de
2390 2656 2495 2720 hoc
2524 2664 2667 2735 quod
2698 2654 2954 2736 legimus:
2998 2667 3123 2733 Quis
3169 2667 3433 2721 accusabit
3486 2664 3683 2722 electos
3729 2666 3859 2723 Dei?

2271 2753 2414 2811 Deus
2441 2757 2529 2827 qui
2558 2758 2841 2828 justiﬁcat.
2878 2758 3007 2823 Quis
3037 2769 3108 2812 est
3137 2760 3224 2829 qui
3247 2758 3550 2813 condemnet
3575 2761 3601 2814 ?
3631 2758 3857 2816 Christus

2268 2845 2428 2902 'Jesus
2449 2849 2536 2920 qui
2565 2859 2796 2902 mortuus
2823 2860 2914 2914 est,
2946 2849 3098 2904 immo
3126 2851 3215 2921 qui
3249 2852 3547 2914 resurrexit,
3590 2853 3684 2920 qui
3704 2862 3774 2906 est
3793 2853 3855 2905 ad

2273 2939 2538 3023 dexteram
2568 2932 2687 3008 Dei,
2734 2943 2821 3011 qui
2861 2943 3015 2997 etiam
3054 2932 3349 3013 interpellat
3379 2959 3476 3013 pro
3497 2945 3667 2998 ‘nobis
3691 2944 3855 3018 (Rom.

2273 3048 2391 3097 viti,
2432 3032 2547 3101 '55).

2350 3122 2507 3197 Resp.
2555 3118 2685 3180 Haec
2733 3127 2785 3180 in
2816 3126 3010 3197 quibus
3041 3128 3147 3183 sibi
3193 3130 3308 3203 ipge
3360 3130 3673 3203 respondit,
3720 3128 3857 3199 quasi

578 3235 671 3276 cas
696 3232 819 3275 cum
845 3220 1123 3291 judicaris.
1150 3219 1269 3275 lam
1302 3220 1470 3275 etiam
1508 3218 1732 3290 adjicit:
1763 3219 1818 3276 Si
1851 3222 2033 3275 autem
2067 3220 2169 3274 ini-
2192 3205 2243 3272 Ε
2277 3221 2573 3298 εἰρωνιικῶς
2602 3217 2849 3289 legenda.
2879 3221 2945 3275 Et
2968 3232 3051 3275 est
3076 3236 3268 3278 sensus
3294 3223 3424 3280 iste:
3452 3223 3567 3278 Nisi
3589 3223 3735 3278 forte
3757 3223 3857 3278 ele-

578 3314 755 3382 quitas
804 3325 989 3368 nostra
1029 3314 1297 3383 justitiam
1342 3314 1436 3369 Dei
1464 3314 1833 3377 commendat,
1866 3313 1996 3384 quid
2023 3314 2170 3368 dice-

579 3405 751 3471 mus!
802 3405 901 3460 Hic
954 3403 1024 3460 de
1079 3405 1403 3461 teStimoniis
1455 3414 1576 3475 qua:
1638 3420 1803 3473 supra
1871 3416 2165 3476 posuerat,

576 3510 896 3556 "nascentem
968 3498 1229 3553 eventilat
1302 3498 1655 3567 quazstionem
1691 3541 1705 3565 ,
1762 3505 1817 3553 et
1874 3498 2165 3567 adjuuglt:

578 3590 850 3662 ﬂumquld
883 3589 1098 3661 iniquus
1145 3589 1286 3644 Deus
1316 3589 1412 3658 qui
1461 3588 1563 3644 fert
1606 3588 1767 3653 iram,
1796 3588 1847 3642 id
1885 3599 1964 3643 est
1995 3588 2171 3643 vindi-

578 3684 767 3742 ctam?
794 3682 1104 3739 secundum
1138 3680 1408 3735 hominem
1427 3680 1570 3744 dico,
1605 3678 1710 3735 hoc
1736 3688 1839 3748 est,
1872 3678 2168 3734 secundum

586 3781 876 3837 humanam
907 3777 1296 3845 elocutionem,
1346 3773 1490 3844 quod
1526 3775 1678 3845 quasi
1725 3772 1967 3845 iniquum
2000 3770 2169 3828 Deum

576 3870 975 3944 “appellaverat.
1004 3868 1099 3926 Vel
1123 3868 1267 3939 quod
1296 3869 1430 3923 iram
1462 3870 1577 3938 ejus
1608 3866 1841 3934 dixerat,
1869 3865 2025 3935 cujus
2048 3879 2173 3934 pas-

582 3965 667 4020 sio
698 3964 751 4019 lit
794 3961 964 4018 Deum
1017 3975 1127 4016 non
1176 3960 1351 4014 cadat.
1405 3958 1600 4013 Absit:
1636 3959 1738 4012 hoc
1766 3966 1872 4023 est,
1919 3957 2063 4012 absit
2098 3954 2169 4011 ita

580 4058 759 4127 credi,
792 4066 851 4112 ut
892 4056 1136 4126 iniquum
1158 4051 1326 4108 Deum
1355 4065 1478 4109 esse
1508 4051 1787 4107 dicamus:
1835 4052 1945 4121 qui,
1980 4052 2025 4105 si
2056 4053 2173 4106 lucc

584 4150 658 4204 ita
684 4158 831 4217 sunt,
866 4146 1003 4201 iram
1034 4146 1198 4201 infert
1226 4143 1583 4213 delinquenti.
1613 4143 1867 4212 Alioquin
1897 4142 2173 4212 quomodo

582 4240 844 4315 judicabit
868 4238 1011 4295 Deus
1041 4238 1322 4303 mundum,
1348 4236 1451 4292 nisi
1494 4251 1707 4291 summa
1734 4237 1986 4305 aequitate
2015 4245 2174 4302 atque

2274 3323 2394 3367 ctos
2424 3327 2553 3367 suos
2583 3322 2673 3367 aut
2720 3311 2861 3366 Deus
2886 3313 2978 3381 qui
3018 3315 3299 3383 justillcat,
3352 3324 3443 3371 aut
3486 3315 3742 3373 Christus
3777 3315 3854 3385 qui

2274 3406 2375 3478 pro
2400 3405 2489 3461 his
2528 3415 2612 3461 est
2654 3415 2919 3471 mortuus,
2948 3406 3353 3464 condemnabit.
3390 3408 3618 3465 Minime
3663 3409 3851 3477 utique.

2274 3499 2365 3570 qui
2390 3498 2551 3552 etiam
2581 3496 2888 3568 interpellat
2919 3513 3016 3566 pro
3058 3500 3238 3553 nobis.
3273 3502 3384 3555 lloc
3405 3509 3492 3555 est
3517 3500 3669 3571 quod
3697 3500 3821 3556 dicit
3846 3544 3852 3549 .

2274 3588 2445 3645 Nemo
2468 3589 2842 3645 condemnabit
2869 3590 3089 3646 electos.

2348 3680 2460 3737 Iut.
2496 3681 2633 3750 Quid
2663 3681 3003 3736 sentiendum
3030 3692 3115 3737 est
3150 3684 3204 3737 in
3229 3682 3330 3738 hoc
3353 3684 3473 3739 loco
3505 3687 3561 3739 in
3590 3700 3701 3753 quo
3720 3686 3853 3757 Apoc

2277 3772 2449 3830 stolus
2472 3774 2745 3844 loquitur:
2779 3764 3031 3846 Optabam
3061 3777 3195 3829 enim
3221 3792 3313 3847 ego
3337 3777 3446 3845 ipse
3468 3764 3745 3832 anatheinu
3762 3793 3854 3833 esse

2276 3854 2311 3920 it
2336 3863 2539 3921 Christo
2569 3882 2663 3936 pro
2693 3865 2944 3933 fratribus
2986 3852 3131 3931 meis,
3161 3868 3251 3937 qui
3271 3878 3392 3922 sunt
3414 3871 3625 3943 cognati
3662 3871 3757 3924 ntei
3785 3885 3852 3924 se-

2268 3955 2506 4012 cundum
2535 3946 2763 4025 carnem,
2797 3967 2845 4011 et
2874 3958 3073 4028 reliqua
3099 3957 3278 4031 (Rom.
3303 3975 3381 4023 ιι,
3417 3962 3470 4031 5)
3490 3962 3516 4015 ἲ

2352 4048 2511 4120 Resp.
2541 4049 2840 4104 Anathema
2886 4048 3263 4123 interdqum
3289 4060 3347 4107 et
3393 4052 3504 4123 hic,
3535 4054 3852 4110 occisionem

2278 4130 2828 4212 interfectioncmque
2853 4141 3138 4211 significat.
3169 4126 3307 4214 Ergo
3326 4144 3413 4198 hic
3434 4124 3732 4215 Apostolus
3743 4159 3854 4221 per-

2282 4226 2365 4292 ire
2395 4247 2547 4306 Optat
2584 4236 2637 4291 iit
2667 4252 2855 4301 carne,
2909 4246 2963 4290 ut
3012 4235 3103 4290 alii
3134 4237 3418 4290 salvantur
3444 4236 3501 4290 in
3553 4236 3765 4307 spiritu.
3796 4236 3857 4295 Et

583 4333 825 4407 justitia?
849 4331 1053 4388 Deinde
1075 4330 1350 4400 sequitur:
1378 4327 1435 4384 Si
1460 4330 1603 4382 enim
1633 4328 1831 4382 veritas
1854 4326 1950 4381 Dei
1973 4325 2027 4381 in
2052 4339 2175 4381 meo
2281 4329 2469 4384 aliter:
2500 4328 2576 4384 lta
2603 4329 2690 4383 hic
2708 4328 3004 4399 Apostolus
3024 4331 3131 4383 vim
3153 4327 3333 4383 nimia:
3350 4329 3635 4385 charitatis
3655 4342 3854 4401 expres-

583 4426 872 4482 mendacio
918 4422 1208 4479 abundavit
1236 4420 1291 4476 in
1330 4420 1555 4491 gloriam
1600 4421 1794 4491 ipsius.
1837 4419 1905 4475 Et
1954 4419 2055 4473 hoc
2103 4420 2173 4471 ita
2282 4421 2375 4489 sit,
2402 4430 2669 4491 exoptans
2697 4422 2742 4476 si
2775 4422 2889 4475 fieri
2921 4421 3089 4491 possit
3116 4436 3147 4475 a
3189 4420 3410 4477 Christo
3431 4422 3721 4479 anathema
3749 4435 3853 4491 esse

586 4519 858 4588 proponit,
889 4526 949 4572 ut
971 4514 1267 4571 refellentis
1296 4490 1390 4579 sit,
1421 4527 1530 4568 non
1557 4490 1941 4582 approbantis:
1973 4511 2094 4582 quia
2127 4510 2173 4564 si
2216 4572 2223 4591 θ
2283 4532 2384 4587 pro
2429 4490 2718 4582 fratribus,
2766 4490 2983 4573 sicutet
3012 4516 3224 4589 Moyses
3252 4518 3342 4587 qui
3383 4533 3511 4574 cum
3544 4534 3642 4589 pro
3679 4490 3852 4591 populo

588 4613 789 4667 veritas
807 4611 900 4665 Dei
930 4608 1213 4666 mendacio
1243 4606 1478 4663 hominis
1506 4608 1754 4678 indiguit,
1789 4622 1890 4662 nec
1918 4618 2172 4677 peccator
2195 4598 2256 4658 Β
2280 4624 2380 4666 suo
2409 4609 2579 4666 Deum
2607 4622 2836 4679 peteret,
2866 4612 2941 4664 ait
2967 4629 2978 4662 :
3029 4609 3094 4665 Et
3125 4628 3263 4665 nunc
3284 4654 3299 4678 ,
3338 4610 3596 4678 Domine,
3624 4598 3851 4684 siquidem

590 4716 863 4775 tamquam
894 4714 1166 4773 peccator,
1197 4700 1547 4773 judiCabitnr,
1580 4711 1635 4757 et
1663 4717 1783 4771 qua:
1827 4700 2172 4771 blasphema-
2279 4708 2504 4761 dimittes
2522 4706 2630 4760 illis
2657 4713 2867 4776 peccata
2898 4704 3134 4773 illorum,
3173 4706 3405 4771 dimitte;
3433 4707 3516 4760 sin
3545 4717 3730 4775 autem,
3754 4702 3850 4760 dde

588 4799 718 4854 bant
768 4799 819 4850 in
849 4794 1123 4867 apostolus
1163 4810 1291 4851 vera
1341 4795 1687 4850 videbuntur.
1719 4792 1864 4864 Ergo
1909 4793 2040 4864 quid
2087 4804 2174 4851 est
2278 4818 2358 4855 me
2389 4803 2450 4853 de
2475 4800 2605 4854 libro
2632 4809 2718 4853 tuo
2741 4814 2890 4865 quem
2918 4786 3171 4867 scripsisti
3202 4797 3397 4870 (Exod.
3433 4816 3608 4867 sun,
3633 4799 3741 4872 51).

587 4888 729 4959 quod
760 4885 938 4941 dicit?
960 4886 1026 4941 Et
1053 4887 1098 4941 si
1122 4901 1187 4941 ex
1214 4887 1617 4957 comparatione
1642 4886 1921 4957 injustitite
1958 4880 2170 4956 iustitia

586 4988 873 5047 ciarescat,
900 4994 1004 5033 non
1033 4979 1158 5033 ideo
1183 4990 1361 5034 tamen
1396 4980 1557 5035 homo
1582 4980 1812 5049 lnjustus
1835 4993 1955 5034 esse
1985 4978 2165 5048 debet,

587 5086 645 5126 ut
678 5073 825 5128 Deus
848 5071 1025 5141 justus
1051 5081 1323 5141 appareat.
1360 5072 1641 5127 Damnatio
1671 5087 1854 5127 eorum
1883 5072 2030 5142 justa
2061 5082 2170 5139 est,

586 5166 681 5235 qui
712 5178 810 5219 nos
837 5164 954 5218 haec
977 5162 1247 5218 affirmant
1266 5163 1465 5219 dicere.
1496 5164 1635 5232 Quid
1665 5163 1880 5219 dicere?
1910 5166 2171 5219 faciamus

590 5259 756 5330 mala,
792 5267 853 5315 ut
887 5257 1106 5313 veniant
1137 5258 1296 5312 bona.
1356 5256 1689 5313 Putabantur
1730 5272 1908 5315 autem
1942 5259 2172 5327 apostoli

588 5351 733 5409 istud
763 5353 946 5407 dicere
972 5349 1114 5421 apud
1142 5365 1239 5405 eos
1272 5352 1361 5421 qui
1392 5352 1533 5406 male
1559 5348 2055 5420 interpretabantur
2092 5354 2175 5407 di-

590 5456 735 5502 ctum
768 5444 1146 5518 apostolicum,
1181 5444 1308 5499 illud
1339 5447 1558 5515 utique:
1594 5443 1693 5501 Ubi
1737 5447 2013 5500 abundauit
2059 5462 2177 5516 pec-

592 5550 761 5593 catum
781 5534 1215 5608 superabundavit
1244 5537 1409 5607 gratia
1428 5535 1607 5606 (Rom.
1639 5552 1692 5605 ν,
1715 5534 1832 5605 ΞΟ).

662 5629 770 5685 lnt.
804 5628 943 5697 Quid
974 5628 1104 5683 illud
1155 5637 1240 5682 est
1283 5629 1423 5698 quod
1457 5630 1683 5701 legimus
1713 5644 1729 5684 '.
1766 5628 1835 5683 Ut
1882 5630 2009 5700 quid
2044 5622 2181 5684 enim

594 5723 850 5791 Christus,
883 5737 1001 5775 cum
1029 5721 1201 5775 adhuc
1234 5721 1430 5788 inﬁrmi
1473 5736 1720 5789 essemus,
1752 5723 2033 5776 secundum
2055 5712 2181 5775 tem-

591 5834 693 5886 pus
723 5828 816 5887 pro
859 5818 1034 5889 impiis
1073 5828 1307 5872 mortuus
1328 5826 1399 5871 est
1417 5816 1445 5872 7
1493 5815 1591 5873 γεω
1619 5818 1753 5874 enim
1775 5833 1874 5887 pro
1893 5819 2045 5889 justo
2069 5817 2182 5889 quis

2348 4893 2378 4949 ι
2385 4905 2458 4948 nt.
2486 4892 2628 4948 Idem
2651 4892 2887 4965 loquitur
2907 4890 2974 4946 de
2998 4890 3112 4946 Deo
3137 4909 3150 4948 :
3181 4889 3322 4962 Ergo
3347 4893 3433 4945 cui
3456 4893 3566 4947 vult
3586 4894 3847 4955 miseretur,

2278 4990 2486 5061 'etquem
2505 4988 2610 5042 uult
2632 4987 2841 5040 indurat
2865 4984 3042 5056 (Rom.
3060 5001 3170 5046 sis.
3195 4984 3285 5054 8):
3314 4985 3440 5054 quid
3470 4985 3562 5041 hic
3579 4985 3849 5057 sequimur?

2354 5079 2507 5150 Resp.
2542 5066 2826 5133 lnduratur
2869 5092 2964 5131 cor
3004 5075 3115 5131 Deo
3140 5117 3155 5141 ,
3200 5075 3331 5131 dum
3376 5078 3667 5133 criminum
3714 5091 3846 5149 pain:

2278 5171 2540 5228 dilfertur.
3458 5234 3463 5239 .

2352 5261 2460 5318 Int.
2494 5263 2725 5317 Rursum
2758 5260 2872 5331 ipse
2901 5260 3132 5317 afﬁrmat
3160 5262 3345 5318 dicens
3374 5305 3384 5315 .
3435 5263 3590 5330 Quod
3625 5264 3849 5336 σιω-ὠσί

2281 5352 2452 5410 Israel
2478 5370 2577 5408 non
2607 5362 2681 5408 est
2712 5362 3007 5407 consecutus
3031 5370 3047 5406 :
3079 5354 3255 5408 electio
3284 5364 3454 5409 autent
3479 5340 3746 5412 consecuta
3766 5363 3844 5418 est,

2280 5450 2451 5502 centeri
2480 5462 2594 5500 vero
2618 5446 2857 5499 eactecati
2882 5455 2998 5500 sunt
3025 5444 3199 5515 (Rom.
3232 5462 3310 5513 ιι,
3340 5446 3434 5519 7):
3463 5447 3586 5518 quis
3613 5449 3759 5519 hujus
3782 5445 3846 5502 rei

2282 5555 2473 5595 sensus
2502 5538 2617 5594 est?

2359 5628 2517 5702 Resp.
2548 5631 2662 5685 Non
2693 5630 2818 5700 quia
2845 5628 2989 5684 Deus
3020 5630 3185 5686 ullum
3217 5633 3488 5688 volentem
3511 5638 3847 5706 aSpicereca-

2284 5710 2449 5779 'cita'te
2475 5722 2733 5792 percutiat
2757 5740 2769 5776 :
2802 5723 2923 5792 quia
2952 5710 3147 5787 omnes,
3180 5712 3318 5778 sicut
3344 5725 3617 5796 scribitur,
3640 5728 3737 5782 uult
3759 5723 3848 5781 sal-

2226 5900 2259 5911 “
2286 5838 2374 5877 vos
2401 5816 2515 5888 ﬁeri
2541 5811 2596 5887 (ι
2625 5812 2759 5870 Tim.
2787 5828 2849 5880 tt,
2875 5811 2934 5886 ι)
2960 5831 2976 5869 :
3007 5812 3106 5873 sed
3130 5815 3251 5872 illos
3277 5817 3368 5887 qui
3394 5817 3601 5888 seipsos
3638 5802 3848 5877 escae»:
