4024 6336
1379 350 1933 411 ιΝδτιιυοτιοΝυιι
1976 355 2177 412 LIBER
2218 375 2254 411 t.

186 477 398 533 verant,
449 481 551 538 pro
591 465 940 523 retributione
984 466 1201 520 malitia:
1246 465 1440 520 dicitur
1487 465 1772 521 tradidisse
1798 471 1848 527 Α
1952 466 2105 537 Resp.
2140 469 2191 523 Id
2222 480 2326 536 est,
2358 484 2464 525 non
2496 483 2684 526 omnes
2710 471 2766 527 in
2794 472 3019 542 gloriam
3042 472 3465 546 immutabimur,

184 562 294 633 [ΑΙ.
330 559 585 632 tradere],
614 559 737 615 dum
768 557 989 614 deserit.
1022 557 1262 613 Tradere
1288 556 1433 613 enim
1460 556 1668 613 Domini
1693 567 1777 614 est

180 657 515 726 relinquere.

256 746 367 803 Int.
391 747 633 816 Qualiter
662 745 1029 815 accipiendum
1062 753 1144 799 est
1172 743 1299 798 illud
1328 742 1470 814 quod
1488 743 1771 798 scribitur:

179 841 238 896 Si
268 840 504 894 esurierit
534 839 768 892 inimicus
800 846 937 898 tuus,
963 836 1077 891 ciba
1106 836 1291 903 illum;
1331 836 1374 889 si
1414 837 1551 901 sitit,
1598 846 1772 899 potum

177 936 243 983 du
274 932 354 985 illi
377 946 396 984 :
424 932 519 983 hoc
550 933 683 984 enim
711 930 923 1000 faciem,
946 929 1187 983 carbones
1212 931 1343 1000 ignis
1373 931 1602 1001 congeris
1623 943 1776 1000 super

176 1034 331 1086 caput
363 1028 473 1095 ejus
502 1022 680 1093 (Rom.
713 1038 806 1088 xu,
829 1022 946 1090 20).

250 1117 406 1185 Resp.
442 1116 551 1171 Hoc
572 1128 673 1179 οει,
700 1117 872 1186 ignem
898 1114 1324 1183 compunctionis
1343 1128 1623 1183 congeras,
1650 1128 1770 1168 cum

176 1207 314 1259 bona
340 1222 437 1275 pro
456 1208 609 1260 malis
644 1206 856 1261 reddes.
878 1208 939 1260 Et
958 1208 1111 1259 aliter
1139 1224 1148 1259 :
1177 1205 1291 1259 Non
1317 1206 1455 1273 quod
1475 1206 1574 1260 hoc
1593 1206 1772 1259 animo

175 1298 427 1355 inimicus
461 1302 605 1370 pasci
636 1301 852 1363 debeat,
884 1312 941 1354 ut
970 1302 1233 1354 carbones
1265 1301 1402 1369 ignis
1430 1315 1591 1369 super
1614 1300 1772 1369 caput

175 1394 293 1461 eius
326 1393 455 1446 dum
483 1393 720 1463 pascitur
747 1401 1171 1463 congregemur;
1206 1392 1298 1446 sed
1340 1392 1481 1457 quod
1524 1392 1771 1446 inimicus

172 1488 267 1541 ille
294 1503 421 1542 cum
454 1488 591 1541 bona
625 1503 718 1555 pro
746 1487 900 1541 malis
930 1488 1143 1555 recipit,
1174 1487 1219 1540 si
1247 1486 1389 1540 nulla
1420 1487 1634 1540 malitize
1660 1500 1771 1541 sua:

172 1578 493 1649 ptenitenlia
520 1589 931 1642 commovetur,
976 1579 1090 1649 ipse
1134 1579 1237 1633 sibi
1286 1579 1463 1647 potius
1510 1579 1772 1634 carbones

172 1674 310 1744 ignis
341 1688 504 1744 super
532 1681 691 1743 caput
715 1687 869 1727 suum
902 1682 1177 1739 congerat.

241 1766 358 1821 Int.
389 1766 519 1821 Cum
544 1770 767 1837 potestas
796 1782 896 1818 non
926 1766 990 1818 sit
1020 1766 1118 1819 nisi
1145 1782 1178 1817 a
1202 1763 1333 1829 Deo,
1365 1767 1505 1820 sicut
1538 1771 1767 1834 Aposto-

1881 561 2002 630 quia
2036 562 2361 617 resurrectio
2403 572 2460 619 et
2508 565 2836 635 incorruptio
2884 567 3185 623 communis
3227 579 3311 625 est
3352 586 3469 627 om-

1878 654 2049 716 nium.
2076 656 2376 711 immutatio
2398 668 2574 714 autem
2601 660 2664 714 ad
2687 663 2912 729 gloriam
2935 663 3153 733 proprie
3171 664 3463 735 justornm.

2410 765 2446 805 ll
2486 768 2553 806 AD
2590 767 2920 809 CORINTBIOS.

1948 839 2057 894 lnt.
2087 840 2372 910 Apostolus
2402 843 2566 896 dicit:
2605 844 2939 899 Obsecramus
2970 863 3065 917 pro
3106 848 3345 915 ChriSto,
3384 840 3470 904 ie-

1874 935 2221 989 conciliamini
2250 934 2358 988 Deo
2382 952 2398 989 :
2425 952 2539 989 eum
2566 939 2649 1007 qui
2679 952 2781 991 non
2818 950 3022 993 noverat
3056 949 3347 1011 peccatum,
3376 954 3468 1012 pro

1874 1026 2018 1080 nobis
2046 1036 2307 1093 peccatum
2336 1028 2474 1096 fecit,
2503 1037 2559 1081 ut
2585 1045 2675 1083 nos
2706 1030 3007 1099 efﬁceremur
3026 1034 3233 1103 justitia
3276 1034 3373 1088 Dei
3412 1036 3463 1088 in

1875 1119 1987 1188 ipso
2016 1120 2090 1189 (ll
2122 1119 2240 1174 Cor.
2272 1134 2329 1187 v,
2359 1120 2447 1189 ΞΟ)
2477 1139 2487 1173 :
2520 1121 2646 1191 quid
2679 1121 2766 1175 hic
2793 1124 3103 1191 sequimur?

1948 1210 2101 1282 Resp.
2132 1212 2593 1276 Reconciliamini,
2629 1213 2833 1283 inquit,
2865 1215 2976 1269 Deo
3003 1256 3019 1281 ,
3060 1218 3148 1284 qui
3189 1216 3463 1273 Christum

1873 1300 2001 1356 fecit
2028 1301 2259 1357 hostiam
2290 1320 2387 1373 pro
2419 1314 2656 1373 peccato.
2705 1305 2988 1359 Peccatum
3034 1321 3164 1364 vero
3208 1308 3466 1379 appellari

1874 1394 2043 1461 ipsam
2074 1395 2333 1461 hostium,
2376 1397 2420 1451 si
2462 1397 2516 1451 in
2559 1398 2727 1452 veteri
2778 1396 3129 1453 Testamento
3175 1407 3461 1471 requiras,

1873 1486 2135 1541 invenies.
2166 1488 2347 1543 Potest
2377 1489 2516 1544 istud
2543 1500 2595 1545 et
2624 1492 2693 1545 ita
2728 1490 2977 1560 intelligi,
3006 1494 3205 1548 factum
3232 1492 3461 1549 hostiam

1873 1593 1971 1647 pro
1992 1589 2207 1646 peccato
2230 1581 2519 1647 Christum,
2538 1583 2658 1653 quia
2683 1583 2876 1638 Filium
2900 1598 3054 1639 suum
3076 1586 3216 1641 misit
3237 1587 3291 1642 in
3316 1588 3469 1644 simi-

1870 1671 2100 1727 litudine
2123 1674 2301 1728 carnis
2332 1677 2555 1743 peccati.

1947 1762 2051 1816 Int.
2082 1761 2249 1817 Datus
2277 1776 2370 1831 est,
2406 1768 2595 1833 inquit,
2624 1768 2748 1821 mihi
2773 1767 3013 1823 stimulus
3038 1771 3206 1825 carnis
3232 1784 3356 1827 mea:
3374 1776 3469 1828 ani-

171 1860 252 1914 lns
281 1862 419 1916 dicit
447 1860 620 1931 (Rom.
652 1875 768 1927 xui,
807 1858 884 1930 l),
917 1874 1013 1913 cur
1042 1875 1149 1913 non
1189 1874 1377 1915 omnes
1424 1862 1559 1915 bene
1601 1862 1769 1929 accipi
1800 1849 1847 1910 Β
1874 1858 2018 1928 gelus
2042 1859 2274 1921 Satanae,
2298 1862 2387 1929 qui
2416 1876 2495 1913 me
2526 1862 2806 1932 colaphizet
2834 1862 2911 1934 (11
2941 1863 3058 1918 Cor.
3087 1880 3183 1930 xu,
3213 1864 3267 1939 7)
3294 1885 3307 1922 :
3336 1860 3467 1940 qub-

172 1970 286 2011 eam
323 1955 571 2010 adminiSt
582 1966 763 2009 rantes
795 1954 1169 2022 reperiuntur?

240 2047 404 2116 Resp.
435 2046 565 2112 Quia
597 2057 651 2101 et
680 2047 841 2100 vitam
876 2046 1012 2101 hanc
1053 2061 1240 2101 omnes
1279 2047 1555 2116 aequaliter
1582 2063 1608 2101 a
1657 2049 1766 2103 Deo

171 2140 411 2207 capiunt,
445 2156 544 2195 nec
575 2148 748 2194 tamen
781 2155 968 2194 omnes
1001 2141 1283 2208 aequaliter
1308 2140 1514 2195 vivunt.

723 2250 740 2288 ι
779 2250 845 2289 ΔΙ)
883 2250 1216 2290 (ἸΟΒΙΝΤΠΙΟἱ.

236 2326 353 2379 lnt.
401 2326 603 2391 Omne,
656 2327 864 2398 inquit,
899 2340 1154 2395 peccatum
1197 2330 1550 2399 quodcumque
1595 2330 1769 2399 fecerit

171 2422 348 2485 homo,
376 2430 519 2473 extra
540 2436 726 2489 corpus
754 2429 863 2485 est;
893 2422 979 2491 qui
1006 2431 1171 2475 autem
1215 2422 1500 2490 fornicatur
1519 2462 1535 2489 ,
1568 2422 1621 2475 in
1648 2438 1764 2475 cor-

171 2530 261 2583 pus
289 2529 449 2567 suum
476 2523 647 2584 peccat
688 2512 745 2582 (Ι
786 2510 900 2567 Cor.
934 2528 1009 2580 vt,
1052 2513 1180 2585 18):
1226 2513 1352 2584 quid
1401 2514 1486 2570 hic
1523 2516 1758 2569 sentien‘

171 2606 295 2660 dum
327 2614 410 2660 est
431 2606 454 2658 ἲ

239 2699 403 2770 Resp.
438 2697 592 2768 Quod
622 2708 814 2755 cretera
846 2708 1058 2768 peccata
1091 2714 1187 2769 per
1208 2714 1403 2768 corpus
1431 2702 1767 2756 extrinsecus

170 2792 549 2858 admittantnr,
582 2790 862 2847 fornicatio
891 2795 999 2845 sola
1046 2791 1096 2845 in
1143 2792 1383 2859 corporis
1430 2793 1768 2861 passionibus

170 2885 602 2939 administretur.

237 2974 353 3030 Int.
388 2976 629 3043 Qualiter
660 2976 809 3029 locus
841 2975 930 3029 ille
959 2974 1216 3045 accipitur
1248 2976 1297 3028 in
1328 2990 1434 3045 quo
1473 2976 1762 3031 scribitur:

172 3069 445 3141 Numquid
471 3071 646 3123 domos
669 3084 769 3123 non
791 3070 982 3122 habetis
1004 3071 1066 3123 ad
1090 3070 1505 3123 manducandum
1529 3079 1576 3122 et
1597 3070 1766 3123 biben—

171 3165 291 3217 dum
313 3165 338 3217 ?
363 3174 449 3217 aut
484 3163 777 3231 EcclesiamA
813 3159 904 3215 Dei
952 3163 1269 3215 contemnitis
1296 3204 1308 3226 ,
1357 3171 1405 3215 et
1453 3162 1767 3231 confunditis

173 3274 248 3311 eos
278 3258 369 3326 qui
402 3274 501 3311 non
530 3256 715 3309 habent
748 3224 797 3325 (Ι
830 3254 950 3309 Cor.
977 3271 1050 3323 XI,
1081 3253 1208 3326 2'2)?

238 3349 401 3421 Resp.
434 3349 587 3419 Apud
618 3347 921 3403 Corinthios
952 3350 1233 3418 quondam,
1264 3348 1400 3402 sicut
1430 3347 1591 3418 aliqui
1620 3364 1767 3403 asse-

174 3456 320 3509 runt,
351 3458 512 3512 prava
541 3442 837 3495 invaluerat
866 3441 1228 3505 consuetudo,
1273 3442 1529 3496 ecclesias
1569 3442 1765 3503 passim

175 3536 537 3591 dehonestare
566 3534 857 3597 conviviis,
890 3536 942 3588 in
991 3533 1188 3604 quibus
1237 3536 1592 3588 vescebantur
1644 3545 1770 3587 ante

176 3628 517 3684 DominiCnm
548 3626 897 3691 oblationem,
930 3642 1087 3693 quam
1121 3634 1239 3694 post
1265 3640 1471 3681 caenam
1522 3626 1771 3681 noctibus

176 3723 519 3778 inferebant:
568 3732 796 3789 cumque
839 3720 1032 3773 divites
1078 3720 1213 3773 ebrii
1262 3720 1327 3772 ad
1378 3721 1770 3774 Eucltaristiam

178 3816 458 3881 venirent,
486 3814 814 3869 vexabantur
848 3814 1032 3881 inopes
1064 3812 1221 3867 fame.
1253 3813 1360 3867 MOs
1394 3829 1520 3868 vero
1549 3815 1648 3868 iste
1671 3854 1683 3875 ,
1718 3822 1777 3867 ut

178 3908 437 3972 refertur,
465 3907 531 3961 de
560 3906 795 3976 gentium
846 3904 1020 3958 adhuc
1067 3906 1448 3973 superstitione
1498 3905 1770 3959 veniebat.

179 4000 335 4057 Unde
363 4000 522 4052 etiam
549 3998 867 4068 quibusdam
900 3997 1030 4050 locis
1062 4012 1155 4065 per
1204 3995 1420 4068 Egypti
1472 4013 1594 4051 rura
1625 4042 1639 4066 ,
1691 3997 1775 4052 vel

177 4094 373 4167 Syriae,
409 4091 495 4147 die
522 4091 723 4145 sabbati
754 4100 910 4144 nocte
940 4099 1059 4159 post
1093 4103 1298 4143 cmuam
1339 4089 1537 4144 dicitur
1583 4089 1648 4144 ad
1689 4102 1778 4145 ec-

179 4185 405 4241 clesiam
433 4183 740 4239 convenire.

198 4310 201 4313 -
251 4278 364 4333 Int.
395 4276 698 4345 Cujusmodi
733 4275 1016 4346 proiihetia
1048 4287 1130 4329 est
1162 4276 1228 4330 de
1258 4292 1358 4346 qua
1388 4275 1681 4330 scribitur:
1717 4276 1781 4329 Si

182 4381 357 4425 autem
386 4384 556 4423 onmes
585 4367 882 4441 praphetent
909 4413 922 4436 ,
959 4368 1113 4422 intret
1155 4377 1328 4422 autem
1365 4369 1478 4439 quis
1520 4366 1778 4435 inﬁdelis,

182 4464 257 4517 rel
280 4460 782 4527 idiota,convincitur
794 4461 855 4512 ab
870 4459 1443 4529 omnibus,dijudiratur
1455 4459 1516 4510 ab
1529 4458 1783 4523 omnibus,

183 4556 385 4610 occulta
413 4556 540 4607 enim
562 4551 731 4606 cordis
750 4552 861 4622 ejus
885 4552 1156 4617 manifesta
1176 4551 1307 4619 ﬁunt
1328 4550 1369 4621 (Ι
1388 4549 1504 4603 Cor.
1532 4565 1638 4611 xw,
1668 4548 1782 4621 24),

1873 1952 2032 2005 modo
2062 1952 2197 2006 istud
2229 1955 2597 2021 accipiendum
2627 1956 2747 2009 est?

1948 2043 2099 2112 Resp.
2136 2043 2325 2099 Dicunt
2352 2046 2567 2114 quidam
2601 2047 2917 2113 Apes-tolum
2943 2065 3085 2119 saepe
3115 2050 3301 2108 dolore
3323 2038 3465 2124 dapi,

1869 2134 1939 2187 tis
1965 2149 2085 2189 esse
2112 2143 2382 2189 vexatum.
2416 2136 2607 2189 Melius
2638 2148 2815 2192 autem
2864 2151 2990 2208 puto
3041 2142 3108 2195 ita
3155 2143 3367 2213 accipi,
3410 2124 3473 2199 tit

1870 2225 2238 2291 colapliizatus
2271 2227 2320 2278 in
2359 2226 2465 2280 illis
2518 2229 2863 2296 passionihus
2916 2231 3286 2300 intelligatur,
3334 2228 3468 2305 quas

1869 2319 2203 2371 euumeravit
2236 2318 2373 2387 ipse,
2401 2320 2589 2374 dicens
2615 2339 2627 2373 :
2662 2320 2758 2374 Ter
2784 2324 2940 2392 virgis
2969 2336 3129 2379 cessus
3156 2340 3290 2391 sum,
3313 2324 3473 2380 semel

1869 2410 2129 2481 lapidatus
2158 2426 2292 2476 sum,
2325 2420 2432 2465 etc.
2467 2411 2549 2483 (Il
2574 2413 2691 2466 Cor.
2735 2424 2812 2477 ιι,
2854 2414 2973 2486 25).
3012 2416 3298 2471 Stimnlum
3338 2416 3468 2489 ergo

1869 2505 2053 2558 carnis
2079 2504 2312 2572 appellat
2342 2506 2739 2561 tribulationem
2770 2509 2985 2573 carnis;
3015 2518 3070 2564 et
3096 2506 3350 2579 angelum
3376 2510 3469 2567 Sa-

1870 2604 2011 2650 tanta:
2041 2596 2187 2649 illum
2218 2611 2325 2666 quo
2350 2599 2500 2667 quasi
2534 2598 2835 2654 immissore
2869 2608 3015 2654 tanta
3044 2601 3155 2656 'ﬂla
3195 2610 3469 2673 pateretur

1869 2688 2123 2744 ostendit.

2473 2797 2540 2835 AD
2578 2795 2853 2837 EPBBSIOS.

1941 2872 2051 2928 Int.
2077 2874 2359 2941 Quomodo
2389 2875 2792 2944 intelligendum
2824 2889 2905 2932 est
2937 2879 3038 2935 hoc
3066 2881 3209 2949 quod
3233 2881 3468 2951 Aposto-

1869 2968 1953 3023 lus
1982 2970 2189 3033 scribit,
2220 2969 2363 3039 quod
2396 2972 2718 3039 proposuerit
2747 2970 2999 3027 Dominus
3029 2974 3084 3027 in
3123 2976 3467 3047 dispensatio-

1868 3077 1981 3114 nem
2003 3062 2331 3131 plenitudinis
2354 3073 2636 3134 temporum
2658 3064 2953 3119 instaurare
2969 3068 3142 3121 omnia
3164 3069 3214 3122 in
3239 3068 3465 3140 Christo,

1869 3168 1981 3222 qtae
2016 3154 2068 3206 in
2094 3154 2252 3215 caelis.
2286 3162 2333 3207 et
2359 3170 2473 3225 quis
2500 3156 2553 3209 in
2584 3164 2721 3210 terra
2749 3165 2867 3210 sunt
2896 3158 2948 3211 in
2974 3158 3144 3229 ipsum
3176 3157 3337 3231 (Eph.
3371 3161 3467 3233 x)?

1792 3223 1840 3288 Ο
1941 3244 2099 3311 Resp.
2128 3244 2263 3299 Vere
2286 3223 2479 3300 mirum
2507 3256 2591 3300 est
2610 3246 2737 3317 quid
2762 3263 2904 3303 nunc
2927 3223 3274 3319 repareturin
3299 3223 3463 3309 caelo.

1869 3334 2170 3404 Reparatur
2197 3352 2325 3407 ergo
2369 3339 2664 3394 secundum
2709 3342 3020 3409 Opinionem
3065 3345 3469 3419 quorumdam,

1870 3429 1959 3484 illa
1988 3444 2110 3499 quas
2139 3442 2260 3485 cum
2296 3431 2534 3500 principe
2563 3446 2663 3487 suo
2692 3436 2887 3488 cecidit
2915 3436 3226 3505 angelorum
3264 3440 3469 3509 portio,

1872 3535 1967 3591 per
1990 3532 2331 3591 augmentum
2365 3525 2781 3596 societatemque
2806 3535 3139 3595 sanctorum,
3168 3531 3235 3586 de
3273 3532 3468 3602 quintis

1872 3614 2161 3670 scribitur:
2199 3617 2304 3672 Sed
2330 3628 2447 3672 sunt
2475 3620 2605 3672 sicut
2644 3620 2814 3690 angeli
2848 3625 2903 3674 in
2924 3622 3047 3676 caelo
3074 3622 3290 3693 (Matth.
3324 3641 3469 3695 nn,

1874 3707 1987 3777 50).
2023 3707 2359 3778 Reparantur
2387 3725 2598 3779 quoque
2624 3713 2800 3766 omnia
2835 3714 2887 3766 in
2920 3722 3096 3780 terra,
3141 3729 3267 3771 cum
3304 3718 3468 3773 etiam

1876 3799 1931 3853 in
1961 3801 2131 3854 locum
2156 3800 2519 3856 deﬁcientium
2541 3802 2850 3858 Judazorum
2873 3805 3227 3861 admittuntur
3248 3808 3469 3863 creden-

1880 3900 1959 3946 tes
1989 3908 2052 3945 ex
2077 3894 2339 3961 gentibus.
2377 3896 2438 3948 lit
2463 3897 2658 3951 aliter:
2689 3896 3056 3952 lnstaurantur
3081 3912 3203 3965 qua:
3247 3908 3375 3954 sunt
3414 3890 3468 3955 in

1882 3994 2045 4055 terra,
2078 3986 2204 4041 dum
2235 4002 2332 4041 nos
2364 4002 2461 4057 per
2482 3988 2789 4044 Mediatoris
2808 3991 2981 4045 nostri
3004 3993 3318 4062 sanguinem
3341 4006 3470 4048 cou-

1880 4079 2315 4149 ciliatiouemque
2343 4094 2678 4149 reparainur.
2702 4080 3039 4149 Reparantur
3060 4084 3325 4151 caelestia,
3350 4099 3471 4141 cum

1884 4170 1953 4228 de
1977 4171 2148 4226 salute
2174 4181 2358 4226 nostra
2386 4172 2631 4242 gaudium
2669 4174 2904 4228 nascitur
2929 4175 3263 4243 angelorum.

1957 4274 2066 4318 mt.
2094 4266 2227 4331 Quid
2260 4266 2507 4333 estquod
2538 4265 2823 4331 Apostolus
2851 4266 3084 4336 loquitur
3112 4269 3180 4325 de
3217 4269 3329 4326 Deo
3367 4271 3473 4329 Pa-

1889 4366 1968 4410 tre
1993 4376 2005 4410 :
2038 4356 2121 4409 Ea:
2148 4373 2247 4425 quo
2278 4358 2441 4409 omnis
2466 4358 2747 4427 paternitas
2770 4359 2825 4412 in
2849 4360 2989 4415 colis
3014 4371 3059 4415 et
3080 4361 3135 4417 in
3156 4370 3293 4417 terra
3311 4366 3477 4421 nomi-

1890 4458 2042 4502 natur
2070 4447 2231 4516 (Epli.
2266 4464 2342 4515 ιιι,
2376 4448 2508 4517 15)?

1964 4541 2119 4611 Resp.
2151 4542 2279 4607 Quia
2308 4556 2427 4595 cum
2462 4541 2553 4597 ille
2594 4544 2750 4597 nobis
2789 4543 2949 4599 Pater
2984 4544 3189 4614 primus
3228 4560 3273 4599 ist
3313 4562 3477 4605 verus

254 4606 740 4718 Resp.Proplieti:e
759 4606 928 4712 genus
949 4606 1144 4711 duplex
1167 4606 1281 4695 est:
1308 4606 1569 4695 doctrina:
1587 4606 1779 4707 unum,
1814 4606 1868 4667 Β
1892 4636 1979 4703 sit,
2012 4606 2078 4688 ab
2110 4606 2251 4690 illius
2279 4637 2492 4690 nomine
2519 4637 2797 4691 derivatur
2820 4606 3036 4708 quando
3063 4640 3149 4695 alii
3184 4651 3363 4709 patres
3384 4659 3479 4713 ap-

186 4737 332 4792 aliud
360 4734 722 4790 divinationis.
752 4733 855 4787 Sed
888 4732 1145 4787 divinatio
1188 4734 1475 4801 praeteritis
1520 4736 1778 4802 tempori-

187 4834 285 4884 bus
305 4829 475 4899 magis
493 4831 677 4898 viguit,
694 4828 935 4884 doctrina
962 4829 1335 4897 prmsentilius.
1362 4829 1579 4883 Occulta
1600 4838 1778 4883 autem

186 4921 369 4974 cordis
393 4919 508 4989 ejus
529 4921 810 4976 manifesta
837 4922 989 4986 liunt,
1013 4920 1137 4973 dum
1164 4920 1216 4973 in
1264 4919 1503 4973 Ecclesia
1542 4919 1780 4989 prophe-

191 5024 339 5065 tante
368 5010 591 5065 doctore
616 5012 941 5068 conscientia
966 5011 1342 5080 compungitur
1367 5011 1650 5065 audientis.

266 5101 373 5155 Int.
407 5102 541 5163 Ouid
571 5113 655 5157 est
681 5105 821 5173 quod
853 5103 1131 5167 scribitur,
1172 5103 1454 5157 traditurus
1495 5100 1666 5157 Filius
1705 5119 1786 5157 re-

193 5210 354 5264 gnum
384 5192 490 5246 Deo
516 5192 664 5251 Patri
690 5193 742 5261 (I
772 5193 891 5247 Cor.
926 5210 1014 5258 xv,
1041 5192 1170 5265 24)?

272 5286 429 5354 Resp.
465 5284 780 5339 Traditurus
810 5286 1048 5355 quidem,
1077 5287 1171 5341 sed
1206 5294 1382 5340 tamen
1424 5301 1528 5340 non
1567 5288 1638 5340 ita
1682 5296 1790 5341 tra-

198 5379 431 5444 diturus,
464 5390 518 5433 ut
544 5389 747 5433 careat.
777 5379 1015 5434 'l‘raditio
1044 5391 1221 5434 autem
1250 5382 1397 5449 regni
1444 5391 1624 5434 nostra
1669 5397 1791 5450 pro-

199 5474 377 5529 veclio
403 5481 506 5539 est,
532 5482 658 5527 tunc
680 5488 799 5526 cum
827 5488 947 5527 esse
975 5488 1040 5529 ex
1074 5475 1279 5543 integro
1302 5474 1422 5528 Filii
1445 5476 1792 5529 metuerimus

197 5567 253 5621 in
281 5566 460 5620 Patris
488 5581 669 5637 regno.

274 5657 302 5710 1
309 5667 388 5712 nt.
415 5658 551 5726 Quid
584 5658 683 5712 sibi
709 5658 821 5713 vult
847 5658 978 5715 illud
1001 5658 1143 5727 quod
1170 5659 1448 5712 scribitur:
1479 5657 1663 5712 Omnes
1686 5659 1800 5729 qui-

202 5751 319 5804 dem
346 5765 691 5822 resurgemus,
722 5751 811 5806 sed
840 5764 943 5807 non
969 5766 1142 5807 omnes
1179 5753 1561 5807 immutabimur
1591 5753 1648 5825 (ι
1677 5752 1795 5809 Cor.

204 5860 295 5914 ιν,
324 5845 453 5916 si):

1889 4730 2170 4803 pellantur.

1962 4822 2071 4877 Int.
2110 4824 2390 4889 Quomodo
2428 4824 2715 4891 Apostolus
2756 4824 2922 4880 dicit:
2964 4824 3179 4882 Honora
3211 4839 3404 4899 patrem
3435 4836 3484 4888 et

1893 4925 2125 4979 matrem,
2158 4919 2294 4983 quod
2341 4924 2414 4967 est
2462 4915 2761 4968 mandatum
2796 4918 3019 4986 primum
3064 4920 3229 4989 (Eph.
3278 4938 3348 4988 Vl,
3389 4925 3473 4995 2),

1894 5023 2013 5063 cum
2039 5008 2090 5061 in
2115 5007 2399 5076 mandatis,
2425 5016 2482 5060 tit
2501 5007 2714 5077 quidam
2739 5010 3008 5076 ordinant,
3030 5018 3222 5081 quarto
3248 5016 3317 5069 sit
3338 5016 3483 5070 loco?

1968 5099 2122 5169 Resp.
2159 5099 2330 5169 Aliqui
2363 5099 2429 5154 de
2460 5099 2559 5153 hoc
2597 5099 2665 5152 ita
2711 5099 2984 5156 disserunt
3027 5104 3306 5159 dicentes:
3353 5106 3482 5161 Tria

1896 5193 1983 5246 illa
2018 5191 2263 5244 mandata
2295 5204 2414 5259 quas
2440 5193 2715 5257 superiora
2763 5201 2927 5257 sunt,
2972 5196 3151 5248 omnia
3197 5196 3265 5249 ad
3315 5194 3481 5250 Deum

1898 5285 2183 5352 pertinent,
2213 5292 2416 5350 septem
2449 5287 2726 5350 sequentia
2755 5284 2821 5337 ad
2854 5284 3156 5351 hominem;
3187 5295 3241 5341 et
3269 5287 3366 5341 tria
3398 5287 3484 5342 illa

1897 5377 1965 5432 ad
1994 5378 2159 5430 Deum
2192 5377 2507 5444 pertinentia
2542 5378 2594 5431 in
2628 5392 2729 5431 una
2775 5378 2907 5447 legis
2953 5379 3074 5432 talis
3115 5379 3292 5433 tabula
3334 5390 3485 5435 tene-

1900 5470 2125 5534 bantur,
2168 5469 2222 5522 in
2263 5468 2364 5522 alia
2402 5483 2531 5522 vero
2566 5468 2740 5522 tabula
2775 5478 3037 5538 praecepta
3067 5470 3154 5523 illa
3184 5481 3337 5525 crant
3365 5486 3487 5542 quas

1900 5563 1965 5617 ad
1997 5561 2268 5616 hominem
2301 5562 2654 5631 pertinebant.
2690 5560 2800 5617 Hoc
2849 5563 3029 5632 itaque
3075 5565 3382 5619 mandatum
3432 5566 3487 5629 in

1900 5664 2105 5726 septem
2128 5656 2391 5711 mandatis
2418 5671 2538 5726 quas
2569 5657 2633 5709 ad
2672 5656 2976 5725 proximum
3022 5657 3332 5727 pertinent,
3375 5661 3488 5732 pri.

1904 5766 2048 5805 mum
2072 5758 2176 5805 est.
2209 5748 2312 5804 Alii
2341 5764 2472 5804 vero
2500 5750 2587 5819 qni
2620 5748 2722 5803 hoc
2745 5748 3056 5805 mandatum
3103 5770 3210 5811 non
3254 5762 3445 5828 quarto
3471 5806 3487 5835 ,

1905 5844 2000 5899 sed
2024 5845 2211 5913 quinto
2242 5842 2384 5908 loco,
2418 5842 2561 5911 quod
2590 5855 2639 5897 ei
2674 5859 2770 5899 nos
2796 5848 3119 5915 probamus,
3152 5866 3271 5905 esse
3298 5840 3489 5913 condi.
