4024 6336
526 318 633 377 807
1519 304 1574 360 S.
1616 298 1940 359 EUCHEBII
1982 289 2464 354 LUGDUNENSIS
2502 290 2807 349 EPISCOPI
3708 288 3817 351 ιη

524 442 690 498 mant,
719 432 789 487 ita
812 428 881 487 de
909 430 1008 485 hoc
1028 427 1300 497 disputant
1326 441 1337 476 :
1363 421 1682 493 Decalogum
1710 422 1883 490 ipsum
1906 427 2097 481 totum,
2131 419 2183 477 Δ
2208 425 2377 482 catur,
2412 417 2493 472 vel
2524 431 2618 486 per
2639 412 2908 485 ejusmodi
2936 412 3316 468 abstinentiam
3343 410 3429 468 vel
3460 424 3558 481 per
3583 409 3818 466 circum-

526 529 648 598 quia
682 526 735 580 iu
765 525 851 580 illa
874 524 1040 593 prima
1064 521 1179 589 lege
1200 515 1559 585 conscriptum
1583 525 1685 579 est,
1710 522 1857 569 recte
1882 513 2109 579 primum
2214 508 2494 563 cisioucm.
2528 507 2782 578 Sequitur
2806 517 3024 561 autem:
3062 503 3183 560 Non
3210 505 3265 558 in
3300 503 3495 558 honore
3536 502 3714 568 aliqua
3749 502 3818 557 ad

528 592 837 674 mandatum
853 592 1136 681 appellari,
1157 608 1297 678 quod
1318 607 1499 677 utique
1522 606 1750 675 primum
1778 603 1937 659 faciat
1956 601 2109 669 ordo,
2214 602 2540 656 saturitatem
2568 600 2760 665 carnis,
2790 614 2919 669 ergo
2950 597 3050 653 hoc
3074 608 3161 653 cst
3201 596 3345 666 quod
3392 595 3508 649 vult
3552 592 3817 665 intelligi:

529 705 1169 782 110,133aliiirtttttittlege
1192 694 2114 768 ειιηςριιιιειιειιτεεοεμιειιιυιιι.ιιοιιι
2216 695 2416 751 Omnes
2447 695 2551 749 illa:
2580 693 3022 757 observationes,
3050 692 3181 747 licet
3224 692 3278 746 in
3323 688 3677 746 observantia
3721 689 3820 744 ali-

526 819 593 859 cx
626 801 727 854 huc
753 799 945 853 aliter:
982 794 1195 848 llonora
1234 802 1430 864 patrem
1475 802 1522 846 et
1568 800 1780 845 matrem
1806 831 1821 854 ,
1870 786 2005 856 quod
2045 793 2119 839 est

525 892 827 945 mandatum
865 888 1124 959 primum,
1166 893 1224 939 et
1258 884 1548 954 subiungit,
1576 884 1627 937 iu
1654 880 2031 952 pruttiissioue.
2061 877 2118 933 lit

526 996 629 1049 qua
664 980 1056 1047 promissione?
1093 975 1159 1033 Ut
1199 978 1321 1030 bene
1358 977 1424 1029 sit
1472 976 1604 1039 tibi,
1648 983 1693 1028 et
1738 972 1809 1026 sis
1859 970 2119 1041 longincus

526 1087 680 1135 super
710 1080 897 1124 terram
920 1069 1115 1142 (Exod.
1150 1084 1246 1137 sx,
1282 1067 1391 1139 12).
1424 1068 1587 1137 igitur
1614 1065 1665 1120 iu
1710 1063 1976 1118 mandatis
2020 1061 2123 1118 hoc

529 1172 613 1215 est
661 1163 891 1231 primunt
945 1160 1289 1226 manda'um,
1339 1159 1480 1230 quod
1524 1159 1738 1225 habeat,
1773 1170 1931 1226 quam
1958 1168 2122 1225 supra

529 1251 786 1317 diximus,
816 1254 1248 1319 promissionem.

598 1340 704 1398 Int.
743 1344 878 1411 Quid
905 1344 1004 1398 sibi
1034 1344 1147 1397 vult
1177 1342 1302 1396 illud
1344 1342 1483 1413 quod
1527 1340 1822 1398 scribitur:
1873 1338 2126 1411 Spiritum

530 1438 687 1491 nolite
715 1438 1034 1509 exstinguere
1062 1438 1112 1504 (I
1140 1436 1319 1491 Thess.
1352 1454 1404 1499 ν,
1437 1436 1565 1507 i9)?

605 1528 761 1593 Resp.
796 1529 1169 1598 Exstiuguerc,
1206 1530 1254 1581 id
1285 1543 1366 1583 est
1400 1527 1583 1598 lngare
1615 1544 1708 1597 per
1737 1542 1901 1597 opera
1932 1526 2128 1597 iniqui-

536 1625 678 1677 tatis.
710 1622 873 1676 David
907 1623 1076 1689 inquit
1104 1639 1115 1675 :
1159 1620 1413 1693 Spiritum
1442 1634 1674 1676 sanctum
1705 1632 1849 1676 tuum
1879 1638 1940 1675 ne
1977 1622 2127 1689 aufeo

534 1728 620 1768 ras
647 1729 680 1765 a
709 1728 788 1766 me
817 1711 935 1784 (Ps.
966 1728 1017 1777 ι..
1051 1715 1162 1784 15).

2220 801 2379 857 quam
2429 786 2705 856 sapientiae
2754 783 3012 854 praeferre
3054 784 3339 839 videantur
3386 782 3654 853 ﬁguram,
3701 782 3820 852 quia

2222 892 2473 951 putentur
2503 882 2671 951 legem
2699 888 3091 951 praeceptorum
3121 888 3327 946 tenere,
3356 886 3535 933 timen
3561 877 3616 931 in
3639 891 3823 946 super-

2222 975 2440 1029 stitione
2466 986 2612 1037 sunt,
2646 988 2749 1027 nuu
2782 974 2834 1027 iu
2864 971 3044 1042 aliquo
3075 972 3282 1025 honore
3313 971 3437 1037 Dei,
3478 968 3578 1026 sed
3618 966 3689 1023 ad
3730 982 3820 1024 es-

2224 1064 2478 1136 pleudam
2505 1066 2834 1120 voluntatem
2864 1063 3224 1118 obserVantiae
3252 1061 3507 1118 carnalis.

2779 1170 2796 1209 l
2822 1171 2890 1210 AD
2920 1169 3256 1209 τικοτιιεοιι.

2300 1247 2407 1303 Int.
2435 1248 2565 1317 Qua:
2593 1248 2920 1319 singularum
2951 1264 3130 1303 rerum
3154 1258 3237 1303 est
3265 1246 3579 1312 accipienda
3616 1245 3822 1301 discre-

2228 1343 2305 1398 tio
2335 1343 2387 1397 in
2436 1342 2519 1396 bis
2561 1358 2693 1411 quas
2740 1342 3033 1411 Apostolus
3083 1341 3287 1409 profert
3327 1340 3553 1398 dicens:
3612 1340 3828 1395 Obsecro

2227 1437 2385 1508 igitur
2407 1437 2571 1503 primo
2598 1438 2823 1490 omnium
2853 1438 2965 1504 ﬁeri
2993 1437 3384 1501 obsecrationes,
3412 1436 3675 1491 orationes
3697 1475 3712 1499 ,
3744 1449 3827 1504 po-

2226 1530 2550 1593 stulationes,
2582 1533 2870 1602 gratiarum
2897 1532 3125 1585 actiones
3158 1531 3178 1603 (
3197 1532 3210 1585 Ι
3243 1530 3376 1585 Tim.
3408 1546 3468 1591 tt,
3505 1528 3582 1600 1).

2304 1624 2459 1691 Resp.
2490 1624 2903 1679 Ulisecrationes
2926 1624 3059 1678 liunt
3089 1640 3183 1691 pro
3207 1612 3441 1693 peccatis
3467 1620 3763 1692 praeteritis
3780 1628 3828 1677 et

2231 1716 2619 1785 praesentibus;
2653 1716 2930 1772 orationes
2961 1732 3057 1785 pro
3085 1714 3447 1785 adipiscendis
3474 1730 3598 1783 quae
3642 1728 3827 1783 spera-

607 1805 717 1860 lut.
748 1808 1001 1876 Sequitur
1034 1808 1191 1874 paulo
1224 1815 1344 1876 post
1372 1807 1424 1861 iu
1455 1807 1646 1863 eodem
1672 1824 1686 1861 :
1718 1805 1787 1863 Ut
1812 1808 2002 1877 integer
2025 1807 2132 1877 spi-
2158 1792 2212 1855 Β
2240 1821 2384 1868 mus;
2416 1807 2807 1875 postulationes
2835 1822 2956 1861 cum
2989 1822 3085 1876 pro
3111 1806 3232 1860 aliis
3265 1806 3687 1869 intervenimus;
3716 1819 3828 1874 gia-

537 1899 666 1955 ritus
696 1910 877 1964 vester,
902 1909 949 1954 et
974 1902 1113 1953 anim
1126 1917 1168 1961 τ,
1202 1908 1247 1951 et
1280 1915 1464 1966 corpus
1494 1901 1604 1952 siue
1629 1897 1836 1970 querela
1865 1901 1917 1951 in
1945 1901 2138 1952 adven-

540 2000 648 2045 tum
677 1989 881 2045 Domini
925 1993 1087 2044 nostri
1120 1988 1245 2044 Jesu
1284 1990 1470 2043 Lhristi
1506 2004 1729 2045 serretur
1767 1991 1820 2062 (Ι
1862 1989 2038 2045 Thess.
2074 2004 2133 2061 v,

538 2084 672 2156 23):
706 2086 831 2151 quid
863 2085 947 2139 hic
978 2085 1380 2154 intelligendum
1409 2086 1526 2139 est?

617 2176 772 2248 Resp.
802 2178 1059 2246 Spiritum
1090 2179 1175 2231 hic
1203 2177 1328 2230 dicit
1360 2177 1539 2245 utique
1572 2178 1720 2231 illum
1753 2186 1998 2233 sanctum
2020 2218 2036 2239 ,
2068 2175 2137 2233 de

540 2283 647 2340 quo
676 2282 834 2338 supra
867 2268 1113 2322 dixerat:
1150 2266 1405 2335 Spiritum
1446 2269 1603 2321 nolite
1644 2271 1988 2342 exstinguere.
2037 2268 2136 2337 Qui

541 2361 756 2432 quidem
789 2375 910 2415 cum
939 2360 991 2414 in
1022 2359 1318 2413 substantia
1352 2376 1445 2413 sui
1480 2376 1585 2414 nou
1629 2366 1799 2428 possit
1841 2359 2131 2429 exstingui,

542 2456 898 2524 exstinguitur
936 2454 987 2508 iit
1021 2454 1200 2516 nubis,
1231 2469 1352 2507 cum
1382 2454 1626 2508 aufertur
1652 2472 1681 2505 a
1711 2454 1889 2508 nobis.
1929 2453 2136 2507 Diuum

544 2562 775 2617 namque
802 2547 919 2616 ejus
955 2549 1037 2602 vel
1086 2548 1256 2616 gratia
1308 2547 1360 2600 in
1414 2546 1720 2601 hominibus
1762 2548 1904 2600 sicut
1946 2561 2134 2599 eorum

544 2644 830 2697 virtutibus
856 2642 1199 2703 accenditur,
1230 2642 1299 2695 ita
1341 2655 1525 2695 eorum
1570 2640 1713 2694 vitiis
1752 2642 2135 2710 eustiuguitur.

544 2737 647 2790 Alii
690 2746 937 2788 asserunt
971 2733 1217 2803 spiritmu
1261 2733 1345 2787 hic
1384 2733 1756 2799 accipiendum
1795 2749 1917 2787 esse
1944 2736 2139 2787 animae

545 2828 713 2897 ipsius
738 2826 1070 2881 intellectum
1100 2840 1260 2894 atque
1287 2825 1624 2893 sapientiam.
1657 2824 1733 2879 De
1754 2841 1861 2895 qui
1887 2824 1994 2878 alio
2018 2825 2138 2878 loco

546 2919 685 2972 idem
722 2920 1009 2988 Apostolus
1052 2918 1221 2973 dicit:
1272 2915 1338 2969 Et
1384 2918 1490 2987 ip;e
1519 2917 1744 2985 Spiritus
1793 2918 2138 2971 testimonium

544 3012 714 3066 reddit
740 3011 943 3078 spiritui
969 3023 1163 3077 nostro,
1188 3011 1327 3081 quod
1365 3022 1540 3063 sumus
1564 3010 1660 3078 ﬁlii
1686 3011 1777 3063 Dei
1818 3009 1996 3079 (Rom.
2021 3024 2135 3077 vut,

549 3108 658 3174 lii).
694 3105 803 3159 lloc
834 3114 936 3170 cst,
976 3104 1119 3172 quod
1150 3103 1240 3156 ille
1270 3102 1500 3171 Spiritus
1531 3112 1750 3157 sanctus
1781 3104 1902 3157 huic
1933 3104 2140 3156 intelle-

2239 1898 2428 1952 tiarum
2461 1900 2699 1953 actiones
2734 1914 2853 1954 cum
2878 1914 2940 1954 ea
2970 1913 3092 1968 quae
3122 1897 3391 1967 poscimus
3440 1899 3826 1967 impetramus,

2238 1989 2320 2042 vel
2350 2001 2497 2043 certe
2543 2004 2663 2043 cum
2712 2005 2807 2057 pro
2851 1987 3129 2043 inuneusis
3171 1987 3269 2043 Dei
3316 1986 3595 2044 beneﬁciis
3637 1988 3829 2058 gratias

2238 2079 2530 2147 laudesque
2558 2081 2863 2137 referimus.

2310 2171 2417 2227 Int.
2450 2173 2622 2228 Lucus
2653 2175 2742 2229 ille
2764 2174 3035 2244 quomodo
3061 2172 3408 2240 accipiendas
3451 2182 3537 2227 est
3564 2217 3580 2239 ,
3629 2173 3684 2227 in
3733 2187 3829 2242 quo

2238 2268 2529 2321 scribitur:
2584 2266 2939 2334 Quorumdam
2992 2268 3254 2321 hominum
3307 2276 3517 2339 precata
3566 2268 3830 2337 nianifes'a

2236 2371 2355 2416 sunt
2387 2360 2723 2421 praecedentia
2751 2360 2820 2415 ad
2838 2360 3119 2433 judicium,
3143 2359 3389 2429 quosdam
3424 2368 3599 2414 autem
3639 2368 3687 2413 et
3726 2360 3834 2414 sub-

2239 2464 2520 2521 sequuntur
2553 2452 2605 2523 (1
2634 2452 2771 2506 Tun.
2805 2469 2856 2517 ν,
2888 2453 3027 2521 ΞΗῩ

2312 2546 2469 2616 Resp.
2501 2545 2672 2614 Supra
2700 2546 2929 2612 dixerat,
2964 2545 3208 2599 adversus
3233 2543 3597 2616 presbyterum
3634 2560 3835 2599 accusa-

2239 2640 2429 2695 tionem
2462 2655 2565 2691 uou
2596 2638 2980 2709 recipiendam,
3013 2640 3113 2692 nisi
3137 2638 3228 2692 sub
3255 2637 3452 2692 duobus
3483 2648 3531 2692 et
3570 2638 3734 2692 tribus
3771 2648 3837 2692 te-

2239 2732 2401 2783 stibus
2430 2731 2484 2799 (ι
2518 2728 2647 2783 Tim.
2685 2744 2737 2794 ν,
2768 2729 2887 2799 19);
2918 2739 2973 2784 ct
3000 2730 3157 2798 paulo
3182 2739 3300 2800 post
3328 2729 3562 2784 addidit:
3592 2734 3838 2795 Quorum-

2241 2822 2360 2875 dam
2388 2821 2649 2874 hominum
2672 2832 2880 2892 psccata
2905 2832 3025 2874 sunt
3054 2821 3395 2891 pracedentia
3436 2820 3505 2873 ad
3544 2821 3802 2893 judicium
3822 2864 3837 2887 ,

2244 2916 2427 2985 utique
2452 2915 2576 2969 dum
2609 2915 2860 2969 omnibus
2891 2926 3015 2971 n0ta
3060 2925 3220 2979 sunt;
3273 2914 3520 2986 quaedam
3566 2925 3748 2969 autem
3792 2926 3838 2968 t-t

2241 3007 2663 3078 subsequuntur,
2694 3010 2873 3078 utique
2902 3008 3027 3062 dum
3056 3019 3240 3078 postea
3269 3007 3324 3063 iu
3357 3007 3566 3078 judicio
3602 3022 3838 3076 comi-ro-

2243 3101 2456 3156 hantur.
2486 3102 2638 3167 Quod
2668 3102 2710 3156 si
2739 3102 2876 3155 istud
2906 3101 3068 3171 aliqui
3098 3103 3148 3155 in
3165 3100 3368 3171 judicio
3395 3100 3486 3156 Dei
3513 3102 3690 3171 magis
3712 3101 3840 3155 acci-

544 3198 709 3253 ctuali
752 3197 1016 3265 spirituali
1065 3204 1251 3249 uustru
1301 3196 1667 3249 testiinonium
1718 3196 1943 3260 reddat,
1996 3193 2136 3264 quod
2168 3174 2215 3238 (ἶ
2247 3197 2499 3263 piendum
2533 3203 2959 3265 putant,p01est
2998 3198 3067 3250 ita
3111 3195 3375 3266 intelligi:
3420 3194 3743 3251 Praecederc
3780 3195 3837 3249 ad

545 3304 729 3345 sumus
762 3289 852 3343 lilii
880 3289 994 3343 Dei.
1026 3290 1145 3343 Alio
1167 3303 1377 3357 quoque
1403 3288 1524 3342 loco
1550 3288 1836 3356 Apostolus
1863 3290 2138 3357 loquitur:

548 3379 785 3434 Psallam
826 3382 1046 3448 spiritu,
1090 3380 1307 3442 psallam
1346 3387 1394 3431 et
1442 3391 1603 3433 mente
1636 3379 1688 3449 (Ι
1729 3377 1848 3433 Cor.
1882 3396 1991 3444 stv,
2025 3380 2134 3447 15).

552 3473 648 3527 llie
679 3473 925 3542 spiritum
960 3488 1055 3540 pro
1087 3486 1215 3526 voce
1243 3486 1471 3541 ponens,
1502 3480 1558 3525 et
1592 3487 1724 3525 voce
1766 3471 1898 3525 dicit
1940 3474 2143 3541 pariter

552 3580 605 3623 et
637 3579 817 3623 mente
840 3567 1197 3637 psallendum.

1108 3675 1174 3713 AD
1211 3672 1588 3714 COLOSSENSIS.

623 3750 733 3807 Int.
766 3752 901 3821 Quid
932 3752 1339 3823 intelligendum
1366 3764 1445 3808 est
1478 3756 1527 3807 iu
1557 3752 1791 3821 capitulo
1819 3751 1931 3817 illo,
1958 3753 2009 3807 in
2037 3768 2143 3822 quo

552 3847 616 3902 ad
649 3846 997 3901 Colusseuses
1025 3847 1310 3901 scribitur:
1347 3844 1407 3900 Si
1432 3848 1618 3899 mortui
1642 3848 1761 3899 estis
1790 3862 1902 3900 rum
1940 3844 2143 3901 Christo

552 3940 615 3992 ab
647 3940 901 3992 elementis
931 3938 1129 4001 mundi,
1162 3938 1285 4008 quid
1325 3940 1494 3992 adhuc
1537 3950 1795 4009 tamquam
1833 3940 2047 3994 virentes
2089 3941 2143 3994 in

555 4032 741 4085 mundo
769 4030 1037 4084 decernitis
1062 4028 1283 4098 (Coloss.
1314 4045 1373 4097 tt,
1397 4030 1527 4099 20)?
1558 4031 1621 4084 Et
1651 4032 1877 4099 reliqua.

630 4123 785 4191 Resp.
819 4121 1269 4190 Pcrstriugaiuus,
1295 4132 1351 4175 ut
1381 4137 1685 4189 possumus.
1711 4126 1884 4177 locum
1918 4125 2145 4181 summis

554 4215 968 4272 obscuritatibus
1000 4216 1315 4269 involutum.
1352 4216 1594 4285 Disputat
1622 4228 1810 4271 contra
1838 4233 1931 4271 eus
1960 4221 2048 4287 qui
2076 4234 2143 4274 ex

557 4310 757 4365 .Iudans
785 4309 1098 4371 Christiani,
1133 4310 1361 4377 propriis
1384 4310 1779 4365 contendebant
1807 4315 2145 4368 eaeremuuiis

559 4404 838 4457 inhaerere.
872 4402 1043 4469 Supra
1067 4404 1208 4456 enim
1240 4403 1451 4457 dixerat
1480 4404 1545 4457 de
1578 4405 1913 4475 iiuprobabili
1955 4422 2142 4461 eorum

557 4496 894 4551 observmtia
922 4498 973 4551 in
1002 4498 1111 4549 cibo
1136 4507 1181 4550 et
1210 4508 1367 4563 potu;
1392 4508 1447 4552 et
1474 4499 1613 4568 quod
1640 4500 1917 4553 neomcnic
1955 4516 2142 4555 eorum

559 4604 607 4645 et
633 4590 840 4643 sabbata
880 4590 1120 4645 umbram
1173 4591 1470 4644 futurorum
1514 4593 1874 4657 praetulissent
1911 4591 2048 4661 (Col.
2086 4609 2145 4660 ιι,

563 4681 673 4750 lli).
707 4680 936 4734 Rursum
966 4680 1017 4733 iu
1047 4682 1499 4751 consequentibus
1527 4681 1654 4735 dicit
1684 4700 1697 4736 :
1730 4682 1789 4738 Si
1812 4683 2001 4736 mortui
2029 4688 2150 4740 estis

560 4791 674 4827 cum
712 4772 911 4825 Christo
941 4774 1002 4826 ab
1029 4772 1287 4826 elementis
1316 4774 1511 4838 mundi,
1539 4774 1664 4844 quid
1690 4774 1860 4829 adhuc
1890 4785 2148 4845 tamquam

559 4867 844 4920 riventrsiu
874 4866 1065 4917 mundo
1108 4866 1419 4919 decernitis?
1460 4866 1512 4918 ld
1558 4877 1678 4933 est,
1726 4868 2028 4937 dijudicatis
2069 4868 2150 4924 di-

559 4957 761 5011 cenda:
795 4954 880 5010 Ne
901 4957 1182 5028 tetigeritis,
1211 4973 1370 5027 neque
1394 4960 1735 5029 gustaveritis,
1769 4978 1927 5029 neque
1951 4975 2152 5016 contre-

559 5048 836 5111 rtareritis,
865 5062 978 5118 quie
1004 5058 1121 5101 sunt
1146 5050 1317 5101 omnia
1348 5050 1401 5103 in
1425 5051 1632 5104 interitu
1658 5053 1767 5122 ipso
1806 5070 1901 5106 usu
1939 5070 2031 5107 suo
2068 5055 2153 5125 (id

560 5158 665 5205 esu,
698 5142 823 5193 dum
849 5152 1194 5196 assiunuutur
1228 5143 1541 5207 intereunt),
1581 5144 1862 5198 secundum
1900 5156 2157 5219 priet-epla

560 5246 604 5284 et
638 5234 898 5286 doctrinas
929 5233 1226 5286 hominum:
1257 5250 1373 5303 quis
1395 5244 1513 5287 sunt
1544 5235 1788 5289 rationem
1825 5238 2028 5305 quidem
2060 5243 2154 5291 ha-

561 5326 727 5376 bentia
772 5325 1037 5393 sapientiae
1078 5325 1132 5378 in
1175 5326 1533 5395 superstitione
1570 5335 1615 5379 et
1643 5327 1952 5395 humilitate,
1980 5341 2024 5383 et
2055 5348 2158 5384 non

565 5420 629 5469 ..ιι
662 5420 971 5485 parcendum
1000 5418 1225 5484 corpori.
1262 5419 1537 5472 buetriuas
1560 5419 1834 5475 hominum
1858 5422 2006 5486 dicit,
2031 5426 2153 5494 quia

568 5526 832 5582 prun-cpta
868 5512 979 5579 ipsa
1008 5514 1296 5567 carnaliter
1326 5511 1645 5583 iutcll‘gant,
1681 5517 2057 5587 praecipientes
2100 5522 2151 5576 in

570 5607 705 5674 lege.
740 5604 999 5668 prohibita
1034 5621 1138 5657 nuit
1170 5608 1478 5660 maudurari
1504 5623 1517 5658 :
1546 5607 1639 5659 sed
1674 5607 1804 5673 huc,
1855 5610 1993 5664 sicut
2040 5612 2156 5680 ipse

572 5700 867 5767 sutq'uugit,
899 5699 950 5752 iu
982 5699 1364 5767 super-titione
1389 5709 1443 5754 et
1478 5700 1776 5756 humilitate
1803 5717 2155 5776 supervacua,

571 5802 629 5846 et
651 5790 704 5848 in
732 5791 975 5859 corporis
1006 5791 1318 5859 at‘tlictioue,
1348 5791 1437 5850 cui
1468 5794 1649 5869 utique
1670 5797 1879 5867 corpori
1906 5815 2011 5857 non
2036 5816 2157 5875 par.

2241 3288 2498 3359 judicium
2525 3288 2611 3341 illa
2638 3298 2848 3357 peccata
2877 3302 2997 3357 qua:
3024 3296 3149 3342 ante
3176 3287 3263 3341 hic
3286 3287 3666 3358 unusquisque
3699 3303 3837 3342 com-

2246 3381 2482 3447 miserit;
2513 3382 2761 3453 subsequi
2786 3398 2913 3436 vero
2944 3381 3057 3447 illa,
3087 3381 3283 3449 quibus
3324 3394 3424 3435 nos
3462 3380 3687 3451 quidem
3726 3395 3839 3435 catt-

2245 3490 2334 3530 sas
2358 3475 2623 3541 dedimus,
2657 3475 2749 3529 sed
2776 3474 2887 3544 jim
2926 3482 3046 3544 post
3088 3474 3372 3529 transitum
3423 3481 3672 3529 nostrum
3720 3488 3838 3528 cou-

2244 3579 2508 3623 summata
2558 3568 2942 3638 intelliguntur.
2994 3567 3136 3638 Ergo
3184 3567 3591 3638 subsequuntur
3643 3582 3740 3622 nos
3787 3567 3835 3621 in

2241 3663 2501 3731 judicium
2528 3662 3094 3731 liujusmudipeccata,
3114 3661 3180 3727 si,
3216 3660 3364 3715 verbi
3390 3660 3585 3730 gratia,
3620 3660 3708 3715 cui
3737 3658 3837 3713 ino-

2248 3755 2350 3823 piae
2381 3769 2480 3809 nos
2505 3770 2695 3809 οιιιιςειε
2720 3754 3018 3816 attulimus,
3046 3751 3186 3806 l‘aiue
3215 3761 3336 3822 post
3360 3752 3573 3806 obitum
3601 3763 3833 3806 nostrum

2247 3861 2408 3917 atque
2436 3855 2675 3917 egestate
2700 3851 3051 3914 consumptus
3078 3844 3167 3898 sit.

2792 3954 2829 3994 ιι
2860 3955 2928 3994 ΔΙ)
2957 3952 3297 3994 τΙΙοΤΙΙΕυΙ.

2319 4033 2429 4087 lnt.
2461 4034 2748 4087 Alexander
2772 4032 2987 4086 maritis
3031 4030 3232 4095 multa,
3278 4028 3487 4097 inquit,
3537 4027 3681 4081 mala
3727 4026 3836 4079 mihi

2248 4128 2506 4181 ostendit:
2533 4127 2705 4179 reddet
2732 4126 2777 4177 ei
2816 4124 3063 4177 Dominus
3099 4121 3380 4176 secundum
3421 4136 3580 4190 opera
3618 4120 3729 4189 ejus
3764 4113 3834 4185 (il

2247 4219 2382 4274 Tim.
2402 4236 2472 4281 tv,
2496 4219 2600 4286 14).
2628 4218 2692 4271 Et
2714 4218 2836 4271 item
2856 4233 2869 4270 ε
2891 4214 3143 4269 Percntiet
3156 4225 3203 4269 te
3220 4213 3487 4275 Dominus,
3514 4215 3689 4283 paries
3704 4212 3835 4270 deal.

2248 4316 2361 4368 bate
2383 4314 2519 4385 (Act.
2547 4328 2698 4373 χχιιι.
2722 4312 2777 4383 2i)
2800 4329 2813 4364 :
2838 4310 3111 4381 quomodo
3133 4310 3247 4364 haec
3269 4307 3618 4378 intelligenda
3640 4306 3789 4361 sunt?

2322 4409 2480 4478 Resp.
2511 4406 2783 4462 Percutiet
2810 4417 2879 4469 te,
2911 4404 3105 4472 iuqttil,
3148 4419 3254 4457 non
3300 4401 3597 4473 percutiat;
3642 4408 3695 4453 et
3734 4413 3833 4452 rur-

2254 4517 2370 4557 sum
2396 4502 2607 4565 reddet,
2635 4514 2741 4554 uon
2770 4497 2980 4553 reddat.
3005 4495 3158 4554 Unde
3190 4495 3247 4549 lit
3271 4504 3327 4550 ut
3354 4510 3461 4548 non
3493 4504 3603 4548 tam
3633 4490 3831 4547 maledi-

2254 4594 2424 4648 centis
2450 4593 2630 4646 animo
2658 4592 2797 4645 dicta
2845 4603 2967 4645 esse
3015 4589 3334 4651 videantur,
3380 4601 3545 4656 quam
3592 4584 3827 4655 judicium

2260 4690 2355 4745 Dei
2383 4698 2542 4757 atque
2572 4688 2862 4741 vindictam
2893 4685 3277 4740 denuntiantis.
3308 4681 3440 4737 [tem
3468 4682 3666 4735 aliter:
3700 4678 3756 4733 Et
3787 4678 3825 4731 si

2257 4796 2353 4851 per
2381 4780 2898 4835 administrationem
2932 4776 3228 4847 prophetiae
3262 4776 3488 4830 immoto
3515 4774 3698 4829 animo
3730 4786 3827 4826 ma.

2258 4872 2449 4928 ledicat
2476 4871 2757 4942 propheta,
2793 4885 2849 4923 ut
2896 4870 3064 4924 illud:
3118 4867 3467 4921 Obscureutur
3500 4864 3641 4920 oculi
3680 4876 3826 4918 eorum

2257 4985 2322 5023 ne
2348 4968 2548 5023 uideant
2577 4966 2694 5036 (Ps.
2726 4982 2914 5030 uvm,
2947 4966 3074 5035 2t);
3099 4964 3226 5019 dicit
3253 4964 3383 5035 quid
3421 4977 3615 5017 eorum
3652 4957 3829 5014 meritis

2259 5062 2574 5116 debebatur.
2630 5060 2766 5127 Quia
2804 5062 2968 5113 omnis
3015 5056 3377 5127 praevaricatio
3424 5064 3473 5109 et
3509 5051 3827 5107 inob:dientia

2259 5156 2444 5226 accipit
2488 5158 2690 5226 justam
2740 5154 2906 5223 operis
2965 5160 3117 5219 atque
3172 5150 3418 5205 mercedis
3479 5147 3827 5203 retributionem

2259 5248 2427 5320 (Heb.
2463 5264 2521 5314 ιι,
2548 5247 2627 5319 9).

2264 5372 2267 5373 ⁷
2866 5354 2933 5392 ΑΙ)
2970 5352 3247 5392 ιιεοιιιος.

2266 5466 2271 5471 ’
2333 5429 2443 5487 Int.
2467 5429 2609 5498 Quid
2641 5427 2695 5483 in
2724 5428 2827 5483 hoc
2866 5430 3140 5500 sequimur
3177 5426 3319 5497 quod
3358 5425 3651 5495 Apostolus
3690 5422 3823 5477 dicit:

2260 5520 2394 5577 Fide
2415 5521 2575 5576 Jacob
2606 5521 2827 5575 moriens
2857 5521 3087 5592 singulos
3110 5519 3332 5587 ﬁliorum
3352 5518 3548 5590 Ioseph
3576 5515 3822 5577 benedixit.

2259 5624 2306 5669 et
2332 5614 2560 5668 adoravit
2589 5613 2851 5684 fastigium
2873 5614 3029 5683 virgae
3057 5615 3168 5685 ejus
3198 5610 3362 5680 (Heb.
3396 5627 3474 5677 ιι,
3504 5612 3640 5683 il)?

2336 5709 2492 5778 Resp.
2539 5707 2748 5776 Sceptri
2790 5706 3109 5777 signiﬁcatio
3143 5717 3225 5761 est
3262 5706 3573 5775 accipienda
3615 5720 3704 5774 per
3732 5700 3817 5755 vir'

2262 5820 2404 5879 gain,
2438 5812 2489 5859 et
2512 5817 2609 5874 per
2641 5800 2748 5858 hoc
2778 5802 2927 5876 regni
2964 5801 3358 5873 potestatisque
3378 5800 3643 5873 fastigium
3665 5799 3711 5854 in
3734 5804 3820 5869 quc
