4024 6336
263 289 364 352 809

1490 280 2046 345 INSTRUCTIONUM
2085 285 2214 343 LIB.
2257 285 2301 344 ι.

3430 296 3537 355 810

260 409 502 465 Christus
529 407 842 478 intelligitur
870 407 1121 463 adoratus
1144 447 1159 474 ,
1199 406 1291 476 qui
1337 403 1593 461 videlicet
1634 403 1846 459 futurus
1873 402 1927 460 Α
1952 399 2081 465 Deo,
2112 417 2218 455 non
2250 415 2459 467 vocem,
2492 400 2586 456 sed
2611 393 2939 456 inconditum
2970 416 3157 457 sonum
3191 405 3340 459 vocis
3380 422 3538 466 acce-

260 509 371 553 erat
403 498 554 569 regni
586 499 932 554 Hebraeorum
959 507 1136 568 caput.

679 607 731 646 IN
757 606 976 646 Αετιιιυε
1015 603 1393 646 Αιιοδτοιοιιυιι
1402 630 1412 641 .

329 681 430 735 lnt.
465 681 607 749 Quid
638 683 839 742 indicat
866 682 992 736 illud
1021 682 1166 753 quod
1195 682 1456 752 legimus:
1501 679 1712 736 Sabbati
1752 679 1846 732 ha-

257 773 368 826 bens
396 775 491 828 iter
519 774 655 844 (Act.
689 791 727 840 t,
765 774 872 846 12),
905 774 952 829 id
982 784 1086 842 est,
1122 775 1272 830 mille
1304 775 1526 844 passus?

329 864 481 936 Resp.
513 866 750 922 Sabbato
778 868 919 922 enim
949 881 1117 936 usque
1142 866 1207 921 ad
1252 876 1488 921 montem
1535 866 1726 920 Oliveti
1767 864 1845 920 ire

257 958 456 1013 Judzeis
489 959 689 1015 licitum
719 969 869 1015 erat:
905 959 994 1014 vel
1022 969 1168 1015 certe
1203 959 1371 1015 sicubi
1414 959 1658 1026 fuissent,
1690 966 1844 1012 tanto

253 1052 426 1118 spatio
455 1051 832 1107 deambulandi
863 1051 1131 1108 licentiam
1164 1052 1581 1121 praesumebant.

324 1140 433 1196 Int.
469 1141 696 1212 Spiritus
745 1153 950 1197 sanctus
995 1143 1265 1213 quomodo
1304 1151 1429 1198 ante
1474 1143 1843 1197 ascensionem

253 1244 280 1281 a
303 1229 579 1286 Salvatore
609 1235 900 1288 secundum
934 1234 1293 1306 euangelistam
1311 1231 1568 1288 Joannem
1597 1233 1844 1305 apostolis

251 1318 540 1390 insumatur
567 1322 742 1392 (Joan.
776 1341 867 1390 xx,
902 1324 1014 1396 22),
1046 1339 1166 1380 cum
1196 1325 1490 1380 secundum
1521 1327 1686 1380 Actus
1709 1340 1842 1394 apo-

252 1412 510 1468 stolorum
540 1424 657 1483 post
677 1415 944 1470 decimum
967 1414 1302 1471 ascensionis
1322 1415 1462 1471 diem
1491 1415 1544 1469 in
1571 1414 1843 1485 apostolos

253 1505 452 1561 missus
484 1511 553 1561 sit
583 1509 727 1577 (Act.
760 1524 818 1575 tt,
851 1508 940 1576 1)?

322 1595 484 1668 Resp.
518 1600 697 1654 Multae
727 1600 901 1655 sancti
932 1599 1164 1669 Spiritus
1191 1601 1479 1670 gratiarum
1525 1600 1843 1655 donationes

249 1697 396 1753 sunt,
428 1690 717 1745 secundum
750 1691 878 1745 illud
906 1691 1049 1759 quod
1078 1691 1371 1761 Apostolus
1403 1690 1530 1745 dicit
1556 1708 1568 1743 :
1598 1690 1703 1743 Alii
1729 1689 1843 1758 qui-

1949 500 2158 562 perunt,
2192 501 2248 546 ttt
2270 507 2362 546 eos
2385 501 2568 562 postea
2591 492 2732 547 dicat
2755 508 2942 548 vocem
2967 509 3070 549 non
3095 495 3330 563 audisse,
3358 497 3411 552 id
3433 509 3538 568 est,

1946 595 2261 652 expressam
2287 583 2574 639 verborum
2607 584 3039 654 signiﬁcautiam,
3071 603 3171 655 qua
3209 590 3413 656 possint
3451 591 3535 646 in-

1947 679 2193 749 telligere
2221 680 2363 750 quod
2391 680 2637 736 sonabat.
2683 683 2759 736 Ac
2804 681 3027 750 perinde
3077 682 3277 737 idcirco
3321 685 3538 741 diversa

1947 769 2065 824 vice
2108 779 2162 825 et
2200 769 2414 825 audisse
2458 772 2784 836 referuntur,
2816 774 2938 840 quia
2965 782 3221 842 quantum
3251 773 3317 829 ad
3344 790 3534 831 sonum

1948 863 2205 932 pertinet,
2223 862 2527 930 audierunt;
2543 872 2796 933 quantum
2813 864 2879 918 ad
2898 865 3080 932 verba,
3104 881 3208 919 non
3228 867 3538 924 audierunt.

2019 953 2126 1009 Int.
2154 956 2331 1023 Quare
2361 957 2508 1026 prius
2553 958 2835 1010 communis
2884 958 3022 1013 cibus
3070 959 3397 1028 vocabatur,
3445 959 3537 1031 qui

1947 1057 2228 1119 putaretur
2255 1048 2596 1102 immundus?

2020 1140 2177 1211 Resp.
2211 1139 2363 1206 Quod
2395 1151 2581 1194 contra
2611 1139 2951 1195 interdictum
2982 1150 3108 1197 tunc
3151 1143 3244 1197 Dei
3292 1145 3343 1198 in
3388 1159 3536 1201 com-

1947 1246 2108 1286 mune
2137 1231 2348 1285 casteris
2373 1238 2579 1300 pateret
2607 1230 2930 1297 hominibus,
2953 1233 3042 1300 qui
3068 1233 3117 1286 in
3148 1235 3389 1289 ciborum
3420 1236 3534 1290 dis-

1947 1324 2188 1378 cretione
2210 1323 2339 1392 legis
2364 1323 2757 1378 observantiam
2788 1339 2896 1377 non
2939 1325 3211 1388 tenebant,
3249 1341 3341 1394 per
3370 1344 3530 1396 quam

1945 1414 2113 1470 Judaei
2144 1425 2346 1485 partem
2377 1415 2471 1470 Dei
2501 1430 2559 1470 se
2587 1428 2706 1471 esse
2753 1416 3045 1484 jactabant.
3095 1417 3416 1472 Puriﬁcatus
3452 1429 3535 1474 est

1945 1516 2123 1562 autem
2155 1507 2317 1563 etiam
2351 1509 2574 1563 Domino
2596 1509 2805 1564 dicente
2831 1511 2894 1562 ad
2928 1508 3142 1564 Petrum
3171 1529 3184 1565 :
3228 1510 3355 1577 Qua:
3394 1510 3535 1565 Deus

1945 1599 2252 1670 puriﬁcavit,
2284 1616 2345 1652 ne
2370 1608 2424 1654 tu
2449 1616 2714 1654 commune
2742 1602 2930 1655 dixeris
2965 1602 3097 1670 (Act.
3128 1619 3183 1666 x,
3215 1602 3325 1672 15).

2019 1693 2130 1746 lnt.
2161 1692 2297 1757 Quid
2327 1692 2458 1746 illud
2490 1701 2573 1747 est
2605 1695 2744 1762 quod
2779 1695 2830 1748 in
2863 1695 3087 1748 Actibus
3120 1696 3488 1763 apostolorum
3510 1735 3527 1762 ,

248 1780 366 1833 dem
395 1781 549 1834 datur
579 1799 669 1852 per
697 1782 952 1853 Spiritum
990 1799 1154 1837 sermo
1199 1784 1463 1852 sapientia
1486 1825 1502 1848 ,
1545 1783 1638 1836 alii
1678 1798 1843 1836 sermo
1874 1777 1919 1838 Β
1948 1786 2215 1839 duodecim
2244 1787 2323 1840 illi
2351 1788 2437 1856 qui
2463 1785 2683 1840 Joannis
2714 1788 2967 1858 baptismo
3008 1788 3250 1858 baptizati
3290 1790 3528 1859 fuerant,

246 1873 476 1926 scientia
519 1878 795 1928 secundum
839 1876 1066 1928 eumdem
1094 1873 1370 1944 Spiritum,
1397 1875 1488 1928 alii
1512 1874 1678 1947 gratia
1705 1876 1841 1927 sani-

246 1971 414 2013 totum
443 1962 497 2014 in
522 1979 624 2015 uno
653 1962 873 2034 Spiritu,
903 1975 1004 2018 etc.
1039 1964 1088 2034 (Ι
1118 1963 1234 2018 Cor.
1272 1979 1366 2029 ιιι,
1407 1965 1486 2033 8).
1519 1965 1680 2033 Igitur
1717 1974 1840 2019 ante

249 2055 628 2109 ascensionem
659 2058 883 2126 gratiam
920 2059 1086 2110 sancti
1108 2055 1338 2125 Spiritus
1364 2066 1706 2126 acceperunt,
1736 2073 1837 2125 qua

242 2146 454 2213 possint
483 2156 696 2214 peccata
734 2147 1000 2201 dimittere
1020 2189 1033 2212 ,
1067 2157 1120 2201 et
1152 2147 1443 2216 baptizare,
1477 2158 1531 2203 et
1561 2148 1834 2202 credenti-

241 2234 344 2289 bus
375 2236 629 2305 Spiritum
661 2238 962 2306 adoptionis
993 2237 1309 2303 infundere;
1361 2238 1654 2294 secundum
1693 2239 1834 2307 quod

238 2334 367 2380 tunc
390 2343 510 2381 cum
536 2329 613 2382 eis
634 2345 662 2383 a
681 2328 958 2385 Salvatore
980 2330 1196 2399 spiritus
1219 2330 1606 2399 insultlaretur,
1633 2331 1833 2386 dictum

237 2411 455 2474 fuerat:
490 2421 716 2487 Quorum
744 2424 1036 2477 remiseritis
1080 2432 1286 2494 peccata
1309 2465 1322 2490 ,
1367 2425 1686 2478 remittentur
1724 2426 1832 2491 eis;

236 2521 281 2564 et
311 2529 529 2581 quorum
560 2515 889 2580 retinueritis,
922 2526 1114 2570 retenta
1143 2527 1289 2570 erunt
1314 2515 1488 2588 (Joan.
1518 2534 1605 2583 xx,
1629 2517 1743 2587 2:2).
1766 2518 1833 2574 At

237 2618 371 2658 vero
389 2613 509 2673 post
529 2605 897 2661 ascensionem
921 2607 1087 2661 multo
1110 2608 1366 2675 majorem
1388 2611 1558 2662 sancti
1601 2609 1832 2677 Spiritus

235 2699 465 2768 gratiam
509 2709 859 2768 perceperunt
885 2701 938 2754 in
969 2703 1279 2770 operatione
1310 2702 1594 2764 virtutum,
1629 2712 1682 2756 et
1711 2717 1830 2771 gra-

235 2792 304 2842 tia
338 2791 651 2856 sanitatum,
683 2803 735 2847 et
763 2793 1091 2848 diversarum
1125 2793 1464 2863 perceptione
1489 2794 1824 2864 linguarum:

234 2885 383 2950 juxta
413 2884 543 2938 illud
569 2885 707 2954 quod
734 2885 936 2941 eisdem
964 2886 1152 2942 eodem
1179 2889 1497 2957 promissum
1520 2886 1689 2942 fuerat
1716 2889 1824 2954 die,

235 2987 283 3028 ut
322 2978 704 3046 baptizarentur
736 2978 934 3050 Spiritu
963 2991 1152 3045 sancto,
1185 2990 1231 3035 et
1281 2982 1610 3036 induerentur
1647 2983 1828 3037 virtute

233 3070 373 3136 (Act.
406 3086 444 3137 ι,
477 3072 557 3136 5),
590 3086 694 3140 qua
731 3072 1072 3141 Evangelium
1109 3071 1304 3128 Christi
1345 3075 1609 3130 universis
1646 3077 1823 3145 genti-

1947 1877 2274 1947 baptisantur
2299 1895 2330 1932 a
2360 1876 2532 1931 Paulo
2563 1877 2699 1950 (Act.
2730 1894 2816 1932 xtx
2841 1926 2853 1943 ,
2875 1878 2967 1948 4)?

2016 1972 2172 2038 Resp.
2207 1970 2317 2025 Hoc
2357 1970 2597 2037 idcirco,
2632 1973 2754 2041 quia
2785 1986 2888 2026 non
2921 1971 2973 2025 in
3009 1972 3222 2026 nomine
3249 1972 3531 2029 Trinitatis

1943 2061 2196 2132 haptizati
2223 2073 2394 2117 erant.
2425 2063 2753 2132 Baptismum
2780 2065 2919 2118 enim
2943 2063 3161 2118 Joannis
3183 2064 3306 2119 licet
3329 2064 3382 2118 in
3405 2079 3530 2120 eum

1941 2155 2032 2222 qui
2063 2165 2322 2208 venturus
2349 2163 2469 2219 est,
2507 2156 2802 2224 baptizaret
2823 2197 2837 2222 ,
2862 2165 3035 2210 tamen
3071 2158 3281 2226 proprie
3309 2156 3530 2213 Joannis

1941 2245 2269 2314 Baptistnum
2303 2246 2604 2302 dicebatur.
2651 2248 2802 2303 Unde
2830 2258 2885 2304 et
2914 2251 2980 2302 ab
3019 2249 3284 2304 haereticis
3310 2252 3530 2305 venien-

1939 2347 2020 2393 tes
2049 2353 2154 2392 non
2187 2338 2582 2408 rebaptizantur
2609 2356 2638 2393 a
2671 2338 2826 2393 nobis
2847 2381 2861 2405 ,
2905 2341 2948 2394 si
2984 2340 3281 2409 baptizatos
3320 2352 3530 2396 constat

1936 2429 1992 2484 in
2024 2433 2241 2485 nomine
2270 2430 2581 2486 Trinitatis:
2606 2431 2708 2486 nisi
2728 2432 2996 2501 impositio
3027 2441 3229 2487 tantum
3253 2448 3439 2488 manus
3460 2433 3529 2489 ad

1938 2524 2096 2579 fidem
2131 2533 2331 2578 rectam
2367 2525 2642 2580 conversis
2673 2525 2978 2590 adhibetur,
3013 2535 3070 2579 ut
3100 2540 3193 2595 per
3231 2526 3366 2582 hanc
3404 2541 3528 2581 san-

1936 2619 2006 2673 cti
2040 2618 2274 2686 Spiritus
2308 2619 2636 2688 suscipiatur
2670 2619 2887 2673 infusio.

2440 2726 2492 2765 IN
2533 2726 2789 2764 EPISTOLA
2829 2725 3026 2765 JACOBI.

2005 2803 2111 2856 Int.
2136 2801 2418 2869 Quomodo
2440 2803 2665 2857 dicitur:
2695 2803 2832 2857 Deus
2855 2805 3131 2857 intentatur
3154 2805 3406 2858 malorum
3430 2814 3522 2870 est,

1931 2907 1978 2949 et
1997 2898 2362 2964 ipseneminem
2381 2905 2536 2951 tentat
2555 2897 2693 2968 (Jac.
2715 2897 2874 2968 1,13);
2895 2913 3016 2951 cum
3035 2897 3378 2952 nihilominus
3395 2901 3526 2953 scri-

1931 2996 2076 3057 ptum
2095 2988 2190 3040 sit:
2215 2986 2393 3040 Tentat
2410 3005 2494 3042 vos
2511 2988 2760 3043 Dominus
2777 2988 2914 3042 Deus
2929 3000 3089 3044 vester
3106 2991 3281 3062 (Deut.
3305 3007 3420 3056 xm,
3436 2992 3526 3061 5)?

2003 3082 2160 3150 Resp.
2211 3080 2458 3135 Tentatio
2504 3080 2710 3135 Domini
2757 3081 3002 3150 probatio
3053 3081 3371 3150 appellatur.
3417 3083 3525 3138 Nc-

233 3163 339 3216 bus
368 3165 574 3232 possint
601 3165 918 3234 praedicare.
951 3167 1006 3222 In
1042 3169 1140 3223 hac
1173 3184 1302 3238 ergo
1343 3172 1687 3239 perceptione
1719 3186 1844 3226 san-
1871 3153 1918 3218 ε
1948 3189 2050 3242 que
2079 3175 2219 3228 enim
2264 3173 2353 3228 ille
2382 3186 2704 3242 quemquam
2736 3181 2906 3226 tentat
2937 3172 2990 3225 in
3023 3171 3359 3240 psssionibus
3381 3213 3394 3236 ,
3427 3174 3524 3227 sed

236 3259 308 3310 cti
341 3257 574 3326 Spiritus
603 3259 897 3314 secundum
943 3262 1232 3317 Dominicis
1279 3263 1465 3332 gratia:
1507 3263 1843 3318 distributio-

234 3363 360 3403 nem
392 3350 758 3419 apostolorum
789 3351 1181 3406 demonstratur
1210 3353 1476 3422 profectus
1504 3395 1519 3420 ,
1552 3370 1654 3409 non
1683 3371 1835 3410 com-

233 3442 588 3508 pugnantium
618 3440 902 3496 diversitas
931 3442 1352 3513 Scripturarum.
1387 3445 1452 3499 Et
1474 3447 1650 3511 aliter,
1675 3461 1841 3516 quare

235 3534 320 3588 bis
350 3536 506 3590 datus
550 3537 620 3590 sit
651 3537 880 3606 Spiritus
903 3547 1139 3602 sanctus,
1168 3540 1380 3608 egregie
1408 3540 1622 3608 quidam
1653 3540 1842 3596 doctor

235 3629 491 3697 exposuit
520 3629 703 3684 dicens
727 3630 797 3684 de
822 3645 887 3684 eo
913 3646 1069 3700 quem
1096 3632 1325 3700 primum
1355 3631 1440 3686 hic
1469 3633 1719 3690 Salvator
1745 3648 1840 3702 per

234 3723 478 3789 seipsum
507 3720 671 3791 dedit,
697 3730 751 3776 et
775 3721 844 3777 de
874 3722 1025 3778 caelis
1053 3732 1236 3792 postea
1268 3723 1432 3786 misit,
1465 3735 1521 3778 ut
1563 3725 1834 3794 signiﬁca-

235 3823 389 3870 retur
418 3815 636 3870 dilectio
664 3816 895 3886 proximi
916 3826 971 3873 et
996 3816 1213 3872 dilectio
1242 3817 1357 3882 Dei,
1385 3832 1500 3886 quia
1521 3818 1572 3870 in
1600 3819 1839 3872 cordibus

235 3917 537 3959 sanctorum
565 3924 654 3978 per
684 3907 935 3978 Spiritum
967 3917 1200 3961 sanctum
1241 3907 1549 3975 cli/funditur
1580 3908 1757 3978 (Rom.
1783 3925 1835 3977 ν,

236 3996 322 4064 5),
359 3997 451 4066 qui
489 3999 640 4053 datus
682 4009 765 4054 est
810 4000 875 4053 ad
922 3999 1394 4069 evangelizandum
1444 4000 1538 4054 Dei
1589 4003 1834 4056 verbum.

236 4085 347 4143 Per
374 4089 518 4157 quod
551 4091 781 4160 apostoli
831 4106 948 4146 sese
987 4092 1040 4146 in
1085 4091 1229 4146 orbis
1280 4102 1457 4160 partes
1506 4092 1833 4159 intulerunt,

236 4192 502 4251 quantum
552 4193 732 4237 narrat
780 4183 1043 4252 historia,
1095 4184 1517 4241 Bartholomzeus
1567 4187 1618 4238 in
1654 4186 1832 4251 Indos,

236 4273 481 4330 Thomas
515 4276 734 4330 tetendit
769 4277 820 4330 in
863 4278 1087 4332 Parthos
1110 4319 1124 4343 ,
1174 4278 1454 4332 Matthazus
1502 4278 1788 4350 IEthiopes
1819 4322 1834 4348 ,

238 4367 490 4422 Andreas
541 4367 766 4437 Scythas
822 4369 1197 4437 praedicatione
1250 4371 1512 4436 mollivit,
1571 4371 1832 4426 Joannem

239 4460 429 4513 Asiam
460 4458 640 4512 divino
662 4474 909 4513 sermone
938 4461 1194 4523 correxit,
1227 4458 1416 4514 Petrus
1441 4459 1831 4529 Cappadociam

1947 3281 1976 3320 a
2005 3265 2456 3334 concupiscentiis
2486 3263 2687 3318 nostris
2727 3262 2815 3316 illa
2853 3263 3077 3317 tentatio
3115 3270 3230 3327 est,
3263 3277 3383 3317 cum
3428 3264 3526 3316 hu-

1902 3409 1907 3414 .
1947 3358 2131 3414 miliati
2163 3359 2460 3428 dejicimur.
2494 3355 2539 3410 Α
2569 3356 2799 3410 1)οωίηο
2826 3362 2910 3410 est
2941 3356 3165 3410 tentatio
3186 3399 3200 3422 ,
3244 3370 3364 3409 cum
3400 3369 3525 3424 pro-

1945 3451 2037 3505 bat
2074 3460 2129 3505 et
2169 3450 2554 3520 glorificamur,
2583 3456 2638 3503 et
2664 3447 2785 3503 ideo
2812 3447 3070 3502 Dominus
3095 3448 3388 3504 intentator
3414 3463 3525 3502 ma-

1945 3543 2116 3598 lorum
2147 3553 2248 3598 est.

2427 3627 2479 3667 IN
2521 3625 2776 3667 EPISTOLA
2814 3625 3044 3666 ιολΝΝιε.

2014 3726 2122 3780 Int.
2160 3725 2428 3792 Quomodo
2458 3728 2686 3796 perfecta
2711 3724 2932 3778 charitas
2960 3726 3102 3794 [oras
3125 3724 3277 3776 mittit
3301 3725 3524 3778 timorem

1941 3818 2161 3891 (lJoan.
2186 3834 2265 3884 tv,
2295 3818 2410 3887 18),
2450 3832 2571 3871 cum
2611 3831 2824 3871 rursum
2868 3815 3163 3871 scribitur:
3197 3815 3373 3868 Timor
3416 3816 3524 3868 Do-

1939 3913 2063 3965 mini
2085 3922 2253 3966 castus
2285 3921 2540 3980 permanet
2560 3911 2612 3963 in
2639 3910 2880 3964 steculum
2905 3909 3078 3963 seculi
3110 3907 3224 3976 (Ps.
3252 3923 3405 3972 xvm,
3428 3908 3524 3977 4)?

2015 4005 2167 4072 Resp.
2218 4002 2472 4073 Quisquis
2501 4002 2667 4056 Deum
2710 4002 2919 4070 diligit,
2959 4002 3142 4070 utique
3177 3999 3378 4069 absque
3415 3999 3523 4053 Deo

1939 4111 2058 4153 esse
2087 4095 2360 4150 formidat.
2393 4093 2491 4149 Hic
2517 4103 2600 4149 est
2639 4094 2797 4148 timor
2844 4092 2970 4158 Dei,
3017 4093 3108 4162 qui
3157 4099 3438 4161 permanet
3468 4091 3523 4145 in

1939 4187 2208 4262 saeculum
2225 4186 2427 4240 saeculi.
2457 4185 2621 4255 Igitur
2648 4185 2808 4238 timor
2836 4184 2919 4237 hic
2947 4184 3013 4238 de
3042 4183 3278 4250 perfecta
3308 4183 3518 4237 Domini

1938 4279 2198 4334 charitate
2226 4277 2508 4333 descendit
2535 4293 2550 4341 ;
2583 4285 2637 4330 at
2663 4290 2791 4330 vero
2819 4276 2955 4329 alius
2983 4276 3144 4328 timor
3175 4275 3261 4329 ille
3290 4275 3357 4330 de
3389 4285 3522 4328 tem-

1939 4369 2165 4440 porariis
2203 4369 2366 4424 rebus
2406 4368 2687 4423 nascitur:
2720 4381 2949 4436 quarum
2991 4380 3133 4436 saepe
3175 4367 3519 4422 amissionem

1939 4475 2205 4516 veremur.
2237 4458 2388 4514 Hunc
2411 4460 2660 4513 timorem
2691 4456 2833 4512 foras
2859 4456 3021 4512 mittit
3045 4457 3238 4512 divina:
3266 4457 3523 4527 perfectio

240 4562 407 4620 atque
433 4550 718 4617 Galatiam,
748 4551 1045 4622 Bithyniam
1081 4553 1276 4620 pariter
1307 4562 1361 4607 et
1398 4552 1625 4610 Pontum
1651 4595 1664 4618 ,
1710 4570 1836 4625 pro—
1861 4533 1918 4594 D
1943 4549 2240 4607 charitatis.

239 4645 558 4714 vinciasque
585 4645 845 4710 contines,
878 4646 1002 4698 dum
1033 4644 1231 4700 Judasis
1258 4646 1516 4714 praedicat
1543 4688 1555 4711 ,
1606 4647 1798 4702 circuit
1824 4667 1835 4701 :

241 4743 521 4802 postremo
563 4734 787 4789 Ruinam
837 4735 1196 4789 illustraturus
1245 4737 1497 4791 accessit.
1550 4735 1745 4792 Paulus
1775 4740 1836 4793 ab

242 4828 572 4883 Hierusalem
599 4847 754 4900 usque
781 4829 1050 4901 Illyricum
1078 4847 1192 4884 cum
1229 4829 1510 4901 Evangelia
1551 4833 1838 4902 replevisset

244 4919 428 4992 (Rom.
467 4938 555 4986 xv,
597 4922 709 4991 19),
752 4931 857 4976 tam
889 4923 1194 4977 innumeras
1224 4937 1286 4977 ac
1319 4923 1565 4994 dispares
1592 4925 1833 4981 nationes

246 5013 535 5081 praeceptis
564 5022 832 5082 tamquam
864 5014 1026 5067 armis
1060 5014 1227 5068 victor
1253 5013 1512 5068 edomuit.

325 5099 430 5154 Int.
461 5101 591 5156 Cum
621 5104 671 5157 in
704 5103 921 5158 Actibus
943 5104 1303 5173 apostolorum
1328 5105 1559 5174 primum
1588 5106 1794 5177 legatur
1821 5127 1830 5160 :

252 5193 372 5247 Viri
398 5202 568 5247 autent
586 5196 671 5262 qui
693 5195 1063 5248 comitabantur
1084 5212 1198 5248 cum
1217 5211 1298 5261 eo,
1324 5198 1425 5252 hoc
1448 5207 1528 5252 est
1552 5213 1672 5252 cun
1693 5201 1836 5267 Apo-

243 5285 415 5348 βίοιο,
440 5286 638 5338 stabant
658 5295 935 5356 stupentes,
960 5289 1220 5341 audientes
1241 5290 1445 5359 quidem
1467 5305 1658 5354 vocem,
1679 5291 1836 5343 nemi-

246 5393 366 5429 nem
387 5385 562 5430 autem
582 5377 802 5432 uidentes
824 5379 960 5446 (Act.
988 5396 1066 5447 tx,
1093 5377 1170 5449 7),
1192 5383 1460 5449 quomodo
1485 5390 1668 5451 postea
1696 5385 1834 5450 Apo-

246 5468 420 5522 stolus
452 5467 619 5522 dicit:
652 5468 717 5520 Et
747 5470 830 5538 qui
859 5486 1054 5523 mecum
1085 5483 1248 5537 eram,
1283 5473 1450 5527 lumen
1474 5473 1676 5543 quidem
1700 5475 1836 5526 vide-

246 5568 394 5625 runt,
425 5575 596 5612 uocent
634 5570 803 5614 autem
841 5577 942 5614 non
971 5562 1243 5618 audierunt
1271 5569 1384 5635 ejus
1412 5565 1499 5633 qui
1537 5564 1836 5634 loquebatur

248 5665 450 5702 mecum
480 5650 616 5718 (Act.
653 5664 782 5715 xx-tt,
811 5649 908 5719 9)?

324 5740 486 5811 Resp.
531 5741 789 5809 Superius
833 5743 924 5797 ubi
972 5745 1184 5803 audisse
1221 5762 1405 5804 vocem
1463 5745 1768 5806 referuntur
1807 5766 1845 5818 λ

540 5835 811 5898 Panos.
856 5833 931 5898 Ι..

2016 4640 2123 4695 Int.
2151 4640 2285 4696 Item
2313 4638 2366 4695 in
2395 4639 2632 4709 Epistola
2659 4653 2754 4693 sua
2781 4639 3016 4693 Joannes
3043 4637 3193 4708 ponit
3219 4657 3230 4690 :
3258 4638 3383 4693 Tria
3408 4650 3524 4694 sunt

1942 4749 2056 4802 qua:
2089 4734 2425 4787 testimonium
2452 4733 2749 4803 perhibent,
2777 4747 2911 4800 aqua
2934 4773 2947 4796 ,
2973 4732 3183 4800 sanguis
3204 4776 3218 4800 ,
3247 4741 3291 4785 et
3313 4733 3524 4803 spiritus

1941 4825 2126 4896 (Joan.
2149 4841 2206 4890 ν,
2233 4824 2288 4894 8)
2316 4842 2328 4876 :
2361 4823 2486 4894 quid
2517 4824 2568 4876 in
2601 4823 2702 4878 hoc
2731 4823 3040 4878 iudicatur?

2016 4916 2174 4986 Resp.
2215 4915 2406 4972 Simile
2444 4915 2567 4970 huic
2606 4915 2724 4969 loco
2761 4916 2923 4971 etiam
2967 4915 3093 4969 illud
3127 4915 3258 4970 mihi
3292 4918 3522 4982 videtur,

1937 5008 2080 5078 quod
2103 5008 2216 5077 ipse
2233 5006 2287 5062 in
2311 5006 2602 5074 Evangelio
2623 5021 2718 5060 suo
2739 5007 2805 5060 de
2825 5007 3068 5075 passione
3080 5006 3274 5062 Christi
3295 5008 3522 5075 loquitur

1939 5098 2127 5154 dicens
2162 5114 2174 5149 :
2220 5096 2367 5152 Unus
2405 5096 2626 5149 militum
2664 5096 2842 5151 lancea
2880 5098 3012 5151 latus
3050 5099 3158 5165 ejus
3198 5097 3433 5165 aperuit,
3473 5108 3523 5150 et

1937 5193 2180 5246 continuo
2207 5190 2358 5244 exiuit
2386 5190 2594 5260 sanguis
2633 5199 2681 5243 et
2720 5206 2894 5259 aqua;
2927 5200 2973 5244 et
2999 5191 3088 5259 qui
3111 5191 3234 5242 vidit
3255 5231 3268 5248 .
3294 5191 3523 5242 testimo-

1941 5286 2081 5338 nium
2121 5282 2372 5354 perhibuit
2413 5280 2611 5352 (Joan.
2638 5297 2756 5342 xtx.
2786 5280 2916 5349 54).
2963 5281 3018 5334 1η
3061 5280 3247 5335 eodem
3296 5279 3409 5348 ipse
3455 5279 3523 5334 de

1941 5378 2070 5432 Jesu
2100 5391 2261 5446 supra
2291 5374 2538 5430 dixerat:
2570 5373 2830 5428 Inclinato
2859 5375 3022 5444 capite
3048 5373 3261 5426 tradidit
3286 5373 3521 5443 spiritum

1939 5470 2122 5542 (Joan.
2148 5486 2236 5524 xtx
2260 5510 2275 5535 ,
2306 5469 2421 5538 50).
2455 5468 2679 5536 Quidam
2709 5482 2837 5538 ergo
2865 5483 2930 5520 ex
2962 5466 3062 5520 hoc
3090 5465 3162 5520 ita
3205 5464 3481 5532 disputant
3507 5484 3518 5516 :

1940 5564 2090 5632 Aqua
2140 5560 2461 5630 baptismum
2500 5600 2514 5624 ,
2573 5558 2789 5628 sanguis
2835 5557 3042 5610 videtur
3099 5555 3331 5609 indicare
3381 5569 3522 5609 mar-

1942 5655 2136 5724 tyrium
2165 5697 2177 5718 ,
2220 5650 2452 5719 Spiritus
2499 5665 2623 5704 vero
2666 5651 2778 5717 ipse
2825 5657 2906 5702 est
2945 5649 3031 5716 qui
3075 5662 3170 5716 per
3208 5646 3522 5715 martyrium

1944 5744 2134 5807 transit
2162 5743 2228 5800 ad
2258 5743 2563 5798 Dominum.
2607 5741 2800 5796 Plures
2829 5748 3006 5794 tamen
3036 5739 3126 5795 hic
3156 5740 3326 5812 ipsam
3355 5737 3525 5794 inter.

2887 5831 2969 5900 26
