4024 6336
557 288 663 353 ιιιι
1546 286 1608 345 S.
1648 285 1981 346 EUCHERII
2018 282 2502 357 LUGDUNENSB
2536 288 2849 355 EPISCOPI
3730 298 3828 362 Si!

552 400 862 483 pretatione
888 396 1113 472 mystica
1146 394 1453 468 intelligunt
1488 395 1808 456 Trinitatem
1831 438 1848 473 ,
1890 412 1959 455 eo
1995 398 2145 471 quod
2170 401 2227 465 Δ
2248 415 2323 469 xu
2344 443 2361 475 τ
2384 400 2502 479 252).
2531 402 2881 477 BlaSpbemat
2900 406 3044 463 enim
3071 408 3163 480 qui
3184 405 3383 465 divinis
3402 408 3705 481 promissis,
3722 412 3827 487 Spi-

548 496 791 571 perrecta
832 493 945 564 ipsa
990 489 1272 561 perhibeat
1315 489 1683 557 testimonium
1723 490 1940 557 Christo
1968 508 1983 557 ;
2010 506 2151 561 aqua
2254 492 2485 563 rituique
2514 503 2701 551 sancto
2729 496 2954 553 minime
2981 498 3243 568 credens,
3269 500 3322 556 in
3351 517 3459 573 quo
3487 513 3573 565 est
3597 506 3827 565 remissio

549 584 767 651 Patrem
801 584 1045 639 iudicans
1067 624 1083 649 ,
1111 582 1241 654 quia
1268 582 1385 657 ipse
1416 583 1486 649 de
1511 597 1572 653 se
1612 583 1744 649 dicit
1769 601 1781 636 :
1828 581 1915 649 Me
1952 582 2147 650 dereti-
2253 594 2599 655 peccatorum
2618 628 2633 653 ,
2665 588 3004 659 reconciliari
3054 590 3168 655 Deo
3198 590 3253 661 in
3279 592 3381 660 hac
3412 594 3519 650 vita
3567 611 3664 667 per
3690 600 3827 656 satis.

550 687 770 751 querunt
814 677 1007 746 fontem
1053 691 1201 748 aqua:
1245 677 1369 733 nime
1415 673 1666 755 (lenti,
1693 676 1841 751 i5);
1889 676 2150 747 sanguine
2252 676 2504 743 {actionis
2532 695 2700 750 opera
2729 682 3016 747 detrectat,

550 771 825 827 Christum
842 770 1242 835 demonstrans,
1262 769 1447 840 utique
1461 784 1560 843 per
1577 770 1841 843 passionis
1856 785 2145 836 cruorem;
2325 770 2433 824 lnt.
2468 771 2607 840 Quid
2638 773 2911 845 signiﬁcat
2936 776 3076 843 quod
3107 777 3160 832 in
3186 777 3377 843 eodem
3408 778 3672 851 legimus,
3697 798 3826 838 ειη.

543 866 744 939 spiritu
771 879 903 921 vero
924 872 1174 929 sanctum
1201 863 1460 934 Spiritum
1491 864 1866 929 manifeSlans.
1896 866 2023 927 Haec
2044 880 2147 929 au-
2250 859 2375 925 dum
2402 863 2458 918 in
2488 864 2771 936 malignum
2797 881 2907 933 esse
2930 869 3155 939 positum
3186 867 3237 939 (Ι
3256 866 3417 935 Iona.
3446 886 3499 939 ν,
3532 870 3623 943 49)
3648 872 3672 926 i

542 964 660 1027 tem
694 957 793 1023 tria
820 956 889 1029 de
910 955 1129 1025 Christo
1159 957 1527 1027 testimonium
1556 959 1628 1020 ita
1662 959 1983 1029 perhibent,
2030 960 2148 1029 ipso
2323 955 2484 1026 Resp.
2515 954 2632 1015 Non
2675 955 2819 1028 quod
2864 972 2896 1015 a
2947 958 3061 1023 Deo
3110 960 3342 1023 mundus
3390 961 3445 1017 in
3493 962 3729 1033 maligno
3769 966 3826 1021 sit

543 1046 605 1104 in
656 1048 949 1118 Evangelio
998 1049 1253 1119 loquente
1289 1066 1301 1101 :
1352 1048 1465 1121 Ego
1508 1066 1620 1115 sum
1665 1051 1755 1117 qui
1795 1051 2144 1117 testimonium
2249 1048 2755 1121 positus,sedquod
2784 1050 2913 1111 vitia
2938 1051 3218 1119 hominum
3246 1056 3301 1121 in
3326 1056 3531 1119 mundo
3551 1058 3823 1115 viventium

543 1138 788 1217 perhibeo
815 1139 879 1197 de
904 1139 1132 1207 meipso;
1160 1147 1207 1197 et
1236 1140 1577 1199 testimonium
1602 1140 1834 1213 perhibet
1862 1142 1926 1209 de
1951 1158 2031 1201 me
2056 1144 2143 1213 qui
2246 1144 2358 1209 sint
2396 1143 2652 1216 maligna.
2692 1142 2807 1207 Hoc
2851 1147 3013 1209 modo
3057 1149 3222 1211 etiam
3272 1148 3405 1211 illud
3448 1152 3655 1220 patebit
3698 1154 3822 1223 quod

542 1231 685 1287 misit
710 1248 789 1286 me
818 1230 976 1301 Pater
1003 1230 1193 1303 (Joan.
1221 1246 1316 1287 vnt
1337 1273 1351 1298 ,
1379 1230 1490 1302 18).
1541 1232 1605 1293 Et
1649 1233 1777 1293 item
1806 1249 1820 1285 :
1869 1232 2000 1288 Cum
2042 1251 2140 1295 auo
2244 1233 2503 1305 scriptum
2534 1246 2618 1297 eat
2645 1252 2662 1290 :
2692 1236 2833 1304 Quia
2856 1236 2969 1303 dies
2999 1240 3123 1298 mali
3154 1249 3271 1303 sunt
3302 1240 3465 1315 (ΕρΙι.
3491 1258 3550 1312 ν,
3578 1242 3696 1315 16).

540 1331 646 1377 tem
673 1324 861 1379 venerit
904 1321 1243 1395 Paracletus,
1274 1339 1424 1393 quem
1463 1340 1555 1393 ego
1597 1324 1794 1381 mittam
1834 1324 1974 1389 vobis
2016 1326 2141 1397 Spi-
2828 1384 2883 1426 η,
2912 1386 3229 1430 “omn”,

540 1418 701 1473 τίιιιηι
732 1418 985 1485 veritatis,
1013 1419 1099 1487 qui
1128 1435 1156 1477 α
1192 1416 1350 1475 Patre
1379 1418 1639 1487 procedit,
1672 1418 1762 1472 ille
1790 1419 2140 1479 testimonium
2912 1415 3251 1430 νυν-υκαι·

539 1510 821 1581 perhibebit
842 1510 905 1563 de
924 1526 1005 1565 me
1031 1508 1317 1583 (Joan.xv,
1336 1508 1448 1582 l6).
1474 1509 1731 1571 Perhibet
1750 1525 1877 1581 ergo
1897 1512 2137 1577 testimo-
2313 1500 2423 1556 Ῑηεο
2453 1502 2551 1570 Qui
2584 1512 2707 1558 sunt
2737 1504 2813 1558 illi
2843 1515 3031 1576 septem
3060 1508 3273 1579 spiritus
3305 1509 3397 1580 Dei
3416 1551 3436 1580 ,
3465 1510 3561 1583 qui
3607 1513 3663 1571 its
3700 1514 3819 1583 Apso

535 1603 687 1657 nium
721 1602 913 1675 Pater,
942 1618 1063 1659 cum
1093 1602 1225 1659 dicit
1253 1620 1268 1659 :
1301 1601 1407 1659 Hie
1435 1612 1508 1659 est
1537 1601 1712 1667 Filius
1738 1620 1880 1659 meus
1920 1601 2135 1671 dilectus
2240 1594 2441 1667 calypsi
2468 1595 2559 1663 (ι,
2590 1596 2662 1667 4)
2691 1601 3228 1663 cummemorauturi

538 1695 776 1767 (Matth.
822 1712 914 1764 ιιι,
958 1699 1105 1768 i7);
1137 1695 1342 1767 Filius,
1375 1712 1499 1755 cum
1528 1698 1702 1755 dicit:
1740 1697 1849 1769 Ego
1879 1706 1927 1752 et
1976 1697 2133 1752 Pater
2312 1687 2471 1763 Ιίεερι
2505 1687 2566 1751 lli
2599 1696 2725 1753 sunt
2761 1703 2897 1758 quos
2935 1699 2990 1755 et
3016 1690 3282 1763 propheta
3314 1691 3480 1751 Isaias
3506 1706 3816 1755 enumerat:

536 1804 701 1849 unum
749 1805 924 1844 sumus
972 1788 1151 1861 (Joan.
1178 1806 1244 1860 x,
1277 1788 1368 1860 30)
1400 1807 1414 1859 ;
1444 1790 1678 1861 Spiritus
1718 1802 1936 1851 sanctus
1961 1830 1976 1855 ,
2009 1804 2128 1849 cum
2162 1794 2209 1855 Β
2240 1782 2469 1855 Spiritus
2513 1784 2779 1854 sapientia:
2822 1793 2873 1845 et
2918 1784 3210 1851 intellectus
3232 1830 3247 1854 ,
3296 1788 3512 1855 spiritus
3548 1788 3751 1843 consilii
3782 1800 3822 1845 ει

534 1880 606 1936 de
632 1896 697 1935 eo
730 1882 927 1936 dicitur
960 1900 973 1934 :
1016 1881 1087 1936 Et
1125 1883 1251 1937 vidit
1298 1882 1555 1955 Spiritum
1608 1881 1705 1937 Dei
1746 1884 2133 1947 descendentem
2243 1874 2448 1942 pietatis
2470 1914 2485 1945 ,
2515 1875 2728 1945 spiritus
2754 1875 2982 1931 scientiae
3006 1886 3055 1930 et
3083 1877 3305 1941 veritatis
3326 1918 3342 1946 ,
3390 1879 3606 1949 spiritus
3645 1880 3821 1937 timoris

530 1973 664 2038 sicut
692 1973 979 2031 columbam
1007 1975 1285 2031 venientem
1316 1992 1471 2044 super
1496 1993 1548 2035 se
1576 1974 1796 2046 (Matth.
1823 1991 1913 2040 ιιι,
1948 1975 2069 2047 16)..

2238 1966 2339 2031 Dei
2368 1967 2520 2039 (Isui.
2546 1983 2630 2036 ιι,
2661 1968 2742 2039 2).
2774 1967 2831 2023 In
2854 1968 3067 2039 Tquibus
3111 1979 3292 2025 tamen
3332 1972 3635 2040 Spiritualia
3675 1987 3821 2041 opera

606 2062 717 2119 Int.
747 2065 884 2133 Quid
916 2076 991 2121 εει
1027 2067 1172 2135 quod
1205 2082 1419 2125 rursum
1450 2069 1499 2121 in
1528 2067 1769 2137 Epistola
1800 2082 1894 2127 sua
1925 2066 2136 2139 profert
2238 2059 2634 2131 signiﬁcantur.
2668 2059 2856 2143 omnia
2881 2071 3054 2117 autent
3098 2063 3190 2125 illa
3229 2073 3471 2134 operatur
3512 2080 3650 2121 unus
3688 2074 3825 2134 atque

532 2170 653 2213 esse
684 2173 782 2228 pro
810 2174 917 2229 quo
970 2174 1074 2214 non
1121 2158 1313 2214 debeat
1361 2160 1503 2215 orari
1551 2168 1817 2230 peccatum
1857 2176 2017 2232 usque
2062 2160 2131 2219 ad
2237 2152 2373 2217 idem
2403 2152 2617 2221 spiritus
2645 2151 2689 2224 (ι
2717 2149 2839 2209 δοτ-
2864 2167 2975 2220 mi
3003 2152 3114 2224 “)-

530 2260 746 2313 mortcm
782 2250 823 2322 (l
851 2249 1009 2305 Joan.
1040 2267 1091 2320 ν,
1127 2251 1254 2323 lii)?

600 2346 758 2417 Resp.
794 2347 987 2419 Utique
1015 2361 1188 2416 usque
1216 2346 1282 2403 ad
1315 2354 1543 2403 mortem
1576 2353 1764 2416 peccat
1805 2345 1896 2401 ille
1938 2360 2129 2416 pecca-

528 2450 636 2507 tor,
666 2441 757 2511 qui
801 2442 852 2495 in
897 2441 1054 2511 huius
1096 2440 1442 2510 temporariae
1482 2439 1611 2499 vita:
1650 2454 1812 2501 cursu
1854 2440 2127 2510 pmnitene

528 2534 658 2595 tiam
698 2549 803 2591 non
844 2535 973 2606 agit.
1013 2534 1123 2591 Hac
1166 2537 1378 2593 ratione
1407 2532 1537 2593 illud
1564 2548 1782 2603 quoque
1812 2543 2021 2603 oportet
2049 2533 2131 2593 in-

528 2627 731 2697 telligi:
762 2629 862 2694 Qui
884 2636 1054 2682 autem
1075 2626 1501 2699 blasphemaverit
1521 2626 1576 2681 in
1596 2634 1832 2681 sanctum
1851 2624 2129 2696 Spiritum,

528 2734 633 2775 non
658 2720 941 2774 remittetur
966 2720 1043 2785 ei,
1075 2735 1233 2786 neque
1263 2718 1347 2777 hic
1371 2734 1533 2789 neque
1560 2718 1616 2773 in
1647 2721 1881 2788 futurum
1909 2716 2125 2782 (Matth.

2308 2248 2376 2303 Et
2405 2246 2620 2317 quidem
2653 2246 2768 2317 luce
2797 2248 2868 2302 de
2895 2246 3243 2318 opinionibus
3283 2247 3729 2305 doctissimum
3757 2249 3825 2304 vi-

2230 2355 2419 2399 rorum
2446 2340 2681 2409 exigenti
2711 2339 2806 2401 tibi
2838 2355 2867 2395 a
2898 2356 2987 2396 me
3010 2340 3218 2410 prolata
3244 2351 3388 2399 sum.
3420 2340 3480 2397 Si
3509 2342 3633 2410 quis
3659 2351 3823 2396 tamen

2230 2434 2288 2505 in
2321 2433 2698 2504 praedictarum
2728 2433 3084 2504 questionum
3110 2435 3569 2503 disputationibus
3594 2435 3825 2491 attulerit

2229 2542 2353 2598 quae
2412 2526 2584 2596 magis
2640 2526 2956 2595 probentur,
3018 2527 3426 2597 reprehendens
3476 2531 3823 2599 pertinaciam

2228 2633 2353 2690 qua
2378 2617 2433 2675 in
2468 2618 2741 2688 plerisque
2769 2634 2890 2677 esse
2919 2620 3093 2687 solet,
3137 2637 3244 2676 non
3284 2621 3462 2677 abnuo
3484 2637 3572 2677 me
3616 2632 3822 2680 secutu-

2232 2728 2352 2773 rum
2382 2727 2507 2769 esse
2534 2714 2779 2771 meliora.

552 2840 619 2880 ,ν
1150 2849 3798 2877 -----------------------------ν

1455 2872 1933 3063 LIBER
2013 2946 2935 3118 SECUNDUS,

873 3200 1243 3259 PREFATIO
1280 3202 1376 3259 AD
1410 3201 1783 3261 SALONIUM.

597 3295 861 3363 Quoniam
882 3337 897 3362 ,
926 3296 1002 3351 illi
1031 3295 1354 3351 charissima
1373 3337 1390 3363 ,
1420 3297 1703 3366 superiore
1746 3297 1885 3354 libro
1922 3312 2119 3369 propo-

526 3388 815 3445 sitionibus
845 3389 950 3443 tuis
992 3403 1052 3443 se
1090 3389 1281 3445 retulit
1321 3390 1514 3444 crebra
1565 3390 1879 3461 responsio,
1928 3400 1985 3448 et
2025 3406 2120 3447 ve-

524 3495 673 3547 reor.
707 3497 775 3537 ne
803 3482 1033 3537 assiduae
1067 3484 1519 3554 interrogationes
1542 3528 1557 3551 ,
1589 3494 1647 3539 ut
1677 3485 1738 3539 ﬂt
1764 3486 2116 3555 plerumque,

524 3574 725 3646 legenti
766 3583 1029 3645 generent
1077 3590 1143 3630 ex
1188 3576 1439 3632 satietate
1478 3576 1748 3632 fastidium
1781 3594 1795 3643 ;
1826 3593 1951 3634 meo
1977 3594 2119 3634 nunc

524 3670 746 3724 nomine
770 3681 833 3723 ea
862 3682 983 3738 quae
1008 3667 1401 3738 spoponderam
1424 3684 1557 3739 opus
1577 3670 1880 3725 variaturus
1899 3712 1915 3737 ,
1952 3670 2118 3727 adne-

524 3766 666 3816 etam
696 3779 708 3814 :
742 3760 968 3831 singulas
992 3766 1255 3830 quaeque,
1296 3770 1357 3815 ut
1392 3761 1586 3817 ordine
1627 3762 1747 3833 ipso
1792 3764 1964 3834 magis
2002 3765 2116 3819 cla-

522 3863 711 3919 reant,
742 3868 840 3922 per
864 3854 1075 3924 species
1106 3866 1231 3908 suas
1259 3852 1531 3921 dividens,
1559 3870 1624 3910 ac
1650 3855 1820 3910 titulis
1849 3859 1962 3911 suis
1991 3857 2119 3911 sub.

524 3945 680 4002 dens.
728 3946 798 4000 Et
842 3946 1018 4016 primo
1073 3944 1282 4000 veniam
1330 3945 1398 4001 ad
1440 3945 1790 4002 Hebraeorum
1837 3948 2117 4002 nominum

522 4036 1021 4107 interpretationem
1047 4078 1061 4103 ,
1111 4053 1143 4093 e
1181 4037 1379 4109 quibus
1415 4048 1564 4095 certa
1608 4053 1841 4111 quaeque
1878 4051 1935 4097 et
1976 4041 2119 4097 cele-

523 4128 705 4185 briora
734 4129 1020 4186 brevitatis
1048 4144 1209 4184 causa
1241 4144 1456 4199 ponam.

2153 3205 2201 3270 C
2233 3204 2433 3260 celsus.
2465 3202 2740 3259 Abraham
2764 3245 2779 3270 ,
2823 3212 2979 3273 pater
3006 3203 3196 3259 videns
3238 3205 3493 3275 populum
3518 3249 3532 3272 ,
3564 3207 3653 3262 vel
3685 3219 3822 3279 pater

2220 3295 2553 3360 multarum,
2601 3294 2808 3349 scilicet
2839 3295 3102 3365 gentium.
3151 3294 3337 3363 Sarni,
3385 3298 3646 3368 princeps
3691 3315 3819 3355 mea.

2221 3385 2354 3442 Sara
2383 3386 2653 3456 princeps.
2685 3385 2987 3441 Notandum
3016 3388 3160 3456 quod
3194 3388 3438 3456 utrisque
3481 3392 3821 3457 nominibus,

2218 3480 2427 3536 scilicet
2456 3480 2687 3536 Abrahae
2712 3489 2771 3536 et
2806 3480 2959 3537 Saraa
2986 3488 3194 3536 tantum
3226 3499 3258 3535 a
3288 3483 3524 3538 litteram
3567 3483 3822 3539 Dominus

2220 3570 2523 3638 addiderit,
2550 3587 2673 3642 qua:
2704 3581 2885 3627 tamen
2915 3573 3057 3643 apud
3089 3574 3347 3630 Hebrmos
3395 3590 3493 3645 per
3534 3593 3564 3631 e
3608 3577 3819 3648 legitur.

2219 3667 2384 3737 Agar,
2435 3666 2673 3732 advena,
2717 3666 2801 3721 vel
2843 3680 3131 3723 conversa.
3178 3666 3411 3733 ismael,
3456 3669 3667 3723 auditio
3706 3669 3818 3726 Dei.

2220 3756 2394 3823 lsaac,
2440 3758 2622 3823 risus;
2676 3771 2781 3813 non
2827 3765 3008 3813 tamen
3035 3800 3050 3824 ,
3096 3767 3155 3812 ut
3198 3758 3416 3829 quidam
3447 3768 3678 3829 putant,
3710 3764 3821 3817 ideo

2221 3850 2299 3904 sic
2325 3850 2663 3919 appellatus,
2697 3851 2821 3920 quia
2866 3850 2999 3906 Sara
3047 3852 3267 3917 riserit,
3314 3852 3409 3906 sed
3456 3852 3604 3921 quod
3654 3854 3819 3908 Abra-

2220 3942 2367 4009 ham,
2412 3943 2503 4013 qui
2546 3953 2673 3998 tunc
2716 3943 2902 4012 utique
2944 3944 3092 4013 prior
3123 3943 3309 3998 risisse
3347 3943 3644 3999 indicatur.
3683 3944 3821 4001 Reh-

2219 4033 2405 4099 becca,
2441 4034 2721 4103 patientia,
2752 4034 2864 4089 sive
2892 4048 3014 4104 qua:
3044 4035 3270 4089 multum
3304 4038 3600 4105 acceperit.
3631 4038 3819 4103 Iacob,

2220 4127 2621 4195 supplantatur.
2652 4125 2815 4181 lsrael
2840 4167 2856 4191 ,
2889 4128 2970 4180 vir
3000 4126 3191 4181 videns
3242 4127 3443 4190 Deum,
3490 4128 3590 4183 sed
3632 4129 3823 4184 melius

1049 4219 1277 4277 CAPUT
1306 4218 1591 4277 PRIMUM.
1843 4257 1880 4289 ,
2220 4219 2467 4288 princeps
2495 4233 2617 4273 cum
2649 4218 2780 4272 Deo.
2808 4217 2905 4273 Lia
2927 4260 2941 4282 ,
2974 4218 3264 4274 laboriosa.
3292 4218 3529 4285 Rachel,
3560 4221 3713 4287 ovis,
3744 4222 3823 4276 vel

798 4310 1132 4367 Hebrtcorum
1163 4314 1429 4367 nominum
1458 4312 1831 4383 interpretatio.
2219 4310 2408 4366 videns
2438 4311 2629 4365 Deum.
2661 4311 2883 4375 Ruben,
2918 4312 3107 4366 videns
3154 4310 3324 4375 filios,
3373 4314 3488 4366 sive
3534 4312 3729 4367 videns
3772 4315 3821 4367 in

595 4402 841 4473 Adonai,
899 4403 951 4458 in
1004 4403 1253 4459 Latinum
1303 4415 1456 4459 sonat
1508 4405 1789 4459 Dominus.
1839 4402 2110 4471 Sabaoth,
2219 4400 2417 4456 medio.
2449 4401 2703 4465 Simeun,
2738 4402 2965 4457 audiens
2994 4403 3265 4457 tristitius.
3299 4402 3464 4466 Levi,
3496 4405 3818 4472 oppositus,

524 4497 859 4553 exercituum
906 4496 1019 4550 sive
1056 4496 1353 4561 virtutum;
1395 4504 1525 4564 aut,
1572 4506 1628 4549 ut
1672 4495 1836 4566 aliqui
1884 4495 2109 4559 volunt,
2217 4494 2333 4550 sive
2361 4494 2595 4549 additus.
2638 4493 2810 4561 Juda,
2855 4495 3152 4561 conﬁtens,
3192 4496 3307 4550 sive
3350 4495 3692 4563 gloriﬁcans.
3723 4495 3821 4550 Za‘

524 4591 868 4659 omnipotens
920 4589 1075 4644 Jcsus
1097 4628 1113 4656 ,
1169 4588 1437 4645 Salvator.
1494 4589 1804 4645 Nazarenus
1823 4630 1838 4655 ,
1892 4600 2110 4643 sanctus
2138 4600 2191 4660 D
2217 4585 2409 4652 bulon,
2438 4588 2804 4642 habitaculum
2831 4587 3274 4657 pulchritudinis.
3298 4587 3541 4653 lsachar,
3570 4601 3654 4644 est
3679 4603 3818 4645 mer-

521 4682 636 4734 sivc
684 4681 938 4736 mundus.
986 4680 1249 4750 Messias,
1300 4694 1526 4747 unctus,
1578 4682 1630 4737 id
1678 4693 1795 4745 eat,
1838 4680 2108 4736 Christus.
2215 4679 3813 4749 ces.Dandudicium,autjudicans.Gad,tentatio.Aser,

522 4773 791 4838 Michael,
832 4775 956 4843 quis
1002 4773 1144 4830 sicut
1188 4774 1354 4829 Deus.
1395 4774 1649 4841 Gabriel,
1693 4773 1950 4829 fortitudo
1988 4773 2105 4828 Dei.
2218 4771 2466 4837 latitudo,
2499 4774 2615 4829 sive
2647 4775 2855 4830 beatus.
2879 4772 3209 4843 Nephtalim,
3237 4784 3643 4831 conversantes.
3680 4775 3812 4831 Ben-

523 4864 802 4934 Raphael,
854 4864 1117 4921 medicina
1163 4866 1279 4921 Dei.
1324 4867 1494 4922 Adam
1521 4909 1535 4930 ,
1566 4868 1757 4931 homo,
1801 4866 1913 4921 sive
1953 4867 2113 4921 terrl~
2213 4864 2414 4934 jamin,
2454 4866 2594 4921 ﬁlius
2619 4867 2880 4921 dextera}.
2918 4864 3203 4934 Ephraim.
3244 4864 3488 4937 frugifer.
3518 4868 3635 4923 sive
3656 4869 3810 4923 uber~

519 4972 678 5027 gena.
717 4957 860 5021 Eva,
893 4956 1001 5011 vita
1024 5002 1039 5026 ,
1084 4958 1199 5012 sive
1241 4959 1536 5013 calamitas.
1584 4958 1749 5013 Miror
1789 4958 1932 5012 unde
1972 4956 2109 5026 apud
2216 4967 2332 5025 tas,
2366 4961 2451 5015 vel
2479 4972 2668 5016 auctus
2698 4960 2912 5016 Latine.
2943 4962 3222 5031 Manasse,
3254 4962 3477 5017 oblitus.
3512 4963 3683 5031 Esau,
3715 4977 3805 5017 ru-

520 5050 779 5106 iicbraaos
826 5050 1203 5120 interpretatio
1253 5051 1407 5120 hujus
1457 5050 1691 5105 nominis
1740 5062 1847 5105 tam
1896 5050 2109 5105 diversa
2219 5052 2387 5118 hens,
2423 5054 2537 5109 sive
2576 5070 2803 5110 acervus
2844 5055 3109 5124 lapidum.
3154 5054 3356 5127 Cedar,
3405 5057 3673 5125 tenebrae,
3724 5054 3803 5110 vel

520 5142 588 5195 sit
618 5160 631 5195 :
666 5142 767 5197 nisi
800 5141 941 5197 forte
971 5142 1125 5207 ideo,
1159 5142 1301 5211 quod
1333 5144 1520 5197 eadem
1554 5152 1607 5198 et
1650 5142 1861 5198 edendo
1906 5141 2110 5197 homini
2213 5158 2435 5200 maeror.
2468 5144 2600 5212 .lnb,
2632 5161 2851 5217 magus,
2880 5148 2964 5203 vel
2996 5148 3207 5204 dolens.
3255 5150 3548 5215 Amalech,
3582 5148 3802 5219 populus

521 5235 681 5288 vitam
713 5235 989 5299 attulerit,
1024 5243 1079 5290 et
1108 5234 1553 5304 transgrediendo
1582 5235 1968 5291 calamitatem.
2000 5236 2107 5289 Aut
2212 5235 2487 5303 lambens,
2534 5237 2649 5293 sive
2680 5238 3042 5310 restinguens.
3070 5234 3315 5313 Moyses,
3349 5243 3678 5313 assumptio,
3713 5240 3796 5294 vel

519 5328 659 5398 quod
690 5329 885 5384 mulier
914 5328 1033 5383 aliis
1062 5328 1333 5384 interdum
1367 5329 1472 5383 vlta
1495 5371 1509 5392 ,
1543 5329 1664 5383 aliis
1693 5339 1775 5384 est
1804 5328 2104 5383 calamitas.
2213 5328 2429 5386 liniens.
2467 5332 2646 5385 Aaron
2680 5348 2835 5388 mons
2879 5333 3233 5389 fortitudinis.
3265 5334 3483 5390 Pharao
3526 5333 3800 5390 denudaus

518 5418 683 5485 Abel,
715 5419 929 5487 luctus,
962 5420 1044 5475 vel
1075 5418 1420 5475 miserabilis.
1462 5419 1623 5487 Cain,
1670 5421 1978 5489 possessio,
2020 5419 2107 5475 vel
2209 5435 2370 5487 eum,
2414 5423 2527 5477 sive
2557 5421 2851 5493 dissipator
2891 5425 3029 5495 ejus.
3075 5425 3182 5481 Sed
3224 5425 3436 5481 Pharao
3479 5441 3671 5481 nomen
3719 5429 3799 5478 est

517 5512 845 5568 lamentatio.
883 5512 1069 5568 Enoch
1091 5554 1104 5577 ,
1136 5512 1423 5567 dedicatio.
1457 5512 1841 5581 Mathusalem,
1874 5522 2105 5568 mortem
2210 5527 2316 5569 non
2350 5513 2583 5569 hominis
2606 5556 2621 5579 ,
2650 5516 2745 5571 sed
2788 5516 3066 5587 dignitatis
3106 5536 3120 5572 :
3148 5518 3287 5573 Sicut
3313 5528 3366 5573 et
3396 5518 3539 5587 apud
3568 5533 3665 5572 nos
3692 5517 3799 5570 Au-

514 5615 664 5657 suam
693 5602 855 5657 misit.
902 5602 1050 5674 Noe,
1097 5606 1332 5674 requies.
1362 5603 1527 5671 Sem,
1556 5605 1880 5661 nominatus.
1908 5604 2102 5676 Cham,
2206 5610 2346 5677 gusti
2393 5607 2736 5676 appellantur
2780 5624 2938 5680 reges
2968 5652 2983 5677 ,
3035 5626 3159 5666 cum
3210 5611 3446 5681 propriis
3492 5608 3797 5665 nominibus

514 5692 760 5747 callidus.
793 5693 1065 5763 Japheth,
1110 5696 1361 5752 latitudo.
1406 5695 1582 5764 Loth,
1626 5696 1941 5764 declinans,
1988 5699 2103 5754 sive
2207 5713 2556 5758 censeantur.
2592 5701 2802 5757 Pharao
2830 5710 3013 5758 tamen
3062 5703 3153 5757 ille
3201 5704 3521 5760 submersus
3561 5705 3613 5759 in
3659 5717 3795 5759 man

516 5794 723 5840 unctus.
752 5785 1142 5844 Melchisedech
1164 5832 1178 5858 ,
1214 5808 1309 5847 rex
1332 5791 1531 5862 justus.
1564 5792 1765 5847 Abram
1785 5832 1802 5861 ,
1831 5799 1984 5864 pater
2007 5807 2105 5850 ex-
2208 5791 2393 5851 Rubro
2417 5793 2636 5865 proprio
2662 5795 2921 5852 vocabulo
2946 5795 3173 5853 Centres
3192 5795 3464 5856 vocitatus
3483 5807 3589 5856 est.
3607 5796 3799 5861 ius“.
