  <div class='ocr_page' id='page_1' title='image "/cluster/home/n/w/nwhite01/storage/ocr_20150623/50/hvd.32044015471550/410.png"; bbox 0 0 4024 6336; ppageno 0'>
   <div class='ocr_carea' id='block_1_1' title="bbox 246 320 353 388">
    <p class='ocr_par' dir='ltr' id='par_1_1' title="bbox 246 320 353 388">
     <span class='ocr_line' id='line_1_1' title="bbox 246 320 353 388; baseline 0 0"><span class='ocrx_word' id='word_1_1' title='bbox 246 320 353 388; x_wconf 68' lang='lat' dir='ltr'><strong>H3</strong></span> 
     </span>
    </p>
   </div>
   <div class='ocr_carea' id='block_1_2' title="bbox 1426 326 2338 389">
    <p class='ocr_par' dir='ltr' id='par_1_2' title="bbox 1426 326 2338 389">
     <span class='ocr_line' id='line_1_2' title="bbox 1426 326 2338 389; baseline -0.001 -3"><span class='ocrx_word' id='word_1_2' title='bbox 1426 326 1991 389; x_wconf 76' lang='lat' dir='ltr'><strong>INSTRUCTIONUM</strong></span> <span class='ocrx_word' id='word_1_3' title='bbox 2025 327 2236 386; x_wconf 79' lang='lat' dir='ltr'><strong>LIBER</strong></span> <span class='ocrx_word' id='word_1_4' title='bbox 2271 326 2338 385; x_wconf 77' lang='lat' dir='ltr'><strong>ll.</strong></span> 
     </span>
    </p>
   </div>
   <div class='ocr_carea' id='block_1_3' title="bbox 3416 335 3526 399">
    <p class='ocr_par' dir='ltr' id='par_1_3' title="bbox 3416 335 3526 399">
     <span class='ocr_line' id='line_1_3' title="bbox 3416 335 3526 399; baseline 0 0"><span class='ocrx_word' id='word_1_5' title='bbox 3416 335 3526 399; x_wconf 72' lang='grc' dir='ltr'><strong>οη</strong></span> 
     </span>
    </p>
   </div>
   <div class='ocr_carea' id='block_1_4' title="bbox 228 436 3524 519">
    <p class='ocr_par' dir='ltr' id='par_1_4' title="bbox 228 436 3524 519">
     <span class='ocr_line' id='line_1_4' title="bbox 228 436 3524 519; baseline 0.005 -20"><span class='ocrx_word' id='word_1_6' title='bbox 228 444 509 499; x_wconf 74' lang='lat' dir='ltr'><strong>salvator.</strong></span> <span class='ocrx_word' id='word_1_7' title='bbox 542 440 795 499; x_wconf 81' lang='lat' dir='ltr'><strong>Athoniel</strong></span> <span class='ocrx_word' id='word_1_8' title='bbox 812 485 826 507; x_wconf 91' lang='lat'><strong>,</strong></span> <span class='ocrx_word' id='word_1_9' title='bbox 857 449 1074 513; x_wconf 86' lang='lat' dir='ltr'><strong>tempus</strong></span> <span class='ocrx_word' id='word_1_10' title='bbox 1116 440 1237 512; x_wconf 79' lang='lat' dir='ltr'><strong>ejus</strong></span> <span class='ocrx_word' id='word_1_11' title='bbox 1261 439 1391 510; x_wconf 87' lang='lat' dir='ltr'><strong>Dei,</strong></span> <span class='ocrx_word' id='word_1_12' title='bbox 1425 444 1512 500; x_wconf 87' lang='lat' dir='ltr'><strong>vel</strong></span> <span class='ocrx_word' id='word_1_13' title='bbox 1558 442 1839 514; x_wconf 77' lang='lat' dir='ltr'><strong>responsio</strong></span> <span class='ocrx_word' id='word_1_14' title='bbox 1866 446 1915 506; x_wconf 76' lang='grc' dir='ltr'><strong>Α</strong></span> <span class='ocrx_word' id='word_1_15' title='bbox 1942 442 2063 499; x_wconf 87' lang='lat' dir='ltr'><strong>vico</strong></span> <span class='ocrx_word' id='word_1_16' title='bbox 2082 442 2288 510; x_wconf 80' lang='lat' dir='ltr'><strong>Chana,</strong></span> <span class='ocrx_word' id='word_1_17' title='bbox 2317 440 2435 515; x_wconf 85' lang='lat' dir='ltr'><strong>ipse</strong></span> <span class='ocrx_word' id='word_1_18' title='bbox 2451 448 2535 501; x_wconf 89' lang='lat' dir='ltr'><strong>est</strong></span> <span class='ocrx_word' id='word_1_19' title='bbox 2555 450 2612 501; x_wconf 90' lang='lat' dir='ltr'><strong>et</strong></span> <span class='ocrx_word' id='word_1_20' title='bbox 2629 436 2871 504; x_wconf 76' lang='lat' dir='ltr'><strong>Zelotes.</strong></span> <span class='ocrx_word' id='word_1_21' title='bbox 2899 446 3173 519; x_wconf 87' lang='lat' dir='ltr'><strong>Scarioth,</strong></span> <span class='ocrx_word' id='word_1_22' title='bbox 3205 456 3524 517; x_wconf 88' lang='lat' dir='ltr'><strong>memoriale</strong></span> 
     </span>
    </p>
   </div>
   <div class='ocr_carea' id='block_1_5' title="bbox 236 535 1832 607">
    <p class='ocr_par' dir='ltr' id='par_1_5' title="bbox 236 535 1832 607">
     <span class='ocr_line' id='line_1_5' title="bbox 236 535 1832 607; baseline 0.001 -15"><span class='ocrx_word' id='word_1_23' title='bbox 236 535 368 592; x_wconf 74' lang='lat' dir='ltr'><strong>Bel.</strong></span> <span class='ocrx_word' id='word_1_24' title='bbox 404 536 551 601; x_wconf 77' lang='lat' dir='ltr'><strong>Aod,</strong></span> <span class='ocrx_word' id='word_1_25' title='bbox 603 536 893 607; x_wconf 88' lang='lat' dir='ltr'><strong>gloriosus.</strong></span> <span class='ocrx_word' id='word_1_26' title='bbox 929 535 1210 606; x_wconf 88' lang='lat' dir='ltr'><strong>Semegar,</strong></span> <span class='ocrx_word' id='word_1_27' title='bbox 1253 551 1447 591; x_wconf 91' lang='lat' dir='ltr'><strong>nomen</strong></span> <span class='ocrx_word' id='word_1_28' title='bbox 1490 537 1789 593; x_wconf 76' lang='lat' dir='ltr'><strong>adveniens</strong></span> <span class='ocrx_word' id='word_1_29' title='bbox 1816 578 1832 603; x_wconf 86' lang='lat'><strong>,</strong></span> 
     </span>
    </p>
   </div>
   <div class='ocr_carea' id='block_1_6' title="bbox 242 626 1837 700">
    <p class='ocr_par' dir='ltr' id='par_1_6' title="bbox 242 626 1837 700">
     <span class='ocr_line' id='line_1_6' title="bbox 242 626 1837 700; baseline 0.003 -17"><span class='ocrx_word' id='word_1_30' title='bbox 242 630 362 684; x_wconf 81' lang='lat' dir='ltr'><strong>sive</strong></span> <span class='ocrx_word' id='word_1_31' title='bbox 409 629 483 683; x_wconf 84' lang='lat' dir='ltr'><strong>ibi</strong></span> <span class='ocrx_word' id='word_1_32' title='bbox 526 630 771 683; x_wconf 84' lang='lat' dir='ltr'><strong>eulonus.</strong></span> <span class='ocrx_word' id='word_1_33' title='bbox 806 626 1054 696; x_wconf 70' lang='lat' dir='ltr'><strong>Barac-li,</strong></span> <span class='ocrx_word' id='word_1_34' title='bbox 1100 628 1407 699; x_wconf 83' lang='lat' dir='ltr'><strong>fulgurans.</strong></span> <span class='ocrx_word' id='word_1_35' title='bbox 1451 629 1681 686; x_wconf 89' lang='lat' dir='ltr'><strong>Delbora</strong></span> <span class='ocrx_word' id='word_1_36' title='bbox 1723 629 1837 700; x_wconf 89' lang='lat' dir='ltr'><strong>apis</strong></span> 
     </span>
    </p>
   </div>
   <div class='ocr_carea' id='block_1_7' title="bbox 240 721 1838 793">
    <p class='ocr_par' dir='ltr' id='par_1_7' title="bbox 240 721 1838 793">
     <span class='ocr_line' id='line_1_7' title="bbox 240 721 1838 793; baseline 0.001 -16"><span class='ocrx_word' id='word_1_37' title='bbox 240 725 331 777; x_wconf 86' lang='lat' dir='ltr'><strong>vel</strong></span> <span class='ocrx_word' id='word_1_38' title='bbox 364 723 582 792; x_wconf 83' lang='lat' dir='ltr'><strong>loquax.</strong></span> <span class='ocrx_word' id='word_1_39' title='bbox 615 721 864 784; x_wconf 87' lang='lat' dir='ltr'><strong>Gedeon,</strong></span> <span class='ocrx_word' id='word_1_40' title='bbox 890 722 1434 793; x_wconf 87' lang='lat' dir='ltr'><strong>tentatioiniquitatis</strong></span> <span class='ocrx_word' id='word_1_41' title='bbox 1462 738 1675 779; x_wconf 90' lang='lat' dir='ltr'><strong>eorum.</strong></span> <span class='ocrx_word' id='word_1_42' title='bbox 1708 723 1838 779; x_wconf 80' lang='lat' dir='ltr'><strong>Abi-</strong></span> 
     </span>
    </p>
   </div>
   <div class='ocr_carea' id='block_1_8' title="bbox 241 815 1836 884">
    <p class='ocr_par' dir='ltr' id='par_1_8' title="bbox 241 815 1836 884">
     <span class='ocr_line' id='line_1_8' title="bbox 241 815 1836 884; baseline 0.001 -14"><span class='ocrx_word' id='word_1_43' title='bbox 241 817 480 881; x_wconf 82' lang='lat' dir='ltr'><strong>meleeh,</strong></span> <span class='ocrx_word' id='word_1_44' title='bbox 503 824 656 884; x_wconf 88' lang='lat' dir='ltr'><strong>pater</strong></span> <span class='ocrx_word' id='word_1_45' title='bbox 684 829 835 870; x_wconf 89' lang='lat' dir='ltr'><strong>meus</strong></span> <span class='ocrx_word' id='word_1_46' title='bbox 853 831 970 870; x_wconf 82' lang='lat' dir='ltr'><strong>rex.</strong></span> <span class='ocrx_word' id='word_1_47' title='bbox 990 816 1181 883; x_wconf 81' lang='lat' dir='ltr'><strong>Thola,</strong></span> <span class='ocrx_word' id='word_1_48' title='bbox 1203 816 1527 871; x_wconf 83' lang='lat' dir='ltr'><strong>vermiculus</strong></span> <span class='ocrx_word' id='word_1_49' title='bbox 1544 815 1610 871; x_wconf 90' lang='lat' dir='ltr'><strong>ad</strong></span> <span class='ocrx_word' id='word_1_50' title='bbox 1638 817 1836 871; x_wconf 83' lang='lat' dir='ltr'><strong>tinctu-</strong></span> 
     </span>
    </p>
   </div>
   <div class='ocr_carea' id='block_1_9' title="bbox 236 907 1834 979">
    <p class='ocr_par' dir='ltr' id='par_1_9' title="bbox 236 907 1834 979">
     <span class='ocr_line' id='line_1_9' title="bbox 236 907 1834 979; baseline -0.001 -14"><span class='ocrx_word' id='word_1_51' title='bbox 236 922 361 965; x_wconf 79' lang='lat' dir='ltr'><strong>ram</strong></span> <span class='ocrx_word' id='word_1_52' title='bbox 384 909 470 963; x_wconf 89' lang='lat' dir='ltr'><strong>vel</strong></span> <span class='ocrx_word' id='word_1_53' title='bbox 500 909 803 964; x_wconf 84' lang='lat' dir='ltr'><strong>coccinum.</strong></span> <span class='ocrx_word' id='word_1_54' title='bbox 837 907 972 971; x_wconf 78' lang='lat' dir='ltr'><strong>Jair,</strong></span> <span class='ocrx_word' id='word_1_55' title='bbox 995 909 1324 965; x_wconf 89' lang='lat' dir='ltr'><strong>illuminans.</strong></span> <span class='ocrx_word' id='word_1_56' title='bbox 1354 909 1535 979; x_wconf 79' lang='lat' dir='ltr'><strong>Jepte,</strong></span> <span class='ocrx_word' id='word_1_57' title='bbox 1563 910 1834 978; x_wconf 88' lang='lat' dir='ltr'><strong>aperiens,</strong></span> 
     </span>
    </p>
   </div>
   <div class='ocr_carea' id='block_1_10' title="bbox 238 1001 1834 1073">
    <p class='ocr_par' dir='ltr' id='par_1_10' title="bbox 238 1001 1834 1073">
     <span class='ocr_line' id='line_1_10' title="bbox 238 1001 1834 1073; baseline 0.003 -20"><span class='ocrx_word' id='word_1_58' title='bbox 238 1003 329 1054; x_wconf 65' lang='lat' dir='ltr'><strong>Vel</strong></span> <span class='ocrx_word' id='word_1_59' title='bbox 359 1011 599 1070; x_wconf 83' lang='lat' dir='ltr'><strong>apertus.</strong></span> <span class='ocrx_word' id='word_1_60' title='bbox 645 1001 883 1068; x_wconf 77' lang='lat' dir='ltr'><strong>Esebon,</strong></span> <span class='ocrx_word' id='word_1_61' title='bbox 917 1002 1195 1071; x_wconf 78' lang='lat' dir='ltr'><strong>cogitatio,</strong></span> <span class='ocrx_word' id='word_1_62' title='bbox 1235 1003 1347 1057; x_wconf 84' lang='lat' dir='ltr'><strong>sive</strong></span> <span class='ocrx_word' id='word_1_63' title='bbox 1380 1004 1652 1073; x_wconf 78' lang='lat' dir='ltr'><strong>cingulum</strong></span> <span class='ocrx_word' id='word_1_64' title='bbox 1704 1018 1834 1057; x_wconf 76' lang='lat' dir='ltr'><strong>mm-</strong></span> 
     </span>
    </p>
   </div>
   <div class='ocr_carea' id='block_1_11' title="bbox 236 1094 1835 1164">
    <p class='ocr_par' dir='ltr' id='par_1_11' title="bbox 236 1094 1835 1164">
     <span class='ocr_line' id='line_1_11' title="bbox 236 1094 1835 1164; baseline 0.002 -15"><span class='ocrx_word' id='word_1_65' title='bbox 236 1096 407 1149; x_wconf 81' lang='lat' dir='ltr'><strong>roris.</strong></span> <span class='ocrx_word' id='word_1_66' title='bbox 437 1095 687 1161; x_wconf 86' lang='lat' dir='ltr'><strong>Achilon,</strong></span> <span class='ocrx_word' id='word_1_67' title='bbox 716 1094 908 1150; x_wconf 85' lang='lat' dir='ltr'><strong>vivens</strong></span> <span class='ocrx_word' id='word_1_68' title='bbox 934 1095 1075 1163; x_wconf 91' lang='lat' dir='ltr'><strong>Deo,</strong></span> <span class='ocrx_word' id='word_1_69' title='bbox 1103 1096 1189 1152; x_wconf 87' lang='lat' dir='ltr'><strong>vel</strong></span> <span class='ocrx_word' id='word_1_70' title='bbox 1224 1098 1413 1153; x_wconf 90' lang='lat' dir='ltr'><strong>videns</strong></span> <span class='ocrx_word' id='word_1_71' title='bbox 1438 1098 1631 1153; x_wconf 90' lang='lat' dir='ltr'><strong>Deum.</strong></span> <span class='ocrx_word' id='word_1_72' title='bbox 1662 1097 1835 1164; x_wconf 83' lang='lat' dir='ltr'><strong>Abdo,</strong></span> 
     </span>
    </p>
   </div>
   <div class='ocr_carea' id='block_1_12' title="bbox 240 1186 1836 1257">
    <p class='ocr_par' dir='ltr' id='par_1_12' title="bbox 240 1186 1836 1257">
     <span class='ocr_line' id='line_1_12' title="bbox 240 1186 1836 1257; baseline 0.003 -17"><span class='ocrx_word' id='word_1_73' title='bbox 240 1200 439 1241; x_wconf 83' lang='lat' dir='ltr'><strong>servus</strong></span> <span class='ocrx_word' id='word_1_74' title='bbox 467 1186 605 1257; x_wconf 88' lang='lat' dir='ltr'><strong>ejus.</strong></span> <span class='ocrx_word' id='word_1_75' title='bbox 636 1188 928 1257; x_wconf 87' lang='lat' dir='ltr'><strong>Sampson,</strong></span> <span class='ocrx_word' id='word_1_76' title='bbox 957 1190 1037 1243; x_wconf 89' lang='lat' dir='ltr'><strong>sol</strong></span> <span class='ocrx_word' id='word_1_77' title='bbox 1062 1204 1276 1257; x_wconf 91' lang='lat' dir='ltr'><strong>eorum,</strong></span> <span class='ocrx_word' id='word_1_78' title='bbox 1298 1190 1385 1245; x_wconf 89' lang='lat' dir='ltr'><strong>vel</strong></span> <span class='ocrx_word' id='word_1_79' title='bbox 1406 1191 1536 1245; x_wconf 91' lang='lat' dir='ltr'><strong>solis</strong></span> <span class='ocrx_word' id='word_1_80' title='bbox 1559 1189 1836 1246; x_wconf 75' lang='lat' dir='ltr'><strong>fortitudo.</strong></span> 
     </span>
    </p>
   </div>
   <div class='ocr_carea' id='block_1_13' title="bbox 236 1274 1837 1352">
    <p class='ocr_par' dir='ltr' id='par_1_13' title="bbox 236 1274 1837 1352">
     <span class='ocr_line' id='line_1_13' title="bbox 236 1274 1837 1352; baseline 0.004 -20"><span class='ocrx_word' id='word_1_81' title='bbox 236 1274 459 1341; x_wconf 80' lang='lat' dir='ltr'><strong>Dalila,</strong></span> <span class='ocrx_word' id='word_1_82' title='bbox 512 1281 868 1350; x_wconf 76' lang='lat' dir='ltr'><strong>paupercula,</strong></span> <span class='ocrx_word' id='word_1_83' title='bbox 924 1281 1009 1336; x_wconf 88' lang='lat' dir='ltr'><strong>vel</strong></span> <span class='ocrx_word' id='word_1_84' title='bbox 1060 1282 1239 1337; x_wconf 85' lang='lat' dir='ltr'><strong>situla.</strong></span> <span class='ocrx_word' id='word_1_85' title='bbox 1302 1283 1424 1352; x_wconf 84' lang='lat' dir='ltr'><strong>Eli,</strong></span> <span class='ocrx_word' id='word_1_86' title='bbox 1480 1283 1620 1338; x_wconf 92' lang='lat' dir='ltr'><strong>Deus</strong></span> <span class='ocrx_word' id='word_1_87' title='bbox 1661 1298 1837 1339; x_wconf 90' lang='lat' dir='ltr'><strong>meus.</strong></span> 
     </span>
    </p>
   </div>
   <div class='ocr_carea' id='block_1_14' title="bbox 243 1372 1841 1447">
    <p class='ocr_par' dir='ltr' id='par_1_14' title="bbox 243 1372 1841 1447">
     <span class='ocr_line' id='line_1_14' title="bbox 243 1372 1841 1447; baseline 0.002 -18"><span class='ocrx_word' id='word_1_88' title='bbox 243 1372 500 1439; x_wconf 82' lang='lat' dir='ltr'><strong>Samuel,</strong></span> <span class='ocrx_word' id='word_1_89' title='bbox 532 1387 729 1429; x_wconf 88' lang='lat' dir='ltr'><strong>nomen</strong></span> <span class='ocrx_word' id='word_1_90' title='bbox 761 1376 878 1443; x_wconf 84' lang='lat' dir='ltr'><strong>ejus</strong></span> <span class='ocrx_word' id='word_1_91' title='bbox 925 1373 1093 1429; x_wconf 88' lang='lat' dir='ltr'><strong>Deus.</strong></span> <span class='ocrx_word' id='word_1_92' title='bbox 1140 1374 1271 1431; x_wconf 91' lang='lat' dir='ltr'><strong>Saul</strong></span> <span class='ocrx_word' id='word_1_93' title='bbox 1293 1416 1312 1443; x_wconf 89' lang='lat'><strong>,</strong></span> <span class='ocrx_word' id='word_1_94' title='bbox 1371 1376 1691 1447; x_wconf 85' lang='lat' dir='ltr'><strong>expeditus,</strong></span> <span class='ocrx_word' id='word_1_95' title='bbox 1726 1380 1841 1432; x_wconf 82' lang='lat' dir='ltr'><strong>sive</strong></span> 
     </span>
    </p>
   </div>
   <div class='ocr_carea' id='block_1_15' title="bbox 242 1465 1837 1536">
    <p class='ocr_par' dir='ltr' id='par_1_15' title="bbox 242 1465 1837 1536">
     <span class='ocr_line' id='line_1_15' title="bbox 242 1465 1837 1536; baseline 0.002 -17"><span class='ocrx_word' id='word_1_96' title='bbox 242 1466 460 1536; x_wconf 81' lang='lat' dir='ltr'><strong>petitio.</strong></span> <span class='ocrx_word' id='word_1_97' title='bbox 490 1465 660 1522; x_wconf 84' lang='lat' dir='ltr'><strong>Jassai</strong></span> <span class='ocrx_word' id='word_1_98' title='bbox 682 1509 698 1533; x_wconf 92' lang='lat'><strong>,</strong></span> <span class='ocrx_word' id='word_1_99' title='bbox 723 1466 912 1522; x_wconf 69' lang='lat' dir='ltr'><strong>insula:</strong></span> <span class='ocrx_word' id='word_1_100' title='bbox 940 1465 1350 1533; x_wconf 88' lang='lat' dir='ltr'><strong>holocaustum,</strong></span> <span class='ocrx_word' id='word_1_101' title='bbox 1374 1471 1459 1524; x_wconf 91' lang='lat' dir='ltr'><strong>vel</strong></span> <span class='ocrx_word' id='word_1_102' title='bbox 1493 1469 1837 1524; x_wconf 89' lang='lat' dir='ltr'><strong>sacriﬁcium.</strong></span> 
     </span>
    </p>
   </div>
   <div class='ocr_carea' id='block_1_16' title="bbox 244 1556 1840 1630">
    <p class='ocr_par' dir='ltr' id='par_1_16' title="bbox 244 1556 1840 1630">
     <span class='ocr_line' id='line_1_16' title="bbox 244 1556 1840 1630; baseline 0.003 -17"><span class='ocrx_word' id='word_1_103' title='bbox 244 1556 421 1613; x_wconf 81' lang='lat' dir='ltr'><strong>David</strong></span> <span class='ocrx_word' id='word_1_104' title='bbox 445 1601 458 1622; x_wconf 91' lang='lat'><strong>,</strong></span> <span class='ocrx_word' id='word_1_105' title='bbox 517 1559 889 1615; x_wconf 83' lang='lat' dir='ltr'><strong>desiderabilis</strong></span> <span class='ocrx_word' id='word_1_106' title='bbox 914 1601 928 1625; x_wconf 93' lang='lat'><strong>,</strong></span> <span class='ocrx_word' id='word_1_107' title='bbox 958 1561 1073 1615; x_wconf 87' lang='lat' dir='ltr'><strong>sive</strong></span> <span class='ocrx_word' id='word_1_108' title='bbox 1112 1559 1267 1615; x_wconf 89' lang='lat' dir='ltr'><strong>fortis</strong></span> <span class='ocrx_word' id='word_1_109' title='bbox 1308 1576 1492 1617; x_wconf 90' lang='lat' dir='ltr'><strong>manu.</strong></span> <span class='ocrx_word' id='word_1_110' title='bbox 1530 1561 1797 1617; x_wconf 83' lang='lat' dir='ltr'><strong>Jonathan</strong></span> <span class='ocrx_word' id='word_1_111' title='bbox 1824 1604 1840 1630; x_wconf 96' lang='lat'><strong>,</strong></span> 
     </span>
    </p>
   </div>
   <div class='ocr_carea' id='block_1_17' title="bbox 245 1654 1844 1725">
    <p class='ocr_par' dir='ltr' id='par_1_17' title="bbox 245 1654 1844 1725">
     <span class='ocr_line' id='line_1_17' title="bbox 245 1654 1844 1725; baseline 0.001 -16"><span class='ocrx_word' id='word_1_112' title='bbox 245 1654 517 1709; x_wconf 65' lang='lat' dir='ltr'><strong>columbae</strong></span> <span class='ocrx_word' id='word_1_113' title='bbox 541 1654 766 1723; x_wconf 88' lang='lat' dir='ltr'><strong>donum,</strong></span> <span class='ocrx_word' id='word_1_114' title='bbox 796 1655 874 1708; x_wconf 90' lang='lat' dir='ltr'><strong>vel</strong></span> <span class='ocrx_word' id='word_1_115' title='bbox 906 1654 1115 1708; x_wconf 89' lang='lat' dir='ltr'><strong>Domini</strong></span> <span class='ocrx_word' id='word_1_116' title='bbox 1141 1654 1362 1709; x_wconf 90' lang='lat' dir='ltr'><strong>donum.</strong></span> <span class='ocrx_word' id='word_1_117' title='bbox 1392 1654 1668 1721; x_wconf 86' lang='lat' dir='ltr'><strong>Absalom,</strong></span> <span class='ocrx_word' id='word_1_118' title='bbox 1691 1666 1844 1725; x_wconf 89' lang='lat' dir='ltr'><strong>pater</strong></span> 
     </span>
    </p>
   </div>
   <div class='ocr_carea' id='block_1_18' title="bbox 243 1747 1841 1819">
    <p class='ocr_par' dir='ltr' id='par_1_18' title="bbox 243 1747 1841 1819">
     <span class='ocr_line' id='line_1_18' title="bbox 243 1747 1841 1819; baseline 0.001 -18"><span class='ocrx_word' id='word_1_119' title='bbox 243 1750 424 1819; x_wconf 75' lang='lat' dir='ltr'><strong>‘pacis.</strong></span> <span class='ocrx_word' id='word_1_120' title='bbox 460 1748 741 1815; x_wconf 86' lang='lat' dir='ltr'><strong>Salomon,</strong></span> <span class='ocrx_word' id='word_1_121' title='bbox 772 1748 1048 1818; x_wconf 89' lang='lat' dir='ltr'><strong>paciﬁcus.</strong></span> <span class='ocrx_word' id='word_1_122' title='bbox 1077 1748 1221 1803; x_wconf 88' lang='lat' dir='ltr'><strong>Idem</strong></span> <span class='ocrx_word' id='word_1_123' title='bbox 1253 1748 1638 1814; x_wconf 85' lang='lat' dir='ltr'><strong>Ecclesiastes,</strong></span> <span class='ocrx_word' id='word_1_124' title='bbox 1663 1747 1715 1803; x_wconf 92' lang='lat' dir='ltr'><strong>id</strong></span> <span class='ocrx_word' id='word_1_125' title='bbox 1738 1757 1841 1819; x_wconf 82' lang='lat' dir='ltr'><strong>est,</strong></span> 
     </span>
    </p>
   </div>
   <div class='ocr_carea' id='block_1_19' title="bbox 1940 534 3524 625">
    <p class='ocr_par' dir='ltr' id='par_1_19' title="bbox 1940 534 3524 625">
     <span class='ocr_line' id='line_1_19' title="bbox 1940 534 3524 625; baseline 0.01 -35"><span class='ocrx_word' id='word_1_126' title='bbox 1940 534 2178 603; x_wconf 84' lang='lat' dir='ltr'><strong>Domini,</strong></span> <span class='ocrx_word' id='word_1_127' title='bbox 2206 538 2289 593; x_wconf 90' lang='lat' dir='ltr'><strong>vel</strong></span> <span class='ocrx_word' id='word_1_128' title='bbox 2322 538 2584 595; x_wconf 87' lang='lat' dir='ltr'><strong>memoria</strong></span> <span class='ocrx_word' id='word_1_129' title='bbox 2610 541 2822 597; x_wconf 91' lang='lat' dir='ltr'><strong>mortis.</strong></span> <span class='ocrx_word' id='word_1_130' title='bbox 2858 542 2971 600; x_wconf 89' lang='lat' dir='ltr'><strong>lloc</strong></span> <span class='ocrx_word' id='word_1_131' title='bbox 2998 561 3129 602; x_wconf 89' lang='lat' dir='ltr'><strong>vero</strong></span> <span class='ocrx_word' id='word_1_132' title='bbox 3166 554 3386 607; x_wconf 88' lang='lat' dir='ltr'><strong>nomine</strong></span> <span class='ocrx_word' id='word_1_133' title='bbox 3424 566 3524 625; x_wconf 86' lang='lat' dir='ltr'><strong>ap-</strong></span> 
     </span>
    </p>
   </div>
   <div class='ocr_carea' id='block_1_20' title="bbox 1938 630 3520 714">
    <p class='ocr_par' dir='ltr' id='par_1_20' title="bbox 1938 630 3520 714">
     <span class='ocr_line' id='line_1_20' title="bbox 1938 630 3520 714; baseline 0.013 -32"><span class='ocrx_word' id='word_1_134' title='bbox 1938 630 2169 700; x_wconf 85' lang='lat' dir='ltr'><strong>pellatus</strong></span> <span class='ocrx_word' id='word_1_135' title='bbox 2213 641 2296 686; x_wconf 89' lang='lat' dir='ltr'><strong>est</strong></span> <span class='ocrx_word' id='word_1_136' title='bbox 2326 631 2493 689; x_wconf 80' lang='lat' dir='ltr'><strong>Judas</strong></span> <span class='ocrx_word' id='word_1_137' title='bbox 2523 649 2551 688; x_wconf 91' lang='lat' dir='ltr'><strong>a</strong></span> <span class='ocrx_word' id='word_1_138' title='bbox 2584 635 2705 691; x_wconf 88' lang='lat' dir='ltr'><strong>vico</strong></span> <span class='ocrx_word' id='word_1_139' title='bbox 2745 636 2799 690; x_wconf 94' lang='lat' dir='ltr'><strong>in</strong></span> <span class='ocrx_word' id='word_1_140' title='bbox 2830 652 2939 707; x_wconf 90' lang='lat' dir='ltr'><strong>quo</strong></span> <span class='ocrx_word' id='word_1_141' title='bbox 2961 648 3115 696; x_wconf 88' lang='lat' dir='ltr'><strong>natus</strong></span> <span class='ocrx_word' id='word_1_142' title='bbox 3140 653 3243 697; x_wconf 89' lang='lat' dir='ltr'><strong>est.</strong></span> <span class='ocrx_word' id='word_1_143' title='bbox 3277 644 3520 714; x_wconf 79' lang='lat' dir='ltr'><strong>Marcus,</strong></span> 
     </span>
    </p>
   </div>
   <div class='ocr_carea' id='block_1_21' title="bbox 1940 724 3525 813">
    <p class='ocr_par' dir='ltr' id='par_1_21' title="bbox 1940 724 3525 813">
     <span class='ocr_line' id='line_1_21' title="bbox 1940 724 3525 813; baseline 0.013 -36"><span class='ocrx_word' id='word_1_144' title='bbox 1940 724 2188 779; x_wconf 82' lang='lat' dir='ltr'><strong>excelsus</strong></span> <span class='ocrx_word' id='word_1_145' title='bbox 2211 725 2491 783; x_wconf 89' lang='lat' dir='ltr'><strong>mandato.</strong></span> <span class='ocrx_word' id='word_1_146' title='bbox 2514 727 2712 795; x_wconf 85' lang='lat' dir='ltr'><strong>Lucas,</strong></span> <span class='ocrx_word' id='word_1_147' title='bbox 2742 730 2861 800; x_wconf 88' lang='lat' dir='ltr'><strong>ipse</strong></span> <span class='ocrx_word' id='word_1_148' title='bbox 2884 746 3239 805; x_wconf 79' lang='lat' dir='ltr'><strong>consurgens,</strong></span> <span class='ocrx_word' id='word_1_149' title='bbox 3271 738 3387 794; x_wconf 90' lang='lat' dir='ltr'><strong>sive</strong></span> <span class='ocrx_word' id='word_1_150' title='bbox 3408 738 3525 813; x_wconf 88' lang='lat' dir='ltr'><strong>ipse</strong></span> 
     </span>
    </p>
   </div>
   <div class='ocr_carea' id='block_1_22' title="bbox 1940 817 3525 893">
    <p class='ocr_par' dir='ltr' id='par_1_22' title="bbox 1940 817 3525 893">
     <span class='ocr_line' id='line_1_22' title="bbox 1940 817 3525 893; baseline 0.012 -23"><span class='ocrx_word' id='word_1_151' title='bbox 1940 817 2145 873; x_wconf 83' lang='lat' dir='ltr'><strong>levans.</strong></span> <span class='ocrx_word' id='word_1_152' title='bbox 2180 817 2506 888; x_wconf 86' lang='lat' dir='ltr'><strong>Stephanus,</strong></span> <span class='ocrx_word' id='word_1_153' title='bbox 2538 836 2726 877; x_wconf 86' lang='lat' dir='ltr'><strong>norma</strong></span> <span class='ocrx_word' id='word_1_154' title='bbox 2747 834 2957 893; x_wconf 91' lang='lat' dir='ltr'><strong>vestra;</strong></span> <span class='ocrx_word' id='word_1_155' title='bbox 2990 822 3181 887; x_wconf 61' lang='lat' dir='ltr'><strong>Graeco</strong></span> <span class='ocrx_word' id='word_1_156' title='bbox 3205 842 3383 887; x_wconf 88' lang='lat' dir='ltr'><strong>autem</strong></span> <span class='ocrx_word' id='word_1_157' title='bbox 3411 850 3525 891; x_wconf 90' lang='lat' dir='ltr'><strong>ser-</strong></span> 
     </span>
    </p>
   </div>
   <div class='ocr_carea' id='block_1_23' title="bbox 1940 913 3522 995">
    <p class='ocr_par' dir='ltr' id='par_1_23' title="bbox 1940 913 3522 995">
     <span class='ocr_line' id='line_1_23' title="bbox 1940 913 3522 995; baseline 0.012 -32"><span class='ocrx_word' id='word_1_158' title='bbox 1940 923 2100 964; x_wconf 90' lang='lat' dir='ltr'><strong>mone</strong></span> <span class='ocrx_word' id='word_1_159' title='bbox 2128 920 2437 966; x_wconf 80' lang='lat' dir='ltr'><strong>coronalus.</strong></span> <span class='ocrx_word' id='word_1_160' title='bbox 2467 913 3046 983; x_wconf 79' lang='lat' dir='ltr'><strong>Augusti.solemniter</strong></span> <span class='ocrx_word' id='word_1_161' title='bbox 3067 929 3292 977; x_wconf 88' lang='lat' dir='ltr'><strong>stantes.</strong></span> <span class='ocrx_word' id='word_1_162' title='bbox 3315 921 3522 995; x_wconf 80' lang='lat' dir='ltr'><strong>Caesar,</strong></span> 
     </span>
    </p>
   </div>
   <div class='ocr_carea' id='block_1_24' title="bbox 1941 1003 3523 1091">
    <p class='ocr_par' dir='ltr' id='par_1_24' title="bbox 1941 1003 3523 1091">
     <span class='ocr_line' id='line_1_24' title="bbox 1941 1003 3523 1091; baseline 0.013 -36"><span class='ocrx_word' id='word_1_163' title='bbox 1941 1003 2214 1069; x_wconf 84' lang='lat' dir='ltr'><strong>possessio</strong></span> <span class='ocrx_word' id='word_1_164' title='bbox 2242 1005 2577 1075; x_wconf 87' lang='lat' dir='ltr'><strong>principalis.</strong></span> <span class='ocrx_word' id='word_1_165' title='bbox 2617 1006 2854 1075; x_wconf 88' lang='lat' dir='ltr'><strong>Cirenei,</strong></span> <span class='ocrx_word' id='word_1_166' title='bbox 2902 1010 3167 1069; x_wconf 66' lang='lat' dir='ltr'><strong>haeredes.</strong></span> <span class='ocrx_word' id='word_1_167' title='bbox 3200 1015 3486 1074; x_wconf 77' lang='lat' dir='ltr'><strong>Bethsaida</strong></span> <span class='ocrx_word' id='word_1_168' title='bbox 3507 1065 3523 1091; x_wconf 87' lang='lat'><strong>,</strong></span> 
     </span>
    </p>
   </div>
   <div class='ocr_carea' id='block_1_25' title="bbox 1940 1090 3521 1173">
    <p class='ocr_par' dir='ltr' id='par_1_25' title="bbox 1940 1090 3521 1173">
     <span class='ocr_line' id='line_1_25' title="bbox 1940 1090 3521 1173; baseline 0.013 -26"><span class='ocrx_word' id='word_1_169' title='bbox 1940 1090 2133 1147; x_wconf 89' lang='lat' dir='ltr'><strong>domus</strong></span> <span class='ocrx_word' id='word_1_170' title='bbox 2188 1093 2423 1164; x_wconf 84' lang='lat' dir='ltr'><strong>frugum.</strong></span> <span class='ocrx_word' id='word_1_171' title='bbox 2478 1096 2783 1167; x_wconf 86' lang='lat' dir='ltr'><strong>Betphage,</strong></span> <span class='ocrx_word' id='word_1_172' title='bbox 2827 1100 3064 1173; x_wconf 80' lang='lat' dir='ltr'><strong>Syrum,</strong></span> <span class='ocrx_word' id='word_1_173' title='bbox 3107 1106 3301 1163; x_wconf 91' lang='lat' dir='ltr'><strong>domus</strong></span> <span class='ocrx_word' id='word_1_174' title='bbox 3347 1112 3521 1170; x_wconf 85' lang='lat' dir='ltr'><strong>vallis.</strong></span> 
     </span>
    </p>
   </div>
   <div class='ocr_carea' id='block_1_26' title="bbox 1941 1181 3528 1274">
    <p class='ocr_par' dir='ltr' id='par_1_26' title="bbox 1941 1181 3528 1274">
     <span class='ocr_line' id='line_1_26' title="bbox 1941 1181 3528 1274; baseline 0.014 -37"><span class='ocrx_word' id='word_1_175' title='bbox 1941 1181 2221 1253; x_wconf 85' lang='lat' dir='ltr'><strong>Bethania,</strong></span> <span class='ocrx_word' id='word_1_176' title='bbox 2257 1187 2451 1243; x_wconf 89' lang='lat' dir='ltr'><strong>domus</strong></span> <span class='ocrx_word' id='word_1_177' title='bbox 2475 1188 2802 1245; x_wconf 84' lang='lat' dir='ltr'><strong>amictionis.</strong></span> <span class='ocrx_word' id='word_1_178' title='bbox 2834 1190 3135 1263; x_wconf 87' lang='lat' dir='ltr'><strong>Genesear,</strong></span> <span class='ocrx_word' id='word_1_179' title='bbox 3188 1210 3339 1257; x_wconf 91' lang='lat' dir='ltr'><strong>ortus</strong></span> <span class='ocrx_word' id='word_1_180' title='bbox 3377 1203 3528 1274; x_wconf 90' lang='lat' dir='ltr'><strong>prin-</strong></span> 
     </span>
    </p>
   </div>
   <div class='ocr_carea' id='block_1_27' title="bbox 1942 1276 3528 1367">
    <p class='ocr_par' dir='ltr' id='par_1_27' title="bbox 1942 1276 3528 1367">
     <span class='ocr_line' id='line_1_27' title="bbox 1942 1276 3528 1367; baseline 0.013 -34"><span class='ocrx_word' id='word_1_181' title='bbox 1942 1276 2097 1348; x_wconf 89' lang='lat' dir='ltr'><strong>cipis.</strong></span> <span class='ocrx_word' id='word_1_182' title='bbox 2130 1278 2363 1345; x_wconf 85' lang='lat' dir='ltr'><strong>Amaus,</strong></span> <span class='ocrx_word' id='word_1_183' title='bbox 2399 1282 2625 1350; x_wconf 89' lang='lat' dir='ltr'><strong>populus</strong></span> <span class='ocrx_word' id='word_1_184' title='bbox 2660 1282 2920 1353; x_wconf 87' lang='lat' dir='ltr'><strong>abjectus.</strong></span> <span class='ocrx_word' id='word_1_185' title='bbox 2953 1285 3363 1361; x_wconf 87' lang='lat' dir='ltr'><strong>Capharnaum,</strong></span> <span class='ocrx_word' id='word_1_186' title='bbox 3396 1311 3528 1367; x_wconf 89' lang='lat' dir='ltr'><strong>ager</strong></span> 
     </span>
    </p>
   </div>
   <div class='ocr_carea' id='block_1_28' title="bbox 1943 1370 3525 1455">
    <p class='ocr_par' dir='ltr' id='par_1_28' title="bbox 1943 1370 3525 1455">
     <span class='ocr_line' id='line_1_28' title="bbox 1943 1370 3525 1455; baseline 0.011 -31"><span class='ocrx_word' id='word_1_187' title='bbox 1943 1370 2354 1427; x_wconf 85' lang='lat' dir='ltr'><strong>consolationis.</strong></span> <span class='ocrx_word' id='word_1_188' title='bbox 2384 1370 2630 1445; x_wconf 89' lang='lat' dir='ltr'><strong>Sarepta,</strong></span> <span class='ocrx_word' id='word_1_189' title='bbox 2657 1376 2899 1443; x_wconf 89' lang='lat' dir='ltr'><strong>incensa,</strong></span> <span class='ocrx_word' id='word_1_190' title='bbox 2931 1378 3045 1434; x_wconf 89' lang='lat' dir='ltr'><strong>sive</strong></span> <span class='ocrx_word' id='word_1_191' title='bbox 3074 1385 3317 1452; x_wconf 87' lang='lat' dir='ltr'><strong>angustia</strong></span> <span class='ocrx_word' id='word_1_192' title='bbox 3349 1387 3525 1455; x_wconf 89' lang='lat' dir='ltr'><strong>panis.</strong></span> 
     </span>
    </p>
   </div>
   <div class='ocr_carea' id='block_1_29' title="bbox 1945 1462 3524 1544">
    <p class='ocr_par' dir='ltr' id='par_1_29' title="bbox 1945 1462 3524 1544">
     <span class='ocr_line' id='line_1_29' title="bbox 1945 1462 3524 1544; baseline 0.011 -25"><span class='ocrx_word' id='word_1_193' title='bbox 1945 1462 2320 1533; x_wconf 84' lang='lat' dir='ltr'><strong>Gethsemani,</strong></span> <span class='ocrx_word' id='word_1_194' title='bbox 2349 1467 2502 1521; x_wconf 84' lang='lat' dir='ltr'><strong>vallis</strong></span> <span class='ocrx_word' id='word_1_195' title='bbox 2525 1468 2927 1539; x_wconf 90' lang='lat' dir='ltr'><strong>pinguedinum.</strong></span> <span class='ocrx_word' id='word_1_196' title='bbox 2954 1470 3241 1544; x_wconf 87' lang='lat' dir='ltr'><strong>Golgotha,</strong></span> <span class='ocrx_word' id='word_1_197' title='bbox 3270 1478 3524 1538; x_wconf 81' lang='lat' dir='ltr'><strong>calvaria.</strong></span> 
     </span>
    </p>
   </div>
   <div class='ocr_carea' id='block_1_30' title="bbox 1945 1553 3524 1640">
    <p class='ocr_par' dir='ltr' id='par_1_30' title="bbox 1945 1553 3524 1640">
     <span class='ocr_line' id='line_1_30' title="bbox 1945 1553 3524 1640; baseline 0.01 -31"><span class='ocrx_word' id='word_1_198' title='bbox 1945 1553 2235 1622; x_wconf 82' lang='lat' dir='ltr'><strong>Nazareth,</strong></span> <span class='ocrx_word' id='word_1_199' title='bbox 2290 1558 2389 1614; x_wconf 91' lang='lat' dir='ltr'><strong>ﬁos</strong></span> <span class='ocrx_word' id='word_1_200' title='bbox 2436 1560 2740 1627; x_wconf 66' lang='lat' dir='ltr'><strong>munditiae,</strong></span> <span class='ocrx_word' id='word_1_201' title='bbox 2770 1562 2852 1616; x_wconf 89' lang='lat' dir='ltr'><strong>vel</strong></span> <span class='ocrx_word' id='word_1_202' title='bbox 2890 1564 3201 1634; x_wconf 86' lang='lat' dir='ltr'><strong>virgultum.</strong></span> <span class='ocrx_word' id='word_1_203' title='bbox 3246 1567 3524 1640; x_wconf 71' lang='lat' dir='ltr'><strong>Ninivitae,</strong></span> 
     </span>
    </p>
   </div>
   <div class='ocr_carea' id='block_1_31' title="bbox 1946 1648 3528 1726">
    <p class='ocr_par' dir='ltr' id='par_1_31' title="bbox 1946 1648 3528 1726">
     <span class='ocr_line' id='line_1_31' title="bbox 1946 1648 3528 1726; baseline 0.011 -25"><span class='ocrx_word' id='word_1_204' title='bbox 1946 1648 2059 1703; x_wconf 89' lang='lat' dir='ltr'><strong>nati</strong></span> <span class='ocrx_word' id='word_1_205' title='bbox 2087 1649 2341 1717; x_wconf 89' lang='lat' dir='ltr'><strong>speciosi.</strong></span> <span class='ocrx_word' id='word_1_206' title='bbox 2375 1650 2574 1717; x_wconf 90' lang='lat' dir='ltr'><strong>Sidon,</strong></span> <span class='ocrx_word' id='word_1_207' title='bbox 2605 1654 2843 1709; x_wconf 87' lang='lat' dir='ltr'><strong>venatio.</strong></span> <span class='ocrx_word' id='word_1_208' title='bbox 2873 1654 3128 1711; x_wconf 71' lang='lat' dir='ltr'><strong>Zachmus</strong></span> <span class='ocrx_word' id='word_1_209' title='bbox 3148 1704 3161 1725; x_wconf 95' lang='lat'><strong>,</strong></span> <span class='ocrx_word' id='word_1_210' title='bbox 3184 1660 3528 1726; x_wconf 74' lang='lat' dir='ltr'><strong>iustiﬁcatus.</strong></span> 
     </span>
    </p>
   </div>
   <div class='ocr_carea' id='block_1_32' title="bbox 1946 1739 3530 1811">
    <p class='ocr_par' dir='ltr' id='par_1_32' title="bbox 1946 1739 3530 1811">
     <span class='ocr_line' id='line_1_32' title="bbox 1946 1739 3530 1811; baseline 0.011 -17"><span class='ocrx_word' id='word_1_211' title='bbox 1946 1739 2200 1803; x_wconf 67' lang='lat' dir='ltr'><strong>ldumaea,</strong></span> <span class='ocrx_word' id='word_1_212' title='bbox 2232 1758 2374 1797; x_wconf 86' lang='lat' dir='ltr'><strong>rosa.</strong></span> <span class='ocrx_word' id='word_1_213' title='bbox 2411 1744 2623 1799; x_wconf 86' lang='lat' dir='ltr'><strong>Lisama</strong></span> <span class='ocrx_word' id='word_1_214' title='bbox 2646 1787 2660 1811; x_wconf 91' lang='lat'><strong>,</strong></span> <span class='ocrx_word' id='word_1_215' title='bbox 2696 1747 2945 1802; x_wconf 87' lang='lat' dir='ltr'><strong>nativitas</strong></span> <span class='ocrx_word' id='word_1_216' title='bbox 2970 1751 3303 1807; x_wconf 87' lang='lat' dir='ltr'><strong>tentationis.</strong></span> <span class='ocrx_word' id='word_1_217' title='bbox 3336 1754 3530 1811; x_wconf 78' lang='lat' dir='ltr'><strong>Iorda-</strong></span> 
     </span>
    </p>
   </div>
   <div class='ocr_carea' id='block_1_33' title="bbox 248 1826 1848 1915">
    <p class='ocr_par' dir='ltr' id='par_1_33' title="bbox 248 1840 1841 1907">
     <span class='ocr_line' id='line_1_33' title="bbox 248 1840 1841 1907; baseline 0 -10"><span class='ocrx_word' id='word_1_218' title='bbox 248 1844 629 1907; x_wconf 86' lang='lat' dir='ltr'><strong>concionator,</strong></span> <span class='ocrx_word' id='word_1_219' title='bbox 655 1842 806 1897; x_wconf 79' lang='lat' dir='ltr'><strong>idem</strong></span> <span class='ocrx_word' id='word_1_220' title='bbox 839 1852 893 1897; x_wconf 91' lang='lat' dir='ltr'><strong>et</strong></span> <span class='ocrx_word' id='word_1_221' title='bbox 916 1840 1088 1905; x_wconf 86' lang='lat' dir='ltr'><strong>ldida,</strong></span> <span class='ocrx_word' id='word_1_222' title='bbox 1120 1842 1171 1897; x_wconf 92' lang='lat' dir='ltr'><strong>id</strong></span> <span class='ocrx_word' id='word_1_223' title='bbox 1198 1850 1299 1906; x_wconf 91' lang='lat' dir='ltr'><strong>est,</strong></span> <span class='ocrx_word' id='word_1_224' title='bbox 1329 1840 1559 1896; x_wconf 90' lang='lat' dir='ltr'><strong>dilectus</strong></span> <span class='ocrx_word' id='word_1_225' title='bbox 1609 1842 1841 1897; x_wconf 89' lang='lat' dir='ltr'><strong>Domini.</strong></span> 
     </span>
    </p>
   </div>
   <div class='ocr_carea' id='block_1_34' title="bbox 1955 1826 3528 1915">
    <p class='ocr_par' dir='ltr' id='par_1_34' title="bbox 1955 1833 3528 1915">
     <span class='ocr_line' id='line_1_34' title="bbox 1955 1833 3528 1915; baseline 0.01 -28"><span class='ocrx_word' id='word_1_226' title='bbox 1955 1834 2055 1899; x_wconf 90' lang='lat' dir='ltr'><strong>nis,</strong></span> <span class='ocrx_word' id='word_1_227' title='bbox 2079 1833 2394 1889; x_wconf 85' lang='lat' dir='ltr'><strong>descensus.</strong></span> <span class='ocrx_word' id='word_1_228' title='bbox 2419 1835 2649 1897; x_wconf 86' lang='lat' dir='ltr'><strong>Martha,</strong></span> <span class='ocrx_word' id='word_1_229' title='bbox 2667 1853 2967 1905; x_wconf 86' lang='lat' dir='ltr'><strong>provocans</strong></span> <span class='ocrx_word' id='word_1_230' title='bbox 2984 1839 3174 1896; x_wconf 92' lang='lat' dir='ltr'><strong>Deum.</strong></span> <span class='ocrx_word' id='word_1_231' title='bbox 3192 1842 3528 1915; x_wconf 79' lang='lat' dir='ltr'><strong>Magdalena,</strong></span> 
     </span>
    </p>
   </div>
   <div class='ocr_carea' id='block_1_35' title="bbox 246 1933 1835 2005">
    <p class='ocr_par' dir='ltr' id='par_1_35' title="bbox 246 1933 1835 2005">
     <span class='ocr_line' id='line_1_35' title="bbox 246 1933 1835 2005; baseline 0 -16"><span class='ocrx_word' id='word_1_232' title='bbox 246 1933 523 2003; x_wconf 78' lang='lat' dir='ltr'><strong>Boboam,</strong></span> <span class='ocrx_word' id='word_1_233' title='bbox 548 1936 776 1990; x_wconf 89' lang='lat' dir='ltr'><strong>latitudo</strong></span> <span class='ocrx_word' id='word_1_234' title='bbox 804 1935 1008 2005; x_wconf 89' lang='lat' dir='ltr'><strong>populi.</strong></span> <span class='ocrx_word' id='word_1_235' title='bbox 1032 1935 1187 2001; x_wconf 83' lang='lat' dir='ltr'><strong>Abia,</strong></span> <span class='ocrx_word' id='word_1_236' title='bbox 1222 1944 1377 2004; x_wconf 89' lang='lat' dir='ltr'><strong>paler</strong></span> <span class='ocrx_word' id='word_1_237' title='bbox 1407 1933 1686 1988; x_wconf 87' lang='lat' dir='ltr'><strong>Dominus.</strong></span> <span class='ocrx_word' id='word_1_238' title='bbox 1712 1934 1835 2000; x_wconf 83' lang='lat' dir='ltr'><strong>Asa,</strong></span> 
     </span>
    </p>
   </div>
   <div class='ocr_carea' id='block_1_36' title="bbox 248 2026 1840 2098">
    <p class='ocr_par' dir='ltr' id='par_1_36' title="bbox 248 2026 1840 2098">
     <span class='ocr_line' id='line_1_36' title="bbox 248 2026 1840 2098; baseline 0.002 -18"><span class='ocrx_word' id='word_1_239' title='bbox 248 2027 476 2096; x_wconf 88' lang='lat' dir='ltr'><strong>tollens,</strong></span> <span class='ocrx_word' id='word_1_240' title='bbox 510 2028 646 2096; x_wconf 86' lang='lat' dir='ltr'><strong>sive,</strong></span> <span class='ocrx_word' id='word_1_241' title='bbox 674 2028 986 2083; x_wconf 86' lang='lat' dir='ltr'><strong>sustollens.</strong></span> <span class='ocrx_word' id='word_1_242' title='bbox 1019 2026 1302 2098; x_wconf 82' lang='lat' dir='ltr'><strong>Josaphat,</strong></span> <span class='ocrx_word' id='word_1_243' title='bbox 1327 2027 1540 2082; x_wconf 90' lang='lat' dir='ltr'><strong>Domini</strong></span> <span class='ocrx_word' id='word_1_244' title='bbox 1556 2027 1840 2097; x_wconf 88' lang='lat' dir='ltr'><strong>judicium.</strong></span> 
     </span>
    </p>
   </div>
   <div class='ocr_carea' id='block_1_37' title="bbox 248 2118 1840 2192">
    <p class='ocr_par' dir='ltr' id='par_1_37' title="bbox 248 2118 1840 2192">
     <span class='ocr_line' id='line_1_37' title="bbox 248 2118 1840 2192; baseline 0 -15"><span class='ocrx_word' id='word_1_245' title='bbox 248 2118 477 2189; x_wconf 77' lang='lat' dir='ltr'><strong>Joram,</strong></span> <span class='ocrx_word' id='word_1_246' title='bbox 534 2121 622 2192; x_wconf 89' lang='lat' dir='ltr'><strong>qui</strong></span> <span class='ocrx_word' id='word_1_247' title='bbox 676 2130 759 2177; x_wconf 90' lang='lat' dir='ltr'><strong>est</strong></span> <span class='ocrx_word' id='word_1_248' title='bbox 786 2122 1072 2186; x_wconf 79' lang='lat' dir='ltr'><strong>excelsus,</strong></span> <span class='ocrx_word' id='word_1_249' title='bbox 1123 2121 1218 2177; x_wconf 90' lang='lat' dir='ltr'><strong>sed</strong></span> <span class='ocrx_word' id='word_1_250' title='bbox 1261 2123 1455 2177; x_wconf 89' lang='lat' dir='ltr'><strong>melius</strong></span> <span class='ocrx_word' id='word_1_251' title='bbox 1499 2122 1840 2179; x_wconf 85' lang='lat' dir='ltr'><strong>sublimatus.</strong></span> 
     </span>
    </p>
   </div>
   <div class='ocr_carea' id='block_1_38' title="bbox 248 2210 1847 2287">
    <p class='ocr_par' dir='ltr' id='par_1_38' title="bbox 248 2210 1847 2287">
     <span class='ocr_line' id='line_1_38' title="bbox 248 2210 1847 2287; baseline 0.003 -20"><span class='ocrx_word' id='word_1_252' title='bbox 248 2210 540 2278; x_wconf 83' lang='lat' dir='ltr'><strong>Ochnzias,</strong></span> <span class='ocrx_word' id='word_1_253' title='bbox 572 2212 983 2283; x_wconf 82' lang='lat' dir='ltr'><strong>apprehendens</strong></span> <span class='ocrx_word' id='word_1_254' title='bbox 1012 2214 1317 2269; x_wconf 92' lang='lat' dir='ltr'><strong>Dominum.</strong></span> <span class='ocrx_word' id='word_1_255' title='bbox 1348 2214 1560 2271; x_wconf 81' lang='lat' dir='ltr'><strong>Athalia</strong></span> <span class='ocrx_word' id='word_1_256' title='bbox 1581 2256 1596 2282; x_wconf 94' lang='lat'><strong>,</strong></span> <span class='ocrx_word' id='word_1_257' title='bbox 1632 2226 1847 2287; x_wconf 88' lang='lat' dir='ltr'><strong>tempus</strong></span> 
     </span>
    </p>
   </div>
   <div class='ocr_carea' id='block_1_39' title="bbox 250 2303 1843 2380">
    <p class='ocr_par' dir='ltr' id='par_1_39' title="bbox 250 2303 1843 2380">
     <span class='ocr_line' id='line_1_39' title="bbox 250 2303 1843 2380; baseline 0.004 -21"><span class='ocrx_word' id='word_1_258' title='bbox 250 2304 489 2359; x_wconf 89' lang='lat' dir='ltr'><strong>Domini.</strong></span> <span class='ocrx_word' id='word_1_259' title='bbox 513 2303 678 2371; x_wconf 83' lang='lat' dir='ltr'><strong>Joas,</strong></span> <span class='ocrx_word' id='word_1_260' title='bbox 710 2320 972 2375; x_wconf 77' lang='lat' dir='ltr'><strong>Sperans,</strong></span> <span class='ocrx_word' id='word_1_261' title='bbox 1018 2306 1132 2362; x_wconf 88' lang='lat' dir='ltr'><strong>sive</strong></span> <span class='ocrx_word' id='word_1_262' title='bbox 1176 2307 1506 2377; x_wconf 82' lang='lat' dir='ltr'><strong>temporalis.</strong></span> <span class='ocrx_word' id='word_1_263' title='bbox 1560 2310 1843 2380; x_wconf 81' lang='lat' dir='ltr'><strong>Amasias,</strong></span> 
     </span>
    </p>
   </div>
   <div class='ocr_carea' id='block_1_40' title="bbox 248 2397 1846 2469">
    <p class='ocr_par' dir='ltr' id='par_1_40' title="bbox 248 2397 1846 2469">
     <span class='ocr_line' id='line_1_40' title="bbox 248 2397 1846 2469; baseline 0.006 -20"><span class='ocrx_word' id='word_1_264' title='bbox 248 2397 512 2468; x_wconf 77' lang='lat' dir='ltr'><strong>pupulum</strong></span> <span class='ocrx_word' id='word_1_265' title='bbox 551 2397 765 2452; x_wconf 89' lang='lat' dir='ltr'><strong>tollens.</strong></span> <span class='ocrx_word' id='word_1_266' title='bbox 814 2399 973 2453; x_wconf 86' lang='lat' dir='ltr'><strong>Azias</strong></span> <span class='ocrx_word' id='word_1_267' title='bbox 1018 2399 1276 2454; x_wconf 81' lang='lat' dir='ltr'><strong>fortitudo</strong></span> <span class='ocrx_word' id='word_1_268' title='bbox 1306 2400 1540 2456; x_wconf 90' lang='lat' dir='ltr'><strong>Domini.</strong></span> <span class='ocrx_word' id='word_1_269' title='bbox 1590 2401 1846 2469; x_wconf 83' lang='lat' dir='ltr'><strong>Azarias,</strong></span> 
     </span>
    </p>
   </div>
   <div class='ocr_carea' id='block_1_41' title="bbox 249 2488 1845 2565">
    <p class='ocr_par' dir='ltr' id='par_1_41' title="bbox 249 2488 1845 2565">
     <span class='ocr_line' id='line_1_41' title="bbox 249 2488 1845 2565; baseline 0.002 -21"><span class='ocrx_word' id='word_1_270' title='bbox 249 2490 514 2544; x_wconf 79' lang='lat' dir='ltr'><strong>auxilium</strong></span> <span class='ocrx_word' id='word_1_271' title='bbox 560 2488 794 2545; x_wconf 88' lang='lat' dir='ltr'><strong>Domini.</strong></span> <span class='ocrx_word' id='word_1_272' title='bbox 849 2490 1103 2557; x_wconf 70' lang='lat' dir='ltr'><strong>Jolltam,</strong></span> <span class='ocrx_word' id='word_1_273' title='bbox 1160 2491 1454 2561; x_wconf 85' lang='lat' dir='ltr'><strong>perfectus.</strong></span> <span class='ocrx_word' id='word_1_274' title='bbox 1495 2492 1703 2558; x_wconf 83' lang='lat' dir='ltr'><strong>Achas,</strong></span> <span class='ocrx_word' id='word_1_275' title='bbox 1750 2510 1845 2565; x_wconf 85' lang='lat' dir='ltr'><strong>ap-</strong></span> 
     </span>
    </p>
   </div>
   <div class='ocr_carea' id='block_1_42' title="bbox 246 2582 1843 2652">
    <p class='ocr_par' dir='ltr' id='par_1_42' title="bbox 246 2582 1843 2652">
     <span class='ocr_line' id='line_1_42' title="bbox 246 2582 1843 2652; baseline 0 -15"><span class='ocrx_word' id='word_1_276' title='bbox 246 2582 618 2652; x_wconf 84' lang='lat' dir='ltr'><strong>prehendens.</strong></span> <span class='ocrx_word' id='word_1_277' title='bbox 653 2582 936 2648; x_wconf 85' lang='lat' dir='ltr'><strong>Ezechias,</strong></span> <span class='ocrx_word' id='word_1_278' title='bbox 986 2584 1249 2637; x_wconf 80' lang='lat' dir='ltr'><strong>fortitudo</strong></span> <span class='ocrx_word' id='word_1_279' title='bbox 1280 2583 1513 2639; x_wconf 85' lang='lat' dir='ltr'><strong>Domini.</strong></span> <span class='ocrx_word' id='word_1_280' title='bbox 1542 2584 1843 2651; x_wconf 80' lang='lat' dir='ltr'><strong>Manasses,</strong></span> 
     </span>
    </p>
   </div>
   <div class='ocr_carea' id='block_1_43' title="bbox 248 2674 1848 2748">
    <p class='ocr_par' dir='ltr' id='par_1_43' title="bbox 248 2674 1848 2748">
     <span class='ocr_line' id='line_1_43' title="bbox 248 2674 1848 2748; baseline 0.003 -17"><span class='ocrx_word' id='word_1_281' title='bbox 248 2674 586 2744; x_wconf 87' lang='lat' dir='ltr'><strong>obliviosus,</strong></span> <span class='ocrx_word' id='word_1_282' title='bbox 620 2678 705 2733; x_wconf 86' lang='lat' dir='ltr'><strong>vel</strong></span> <span class='ocrx_word' id='word_1_283' title='bbox 752 2679 874 2748; x_wconf 86' lang='lat' dir='ltr'><strong>quia</strong></span> <span class='ocrx_word' id='word_1_284' title='bbox 915 2678 1112 2733; x_wconf 87' lang='lat' dir='ltr'><strong>oblitus</strong></span> <span class='ocrx_word' id='word_1_285' title='bbox 1142 2688 1246 2733; x_wconf 90' lang='lat' dir='ltr'><strong>est.</strong></span> <span class='ocrx_word' id='word_1_286' title='bbox 1291 2678 1491 2745; x_wconf 82' lang='lat' dir='ltr'><strong>Amon,</strong></span> <span class='ocrx_word' id='word_1_287' title='bbox 1526 2678 1731 2745; x_wconf 91' lang='lat' dir='ltr'><strong>ﬁdelis,</strong></span> <span class='ocrx_word' id='word_1_288' title='bbox 1762 2679 1848 2735; x_wconf 87' lang='lat' dir='ltr'><strong>vel</strong></span> 
     </span>
    </p>
   </div>
   <div class='ocr_carea' id='block_1_44' title="bbox 250 2769 1851 2835">
    <p class='ocr_par' dir='ltr' id='par_1_44' title="bbox 250 2769 1851 2835">
     <span class='ocr_line' id='line_1_44' title="bbox 250 2769 1851 2835; baseline 0.001 -12"><span class='ocrx_word' id='word_1_289' title='bbox 250 2769 536 2823; x_wconf 88' lang='lat' dir='ltr'><strong>nutritius.</strong></span> <span class='ocrx_word' id='word_1_290' title='bbox 564 2770 741 2826; x_wconf 85' lang='lat' dir='ltr'><strong>Josias</strong></span> <span class='ocrx_word' id='word_1_291' title='bbox 765 2811 780 2835; x_wconf 92' lang='lat'><strong>,</strong></span> <span class='ocrx_word' id='word_1_292' title='bbox 811 2770 902 2824; x_wconf 92' lang='lat' dir='ltr'><strong>ubi</strong></span> <span class='ocrx_word' id='word_1_293' title='bbox 934 2782 1015 2824; x_wconf 77' lang='grc' dir='ltr'>εει</span> <span class='ocrx_word' id='word_1_294' title='bbox 1047 2770 1324 2824; x_wconf 89' lang='lat' dir='ltr'><strong>incensum</strong></span> <span class='ocrx_word' id='word_1_295' title='bbox 1346 2813 1358 2832; x_wconf 86' lang='lat'><strong>,</strong></span> <span class='ocrx_word' id='word_1_296' title='bbox 1389 2771 1475 2825; x_wconf 85' lang='lat' dir='ltr'><strong>vel</strong></span> <span class='ocrx_word' id='word_1_297' title='bbox 1515 2770 1723 2826; x_wconf 89' lang='lat' dir='ltr'><strong>Domini</strong></span> <span class='ocrx_word' id='word_1_298' title='bbox 1765 2786 1851 2826; x_wconf 91' lang='lat' dir='ltr'><strong>sa-</strong></span> 
     </span>
    </p>
   </div>
   <div class='ocr_carea' id='block_1_45' title="bbox 251 2860 1849 2933">
    <p class='ocr_par' dir='ltr' id='par_1_45' title="bbox 251 2860 1849 2933">
     <span class='ocr_line' id='line_1_45' title="bbox 251 2860 1849 2933; baseline 0.001 -17"><span class='ocrx_word' id='word_1_299' title='bbox 251 2860 365 2916; x_wconf 88' lang='lat' dir='ltr'><strong>lus.</strong></span> <span class='ocrx_word' id='word_1_300' title='bbox 390 2860 646 2926; x_wconf 71' lang='lat' dir='ltr'><strong>Joachaz,</strong></span> <span class='ocrx_word' id='word_1_301' title='bbox 680 2863 955 2916; x_wconf 91' lang='lat' dir='ltr'><strong>robustus.</strong></span> <span class='ocrx_word' id='word_1_302' title='bbox 984 2861 1251 2929; x_wconf 80' lang='lat' dir='ltr'><strong>Joachim,</strong></span> <span class='ocrx_word' id='word_1_303' title='bbox 1289 2862 1443 2932; x_wconf 87' lang='lat' dir='ltr'><strong>cujus</strong></span> <span class='ocrx_word' id='word_1_304' title='bbox 1473 2871 1556 2919; x_wconf 90' lang='lat' dir='ltr'><strong>est</strong></span> <span class='ocrx_word' id='word_1_305' title='bbox 1582 2878 1849 2933; x_wconf 76' lang='lat' dir='ltr'><strong>praepara-</strong></span> 
     </span>
    </p>
   </div>
   <div class='ocr_carea' id='block_1_46' title="bbox 252 2953 1851 3024">
    <p class='ocr_par' dir='ltr' id='par_1_46' title="bbox 252 2953 1851 3024">
     <span class='ocr_line' id='line_1_46' title="bbox 252 2953 1851 3024; baseline 0 -16"><span class='ocrx_word' id='word_1_306' title='bbox 252 2954 355 3009; x_wconf 88' lang='lat' dir='ltr'><strong>tio.</strong></span> <span class='ocrx_word' id='word_1_307' title='bbox 383 2953 665 3019; x_wconf 84' lang='lat' dir='ltr'><strong>Eliacbim,</strong></span> <span class='ocrx_word' id='word_1_308' title='bbox 695 2954 789 3007; x_wconf 87' lang='lat' dir='ltr'><strong>Dei</strong></span> <span class='ocrx_word' id='word_1_309' title='bbox 816 2955 1166 3018; x_wconf 88' lang='lat' dir='ltr'><strong>resurrectio,</strong></span> <span class='ocrx_word' id='word_1_310' title='bbox 1190 2955 1500 3021; x_wconf 81' lang='lat' dir='ltr'><strong>Jechonias,</strong></span> <span class='ocrx_word' id='word_1_311' title='bbox 1531 2956 1851 3024; x_wconf 71' lang='lat' dir='ltr'><strong>pra-paratio</strong></span> 
     </span>
    </p>
   </div>
   <div class='ocr_carea' id='block_1_47' title="bbox 252 3045 1849 3115">
    <p class='ocr_par' dir='ltr' id='par_1_47' title="bbox 252 3045 1849 3115">
     <span class='ocr_line' id='line_1_47' title="bbox 252 3045 1849 3115; baseline -0.001 -14"><span class='ocrx_word' id='word_1_312' title='bbox 252 3045 495 3101; x_wconf 85' lang='lat' dir='ltr'><strong>Domini.</strong></span> <span class='ocrx_word' id='word_1_313' title='bbox 524 3045 839 3113; x_wconf 84' lang='lat' dir='ltr'><strong>Setlechias,</strong></span> <span class='ocrx_word' id='word_1_314' title='bbox 864 3046 1041 3115; x_wconf 89' lang='lat' dir='ltr'><strong>justus</strong></span> <span class='ocrx_word' id='word_1_315' title='bbox 1075 3045 1309 3100; x_wconf 89' lang='lat' dir='ltr'><strong>Domini.</strong></span> <span class='ocrx_word' id='word_1_316' title='bbox 1358 3046 1645 3101; x_wconf 87' lang='lat' dir='ltr'><strong>Jeroboam</strong></span> <span class='ocrx_word' id='word_1_317' title='bbox 1665 3089 1679 3112; x_wconf 96' lang='lat'><strong>,</strong></span> <span class='ocrx_word' id='word_1_318' title='bbox 1710 3045 1849 3115; x_wconf 82' lang='lat' dir='ltr'><strong>diju-</strong></span> 
     </span>
    </p>
   </div>
   <div class='ocr_carea' id='block_1_48' title="bbox 254 3136 1854 3207">
    <p class='ocr_par' dir='ltr' id='par_1_48' title="bbox 254 3136 1854 3207">
     <span class='ocr_line' id='line_1_48' title="bbox 254 3136 1854 3207; baseline 0 -15"><span class='ocrx_word' id='word_1_319' title='bbox 254 3136 448 3192; x_wconf 84' lang='lat' dir='ltr'><strong>dicans</strong></span> <span class='ocrx_word' id='word_1_320' title='bbox 474 3138 750 3207; x_wconf 84' lang='lat' dir='ltr'><strong>populum,</strong></span> <span class='ocrx_word' id='word_1_321' title='bbox 783 3137 867 3192; x_wconf 86' lang='lat' dir='ltr'><strong>vel</strong></span> <span class='ocrx_word' id='word_1_322' title='bbox 897 3136 1198 3207; x_wconf 86' lang='lat' dir='ltr'><strong>dijudicans</strong></span> <span class='ocrx_word' id='word_1_323' title='bbox 1246 3152 1527 3207; x_wconf 91' lang='lat' dir='ltr'><strong>supernos.</strong></span> <span class='ocrx_word' id='word_1_324' title='bbox 1568 3136 1744 3201; x_wconf 82' lang='lat' dir='ltr'><strong>Nave,</strong></span> <span class='ocrx_word' id='word_1_325' title='bbox 1778 3138 1854 3192; x_wconf 88' lang='lat' dir='ltr'><strong>la-</strong></span> 
     </span>
    </p>
   </div>
   <div class='ocr_carea' id='block_1_49' title="bbox 1948 1927 3534 2009">
    <p class='ocr_par' dir='ltr' id='par_1_49' title="bbox 1948 1927 3534 2009">
     <span class='ocr_line' id='line_1_49' title="bbox 1948 1927 3534 2009; baseline 0.01 -28"><span class='ocrx_word' id='word_1_326' title='bbox 1948 1927 2127 1981; x_wconf 91' lang='lat' dir='ltr'><strong>turris.</strong></span> <span class='ocrx_word' id='word_1_327' title='bbox 2151 1927 2416 1999; x_wconf 87' lang='lat' dir='ltr'><strong>Susanna,</strong></span> <span class='ocrx_word' id='word_1_328' title='bbox 2440 1929 2807 1999; x_wconf 89' lang='lat' dir='ltr'><strong>lilium.Saba,</strong></span> <span class='ocrx_word' id='word_1_329' title='bbox 2832 1935 3134 2003; x_wconf 82' lang='lat' dir='ltr'><strong>captivitas.</strong></span> <span class='ocrx_word' id='word_1_330' title='bbox 3165 1935 3417 2009; x_wconf 90' lang='lat' dir='ltr'><strong>Caiphas,</strong></span> <span class='ocrx_word' id='word_1_331' title='bbox 3450 1941 3534 1996; x_wconf 91' lang='lat' dir='ltr'><strong>in-</strong></span> 
     </span>
    </p>
   </div>
   <div class='ocr_carea' id='block_1_50' title="bbox 1946 2022 3531 2091">
    <p class='ocr_par' dir='ltr' id='par_1_50' title="bbox 1946 2022 3531 2091">
     <span class='ocr_line' id='line_1_50' title="bbox 1946 2022 3531 2091; baseline 0.01 -16"><span class='ocrx_word' id='word_1_332' title='bbox 1946 2022 2262 2090; x_wconf 87' lang='lat' dir='ltr'><strong>vestigator,</strong></span> <span class='ocrx_word' id='word_1_333' title='bbox 2305 2023 2419 2077; x_wconf 86' lang='lat' dir='ltr'><strong>sive</strong></span> <span class='ocrx_word' id='word_1_334' title='bbox 2448 2038 2673 2079; x_wconf 91' lang='lat' dir='ltr'><strong>vomens</strong></span> <span class='ocrx_word' id='word_1_335' title='bbox 2699 2040 2811 2080; x_wconf 89' lang='lat' dir='ltr'><strong>ore.</strong></span> <span class='ocrx_word' id='word_1_336' title='bbox 2842 2027 3064 2083; x_wconf 90' lang='lat' dir='ltr'><strong>Pontius</strong></span> <span class='ocrx_word' id='word_1_337' title='bbox 3093 2030 3371 2087; x_wconf 89' lang='lat' dir='ltr'><strong>declinans</strong></span> <span class='ocrx_word' id='word_1_338' title='bbox 3398 2050 3531 2091; x_wconf 89' lang='lat' dir='ltr'><strong>con-</strong></span> 
     </span>
    </p>
   </div>
   <div class='ocr_carea' id='block_1_51' title="bbox 1946 2111 3530 2194">
    <p class='ocr_par' dir='ltr' id='par_1_51' title="bbox 1946 2111 3530 2194">
     <span class='ocr_line' id='line_1_51' title="bbox 1946 2111 3530 2194; baseline 0.01 -27"><span class='ocrx_word' id='word_1_339' title='bbox 1946 2111 2147 2167; x_wconf 86' lang='lat' dir='ltr'><strong>silium.</strong></span> <span class='ocrx_word' id='word_1_340' title='bbox 2183 2112 2415 2180; x_wconf 86' lang='lat' dir='ltr'><strong>Pilatus,</strong></span> <span class='ocrx_word' id='word_1_341' title='bbox 2448 2128 2510 2169; x_wconf 91' lang='lat' dir='ltr'><strong>os</strong></span> <span class='ocrx_word' id='word_1_342' title='bbox 2555 2116 2899 2172; x_wconf 88' lang='lat' dir='ltr'><strong>malleatoris.</strong></span> <span class='ocrx_word' id='word_1_343' title='bbox 2946 2119 3210 2191; x_wconf 87' lang='lat' dir='ltr'><strong>Herodes,</strong></span> <span class='ocrx_word' id='word_1_344' title='bbox 3264 2126 3530 2194; x_wconf 88' lang='lat' dir='ltr'><strong>peilicius.</strong></span> 
     </span>
    </p>
   </div>
   <div class='ocr_carea' id='block_1_52' title="bbox 1950 2205 3533 2291">
    <p class='ocr_par' dir='ltr' id='par_1_52' title="bbox 1950 2205 3533 2291">
     <span class='ocr_line' id='line_1_52' title="bbox 1950 2205 3533 2291; baseline 0.011 -32"><span class='ocrx_word' id='word_1_345' title='bbox 1950 2205 2211 2260; x_wconf 85' lang='lat' dir='ltr'><strong>Barrahas</strong></span> <span class='ocrx_word' id='word_1_346' title='bbox 2232 2248 2246 2273; x_wconf 93' lang='lat'><strong>,</strong></span> <span class='ocrx_word' id='word_1_347' title='bbox 2303 2206 2442 2263; x_wconf 88' lang='lat' dir='ltr'><strong>ﬁlius</strong></span> <span class='ocrx_word' id='word_1_348' title='bbox 2468 2209 2668 2278; x_wconf 87' lang='lat' dir='ltr'><strong>patris,</strong></span> <span class='ocrx_word' id='word_1_349' title='bbox 2693 2212 2776 2268; x_wconf 87' lang='lat' dir='ltr'><strong>vel</strong></span> <span class='ocrx_word' id='word_1_350' title='bbox 2801 2213 3040 2282; x_wconf 89' lang='lat' dir='ltr'><strong>magistri</strong></span> <span class='ocrx_word' id='word_1_351' title='bbox 3082 2232 3266 2272; x_wconf 91' lang='lat' dir='ltr'><strong>eorum</strong></span> <span class='ocrx_word' id='word_1_352' title='bbox 3286 2260 3300 2283; x_wconf 92' lang='lat'><strong>,</strong></span> <span class='ocrx_word' id='word_1_353' title='bbox 3331 2220 3533 2291; x_wconf 85' lang='lat' dir='ltr'><strong>absque</strong></span> 
     </span>
    </p>
   </div>
   <div class='ocr_carea' id='block_1_53' title="bbox 1949 2298 3531 2375">
    <p class='ocr_par' dir='ltr' id='par_1_53' title="bbox 1949 2298 3531 2375">
     <span class='ocr_line' id='line_1_53' title="bbox 1949 2298 3531 2375; baseline 0.012 -22"><span class='ocrx_word' id='word_1_354' title='bbox 1949 2298 2115 2355; x_wconf 90' lang='lat' dir='ltr'><strong>dubio</strong></span> <span class='ocrx_word' id='word_1_355' title='bbox 2145 2299 2453 2355; x_wconf 79' lang='lat' dir='ltr'><strong>Judaeorum</strong></span> <span class='ocrx_word' id='word_1_356' title='bbox 2485 2305 2747 2374; x_wconf 88' lang='lat' dir='ltr'><strong>magistri,</strong></span> <span class='ocrx_word' id='word_1_357' title='bbox 2779 2306 2869 2375; x_wconf 90' lang='lat' dir='ltr'><strong>qui</strong></span> <span class='ocrx_word' id='word_1_358' title='bbox 2897 2317 2980 2363; x_wconf 91' lang='lat' dir='ltr'><strong>est</strong></span> <span class='ocrx_word' id='word_1_359' title='bbox 3011 2308 3273 2369; x_wconf 89' lang='lat' dir='ltr'><strong>diabolus.</strong></span> <span class='ocrx_word' id='word_1_360' title='bbox 3303 2314 3450 2371; x_wconf 85' lang='lat' dir='ltr'><strong>Eden</strong></span> <span class='ocrx_word' id='word_1_361' title='bbox 3479 2317 3531 2371; x_wconf 92' lang='lat' dir='ltr'><strong>in</strong></span> 
     </span>
    </p>
   </div>
   <div class='ocr_carea' id='block_1_54' title="bbox 1952 2389 3535 2475">
    <p class='ocr_par' dir='ltr' id='par_1_54' title="bbox 1952 2389 3535 2475">
     <span class='ocr_line' id='line_1_54' title="bbox 1952 2389 3535 2475; baseline 0.012 -29"><span class='ocrx_word' id='word_1_362' title='bbox 1952 2389 2171 2457; x_wconf 89' lang='lat' dir='ltr'><strong>Genesi,</strong></span> <span class='ocrx_word' id='word_1_363' title='bbox 2199 2392 2428 2448; x_wconf 65' lang='lat' dir='ltr'><strong>deliciae.</strong></span> <span class='ocrx_word' id='word_1_364' title='bbox 2448 2394 2653 2462; x_wconf 67' lang='lat' dir='ltr'><strong>Judaea,</strong></span> <span class='ocrx_word' id='word_1_365' title='bbox 2678 2397 2961 2455; x_wconf 87' lang='lat' dir='ltr'><strong>confessio.</strong></span> <span class='ocrx_word' id='word_1_366' title='bbox 2988 2400 3379 2475; x_wconf 83' lang='lat' dir='ltr'><strong>Hierosolyma,</strong></span> <span class='ocrx_word' id='word_1_367' title='bbox 3398 2409 3535 2465; x_wconf 90' lang='lat' dir='ltr'><strong>visio</strong></span> 
     </span>
    </p>
   </div>
   <div class='ocr_carea' id='block_1_55' title="bbox 1952 2481 3539 2558">
    <p class='ocr_par' dir='ltr' id='par_1_55' title="bbox 1952 2481 3539 2558">
     <span class='ocr_line' id='line_1_55' title="bbox 1952 2481 3539 2558; baseline 0.016 -25"><span class='ocrx_word' id='word_1_368' title='bbox 1952 2481 2117 2550; x_wconf 81' lang='lat' dir='ltr'><strong>pacis.</strong></span> <span class='ocrx_word' id='word_1_369' title='bbox 2143 2481 2295 2547; x_wconf 83' lang='lat' dir='ltr'><strong>Sion,</strong></span> <span class='ocrx_word' id='word_1_370' title='bbox 2326 2485 2565 2552; x_wconf 79' lang='lat' dir='ltr'><strong>specula,</strong></span> <span class='ocrx_word' id='word_1_371' title='bbox 2599 2498 2651 2542; x_wconf 92' lang='lat' dir='ltr'><strong>et</strong></span> <span class='ocrx_word' id='word_1_372' title='bbox 2671 2498 2844 2555; x_wconf 91' lang='lat' dir='ltr'><strong>recte;</strong></span> <span class='ocrx_word' id='word_1_373' title='bbox 2874 2506 2993 2545; x_wconf 93' lang='lat' dir='ltr'><strong>nam</strong></span> <span class='ocrx_word' id='word_1_374' title='bbox 3028 2492 3141 2549; x_wconf 66' lang='lat' dir='ltr'><strong>haec</strong></span> <span class='ocrx_word' id='word_1_375' title='bbox 3165 2497 3354 2554; x_wconf 88' lang='lat' dir='ltr'><strong>civitas</strong></span> <span class='ocrx_word' id='word_1_376' title='bbox 3368 2499 3539 2558; x_wconf 87' lang='lat' dir='ltr'><strong>David</strong></span> 
     </span>
    </p>
   </div>
   <div class='ocr_carea' id='block_1_56' title="bbox 1952 2573 3541 2663">
    <p class='ocr_par' dir='ltr' id='par_1_56' title="bbox 1952 2573 3541 2663">
     <span class='ocr_line' id='line_1_56' title="bbox 1952 2573 3541 2663; baseline 0.016 -36"><span class='ocrx_word' id='word_1_377' title='bbox 1952 2573 2004 2628; x_wconf 91' lang='lat' dir='ltr'><strong>in</strong></span> <span class='ocrx_word' id='word_1_378' title='bbox 2054 2584 2235 2629; x_wconf 89' lang='lat' dir='ltr'><strong>monte</strong></span> <span class='ocrx_word' id='word_1_379' title='bbox 2266 2590 2571 2634; x_wconf 78' lang='lat' dir='ltr'><strong>conSIructa</strong></span> <span class='ocrx_word' id='word_1_380' title='bbox 2628 2591 2729 2636; x_wconf 91' lang='lat' dir='ltr'><strong>est.</strong></span> <span class='ocrx_word' id='word_1_381' title='bbox 2780 2583 3045 2657; x_wconf 58' lang='lat' dir='ltr'><strong>Babylon,</strong></span> <span class='ocrx_word' id='word_1_382' title='bbox 3101 2591 3379 2663; x_wconf 85' lang='lat' dir='ltr'><strong>confusio,</strong></span> <span class='ocrx_word' id='word_1_383' title='bbox 3423 2595 3541 2653; x_wconf 79' lang='lat' dir='ltr'><strong>sive</strong></span> 
     </span>
    </p>
   </div>
   <div class='ocr_carea' id='block_1_57' title="bbox 1952 2665 3540 2752">
    <p class='ocr_par' dir='ltr' id='par_1_57' title="bbox 1952 2665 3540 2752">
     <span class='ocr_line' id='line_1_57' title="bbox 1952 2665 3540 2752; baseline 0.015 -32"><span class='ocrx_word' id='word_1_384' title='bbox 1952 2666 2250 2721; x_wconf 86' lang='lat' dir='ltr'><strong>translatio.</strong></span> <span class='ocrx_word' id='word_1_385' title='bbox 2296 2665 2567 2741; x_wconf 66' lang='lat' dir='ltr'><strong>Ethiopia</strong></span> <span class='ocrx_word' id='word_1_386' title='bbox 2595 2716 2607 2737; x_wconf 89' lang='lat'><strong>,</strong></span> <span class='ocrx_word' id='word_1_387' title='bbox 2645 2675 2899 2731; x_wconf 64' lang='lat' dir='ltr'><strong>tenebrae.</strong></span> <span class='ocrx_word' id='word_1_388' title='bbox 2933 2677 3232 2752; x_wconf 64' lang='lat' dir='ltr'><strong>Egyptus,</strong></span> <span class='ocrx_word' id='word_1_389' title='bbox 3268 2686 3540 2744; x_wconf 88' lang='lat' dir='ltr'><strong>tribulatio</strong></span> 
     </span>
    </p>
   </div>
   <div class='ocr_carea' id='block_1_58' title="bbox 1954 2758 3536 2847">
    <p class='ocr_par' dir='ltr' id='par_1_58' title="bbox 1954 2758 3536 2847">
     <span class='ocr_line' id='line_1_58' title="bbox 1954 2758 3536 2847; baseline 0.015 -36"><span class='ocrx_word' id='word_1_390' title='bbox 1954 2758 2068 2812; x_wconf 89' lang='lat' dir='ltr'><strong>sive</strong></span> <span class='ocrx_word' id='word_1_391' title='bbox 2102 2759 2358 2814; x_wconf 73' lang='lat' dir='ltr'><strong>tenehrm.</strong></span> <span class='ocrx_word' id='word_1_392' title='bbox 2398 2762 2601 2833; x_wconf 88' lang='lat' dir='ltr'><strong>Tyrus,</strong></span> <span class='ocrx_word' id='word_1_393' title='bbox 2655 2769 2918 2836; x_wconf 83' lang='lat' dir='ltr'><strong>angustia.</strong></span> <span class='ocrx_word' id='word_1_394' title='bbox 2953 2770 3210 2841; x_wconf 84' lang='lat' dir='ltr'><strong>Romani,</strong></span> <span class='ocrx_word' id='word_1_395' title='bbox 3238 2776 3536 2847; x_wconf 86' lang='lat' dir='ltr'><strong>sublimes,</strong></span> 
     </span>
    </p>
   </div>
   <div class='ocr_carea' id='block_1_59' title="bbox 1954 2850 3540 2936">
    <p class='ocr_par' dir='ltr' id='par_1_59' title="bbox 1954 2850 3540 2936">
     <span class='ocr_line' id='line_1_59' title="bbox 1954 2850 3540 2936; baseline 0.015 -33"><span class='ocrx_word' id='word_1_396' title='bbox 1954 2850 2039 2905; x_wconf 89' lang='lat' dir='ltr'><strong>vel</strong></span> <span class='ocrx_word' id='word_1_397' title='bbox 2069 2859 2338 2907; x_wconf 88' lang='lat' dir='ltr'><strong>tonantes.</strong></span> <span class='ocrx_word' id='word_1_398' title='bbox 2367 2852 2536 2922; x_wconf 89' lang='lat' dir='ltr'><strong>Sinai,</strong></span> <span class='ocrx_word' id='word_1_399' title='bbox 2563 2872 2843 2926; x_wconf 85' lang='lat' dir='ltr'><strong>mensura,</strong></span> <span class='ocrx_word' id='word_1_400' title='bbox 2887 2860 3000 2917; x_wconf 91' lang='lat' dir='ltr'><strong>sive</strong></span> <span class='ocrx_word' id='word_1_401' title='bbox 3043 2866 3352 2922; x_wconf 89' lang='lat' dir='ltr'><strong>mandatum</strong></span> <span class='ocrx_word' id='word_1_402' title='bbox 3372 2911 3387 2936; x_wconf 97' lang='lat'><strong>,</strong></span> <span class='ocrx_word' id='word_1_403' title='bbox 3423 2870 3540 2927; x_wconf 86' lang='lat' dir='ltr'><strong>sive</strong></span> 
     </span>
    </p>
   </div>
   <div class='ocr_carea' id='block_1_60' title="bbox 1957 2944 3535 3030">
    <p class='ocr_par' dir='ltr' id='par_1_60' title="bbox 1957 2944 3535 3030">
     <span class='ocr_line' id='line_1_60' title="bbox 1957 2944 3535 3030; baseline 0.013 -34"><span class='ocrx_word' id='word_1_404' title='bbox 1957 2944 2205 3010; x_wconf 87' lang='lat' dir='ltr'><strong>tentatio,</strong></span> <span class='ocrx_word' id='word_1_405' title='bbox 2239 2946 2321 3001; x_wconf 87' lang='lat' dir='ltr'><strong>vel</strong></span> <span class='ocrx_word' id='word_1_406' title='bbox 2347 2946 2605 3016; x_wconf 87' lang='lat' dir='ltr'><strong>amphora</strong></span> <span class='ocrx_word' id='word_1_407' title='bbox 2634 2964 2771 3005; x_wconf 89' lang='lat' dir='ltr'><strong>mea.</strong></span> <span class='ocrx_word' id='word_1_408' title='bbox 2801 2951 3081 3020; x_wconf 88' lang='lat' dir='ltr'><strong>Gehenna,</strong></span> <span class='ocrx_word' id='word_1_409' title='bbox 3106 2958 3259 3013; x_wconf 89' lang='lat' dir='ltr'><strong>vallis</strong></span> <span class='ocrx_word' id='word_1_410' title='bbox 3284 2962 3535 3030; x_wconf 87' lang='lat' dir='ltr'><strong>gratuita.</strong></span> 
     </span>
    </p>
   </div>
   <div class='ocr_carea' id='block_1_61' title="bbox 1956 3036 3539 3124">
    <p class='ocr_par' dir='ltr' id='par_1_61' title="bbox 1956 3036 3539 3124">
     <span class='ocr_line' id='line_1_61' title="bbox 1956 3036 3539 3124; baseline 0.013 -34"><span class='ocrx_word' id='word_1_411' title='bbox 1956 3036 2182 3105; x_wconf 77' lang='lat' dir='ltr'><strong>Quidam</strong></span> <span class='ocrx_word' id='word_1_412' title='bbox 2213 3042 2484 3096; x_wconf 88' lang='lat' dir='ltr'><strong>aestimant</strong></span> <span class='ocrx_word' id='word_1_413' title='bbox 2506 3044 2827 3111; x_wconf 86' lang='lat' dir='ltr'><strong>appellatam</strong></span> <span class='ocrx_word' id='word_1_414' title='bbox 2860 3046 2997 3102; x_wconf 89' lang='lat' dir='ltr'><strong>hanc</strong></span> <span class='ocrx_word' id='word_1_415' title='bbox 3015 3064 3042 3102; x_wconf 92' lang='lat' dir='ltr'><strong>a</strong></span> <span class='ocrx_word' id='word_1_416' title='bbox 3060 3051 3199 3107; x_wconf 90' lang='lat' dir='ltr'><strong>valle</strong></span> <span class='ocrx_word' id='word_1_417' title='bbox 3217 3052 3539 3124; x_wconf 88' lang='lat' dir='ltr'><strong>Gehennon,</strong></span> 
     </span>
    </p>
   </div>
   <div class='ocr_carea' id='block_1_62' title="bbox 1957 3133 3537 3213">
    <p class='ocr_par' dir='ltr' id='par_1_62' title="bbox 1957 3133 3537 3213">
     <span class='ocr_line' id='line_1_62' title="bbox 1957 3133 3537 3213; baseline 0.015 -29"><span class='ocrx_word' id='word_1_418' title='bbox 1957 3146 2075 3202; x_wconf 81' lang='lat' dir='ltr'><strong>quae</strong></span> <span class='ocrx_word' id='word_1_419' title='bbox 2091 3143 2174 3187; x_wconf 88' lang='lat' dir='ltr'><strong>est</strong></span> <span class='ocrx_word' id='word_1_420' title='bbox 2192 3133 2339 3201; x_wconf 78' lang='lat' dir='ltr'><strong>juxta</strong></span> <span class='ocrx_word' id='word_1_421' title='bbox 2365 3150 2576 3190; x_wconf 84' lang='lat' dir='ltr'><strong>murum</strong></span> <span class='ocrx_word' id='word_1_422' title='bbox 2596 3136 2915 3195; x_wconf 86' lang='lat' dir='ltr'><strong>Jerusalem.</strong></span> <span class='ocrx_word' id='word_1_423' title='bbox 2936 3142 3176 3213; x_wconf 60' lang='lat' dir='ltr'><strong>Hebraei,</strong></span> <span class='ocrx_word' id='word_1_424' title='bbox 3198 3147 3537 3206; x_wconf 81' lang='lat' dir='ltr'><strong>transitores.</strong></span> 
     </span>
    </p>
   </div>
   <div class='ocr_carea' id='block_1_63' title="bbox 256 3200 3542 3303">
    <p class='ocr_par' dir='ltr' id='par_1_63' title="bbox 256 3200 3542 3303">
     <span class='ocr_line' id='line_1_63' title="bbox 256 3200 3542 3303; baseline 0.004 -19"><span class='ocrx_word' id='word_1_425' title='bbox 256 3240 453 3286; x_wconf 88' lang='lat' dir='ltr'><strong>tratus.</strong></span> <span class='ocrx_word' id='word_1_426' title='bbox 474 3200 488 3207; x_wconf 45' lang='lat'><strong>-</strong></span> <span class='ocrx_word' id='word_1_427' title='bbox 512 3200 679 3285; x_wconf 78' lang='lat' dir='ltr'><strong>Basaa</strong></span> <span class='ocrx_word' id='word_1_428' title='bbox 703 3200 1052 3300; x_wconf 24' lang='lat' dir='ltr'><strong>,ipingue&#39;do.</strong></span> <span class='ocrx_word' id='word_1_429' title='bbox 1096 3200 1543 3301; x_wconf 50' lang='lat' dir='ltr'><strong>Helam,-s:eculi,</strong></span> <span class='ocrx_word' id='word_1_430' title='bbox 1577 3234 1661 3288; x_wconf 81' lang='lat' dir='ltr'><strong>vel</strong></span> <span class='ocrx_word' id='word_1_431' title='bbox 1682 3200 1847 3288; x_wconf 68' lang='lat' dir='ltr'><strong>orbis.</strong></span> <span class='ocrx_word' id='word_1_432' title='bbox 1879 3200 1924 3261; x_wconf 69' lang='grc' dir='ltr'><strong>θ</strong></span> <span class='ocrx_word' id='word_1_433' title='bbox 1957 3200 2263 3292; x_wconf 80' lang='lat' dir='ltr'><strong>Sadducaci,</strong></span> <span class='ocrx_word' id='word_1_434' title='bbox 2284 3225 2577 3295; x_wconf 89' lang='lat' dir='ltr'><strong>justiﬁcati.</strong></span> <span class='ocrx_word' id='word_1_435' title='bbox 2609 3228 2890 3299; x_wconf 80' lang='lat' dir='ltr'><strong>Pharisaei,</strong></span> <span class='ocrx_word' id='word_1_436' title='bbox 2922 3232 3099 3289; x_wconf 90' lang='lat' dir='ltr'><strong>divisi.</strong></span> <span class='ocrx_word' id='word_1_437' title='bbox 3133 3200 3542 3303; x_wconf 39' lang='grc' dir='ltr'><strong>(έθηκεξᾷ</strong></span> 
     </span>
    </p>
   </div>
   <div class='ocr_carea' id='block_1_64' title="bbox 250 3320 1854 3395">
    <p class='ocr_par' dir='ltr' id='par_1_64' title="bbox 250 3320 1854 3395">
     <span class='ocr_line' id='line_1_64' title="bbox 250 3320 1854 3395; baseline 0.002 -17"><span class='ocrx_word' id='word_1_438' title='bbox 250 3320 497 3387; x_wconf 75' lang='lat' dir='ltr'><strong>Zambri,</strong></span> <span class='ocrx_word' id='word_1_439' title='bbox 516 3324 776 3395; x_wconf 87' lang='lat' dir='ltr'><strong>psalmus,</strong></span> <span class='ocrx_word' id='word_1_440' title='bbox 805 3323 885 3378; x_wconf 88' lang='lat' dir='ltr'><strong>vel</strong></span> <span class='ocrx_word' id='word_1_441' title='bbox 906 3323 1172 3377; x_wconf 80' lang='lat' dir='ltr'><strong>canticum</strong></span> <span class='ocrx_word' id='word_1_442' title='bbox 1195 3339 1396 3378; x_wconf 89' lang='lat' dir='ltr'><strong>meum.</strong></span> <span class='ocrx_word' id='word_1_443' title='bbox 1417 3324 1585 3392; x_wconf 90' lang='lat' dir='ltr'><strong>Omri,</strong></span> <span class='ocrx_word' id='word_1_444' title='bbox 1609 3326 1854 3394; x_wconf 83' lang='lat' dir='ltr'><strong>criSpans</strong></span> 
     </span>
    </p>
   </div>
   <div class='ocr_carea' id='block_1_65' title="bbox 256 3413 1851 3486">
    <p class='ocr_par' dir='ltr' id='par_1_65' title="bbox 256 3413 1851 3486">
     <span class='ocr_line' id='line_1_65' title="bbox 256 3413 1851 3486; baseline 0.001 -17"><span class='ocrx_word' id='word_1_445' title='bbox 256 3430 438 3469; x_wconf 88' lang='lat' dir='ltr'><strong>meus.</strong></span> <span class='ocrx_word' id='word_1_446' title='bbox 467 3415 673 3476; x_wconf 83' lang='lat' dir='ltr'><strong>Achab,</strong></span> <span class='ocrx_word' id='word_1_447' title='bbox 698 3416 865 3467; x_wconf 75' lang='lat' dir='ltr'><strong>frater</strong></span> <span class='ocrx_word' id='word_1_448' title='bbox 895 3415 1082 3482; x_wconf 90' lang='lat' dir='ltr'><strong>patris.</strong></span> <span class='ocrx_word' id='word_1_449' title='bbox 1106 3415 1345 3481; x_wconf 89' lang='lat' dir='ltr'><strong>Jesabel,</strong></span> <span class='ocrx_word' id='word_1_450' title='bbox 1370 3413 1546 3469; x_wconf 85' lang='lat' dir='ltr'><strong>ﬂuens</strong></span> <span class='ocrx_word' id='word_1_451' title='bbox 1571 3419 1851 3486; x_wconf 85' lang='lat' dir='ltr'><strong>sanguine,</strong></span> 
     </span>
    </p>
   </div>
   <div class='ocr_carea' id='block_1_66' title="bbox 257 3505 1856 3576">
    <p class='ocr_par' dir='ltr' id='par_1_66' title="bbox 257 3505 1856 3576">
     <span class='ocr_line' id='line_1_66' title="bbox 257 3505 1856 3576; baseline 0.002 -15"><span class='ocrx_word' id='word_1_452' title='bbox 257 3508 346 3561; x_wconf 86' lang='lat' dir='ltr'><strong>vel</strong></span> <span class='ocrx_word' id='word_1_453' title='bbox 377 3505 804 3571; x_wconf 87' lang='lat' dir='ltr'><strong>sterquilinium.</strong></span> <span class='ocrx_word' id='word_1_454' title='bbox 835 3505 971 3561; x_wconf 89' lang='lat' dir='ltr'><strong>Jebu</strong></span> <span class='ocrx_word' id='word_1_455' title='bbox 996 3548 1010 3571; x_wconf 96' lang='lat'><strong>,</strong></span> <span class='ocrx_word' id='word_1_456' title='bbox 1045 3506 1157 3574; x_wconf 88' lang='lat' dir='ltr'><strong>ipse</strong></span> <span class='ocrx_word' id='word_1_457' title='bbox 1186 3506 1270 3561; x_wconf 89' lang='lat' dir='ltr'><strong>vel</strong></span> <span class='ocrx_word' id='word_1_458' title='bbox 1302 3514 1406 3560; x_wconf 86' lang='lat' dir='ltr'><strong>est.</strong></span> <span class='ocrx_word' id='word_1_459' title='bbox 1437 3506 1628 3561; x_wconf 82' lang='lat' dir='ltr'><strong>Juatha</strong></span> <span class='ocrx_word' id='word_1_460' title='bbox 1649 3552 1661 3576; x_wconf 90' lang='lat'><strong>,</strong></span> <span class='ocrx_word' id='word_1_461' title='bbox 1694 3510 1856 3564; x_wconf 88' lang='lat' dir='ltr'><strong>robu-</strong></span> 
     </span>
    </p>
   </div>
   <div class='ocr_carea' id='block_1_67' title="bbox 256 3596 1854 3670">
    <p class='ocr_par' dir='ltr' id='par_1_67' title="bbox 256 3596 1854 3670">
     <span class='ocr_line' id='line_1_67' title="bbox 256 3596 1854 3670; baseline 0.002 -17"><span class='ocrx_word' id='word_1_462' title='bbox 256 3610 397 3654; x_wconf 85' lang='lat' dir='ltr'><strong>stus.</strong></span> <span class='ocrx_word' id='word_1_463' title='bbox 421 3597 731 3664; x_wconf 84' lang='lat' dir='ltr'><strong>Zacharias,</strong></span> <span class='ocrx_word' id='word_1_464' title='bbox 758 3600 921 3653; x_wconf 90' lang='lat' dir='ltr'><strong>timor</strong></span> <span class='ocrx_word' id='word_1_465' title='bbox 948 3597 1183 3651; x_wconf 87' lang='lat' dir='ltr'><strong>Domini.</strong></span> <span class='ocrx_word' id='word_1_466' title='bbox 1206 3596 1376 3669; x_wconf 89' lang='lat' dir='ltr'><strong>Sella,</strong></span> <span class='ocrx_word' id='word_1_467' title='bbox 1410 3600 1597 3653; x_wconf 90' lang='lat' dir='ltr'><strong>umbra</strong></span> <span class='ocrx_word' id='word_1_468' title='bbox 1614 3598 1751 3670; x_wconf 82' lang='lat' dir='ltr'><strong>ejus,</strong></span> <span class='ocrx_word' id='word_1_469' title='bbox 1772 3602 1854 3656; x_wconf 89' lang='lat' dir='ltr'><strong>vel</strong></span> 
     </span>
    </p>
   </div>
   <div class='ocr_carea' id='block_1_68' title="bbox 258 3688 1849 3760">
    <p class='ocr_par' dir='ltr' id='par_1_68' title="bbox 258 3688 1849 3760">
     <span class='ocr_line' id='line_1_68' title="bbox 258 3688 1849 3760; baseline 0.001 -15"><span class='ocrx_word' id='word_1_470' title='bbox 258 3691 473 3760; x_wconf 76' lang='lat' dir='ltr'><strong>petitio.</strong></span> <span class='ocrx_word' id='word_1_471' title='bbox 500 3689 762 3755; x_wconf 79' lang='lat' dir='ltr'><strong>Manaem,</strong></span> <span class='ocrx_word' id='word_1_472' title='bbox 787 3691 1095 3743; x_wconf 85' lang='lat' dir='ltr'><strong>consolans.</strong></span> <span class='ocrx_word' id='word_1_473' title='bbox 1131 3688 1326 3753; x_wconf 80' lang='lat' dir='ltr'><strong>Facee,</strong></span> <span class='ocrx_word' id='word_1_474' title='bbox 1352 3692 1622 3758; x_wconf 79' lang='lat' dir='ltr'><strong>aperiens.</strong></span> <span class='ocrx_word' id='word_1_475' title='bbox 1652 3690 1849 3757; x_wconf 84' lang='lat' dir='ltr'><strong>Helias,</strong></span> 
     </span>
    </p>
   </div>
   <div class='ocr_carea' id='block_1_69' title="bbox 256 3780 1855 3851">
    <p class='ocr_par' dir='ltr' id='par_1_69' title="bbox 256 3780 1855 3851">
     <span class='ocr_line' id='line_1_69' title="bbox 256 3780 1855 3851; baseline 0.003 -15"><span class='ocrx_word' id='word_1_476' title='bbox 256 3781 404 3837; x_wconf 84' lang='lat' dir='ltr'><strong>Deus</strong></span> <span class='ocrx_word' id='word_1_477' title='bbox 433 3781 712 3837; x_wconf 89' lang='lat' dir='ltr'><strong>Dominus.</strong></span> <span class='ocrx_word' id='word_1_478' title='bbox 760 3780 1042 3845; x_wconf 65' lang='lat' dir='ltr'><strong>Helisaeus,</strong></span> <span class='ocrx_word' id='word_1_479' title='bbox 1077 3781 1173 3836; x_wconf 87' lang='lat' dir='ltr'><strong>Dei</strong></span> <span class='ocrx_word' id='word_1_480' title='bbox 1219 3781 1323 3836; x_wconf 89' lang='lat' dir='ltr'><strong>mei</strong></span> <span class='ocrx_word' id='word_1_481' title='bbox 1367 3782 1533 3836; x_wconf 90' lang='lat' dir='ltr'><strong>salus.</strong></span> <span class='ocrx_word' id='word_1_482' title='bbox 1563 3784 1723 3851; x_wconf 91' lang='lat' dir='ltr'><strong>Osee,</strong></span> <span class='ocrx_word' id='word_1_483' title='bbox 1750 3787 1855 3840; x_wconf 92' lang='lat' dir='ltr'><strong>sal-</strong></span> 
     </span>
    </p>
   </div>
   <div class='ocr_carea' id='block_1_70' title="bbox 256 3872 1852 3945">
    <p class='ocr_par' dir='ltr' id='par_1_70' title="bbox 256 3872 1852 3945">
     <span class='ocr_line' id='line_1_70' title="bbox 256 3872 1852 3945; baseline 0.004 -18"><span class='ocrx_word' id='word_1_484' title='bbox 256 3872 635 3938; x_wconf 83' lang='lat' dir='ltr'><strong>vator.Johel,</strong></span> <span class='ocrx_word' id='word_1_485' title='bbox 686 3873 981 3943; x_wconf 90' lang='lat' dir='ltr'><strong>incipiente</strong></span> <span class='ocrx_word' id='word_1_486' title='bbox 1008 3872 1152 3942; x_wconf 89' lang='lat' dir='ltr'><strong>Deo,</strong></span> <span class='ocrx_word' id='word_1_487' title='bbox 1185 3874 1299 3929; x_wconf 90' lang='lat' dir='ltr'><strong>sive</strong></span> <span class='ocrx_word' id='word_1_488' title='bbox 1329 3883 1413 3930; x_wconf 93' lang='lat' dir='ltr'><strong>est</strong></span> <span class='ocrx_word' id='word_1_489' title='bbox 1454 3874 1619 3931; x_wconf 91' lang='lat' dir='ltr'><strong>Deus.</strong></span> <span class='ocrx_word' id='word_1_490' title='bbox 1667 3881 1852 3945; x_wconf 82' lang='lat' dir='ltr'><strong>Amos,</strong></span> 
     </span>
    </p>
   </div>
   <div class='ocr_carea' id='block_1_71' title="bbox 257 3964 1851 4038">
    <p class='ocr_par' dir='ltr' id='par_1_71' title="bbox 257 3964 1851 4038">
     <span class='ocr_line' id='line_1_71' title="bbox 257 3964 1851 4038; baseline 0.003 -18"><span class='ocrx_word' id='word_1_491' title='bbox 257 3976 475 4036; x_wconf 87' lang='lat' dir='ltr'><strong>potens,</strong></span> <span class='ocrx_word' id='word_1_492' title='bbox 505 3965 591 4020; x_wconf 90' lang='lat' dir='ltr'><strong>vel</strong></span> <span class='ocrx_word' id='word_1_493' title='bbox 623 3964 775 4020; x_wconf 85' lang='lat' dir='ltr'><strong>fortis</strong></span> <span class='ocrx_word' id='word_1_494' title='bbox 798 4006 811 4030; x_wconf 96' lang='lat'><strong>,</strong></span> <span class='ocrx_word' id='word_1_495' title='bbox 860 3974 952 4019; x_wconf 90' lang='lat' dir='ltr'><strong>aut</strong></span> <span class='ocrx_word' id='word_1_496' title='bbox 997 3965 1253 4035; x_wconf 89' lang='lat' dir='ltr'><strong>populum</strong></span> <span class='ocrx_word' id='word_1_497' title='bbox 1285 3966 1586 4023; x_wconf 87' lang='lat' dir='ltr'><strong>debellans.</strong></span> <span class='ocrx_word' id='word_1_498' title='bbox 1620 3969 1851 4038; x_wconf 88' lang='lat' dir='ltr'><strong>Abdias,</strong></span> 
     </span>
    </p>
   </div>
   <div class='ocr_carea' id='block_1_72' title="bbox 257 4059 1850 4133">
    <p class='ocr_par' dir='ltr' id='par_1_72' title="bbox 257 4059 1850 4133">
     <span class='ocr_line' id='line_1_72' title="bbox 257 4059 1850 4133; baseline 0.002 -18"><span class='ocrx_word' id='word_1_499' title='bbox 257 4074 454 4115; x_wconf 84' lang='lat' dir='ltr'><strong>servus</strong></span> <span class='ocrx_word' id='word_1_500' title='bbox 482 4060 716 4114; x_wconf 89' lang='lat' dir='ltr'><strong>Domini.</strong></span> <span class='ocrx_word' id='word_1_501' title='bbox 762 4059 897 4113; x_wconf 88' lang='lat' dir='ltr'><strong>Jona</strong></span> <span class='ocrx_word' id='word_1_502' title='bbox 927 4059 1206 4123; x_wconf 90' lang='lat' dir='ltr'><strong>columba,</strong></span> <span class='ocrx_word' id='word_1_503' title='bbox 1249 4060 1336 4116; x_wconf 87' lang='lat' dir='ltr'><strong>vel</strong></span> <span class='ocrx_word' id='word_1_504' title='bbox 1364 4060 1578 4117; x_wconf 90' lang='lat' dir='ltr'><strong>dolens.</strong></span> <span class='ocrx_word' id='word_1_505' title='bbox 1635 4062 1809 4118; x_wconf 85' lang='lat' dir='ltr'><strong>Micha</strong></span> <span class='ocrx_word' id='word_1_506' title='bbox 1835 4109 1850 4133; x_wconf 95' lang='lat'><strong>,</strong></span> 
     </span>
    </p>
   </div>
   <div class='ocr_carea' id='block_1_73' title="bbox 263 4149 1855 4221">
    <p class='ocr_par' dir='ltr' id='par_1_73' title="bbox 263 4149 1855 4221">
     <span class='ocr_line' id='line_1_73' title="bbox 263 4149 1855 4221; baseline 0.004 -16"><span class='ocrx_word' id='word_1_507' title='bbox 263 4152 391 4221; x_wconf 86' lang='lat' dir='ltr'><strong>quis</strong></span> <span class='ocrx_word' id='word_1_508' title='bbox 422 4151 557 4207; x_wconf 77' lang='lat' dir='ltr'><strong>iste?</strong></span> <span class='ocrx_word' id='word_1_509' title='bbox 600 4149 791 4217; x_wconf 81' lang='lat' dir='ltr'><strong>Naum,</strong></span> <span class='ocrx_word' id='word_1_510' title='bbox 822 4166 1066 4221; x_wconf 87' lang='lat' dir='ltr'><strong>germen,</strong></span> <span class='ocrx_word' id='word_1_511' title='bbox 1100 4152 1215 4206; x_wconf 83' lang='lat' dir='ltr'><strong>sive</strong></span> <span class='ocrx_word' id='word_1_512' title='bbox 1238 4153 1555 4208; x_wconf 87' lang='lat' dir='ltr'><strong>consolatio.</strong></span> <span class='ocrx_word' id='word_1_513' title='bbox 1609 4154 1855 4220; x_wconf 81' lang='lat' dir='ltr'><strong>Abacuc.</strong></span> 
     </span>
    </p>
   </div>
   <div class='ocr_carea' id='block_1_74' title="bbox 262 4243 1853 4317">
    <p class='ocr_par' dir='ltr' id='par_1_74' title="bbox 262 4243 1853 4317">
     <span class='ocr_line' id='line_1_74' title="bbox 262 4243 1853 4317; baseline 0.003 -19"><span class='ocrx_word' id='word_1_514' title='bbox 262 4244 602 4315; x_wconf 80' lang='lat' dir='ltr'><strong>amplexans.</strong></span> <span class='ocrx_word' id='word_1_515' title='bbox 633 4243 962 4313; x_wconf 88' lang='lat' dir='ltr'><strong>Sophonias,</strong></span> <span class='ocrx_word' id='word_1_516' title='bbox 1012 4244 1352 4300; x_wconf 90' lang='lat' dir='ltr'><strong>abscondens</strong></span> <span class='ocrx_word' id='word_1_517' title='bbox 1401 4260 1540 4300; x_wconf 90' lang='lat' dir='ltr'><strong>eam.</strong></span> <span class='ocrx_word' id='word_1_518' title='bbox 1589 4244 1853 4317; x_wconf 71' lang='lat' dir='ltr'><strong>Aggteus,</strong></span> 
     </span>
    </p>
   </div>
   <div class='ocr_carea' id='block_1_75' title="bbox 258 4338 1853 4410">
    <p class='ocr_par' dir='ltr' id='par_1_75' title="bbox 258 4338 1853 4410">
     <span class='ocr_line' id='line_1_75' title="bbox 258 4338 1853 4410; baseline 0.001 -16"><span class='ocrx_word' id='word_1_519' title='bbox 258 4339 459 4407; x_wconf 73' lang='lat' dir='ltr'><strong>feetus,</strong></span> <span class='ocrx_word' id='word_1_520' title='bbox 484 4338 596 4393; x_wconf 83' lang='lat' dir='ltr'><strong>sive</strong></span> <span class='ocrx_word' id='word_1_521' title='bbox 610 4339 885 4394; x_wconf 90' lang='lat' dir='ltr'><strong>solemnis.</strong></span> <span class='ocrx_word' id='word_1_522' title='bbox 901 4338 1217 4408; x_wconf 83' lang='lat' dir='ltr'><strong>Malacltias,</strong></span> <span class='ocrx_word' id='word_1_523' title='bbox 1235 4339 1456 4410; x_wconf 86' lang='lat' dir='ltr'><strong>angelus</strong></span> <span class='ocrx_word' id='word_1_524' title='bbox 1474 4354 1647 4395; x_wconf 83' lang='lat' dir='ltr'><strong>meus.</strong></span> <span class='ocrx_word' id='word_1_525' title='bbox 1664 4340 1853 4409; x_wconf 83' lang='lat' dir='ltr'><strong>Isaias,</strong></span> 
     </span>
    </p>
   </div>
   <div class='ocr_carea' id='block_1_76' title="bbox 260 4432 1853 4501">
    <p class='ocr_par' dir='ltr' id='par_1_76' title="bbox 260 4432 1853 4501">
     <span class='ocr_line' id='line_1_76' title="bbox 260 4432 1853 4501; baseline 0.001 -13"><span class='ocrx_word' id='word_1_526' title='bbox 260 4432 415 4489; x_wconf 89' lang='lat' dir='ltr'><strong>salus</strong></span> <span class='ocrx_word' id='word_1_527' title='bbox 442 4432 679 4488; x_wconf 89' lang='lat' dir='ltr'><strong>Domini.</strong></span> <span class='ocrx_word' id='word_1_528' title='bbox 704 4433 998 4499; x_wconf 88' lang='lat' dir='ltr'><strong>Jeremias,</strong></span> <span class='ocrx_word' id='word_1_529' title='bbox 1030 4434 1278 4487; x_wconf 79' lang='lat' dir='ltr'><strong>excelsus</strong></span> <span class='ocrx_word' id='word_1_530' title='bbox 1311 4433 1542 4489; x_wconf 92' lang='lat' dir='ltr'><strong>Domini.</strong></span> <span class='ocrx_word' id='word_1_531' title='bbox 1578 4433 1853 4501; x_wconf 75' lang='lat' dir='ltr'><strong>Ezechiel,</strong></span> 
     </span>
    </p>
   </div>
   <div class='ocr_carea' id='block_1_77' title="bbox 260 4524 1851 4597">
    <p class='ocr_par' dir='ltr' id='par_1_77' title="bbox 260 4524 1851 4597">
     <span class='ocr_line' id='line_1_77' title="bbox 260 4524 1851 4597; baseline 0.001 -16"><span class='ocrx_word' id='word_1_532' title='bbox 260 4524 531 4581; x_wconf 79' lang='lat' dir='ltr'><strong>fortitudo</strong></span> <span class='ocrx_word' id='word_1_533' title='bbox 560 4525 797 4579; x_wconf 90' lang='lat' dir='ltr'><strong>Domini.</strong></span> <span class='ocrx_word' id='word_1_534' title='bbox 835 4526 1017 4580; x_wconf 89' lang='lat' dir='ltr'><strong>Daniel</strong></span> <span class='ocrx_word' id='word_1_535' title='bbox 1041 4568 1056 4592; x_wconf 93' lang='lat'><strong>,</strong></span> <span class='ocrx_word' id='word_1_536' title='bbox 1078 4525 1337 4595; x_wconf 88' lang='lat' dir='ltr'><strong>judicium</strong></span> <span class='ocrx_word' id='word_1_537' title='bbox 1380 4525 1617 4580; x_wconf 92' lang='lat' dir='ltr'><strong>Domini.</strong></span> <span class='ocrx_word' id='word_1_538' title='bbox 1646 4524 1851 4597; x_wconf 78' lang='lat' dir='ltr'><strong>Juditlt,</strong></span> 
     </span>
    </p>
   </div>
   <div class='ocr_carea' id='block_1_78' title="bbox 258 4616 1855 4689">
    <p class='ocr_par' dir='ltr' id='par_1_78' title="bbox 258 4616 1855 4689">
     <span class='ocr_line' id='line_1_78' title="bbox 258 4616 1855 4689; baseline -0.001 -15"><span class='ocrx_word' id='word_1_539' title='bbox 258 4617 510 4684; x_wconf 85' lang='lat' dir='ltr'><strong>laudans,</strong></span> <span class='ocrx_word' id='word_1_540' title='bbox 556 4617 642 4673; x_wconf 85' lang='lat' dir='ltr'><strong>vel</strong></span> <span class='ocrx_word' id='word_1_541' title='bbox 679 4616 888 4672; x_wconf 71' lang='lat' dir='ltr'><strong>Iudaea.</strong></span> <span class='ocrx_word' id='word_1_542' title='bbox 920 4617 1145 4687; x_wconf 86' lang='lat' dir='ltr'><strong>Joseph,</strong></span> <span class='ocrx_word' id='word_1_543' title='bbox 1179 4626 1388 4673; x_wconf 86' lang='lat' dir='ltr'><strong>auctus.</strong></span> <span class='ocrx_word' id='word_1_544' title='bbox 1420 4618 1623 4689; x_wconf 85' lang='lat' dir='ltr'><strong>Maria,</strong></span> <span class='ocrx_word' id='word_1_545' title='bbox 1657 4619 1855 4673; x_wconf 83' lang='lat' dir='ltr'><strong>illumi-</strong></span> 
     </span>
    </p>
   </div>
   <div class='ocr_carea' id='block_1_79' title="bbox 260 4711 1853 4784">
    <p class='ocr_par' dir='ltr' id='par_1_79' title="bbox 260 4711 1853 4784">
     <span class='ocr_line' id='line_1_79' title="bbox 260 4711 1853 4784; baseline 0.001 -17"><span class='ocrx_word' id='word_1_546' title='bbox 260 4721 417 4779; x_wconf 88' lang='lat' dir='ltr'><strong>nata,</strong></span> <span class='ocrx_word' id='word_1_547' title='bbox 444 4711 561 4766; x_wconf 88' lang='lat' dir='ltr'><strong>sive</strong></span> <span class='ocrx_word' id='word_1_548' title='bbox 587 4711 745 4766; x_wconf 89' lang='lat' dir='ltr'><strong>stella</strong></span> <span class='ocrx_word' id='word_1_549' title='bbox 775 4712 939 4765; x_wconf 88' lang='lat' dir='ltr'><strong>maris</strong></span> <span class='ocrx_word' id='word_1_550' title='bbox 972 4728 985 4765; x_wconf 92' lang='lat'>:</span> <span class='ocrx_word' id='word_1_551' title='bbox 1016 4711 1107 4767; x_wconf 91' lang='lat' dir='ltr'><strong>sed</strong></span> <span class='ocrx_word' id='word_1_552' title='bbox 1136 4726 1385 4767; x_wconf 87' lang='lat' dir='ltr'><strong>sermone</strong></span> <span class='ocrx_word' id='word_1_553' title='bbox 1416 4711 1577 4784; x_wconf 85' lang='lat' dir='ltr'><strong>Syro,</strong></span> <span class='ocrx_word' id='word_1_554' title='bbox 1616 4712 1853 4768; x_wconf 89' lang='lat' dir='ltr'><strong>domina.</strong></span> 
     </span>
    </p>
   </div>
   <div class='ocr_carea' id='block_1_80' title="bbox 258 4804 1855 4877">
    <p class='ocr_par' dir='ltr' id='par_1_80' title="bbox 258 4804 1855 4877">
     <span class='ocr_line' id='line_1_80' title="bbox 258 4804 1855 4877; baseline -0.001 -14"><span class='ocrx_word' id='word_1_555' title='bbox 258 4805 481 4874; x_wconf 88' lang='lat' dir='ltr'><strong>Simon,</strong></span> <span class='ocrx_word' id='word_1_556' title='bbox 514 4820 652 4876; x_wconf 91' lang='lat' dir='ltr'><strong>pone</strong></span> <span class='ocrx_word' id='word_1_557' title='bbox 681 4819 994 4876; x_wconf 79' lang='lat' dir='ltr'><strong>maerorem,</strong></span> <span class='ocrx_word' id='word_1_558' title='bbox 1018 4805 1103 4860; x_wconf 90' lang='lat' dir='ltr'><strong>vel</strong></span> <span class='ocrx_word' id='word_1_559' title='bbox 1132 4804 1413 4860; x_wconf 88' lang='lat' dir='ltr'><strong>obediens.</strong></span> <span class='ocrx_word' id='word_1_560' title='bbox 1448 4804 1664 4871; x_wconf 86' lang='lat' dir='ltr'><strong>Petrus,</strong></span> <span class='ocrx_word' id='word_1_561' title='bbox 1693 4822 1855 4877; x_wconf 89' lang='lat' dir='ltr'><strong>agno-</strong></span> 
     </span>
    </p>
   </div>
   <div class='ocr_carea' id='block_1_81' title="bbox 259 4897 1862 4969">
    <p class='ocr_par' dir='ltr' id='par_1_81' title="bbox 259 4897 1862 4969">
     <span class='ocr_line' id='line_1_81' title="bbox 259 4897 1862 4969; baseline 0.001 -14"><span class='ocrx_word' id='word_1_562' title='bbox 259 4912 443 4955; x_wconf 86' lang='lat' dir='ltr'><strong>scens.</strong></span> <span class='ocrx_word' id='word_1_563' title='bbox 504 4897 733 4968; x_wconf 85' lang='lat' dir='ltr'><strong>Barjona</strong></span> <span class='ocrx_word' id='word_1_564' title='bbox 759 4940 774 4965; x_wconf 96' lang='lat'><strong>,</strong></span> <span class='ocrx_word' id='word_1_565' title='bbox 829 4898 969 4952; x_wconf 89' lang='lat' dir='ltr'><strong>ﬁlius</strong></span> <span class='ocrx_word' id='word_1_566' title='bbox 1002 4897 1304 4964; x_wconf 67' lang='lat' dir='ltr'><strong>columbae,</strong></span> <span class='ocrx_word' id='word_1_567' title='bbox 1335 4897 1529 4969; x_wconf 86' lang='lat' dir='ltr'><strong>Syrum</strong></span> <span class='ocrx_word' id='word_1_568' title='bbox 1576 4899 1779 4968; x_wconf 89' lang='lat' dir='ltr'><strong>pariter</strong></span> <span class='ocrx_word' id='word_1_569' title='bbox 1806 4910 1862 4956; x_wconf 92' lang='lat' dir='ltr'><strong>et</strong></span> 
     </span>
    </p>
   </div>
   <div class='ocr_carea' id='block_1_82' title="bbox 254 4989 1862 5061">
    <p class='ocr_par' dir='ltr' id='par_1_82' title="bbox 254 4989 1862 5061">
     <span class='ocr_line' id='line_1_82' title="bbox 254 4989 1862 5061; baseline -0.001 -13"><span class='ocrx_word' id='word_1_570' title='bbox 254 4990 573 5048; x_wconf 63' lang='lat' dir='ltr'><strong>Hebraeum.</strong></span> <span class='ocrx_word' id='word_1_571' title='bbox 604 4990 816 5061; x_wconf 81' lang='lat' dir='ltr'><strong>Cephas</strong></span> <span class='ocrx_word' id='word_1_572' title='bbox 832 5032 846 5054; x_wconf 94' lang='lat'><strong>,</strong></span> <span class='ocrx_word' id='word_1_573' title='bbox 873 4990 1087 5059; x_wconf 88' lang='lat' dir='ltr'><strong>Petrus,</strong></span> <span class='ocrx_word' id='word_1_574' title='bbox 1110 4989 1304 5060; x_wconf 84' lang='lat' dir='ltr'><strong>Syrum</strong></span> <span class='ocrx_word' id='word_1_575' title='bbox 1328 5001 1432 5045; x_wconf 89' lang='lat' dir='ltr'><strong>est.</strong></span> <span class='ocrx_word' id='word_1_576' title='bbox 1454 4990 1674 5057; x_wconf 85' lang='lat' dir='ltr'><strong>Paulus,</strong></span> <span class='ocrx_word' id='word_1_577' title='bbox 1698 4992 1862 5047; x_wconf 90' lang='lat' dir='ltr'><strong>mira-</strong></span> 
     </span>
    </p>
   </div>
   <div class='ocr_carea' id='block_1_83' title="bbox 261 5081 1860 5151">
    <p class='ocr_par' dir='ltr' id='par_1_83' title="bbox 261 5081 1860 5151">
     <span class='ocr_line' id='line_1_83' title="bbox 261 5081 1860 5151; baseline 0 -12"><span class='ocrx_word' id='word_1_578' title='bbox 261 5082 412 5139; x_wconf 88' lang='lat' dir='ltr'><strong>bilis.</strong></span> <span class='ocrx_word' id='word_1_579' title='bbox 442 5081 674 5148; x_wconf 87' lang='lat' dir='ltr'><strong>Saulus,</strong></span> <span class='ocrx_word' id='word_1_580' title='bbox 726 5083 950 5136; x_wconf 88' lang='lat' dir='ltr'><strong>tentatio</strong></span> <span class='ocrx_word' id='word_1_581' title='bbox 981 5082 1351 5151; x_wconf 90' lang='lat' dir='ltr'><strong>respicientis,</strong></span> <span class='ocrx_word' id='word_1_582' title='bbox 1406 5082 1495 5138; x_wconf 90' lang='lat' dir='ltr'><strong>vel</strong></span> <span class='ocrx_word' id='word_1_583' title='bbox 1543 5082 1860 5139; x_wconf 88' lang='lat' dir='ltr'><strong>tentatiouis</strong></span> 
     </span>
    </p>
   </div>
   <div class='ocr_carea' id='block_1_84' title="bbox 263 5173 1856 5243">
    <p class='ocr_par' dir='ltr' id='par_1_84' title="bbox 263 5173 1856 5243">
     <span class='ocr_line' id='line_1_84' title="bbox 263 5173 1856 5243; baseline -0.001 -10"><span class='ocrx_word' id='word_1_584' title='bbox 263 5176 553 5234; x_wconf 87' lang='lat' dir='ltr'><strong>securitas.</strong></span> <span class='ocrx_word' id='word_1_585' title='bbox 601 5174 879 5240; x_wconf 79' lang='lat' dir='ltr'><strong>Andreas,</strong></span> <span class='ocrx_word' id='word_1_586' title='bbox 908 5173 1099 5239; x_wconf 91' lang='lat' dir='ltr'><strong>virilis,</strong></span> <span class='ocrx_word' id='word_1_587' title='bbox 1129 5174 1375 5230; x_wconf 64' lang='lat' dir='ltr'><strong>Graecum</strong></span> <span class='ocrx_word' id='word_1_588' title='bbox 1429 5183 1534 5231; x_wconf 89' lang='lat' dir='ltr'><strong>est.</strong></span> <span class='ocrx_word' id='word_1_589' title='bbox 1583 5173 1856 5243; x_wconf 82' lang='lat' dir='ltr'><strong>Jacobus,</strong></span> 
     </span>
    </p>
   </div>
   <div class='ocr_carea' id='block_1_85' title="bbox 264 5266 1860 5341">
    <p class='ocr_par' dir='ltr' id='par_1_85' title="bbox 264 5266 1860 5341">
     <span class='ocr_line' id='line_1_85' title="bbox 264 5266 1860 5341; baseline 0 -16"><span class='ocrx_word' id='word_1_590' title='bbox 264 5269 669 5341; x_wconf 87' lang='lat' dir='ltr'><strong>supplantator.</strong></span> <span class='ocrx_word' id='word_1_591' title='bbox 702 5267 960 5334; x_wconf 81' lang='lat' dir='ltr'><strong>Joannes,</strong></span> <span class='ocrx_word' id='word_1_592' title='bbox 984 5266 1193 5325; x_wconf 90' lang='lat' dir='ltr'><strong>domini</strong></span> <span class='ocrx_word' id='word_1_593' title='bbox 1217 5268 1412 5339; x_wconf 88' lang='lat' dir='ltr'><strong>gratia.</strong></span> <span class='ocrx_word' id='word_1_594' title='bbox 1448 5268 1729 5339; x_wconf 90' lang='lat' dir='ltr'><strong>Philippus</strong></span> <span class='ocrx_word' id='word_1_595' title='bbox 1751 5310 1766 5335; x_wconf 97' lang='lat'><strong>,</strong></span> <span class='ocrx_word' id='word_1_596' title='bbox 1798 5285 1860 5325; x_wconf 90' lang='lat' dir='ltr'><strong>os</strong></span> 
     </span>
    </p>
   </div>
   <div class='ocr_carea' id='block_1_86' title="bbox 265 5360 1861 5433">
    <p class='ocr_par' dir='ltr' id='par_1_86' title="bbox 265 5360 1861 5433">
     <span class='ocr_line' id='line_1_86' title="bbox 265 5360 1861 5433; baseline -0.001 -13"><span class='ocrx_word' id='word_1_597' title='bbox 265 5362 665 5433; x_wconf 86' lang='lat' dir='ltr'><strong>lampadarum.</strong></span> <span class='ocrx_word' id='word_1_598' title='bbox 731 5360 1199 5429; x_wconf 80' lang='lat' dir='ltr'><strong>Bartholomaeus,</strong></span> <span class='ocrx_word' id='word_1_599' title='bbox 1258 5361 1402 5417; x_wconf 89' lang='lat' dir='ltr'><strong>ﬁlius</strong></span> <span class='ocrx_word' id='word_1_600' title='bbox 1476 5362 1861 5433; x_wconf 90' lang='lat' dir='ltr'><strong>suspendentis</strong></span> 
     </span>
    </p>
   </div>
   <div class='ocr_carea' id='block_1_87' title="bbox 266 5452 1857 5525">
    <p class='ocr_par' dir='ltr' id='par_1_87' title="bbox 266 5452 1857 5525">
     <span class='ocr_line' id='line_1_87' title="bbox 266 5452 1857 5525; baseline -0.001 -15"><span class='ocrx_word' id='word_1_601' title='bbox 266 5468 457 5525; x_wconf 81' lang='lat' dir='ltr'><strong>aquas.</strong></span> <span class='ocrx_word' id='word_1_602' title='bbox 492 5453 762 5521; x_wconf 87' lang='lat' dir='ltr'><strong>Thomas,</strong></span> <span class='ocrx_word' id='word_1_603' title='bbox 793 5453 1020 5525; x_wconf 82' lang='lat' dir='ltr'><strong>abyssus</strong></span> <span class='ocrx_word' id='word_1_604' title='bbox 1043 5494 1056 5517; x_wconf 93' lang='lat'><strong>,</strong></span> <span class='ocrx_word' id='word_1_605' title='bbox 1084 5452 1170 5508; x_wconf 92' lang='lat' dir='ltr'><strong>vel</strong></span> <span class='ocrx_word' id='word_1_606' title='bbox 1195 5454 1474 5524; x_wconf 86' lang='lat' dir='ltr'><strong>geminus;</strong></span> <span class='ocrx_word' id='word_1_607' title='bbox 1508 5455 1650 5509; x_wconf 90' lang='lat' dir='ltr'><strong>unde</strong></span> <span class='ocrx_word' id='word_1_608' title='bbox 1686 5464 1740 5509; x_wconf 92' lang='lat' dir='ltr'><strong>et</strong></span> <span class='ocrx_word' id='word_1_609' title='bbox 1770 5456 1857 5508; x_wconf 83' lang='lat' dir='ltr'><strong>Di-</strong></span> 
     </span>
    </p>
   </div>
   <div class='ocr_carea' id='block_1_88' title="bbox 270 5543 1857 5619">
    <p class='ocr_par' dir='ltr' id='par_1_88' title="bbox 270 5543 1857 5619">
     <span class='ocr_line' id='line_1_88' title="bbox 270 5543 1857 5619; baseline 0 -18"><span class='ocrx_word' id='word_1_610' title='bbox 270 5544 469 5619; x_wconf 81' lang='lat' dir='ltr'><strong>dymus</strong></span> <span class='ocrx_word' id='word_1_611' title='bbox 506 5543 693 5601; x_wconf 63' lang='lat' dir='ltr'><strong>Graece</strong></span> <span class='ocrx_word' id='word_1_612' title='bbox 717 5544 931 5600; x_wconf 91' lang='lat' dir='ltr'><strong>dicitur.</strong></span> <span class='ocrx_word' id='word_1_613' title='bbox 956 5546 1238 5600; x_wconf 64' lang='lat' dir='ltr'><strong>Matthmus</strong></span> <span class='ocrx_word' id='word_1_614' title='bbox 1260 5589 1273 5612; x_wconf 92' lang='lat'><strong>,</strong></span> <span class='ocrx_word' id='word_1_615' title='bbox 1302 5546 1541 5602; x_wconf 90' lang='lat' dir='ltr'><strong>donatio.</strong></span> <span class='ocrx_word' id='word_1_616' title='bbox 1582 5547 1727 5603; x_wconf 85' lang='lat' dir='ltr'><strong>Idem</strong></span> <span class='ocrx_word' id='word_1_617' title='bbox 1758 5564 1857 5617; x_wconf 85' lang='lat' dir='ltr'><strong>ap-</strong></span> 
     </span>
    </p>
   </div>
   <div class='ocr_carea' id='block_1_89' title="bbox 267 5637 1855 5712">
    <p class='ocr_par' dir='ltr' id='par_1_89' title="bbox 267 5637 1855 5712">
     <span class='ocr_line' id='line_1_89' title="bbox 267 5637 1855 5712; baseline 0.003 -19"><span class='ocrx_word' id='word_1_618' title='bbox 267 5640 507 5712; x_wconf 87' lang='lat' dir='ltr'><strong>pellatus</strong></span> <span class='ocrx_word' id='word_1_619' title='bbox 528 5647 609 5693; x_wconf 90' lang='lat' dir='ltr'><strong>est</strong></span> <span class='ocrx_word' id='word_1_620' title='bbox 634 5637 784 5694; x_wconf 86' lang='lat' dir='ltr'><strong>Levi.</strong></span> <span class='ocrx_word' id='word_1_621' title='bbox 813 5640 1073 5701; x_wconf 85' lang='lat' dir='ltr'><strong>Lebbeus,</strong></span> <span class='ocrx_word' id='word_1_622' title='bbox 1103 5642 1399 5704; x_wconf 88' lang='lat' dir='ltr'><strong>corculum,</strong></span> <span class='ocrx_word' id='word_1_623' title='bbox 1434 5640 1484 5696; x_wconf 92' lang='lat' dir='ltr'><strong>id</strong></span> <span class='ocrx_word' id='word_1_624' title='bbox 1510 5650 1593 5695; x_wconf 88' lang='lat' dir='ltr'><strong>est</strong></span> <span class='ocrx_word' id='word_1_625' title='bbox 1621 5657 1649 5695; x_wconf 92' lang='lat' dir='ltr'><strong>a</strong></span> <span class='ocrx_word' id='word_1_626' title='bbox 1671 5644 1855 5710; x_wconf 92' lang='lat' dir='ltr'><strong>corde,</strong></span> 
     </span>
    </p>
   </div>
   <div class='ocr_carea' id='block_1_90' title="bbox 271 5730 1855 5804">
    <p class='ocr_par' dir='ltr' id='par_1_90' title="bbox 271 5730 1855 5804">
     <span class='ocr_line' id='line_1_90' title="bbox 271 5730 1855 5804; baseline 0 -15"><span class='ocrx_word' id='word_1_627' title='bbox 271 5734 393 5804; x_wconf 88' lang='lat' dir='ltr'><strong>ipse</strong></span> <span class='ocrx_word' id='word_1_628' title='bbox 407 5744 490 5787; x_wconf 88' lang='lat' dir='ltr'><strong>est</strong></span> <span class='ocrx_word' id='word_1_629' title='bbox 510 5741 565 5786; x_wconf 93' lang='lat' dir='ltr'><strong>et</strong></span> <span class='ocrx_word' id='word_1_630' title='bbox 580 5730 869 5795; x_wconf 78' lang='lat' dir='ltr'><strong>Taddaeus,</strong></span> <span class='ocrx_word' id='word_1_631' title='bbox 891 5731 1006 5800; x_wconf 89' lang='lat' dir='ltr'><strong>ipse</strong></span> <span class='ocrx_word' id='word_1_632' title='bbox 1024 5742 1105 5785; x_wconf 92' lang='lat' dir='ltr'><strong>est</strong></span> <span class='ocrx_word' id='word_1_633' title='bbox 1122 5731 1149 5786; x_wconf 87' lang='lat' dir='ltr'><strong>J</strong></span> <span class='ocrx_word' id='word_1_634' title='bbox 1155 5732 1292 5787; x_wconf 90' lang='lat' dir='ltr'><strong>udas</strong></span> <span class='ocrx_word' id='word_1_635' title='bbox 1314 5732 1522 5788; x_wconf 81' lang='lat' dir='ltr'><strong>Jacobi.</strong></span> <span class='ocrx_word' id='word_1_636' title='bbox 1536 5735 1855 5802; x_wconf 62' lang='lat' dir='ltr'><strong>Capaneus,</strong></span> 
     </span>
    </p>
   </div>
   <div class='ocr_carea' id='block_1_91' title="bbox 272 5821 1865 5899">
    <p class='ocr_par' dir='ltr' id='par_1_91' title="bbox 272 5821 1865 5899">
     <span class='ocr_line' id='line_1_91' title="bbox 272 5821 1865 5899; baseline 0.003 -19"><span class='ocrx_word' id='word_1_637' title='bbox 272 5821 587 5899; x_wconf 66' lang='lat' dir='ltr'><strong>possidens,</strong></span> <span class='ocrx_word' id='word_1_638' title='bbox 614 5823 734 5880; x_wconf 86' lang='lat' dir='ltr'><strong>sive</strong></span> <span class='ocrx_word' id='word_1_639' title='bbox 755 5825 1047 5894; x_wconf 79' lang='lat' dir='ltr'><strong>possessio.</strong></span> <span class='ocrx_word' id='word_1_640' title='bbox 1074 5822 1151 5878; x_wconf 85' lang='lat' dir='ltr'><strong>ita</strong></span> <span class='ocrx_word' id='word_1_641' title='bbox 1183 5834 1366 5879; x_wconf 83' lang='lat' dir='ltr'><strong>autem</strong></span> <span class='ocrx_word' id='word_1_642' title='bbox 1388 5825 1561 5882; x_wconf 87' lang='lat' dir='ltr'><strong>dictus</strong></span> <span class='ocrx_word' id='word_1_643' title='bbox 1588 5826 1802 5896; x_wconf 88' lang='lat' dir='ltr'><strong>Simon,</strong></span> <span class='ocrx_word' id='word_1_644' title='bbox 1827 5841 1865 5884; x_wconf 89' lang='lat' dir='ltr'><strong>a</strong></span> 
     </span>
    </p>
   </div>
   <div class='ocr_carea' id='block_1_92' title="bbox 1957 3315 3545 3402">
    <p class='ocr_par' dir='ltr' id='par_1_92' title="bbox 1957 3315 3545 3402">
     <span class='ocr_line' id='line_1_92' title="bbox 1957 3315 3545 3402; baseline 0.012 -31"><span class='ocrx_word' id='word_1_645' title='bbox 1957 3315 2112 3371; x_wconf 90' lang='lat' dir='ltr'><strong>biles.</strong></span> <span class='ocrx_word' id='word_1_646' title='bbox 2142 3315 2446 3385; x_wconf 62' lang='lat' dir='ltr'><strong>Samaritae,</strong></span> <span class='ocrx_word' id='word_1_647' title='bbox 2469 3320 2745 3387; x_wconf 83' lang='lat' dir='ltr'><strong>custodes,</strong></span> <span class='ocrx_word' id='word_1_648' title='bbox 2775 3337 2840 3377; x_wconf 91' lang='lat' dir='ltr'><strong>eo</strong></span> <span class='ocrx_word' id='word_1_649' title='bbox 2860 3326 3000 3395; x_wconf 93' lang='lat' dir='ltr'><strong>quod</strong></span> <span class='ocrx_word' id='word_1_650' title='bbox 3033 3342 3062 3381; x_wconf 93' lang='lat' dir='ltr'><strong>a</strong></span> <span class='ocrx_word' id='word_1_651' title='bbox 3094 3326 3406 3402; x_wconf 86' lang='lat' dir='ltr'><strong>Babyloniis</strong></span> <span class='ocrx_word' id='word_1_652' title='bbox 3436 3334 3545 3389; x_wconf 76' lang='lat' dir='ltr'><strong>illis</strong></span> 
     </span>
    </p>
   </div>
   <div class='ocr_carea' id='block_1_93' title="bbox 1955 3408 3108 3475">
    <p class='ocr_par' dir='ltr' id='par_1_93' title="bbox 1955 3408 3108 3475">
     <span class='ocr_line' id='line_1_93' title="bbox 1955 3408 3108 3475; baseline 0.01 -12"><span class='ocrx_word' id='word_1_653' title='bbox 1955 3408 2022 3464; x_wconf 89' lang='lat' dir='ltr'><strong>ad</strong></span> <span class='ocrx_word' id='word_1_654' title='bbox 2048 3410 2344 3467; x_wconf 81' lang='lat' dir='ltr'><strong>custodiant</strong></span> <span class='ocrx_word' id='word_1_655' title='bbox 2372 3413 2616 3468; x_wconf 85' lang='lat' dir='ltr'><strong>collocati</strong></span> <span class='ocrx_word' id='word_1_656' title='bbox 2644 3416 2750 3469; x_wconf 88' lang='lat' dir='ltr'><strong>sint</strong></span> <span class='ocrx_word' id='word_1_657' title='bbox 2779 3416 2910 3471; x_wconf 61' lang='lat' dir='ltr'><strong>Judu</strong></span> <span class='ocrx_word' id='word_1_658' title='bbox 2931 3435 3108 3475; x_wconf 90' lang='lat' dir='ltr'><strong>orum.</strong></span> 
     </span>
    </p>
   </div>
   <div class='ocr_carea' id='block_1_94' title="bbox 2027 3498 3543 3590">
    <p class='ocr_par' dir='ltr' id='par_1_94' title="bbox 2027 3498 3543 3590">
     <span class='ocr_line' id='line_1_94' title="bbox 2027 3498 3543 3590; baseline 0.013 -34"><span class='ocrx_word' id='word_1_659' title='bbox 2027 3498 2161 3556; x_wconf 87' lang='lat' dir='ltr'><strong>Cum</strong></span> <span class='ocrx_word' id='word_1_660' title='bbox 2189 3503 2239 3555; x_wconf 91' lang='lat' dir='ltr'><strong>in</strong></span> <span class='ocrx_word' id='word_1_661' title='bbox 2269 3506 2502 3572; x_wconf 64' lang='lat' dir='ltr'><strong>caeteris,</strong></span> <span class='ocrx_word' id='word_1_662' title='bbox 2536 3514 2643 3563; x_wconf 85' lang='lat' dir='ltr'><strong>tum</strong></span> <span class='ocrx_word' id='word_1_663' title='bbox 2672 3518 2725 3563; x_wconf 90' lang='lat' dir='ltr'><strong>et</strong></span> <span class='ocrx_word' id='word_1_664' title='bbox 2758 3509 2808 3563; x_wconf 90' lang='lat' dir='ltr'><strong>in</strong></span> <span class='ocrx_word' id='word_1_665' title='bbox 2844 3510 2944 3567; x_wconf 90' lang='lat' dir='ltr'><strong>hoc</strong></span> <span class='ocrx_word' id='word_1_666' title='bbox 2971 3514 3313 3577; x_wconf 85' lang='lat' dir='ltr'><strong>abundanter</strong></span> <span class='ocrx_word' id='word_1_667' title='bbox 3343 3518 3543 3590; x_wconf 84' lang='lat' dir='ltr'><strong>liquet,</strong></span> 
     </span>
    </p>
   </div>
   <div class='ocr_carea' id='block_1_95' title="bbox 1955 3590 3545 3680">
    <p class='ocr_par' dir='ltr' id='par_1_95' title="bbox 1955 3590 3545 3680">
     <span class='ocr_line' id='line_1_95' title="bbox 1955 3590 3545 3680; baseline 0.011 -29"><span class='ocrx_word' id='word_1_668' title='bbox 1955 3590 2230 3662; x_wconf 87' lang='lat' dir='ltr'><strong>Scriptura</strong></span> <span class='ocrx_word' id='word_1_669' title='bbox 2260 3597 2435 3651; x_wconf 90' lang='lat' dir='ltr'><strong>omnis</strong></span> <span class='ocrx_word' id='word_1_670' title='bbox 2462 3612 2614 3653; x_wconf 87' lang='lat' dir='ltr'><strong>sacra</strong></span> <span class='ocrx_word' id='word_1_671' title='bbox 2638 3615 2796 3669; x_wconf 91' lang='lat' dir='ltr'><strong>quam</strong></span> <span class='ocrx_word' id='word_1_672' title='bbox 2826 3618 2952 3658; x_wconf 81' lang='lat' dir='ltr'><strong>vere</strong></span> <span class='ocrx_word' id='word_1_673' title='bbox 2973 3603 3153 3660; x_wconf 86' lang='lat' dir='ltr'><strong>divina</strong></span> <span class='ocrx_word' id='word_1_674' title='bbox 3180 3608 3270 3673; x_wconf 88' lang='lat' dir='ltr'><strong>sit,</strong></span> <span class='ocrx_word' id='word_1_675' title='bbox 3304 3623 3367 3664; x_wconf 88' lang='lat' dir='ltr'><strong>ac</strong></span> <span class='ocrx_word' id='word_1_676' title='bbox 3388 3610 3545 3680; x_wconf 80' lang='lat' dir='ltr'><strong>plena</strong></span> 
     </span>
    </p>
   </div>
   <div class='ocr_carea' id='block_1_96' title="bbox 1957 3686 3545 3769">
    <p class='ocr_par' dir='ltr' id='par_1_96' title="bbox 1957 3686 3545 3769">
     <span class='ocr_line' id='line_1_96' title="bbox 1957 3686 3545 3769; baseline 0.012 -30"><span class='ocrx_word' id='word_1_677' title='bbox 1957 3686 2250 3756; x_wconf 86' lang='lat' dir='ltr'><strong>mysteriis,</strong></span> <span class='ocrx_word' id='word_1_678' title='bbox 2282 3689 2498 3758; x_wconf 90' lang='lat' dir='ltr'><strong>quando</strong></span> <span class='ocrx_word' id='word_1_679' title='bbox 2530 3691 2595 3744; x_wconf 88' lang='lat' dir='ltr'><strong>ita</strong></span> <span class='ocrx_word' id='word_1_680' title='bbox 2619 3705 2916 3769; x_wconf 77' lang='lat' dir='ltr'><strong>congruant</strong></span> <span class='ocrx_word' id='word_1_681' title='bbox 2955 3697 3114 3753; x_wconf 88' lang='lat' dir='ltr'><strong>rebus</strong></span> <span class='ocrx_word' id='word_1_682' title='bbox 3142 3700 3385 3769; x_wconf 87' lang='lat' dir='ltr'><strong>nomina,</strong></span> <span class='ocrx_word' id='word_1_683' title='bbox 3414 3702 3545 3758; x_wconf 76' lang='lat' dir='ltr'><strong>affe-</strong></span> 
     </span>
    </p>
   </div>
   <div class='ocr_carea' id='block_1_97' title="bbox 1956 3776 3546 3862">
    <p class='ocr_par' dir='ltr' id='par_1_97' title="bbox 1956 3776 3546 3862">
     <span class='ocr_line' id='line_1_97' title="bbox 1956 3776 3546 3862; baseline 0.013 -32"><span class='ocrx_word' id='word_1_684' title='bbox 1956 3776 2243 3850; x_wconf 88' lang='lat' dir='ltr'><strong>clibusque</strong></span> <span class='ocrx_word' id='word_1_685' title='bbox 2273 3782 2659 3849; x_wconf 89' lang='lat' dir='ltr'><strong>respondeant.</strong></span> <span class='ocrx_word' id='word_1_686' title='bbox 2704 3785 2855 3840; x_wconf 90' lang='lat' dir='ltr'><strong>Sicut</strong></span> <span class='ocrx_word' id='word_1_687' title='bbox 2884 3786 3073 3855; x_wconf 80' lang='lat' dir='ltr'><strong>David,</strong></span> <span class='ocrx_word' id='word_1_688' title='bbox 3105 3791 3195 3861; x_wconf 91' lang='lat' dir='ltr'><strong>qui</strong></span> <span class='ocrx_word' id='word_1_689' title='bbox 3225 3793 3546 3862; x_wconf 73' lang='lat' dir='ltr'><strong>exprimitur</strong></span> 
     </span>
    </p>
   </div>
   <div class='ocr_carea' id='block_1_98' title="bbox 1956 3868 3546 3946">
    <p class='ocr_par' dir='ltr' id='par_1_98' title="bbox 1956 3868 3546 3946">
     <span class='ocr_line' id='line_1_98' title="bbox 1956 3868 3546 3946; baseline 0.011 -23"><span class='ocrx_word' id='word_1_690' title='bbox 1956 3868 2009 3923; x_wconf 88' lang='lat' dir='ltr'><strong>in</strong></span> <span class='ocrx_word' id='word_1_691' title='bbox 2034 3868 2280 3925; x_wconf 89' lang='lat' dir='ltr'><strong>Latinum</strong></span> <span class='ocrx_word' id='word_1_692' title='bbox 2314 3871 2469 3928; x_wconf 87' lang='lat' dir='ltr'><strong>fortis</strong></span> <span class='ocrx_word' id='word_1_693' title='bbox 2500 3889 2658 3929; x_wconf 91' lang='lat' dir='ltr'><strong>manu</strong></span> <span class='ocrx_word' id='word_1_694' title='bbox 2686 3894 2697 3929; x_wconf 94' lang='lat'>:</span> <span class='ocrx_word' id='word_1_695' title='bbox 2730 3877 2915 3946; x_wconf 90' lang='lat' dir='ltr'><strong>utique</strong></span> <span class='ocrx_word' id='word_1_696' title='bbox 2935 3877 3264 3937; x_wconf 87' lang='lat' dir='ltr'><strong>fortissimus</strong></span> <span class='ocrx_word' id='word_1_697' title='bbox 3292 3884 3546 3941; x_wconf 85' lang='lat' dir='ltr'><strong>omnibus</strong></span> 
     </span>
    </p>
   </div>
   <div class='ocr_carea' id='block_1_99' title="bbox 1957 3962 3546 4047">
    <p class='ocr_par' dir='ltr' id='par_1_99' title="bbox 1957 3962 3546 4047">
     <span class='ocr_line' id='line_1_99' title="bbox 1957 3962 3546 4047; baseline 0.012 -31"><span class='ocrx_word' id='word_1_698' title='bbox 1957 3962 2072 4017; x_wconf 87' lang='lat' dir='ltr'><strong>fere</strong></span> <span class='ocrx_word' id='word_1_699' title='bbox 2116 3964 2274 4019; x_wconf 91' lang='lat' dir='ltr'><strong>bellis</strong></span> <span class='ocrx_word' id='word_1_700' title='bbox 2313 3966 2543 4021; x_wconf 81' lang='lat' dir='ltr'><strong>exStitit.</strong></span> <span class='ocrx_word' id='word_1_701' title='bbox 2592 3967 2883 4037; x_wconf 90' lang='lat' dir='ltr'><strong>Salomon,</strong></span> <span class='ocrx_word' id='word_1_702' title='bbox 2940 3972 3198 4042; x_wconf 84' lang='lat' dir='ltr'><strong>paciﬁcus</strong></span> <span class='ocrx_word' id='word_1_703' title='bbox 3230 3993 3242 4029; x_wconf 95' lang='lat'>:</span> <span class='ocrx_word' id='word_1_704' title='bbox 3277 3977 3459 4047; x_wconf 85' lang='lat' dir='ltr'><strong>utique</strong></span> <span class='ocrx_word' id='word_1_705' title='bbox 3488 3978 3546 4036; x_wconf 90' lang='lat' dir='ltr'><strong>in</strong></span> 
     </span>
    </p>
   </div>
   <div class='ocr_carea' id='block_1_100' title="bbox 1958 4059 3543 4137">
    <p class='ocr_par' dir='ltr' id='par_1_100' title="bbox 1958 4059 3543 4137">
     <span class='ocr_line' id='line_1_100' title="bbox 1958 4059 3543 4137; baseline 0.013 -30"><span class='ocrx_word' id='word_1_706' title='bbox 1958 4071 2090 4127; x_wconf 86' lang='lat' dir='ltr'><strong>pace</strong></span> <span class='ocrx_word' id='word_1_707' title='bbox 2140 4072 2364 4127; x_wconf 89' lang='lat' dir='ltr'><strong>regnum</strong></span> <span class='ocrx_word' id='word_1_708' title='bbox 2392 4059 2807 4118; x_wconf 86' lang='lat' dir='ltr'><strong>administravit.</strong></span> <span class='ocrx_word' id='word_1_709' title='bbox 2854 4065 3075 4132; x_wconf 90' lang='lat' dir='ltr'><strong>Daniel,</strong></span> <span class='ocrx_word' id='word_1_710' title='bbox 3110 4067 3372 4137; x_wconf 87' lang='lat' dir='ltr'><strong>judicium</strong></span> <span class='ocrx_word' id='word_1_711' title='bbox 3403 4071 3497 4128; x_wconf 88' lang='lat' dir='ltr'><strong>Dei</strong></span> <span class='ocrx_word' id='word_1_712' title='bbox 3527 4088 3543 4127; x_wconf 90' lang='lat'><strong>:</strong></span> 
     </span>
    </p>
   </div>
   <div class='ocr_carea' id='block_1_101' title="bbox 1956 4148 3545 4226">
    <p class='ocr_par' dir='ltr' id='par_1_101' title="bbox 1956 4148 3545 4226">
     <span class='ocr_line' id='line_1_101' title="bbox 1956 4148 3545 4226; baseline 0.009 -23"><span class='ocrx_word' id='word_1_713' title='bbox 1956 4148 2141 4218; x_wconf 91' lang='lat' dir='ltr'><strong>utique</strong></span> <span class='ocrx_word' id='word_1_714' title='bbox 2172 4149 2223 4202; x_wconf 90' lang='lat' dir='ltr'><strong>in</strong></span> <span class='ocrx_word' id='word_1_715' title='bbox 2262 4149 2697 4221; x_wconf 87' lang='lat' dir='ltr'><strong>presbyterorum</strong></span> <span class='ocrx_word' id='word_1_716' title='bbox 2723 4154 2930 4226; x_wconf 82' lang='lat' dir='ltr'><strong>judicio</strong></span> <span class='ocrx_word' id='word_1_717' title='bbox 2973 4162 3295 4216; x_wconf 87' lang='lat' dir='ltr'><strong>sententiam</strong></span> <span class='ocrx_word' id='word_1_718' title='bbox 3347 4162 3545 4218; x_wconf 72' lang='lat' dir='ltr'><strong>divinae</strong></span> 
     </span>
    </p>
   </div>
   <div class='ocr_carea' id='block_1_102' title="bbox 1957 4240 3540 4319">
    <p class='ocr_par' dir='ltr' id='par_1_102' title="bbox 1957 4240 3540 4319">
     <span class='ocr_line' id='line_1_102' title="bbox 1957 4240 3540 4319; baseline 0.01 -24"><span class='ocrx_word' id='word_1_719' title='bbox 1957 4240 2360 4310; x_wconf 87' lang='lat' dir='ltr'><strong>disceptationis</strong></span> <span class='ocrx_word' id='word_1_720' title='bbox 2402 4244 2665 4299; x_wconf 84' lang='lat' dir='ltr'><strong>exhibuit.</strong></span> <span class='ocrx_word' id='word_1_721' title='bbox 2707 4245 2861 4303; x_wconf 89' lang='lat' dir='ltr'><strong>Unde</strong></span> <span class='ocrx_word' id='word_1_722' title='bbox 2904 4250 3031 4319; x_wconf 90' lang='lat' dir='ltr'><strong>quid</strong></span> <span class='ocrx_word' id='word_1_723' title='bbox 3063 4250 3257 4307; x_wconf 91' lang='lat' dir='ltr'><strong>mirum</strong></span> <span class='ocrx_word' id='word_1_724' title='bbox 3290 4255 3333 4308; x_wconf 91' lang='lat' dir='ltr'><strong>si</strong></span> <span class='ocrx_word' id='word_1_725' title='bbox 3372 4253 3424 4309; x_wconf 87' lang='lat' dir='ltr'><strong>bi</strong></span> <span class='ocrx_word' id='word_1_726' title='bbox 3456 4254 3540 4311; x_wconf 81' lang='lat' dir='ltr'><strong>fu-</strong></span> 
     </span>
    </p>
   </div>
   <div class='ocr_carea' id='block_1_103' title="bbox 1958 4334 3545 4413">
    <p class='ocr_par' dir='ltr' id='par_1_103' title="bbox 1958 4334 3545 4413">
     <span class='ocr_line' id='line_1_103' title="bbox 1958 4334 3545 4413; baseline 0.011 -25"><span class='ocrx_word' id='word_1_727' title='bbox 1958 4342 2077 4389; x_wconf 88' lang='lat' dir='ltr'><strong>tura</strong></span> <span class='ocrx_word' id='word_1_728' title='bbox 2109 4334 2541 4403; x_wconf 63' lang='lat' dir='ltr'><strong>prtedicaverint.</strong></span> <span class='ocrx_word' id='word_1_729' title='bbox 2575 4354 2800 4408; x_wconf 91' lang='lat' dir='ltr'><strong>quorum</strong></span> <span class='ocrx_word' id='word_1_730' title='bbox 2828 4343 2990 4397; x_wconf 89' lang='lat' dir='ltr'><strong>etiam</strong></span> <span class='ocrx_word' id='word_1_731' title='bbox 3015 4346 3229 4401; x_wconf 86' lang='lat' dir='ltr'><strong>nomina</strong></span> <span class='ocrx_word' id='word_1_732' title='bbox 3252 4388 3265 4413; x_wconf 96' lang='lat'><strong>,</strong></span> <span class='ocrx_word' id='word_1_733' title='bbox 3293 4348 3431 4403; x_wconf 89' lang='lat' dir='ltr'><strong>sicut</strong></span> <span class='ocrx_word' id='word_1_734' title='bbox 3455 4364 3545 4405; x_wconf 89' lang='lat' dir='ltr'><strong>res</strong></span> 
     </span>
    </p>
   </div>
   <div class='ocr_carea' id='block_1_104' title="bbox 1959 4425 3544 4507">
    <p class='ocr_par' dir='ltr' id='par_1_104' title="bbox 1959 4425 3544 4507">
     <span class='ocr_line' id='line_1_104' title="bbox 1959 4425 3544 4507; baseline 0.011 -27"><span class='ocrx_word' id='word_1_735' title='bbox 1959 4425 2209 4491; x_wconf 90' lang='lat' dir='ltr'><strong>edocent,</strong></span> <span class='ocrx_word' id='word_1_736' title='bbox 2239 4428 2576 4497; x_wconf 88' lang='lat' dir='ltr'><strong>prophetiam</strong></span> <span class='ocrx_word' id='word_1_737' title='bbox 2610 4433 2838 4487; x_wconf 80' lang='lat' dir='ltr'><strong>sonant?</strong></span> <span class='ocrx_word' id='word_1_738' title='bbox 2869 4432 2976 4490; x_wconf 92' lang='lat' dir='ltr'><strong>Sed</strong></span> <span class='ocrx_word' id='word_1_739' title='bbox 3012 4435 3125 4507; x_wconf 78' lang='lat' dir='ltr'><strong>jam</strong></span> <span class='ocrx_word' id='word_1_740' title='bbox 3153 4436 3221 4493; x_wconf 94' lang='lat' dir='ltr'><strong>de</strong></span> <span class='ocrx_word' id='word_1_741' title='bbox 3243 4440 3410 4496; x_wconf 90' lang='lat' dir='ltr'><strong>variis</strong></span> <span class='ocrx_word' id='word_1_742' title='bbox 3446 4458 3544 4496; x_wconf 88' lang='lat' dir='ltr'><strong>vo-</strong></span> 
     </span>
    </p>
   </div>
   <div class='ocr_carea' id='block_1_105' title="bbox 1959 4520 3013 4596">
    <p class='ocr_par' dir='ltr' id='par_1_105' title="bbox 1959 4520 3013 4596">
     <span class='ocr_line' id='line_1_105' title="bbox 1959 4520 3013 4596; baseline 0.008 -20"><span class='ocrx_word' id='word_1_743' title='bbox 1959 4520 2167 4577; x_wconf 86' lang='lat' dir='ltr'><strong>cabulis</strong></span> <span class='ocrx_word' id='word_1_744' title='bbox 2197 4522 2695 4593; x_wconf 86' lang='lat' dir='ltr'><strong>interpretationem</strong></span> <span class='ocrx_word' id='word_1_745' title='bbox 2730 4542 3013 4596; x_wconf 89' lang='lat' dir='ltr'><strong>ponamus.</strong></span> 
     </span>
    </p>
   </div>
   <div class='ocr_carea' id='block_1_106' title="bbox 2582 4616 2909 4673">
    <p class='ocr_par' dir='ltr' id='par_1_106' title="bbox 2582 4616 2909 4673">
     <span class='ocr_line' id='line_1_106' title="bbox 2582 4616 2909 4673; baseline -0.003 -1"><span class='ocrx_word' id='word_1_746' title='bbox 2582 4616 2808 4673; x_wconf 79' lang='lat' dir='ltr'><strong>CAPUT</strong></span> <span class='ocrx_word' id='word_1_747' title='bbox 2846 4619 2909 4673; x_wconf 88' lang='lat' dir='ltr'><strong>II.</strong></span> 
     </span>
    </p>
   </div>
   <div class='ocr_carea' id='block_1_107' title="bbox 2460 4707 3045 4769">
    <p class='ocr_par' dir='ltr' id='par_1_107' title="bbox 2460 4707 3045 4769">
     <span class='ocr_line' id='line_1_107' title="bbox 2460 4707 3045 4769; baseline 0.012 -8"><span class='ocrx_word' id='word_1_748' title='bbox 2460 4707 2538 4763; x_wconf 84' lang='lat' dir='ltr'><strong>De</strong></span> <span class='ocrx_word' id='word_1_749' title='bbox 2576 4711 2730 4766; x_wconf 81' lang='lat' dir='ltr'><strong>variis</strong></span> <span class='ocrx_word' id='word_1_750' title='bbox 2766 4713 3045 4769; x_wconf 79' lang='lat' dir='ltr'><strong>vocabulis.</strong></span> 
     </span>
    </p>
   </div>
   <div class='ocr_carea' id='block_1_108' title="bbox 2034 4799 3547 4877">
    <p class='ocr_par' dir='ltr' id='par_1_108' title="bbox 2034 4799 3547 4877">
     <span class='ocr_line' id='line_1_108' title="bbox 2034 4799 3547 4877; baseline 0.007 -22"><span class='ocrx_word' id='word_1_751' title='bbox 2034 4799 2292 4865; x_wconf 81' lang='lat' dir='ltr'><strong>Alleluia,</strong></span> <span class='ocrx_word' id='word_1_752' title='bbox 2325 4801 2379 4857; x_wconf 91' lang='lat' dir='ltr'><strong>in</strong></span> <span class='ocrx_word' id='word_1_753' title='bbox 2417 4802 2661 4858; x_wconf 89' lang='lat' dir='ltr'><strong>Latinum</strong></span> <span class='ocrx_word' id='word_1_754' title='bbox 2696 4815 2851 4861; x_wconf 90' lang='lat' dir='ltr'><strong>sonat</strong></span> <span class='ocrx_word' id='word_1_755' title='bbox 2882 4806 3096 4865; x_wconf 86' lang='lat' dir='ltr'><strong>laudate</strong></span> <span class='ocrx_word' id='word_1_756' title='bbox 3124 4808 3446 4877; x_wconf 90' lang='lat' dir='ltr'><strong>Dominum;</strong></span> <span class='ocrx_word' id='word_1_757' title='bbox 3497 4811 3547 4867; x_wconf 82' lang='lat' dir='ltr'><strong>ia</strong></span> 
     </span>
    </p>
   </div>
   <div class='ocr_carea' id='block_1_109' title="bbox 1963 4892 3549 4975">
    <p class='ocr_par' dir='ltr' id='par_1_109' title="bbox 1963 4892 3549 4975">
     <span class='ocr_line' id='line_1_109' title="bbox 1963 4892 3549 4975; baseline 0.009 -28"><span class='ocrx_word' id='word_1_758' title='bbox 1963 4892 2108 4948; x_wconf 89' lang='lat' dir='ltr'><strong>enim</strong></span> <span class='ocrx_word' id='word_1_759' title='bbox 2142 4910 2303 4949; x_wconf 92' lang='lat' dir='ltr'><strong>unum</strong></span> <span class='ocrx_word' id='word_1_760' title='bbox 2332 4904 2414 4951; x_wconf 93' lang='lat' dir='ltr'><strong>est</strong></span> <span class='ocrx_word' id='word_1_761' title='bbox 2453 4896 2520 4952; x_wconf 92' lang='lat' dir='ltr'><strong>de</strong></span> <span class='ocrx_word' id='word_1_762' title='bbox 2543 4895 2731 4952; x_wconf 88' lang='lat' dir='ltr'><strong>decem</strong></span> <span class='ocrx_word' id='word_1_763' title='bbox 2764 4898 3074 4957; x_wconf 87' lang='lat' dir='ltr'><strong>nominibus</strong></span> <span class='ocrx_word' id='word_1_764' title='bbox 3105 4902 3231 4971; x_wconf 92' lang='lat' dir='ltr'><strong>Dei,</strong></span> <span class='ocrx_word' id='word_1_765' title='bbox 3262 4920 3381 4975; x_wconf 73' lang='lat' dir='ltr'><strong>quae</strong></span> <span class='ocrx_word' id='word_1_766' title='bbox 3409 4905 3549 4975; x_wconf 87' lang='lat' dir='ltr'><strong>apud</strong></span> 
     </span>
    </p>
   </div>
   <div class='ocr_carea' id='block_1_110' title="bbox 1965 4984 3549 5070">
    <p class='ocr_par' dir='ltr' id='par_1_110' title="bbox 1965 4984 3549 5070">
     <span class='ocr_line' id='line_1_110' title="bbox 1965 4984 3549 5070; baseline 0.006 -30"><span class='ocrx_word' id='word_1_767' title='bbox 1965 4984 2223 5043; x_wconf 67' lang='lat' dir='ltr'><strong>Hebraeos</strong></span> <span class='ocrx_word' id='word_1_768' title='bbox 2256 4987 2542 5070; x_wconf 70' lang='lat' dir='ltr'><strong>habentur.</strong></span> <span class='ocrx_word' id='word_1_769' title='bbox 2575 4990 2771 5058; x_wconf 84' lang='lat' dir='ltr'><strong>Amen,</strong></span> <span class='ocrx_word' id='word_1_770' title='bbox 2806 5007 2957 5060; x_wconf 89' lang='lat' dir='ltr'><strong>vere,</strong></span> <span class='ocrx_word' id='word_1_771' title='bbox 2996 4995 3109 5049; x_wconf 90' lang='lat' dir='ltr'><strong>sive</strong></span> <span class='ocrx_word' id='word_1_772' title='bbox 3140 4994 3395 5051; x_wconf 89' lang='lat' dir='ltr'><strong>ﬁdeliter.</strong></span> <span class='ocrx_word' id='word_1_773' title='bbox 3426 4995 3549 5050; x_wconf 84' lang='lat' dir='ltr'><strong>Dia-</strong></span> 
     </span>
    </p>
   </div>
   <div class='ocr_carea' id='block_1_111' title="bbox 1962 5079 3547 5156">
    <p class='ocr_par' dir='ltr' id='par_1_111' title="bbox 1962 5079 3547 5156">
     <span class='ocr_line' id='line_1_111' title="bbox 1962 5079 3547 5156; baseline 0.007 -23"><span class='ocrx_word' id='word_1_774' title='bbox 1962 5079 2192 5148; x_wconf 87' lang='lat' dir='ltr'><strong>psalma,</strong></span> <span class='ocrx_word' id='word_1_775' title='bbox 2223 5095 2438 5151; x_wconf 90' lang='lat' dir='ltr'><strong>semper</strong></span> <span class='ocrx_word' id='word_1_776' title='bbox 2462 5098 2472 5135; x_wconf 91' lang='lat'><em>:</em></span> <span class='ocrx_word' id='word_1_777' title='bbox 2494 5097 2561 5138; x_wconf 89' lang='lat' dir='ltr'><strong>eo</strong></span> <span class='ocrx_word' id='word_1_778' title='bbox 2584 5082 2728 5155; x_wconf 91' lang='lat' dir='ltr'><strong>quod</strong></span> <span class='ocrx_word' id='word_1_779' title='bbox 2754 5084 2846 5139; x_wconf 89' lang='lat' dir='ltr'><strong>illa</strong></span> <span class='ocrx_word' id='word_1_780' title='bbox 2874 5086 3069 5156; x_wconf 89' lang='lat' dir='ltr'><strong>quibus</strong></span> <span class='ocrx_word' id='word_1_781' title='bbox 3091 5084 3195 5142; x_wconf 86' lang='lat' dir='ltr'><strong>hoc</strong></span> <span class='ocrx_word' id='word_1_782' title='bbox 3218 5087 3547 5155; x_wconf 90' lang='lat' dir='ltr'><strong>adnectitur,</strong></span> 
     </span>
    </p>
   </div>
   <div class='ocr_carea' id='block_1_112' title="bbox 1960 5174 3549 5249">
    <p class='ocr_par' dir='ltr' id='par_1_112' title="bbox 1960 5174 3549 5249">
     <span class='ocr_line' id='line_1_112' title="bbox 1960 5174 3549 5249; baseline 0.004 -20"><span class='ocrx_word' id='word_1_783' title='bbox 1960 5174 2291 5244; x_wconf 89' lang='lat' dir='ltr'><strong>sempiterna</strong></span> <span class='ocrx_word' id='word_1_784' title='bbox 2318 5191 2439 5231; x_wconf 85' lang='lat' dir='ltr'><strong>esse</strong></span> <span class='ocrx_word' id='word_1_785' title='bbox 2475 5177 2761 5234; x_wconf 88' lang='lat' dir='ltr'><strong>conﬁrmet</strong></span> <span class='ocrx_word' id='word_1_786' title='bbox 2796 5194 2824 5233; x_wconf 89' lang='lat' dir='ltr'><strong>a</strong></span> <span class='ocrx_word' id='word_1_787' title='bbox 2858 5177 2999 5249; x_wconf 86' lang='lat' dir='ltr'><strong>Deo;</strong></span> <span class='ocrx_word' id='word_1_788' title='bbox 3035 5196 3141 5236; x_wconf 93' lang='lat' dir='ltr'><strong>non</strong></span> <span class='ocrx_word' id='word_1_789' title='bbox 3171 5182 3549 5237; x_wconf 83' lang='lat' dir='ltr'><strong>commutatio-</strong></span> 
     </span>
    </p>
   </div>
   <div class='ocr_carea' id='block_1_113' title="bbox 1961 5268 3553 5344">
    <p class='ocr_par' dir='ltr' id='par_1_113' title="bbox 1961 5268 3553 5344">
     <span class='ocr_line' id='line_1_113' title="bbox 1961 5268 3553 5344; baseline 0.004 -21"><span class='ocrx_word' id='word_1_790' title='bbox 1961 5282 2085 5323; x_wconf 89' lang='lat' dir='ltr'><strong>nem</strong></span> <span class='ocrx_word' id='word_1_791' title='bbox 2110 5268 2267 5322; x_wconf 90' lang='lat' dir='ltr'><strong>metri</strong></span> <span class='ocrx_word' id='word_1_792' title='bbox 2296 5268 2593 5338; x_wconf 79' lang='lat' dir='ltr'><strong>signiﬁcat,</strong></span> <span class='ocrx_word' id='word_1_793' title='bbox 2627 5278 2684 5325; x_wconf 92' lang='lat' dir='ltr'><strong>ut</strong></span> <span class='ocrx_word' id='word_1_794' title='bbox 2712 5271 2928 5340; x_wconf 92' lang='lat' dir='ltr'><strong>quidam</strong></span> <span class='ocrx_word' id='word_1_795' title='bbox 2958 5272 3291 5343; x_wconf 84' lang='lat' dir='ltr'><strong>existimant,</strong></span> <span class='ocrx_word' id='word_1_796' title='bbox 3322 5274 3408 5329; x_wconf 88' lang='lat' dir='ltr'><strong>vel</strong></span> <span class='ocrx_word' id='word_1_797' title='bbox 3440 5274 3553 5344; x_wconf 89' lang='lat' dir='ltr'><strong>spi-</strong></span> 
     </span>
    </p>
   </div>
   <div class='ocr_carea' id='block_1_114' title="bbox 1962 5359 3549 5436">
    <p class='ocr_par' dir='ltr' id='par_1_114' title="bbox 1962 5359 3549 5436">
     <span class='ocr_line' id='line_1_114' title="bbox 1962 5359 3549 5436; baseline 0.005 -23"><span class='ocrx_word' id='word_1_798' title='bbox 1962 5359 2099 5414; x_wconf 91' lang='lat' dir='ltr'><strong>ritus</strong></span> <span class='ocrx_word' id='word_1_799' title='bbox 2110 5360 2411 5430; x_wconf 91' lang='lat' dir='ltr'><strong>prophetici</strong></span> <span class='ocrx_word' id='word_1_800' title='bbox 2426 5360 2799 5419; x_wconf 84' lang='lat' dir='ltr'><strong>refectionem.</strong></span> <span class='ocrx_word' id='word_1_801' title='bbox 2819 5363 2956 5419; x_wconf 91' lang='lat' dir='ltr'><strong>Sunt</strong></span> <span class='ocrx_word' id='word_1_802' title='bbox 2973 5366 3133 5420; x_wconf 90' lang='lat' dir='ltr'><strong>etiam</strong></span> <span class='ocrx_word' id='word_1_803' title='bbox 3149 5365 3237 5436; x_wconf 92' lang='lat' dir='ltr'><strong>qui</strong></span> <span class='ocrx_word' id='word_1_804' title='bbox 3252 5366 3549 5436; x_wconf 79' lang='lat' dir='ltr'><strong>diapsalma</strong></span> 
     </span>
    </p>
   </div>
   <div class='ocr_carea' id='block_1_115' title="bbox 1963 5453 3553 5528">
    <p class='ocr_par' dir='ltr' id='par_1_115' title="bbox 1963 5453 3553 5528">
     <span class='ocr_line' id='line_1_115' title="bbox 1963 5453 3553 5528; baseline 0.004 -19"><span class='ocrx_word' id='word_1_805' title='bbox 1963 5453 2087 5509; x_wconf 86' lang='lat' dir='ltr'><strong>ideo</strong></span> <span class='ocrx_word' id='word_1_806' title='bbox 2116 5453 2335 5510; x_wconf 91' lang='lat' dir='ltr'><strong>inscribi</strong></span> <span class='ocrx_word' id='word_1_807' title='bbox 2357 5464 2579 5524; x_wconf 90' lang='lat' dir='ltr'><strong>putent,</strong></span> <span class='ocrx_word' id='word_1_808' title='bbox 2610 5464 2671 5512; x_wconf 93' lang='lat' dir='ltr'><strong>ut</strong></span> <span class='ocrx_word' id='word_1_809' title='bbox 2694 5473 2762 5512; x_wconf 81' lang='lat' dir='ltr'><strong>ex</strong></span> <span class='ocrx_word' id='word_1_810' title='bbox 2793 5457 2894 5514; x_wconf 90' lang='lat' dir='ltr'><strong>hoc</strong></span> <span class='ocrx_word' id='word_1_811' title='bbox 2917 5458 3021 5513; x_wconf 89' lang='lat' dir='ltr'><strong>sibi</strong></span> <span class='ocrx_word' id='word_1_812' title='bbox 3052 5472 3407 5528; x_wconf 89' lang='lat' dir='ltr'><strong>personarum</strong></span> <span class='ocrx_word' id='word_1_813' title='bbox 3435 5460 3553 5517; x_wconf 82' lang='lat' dir='ltr'><strong>sive</strong></span> 
     </span>
    </p>
   </div>
   <div class='ocr_carea' id='block_1_116' title="bbox 1965 5547 3546 5619">
    <p class='ocr_par' dir='ltr' id='par_1_116' title="bbox 1965 5547 3546 5619">
     <span class='ocr_line' id='line_1_116' title="bbox 1965 5547 3546 5619; baseline 0.004 -17"><span class='ocrx_word' id='word_1_814' title='bbox 1965 5561 2218 5603; x_wconf 87' lang='lat' dir='ltr'><strong>sensuum</strong></span> <span class='ocrx_word' id='word_1_815' title='bbox 2239 5547 2567 5619; x_wconf 88' lang='lat' dir='ltr'><strong>intelligatur</strong></span> <span class='ocrx_word' id='word_1_816' title='bbox 2580 5564 2701 5605; x_wconf 91' lang='lat' dir='ltr'><strong>esse</strong></span> <span class='ocrx_word' id='word_1_817' title='bbox 2712 5549 3017 5604; x_wconf 90' lang='lat' dir='ltr'><strong>conversio.</strong></span> <span class='ocrx_word' id='word_1_818' title='bbox 3032 5550 3267 5618; x_wconf 85' lang='lat' dir='ltr'><strong>Osanna,</strong></span> <span class='ocrx_word' id='word_1_819' title='bbox 3289 5551 3546 5617; x_wconf 82' lang='lat' dir='ltr'><strong>salviﬁca,</strong></span> 
     </span>
    </p>
   </div>
   <div class='ocr_carea' id='block_1_117' title="bbox 1965 5639 3545 5712">
    <p class='ocr_par' dir='ltr' id='par_1_117' title="bbox 1965 5639 3545 5712">
     <span class='ocr_line' id='line_1_117' title="bbox 1965 5639 3545 5712; baseline 0.004 -19"><span class='ocrx_word' id='word_1_820' title='bbox 1965 5641 2079 5695; x_wconf 82' lang='lat' dir='ltr'><strong>sive</strong></span> <span class='ocrx_word' id='word_1_821' title='bbox 2100 5641 2309 5696; x_wconf 87' lang='lat' dir='ltr'><strong>salvum</strong></span> <span class='ocrx_word' id='word_1_822' title='bbox 2336 5656 2421 5694; x_wconf 90' lang='lat' dir='ltr'><strong>me</strong></span> <span class='ocrx_word' id='word_1_823' title='bbox 2452 5640 2547 5695; x_wconf 82' lang='lat' dir='ltr'><strong>fac.</strong></span> <span class='ocrx_word' id='word_1_824' title='bbox 2578 5639 2671 5695; x_wconf 88' lang='lat' dir='ltr'><strong>Osi</strong></span> <span class='ocrx_word' id='word_1_825' title='bbox 2702 5640 2845 5696; x_wconf 92' lang='lat' dir='ltr'><strong>enim</strong></span> <span class='ocrx_word' id='word_1_826' title='bbox 2869 5640 3107 5697; x_wconf 90' lang='lat' dir='ltr'><strong>salviﬁca</strong></span> <span class='ocrx_word' id='word_1_827' title='bbox 3139 5642 3545 5712; x_wconf 90' lang='lat' dir='ltr'><strong>interpretatur,</strong></span> 
     </span>
    </p>
   </div>
   <div class='ocr_carea' id='block_1_118' title="bbox 1965 5732 3543 5805">
    <p class='ocr_par' dir='ltr' id='par_1_118' title="bbox 1965 5732 3543 5805">
     <span class='ocr_line' id='line_1_118' title="bbox 1965 5732 3543 5805; baseline 0.001 -16"><span class='ocrx_word' id='word_1_828' title='bbox 1965 5748 2106 5789; x_wconf 89' lang='lat' dir='ltr'><strong>anna</strong></span> <span class='ocrx_word' id='word_1_829' title='bbox 2127 5733 2432 5804; x_wconf 88' lang='lat' dir='ltr'><strong>interjectio</strong></span> <span class='ocrx_word' id='word_1_830' title='bbox 2449 5742 2532 5788; x_wconf 91' lang='lat' dir='ltr'><strong>est</strong></span> <span class='ocrx_word' id='word_1_831' title='bbox 2554 5732 2913 5802; x_wconf 89' lang='lat' dir='ltr'><strong>deprecantis.</strong></span> <span class='ocrx_word' id='word_1_832' title='bbox 2932 5734 3071 5803; x_wconf 89' lang='lat' dir='ltr'><strong>Ergo</strong></span> <span class='ocrx_word' id='word_1_833' title='bbox 3096 5734 3301 5805; x_wconf 89' lang='lat' dir='ltr'><strong>integre</strong></span> <span class='ocrx_word' id='word_1_834' title='bbox 3326 5734 3543 5804; x_wconf 87' lang='lat' dir='ltr'><strong>dicitur,</strong></span> 
     </span>
    </p>
   </div>
   <div class='ocr_carea' id='block_1_119' title="bbox 1966 5825 3562 5898">
    <p class='ocr_par' dir='ltr' id='par_1_119' title="bbox 1966 5825 3562 5898">
     <span class='ocr_line' id='line_1_119' title="bbox 1966 5825 3562 5898; baseline 0.002 -15"><span class='ocrx_word' id='word_1_835' title='bbox 1966 5825 2225 5884; x_wconf 79' lang='lat' dir='ltr'><strong>Osianua.</strong></span> <span class='ocrx_word' id='word_1_836' title='bbox 2262 5829 2368 5884; x_wconf 89' lang='lat' dir='ltr'><strong>Sed</strong></span> <span class='ocrx_word' id='word_1_837' title='bbox 2398 5828 2525 5885; x_wconf 89' lang='lat' dir='ltr'><strong>dum</strong></span> <span class='ocrx_word' id='word_1_838' title='bbox 2553 5826 2841 5898; x_wconf 86' lang='lat' dir='ltr'><strong>corripitur</strong></span> <span class='ocrx_word' id='word_1_839' title='bbox 2868 5834 2965 5882; x_wconf 86' lang='lat' dir='ltr'><strong>aut</strong></span> <span class='ocrx_word' id='word_1_840' title='bbox 2984 5826 3369 5898; x_wconf 84' lang='lat' dir='ltr'><strong>corrumpitur,</strong></span> <span class='ocrx_word' id='word_1_841' title='bbox 3393 5838 3562 5891; x_wconf 69' lang='lat' dir='ltr'><strong>sonat</strong></span> 
     </span>
    </p>
   </div>
  </div>
