4024 6336
535 322 644 384 815

1527 315 1588 375 S.
1628 315 1958 375 EUCHERll
1998 316 2483 379 LUGDUNENSIS
2522 319 2827 378 EPISCOPI

3724 328 3827 397 816

534 455 765 497 osanna.
790 438 885 495 Est
907 444 1085 493 autem
1116 448 1333 499 sensus,
1359 446 1571 489 saivum
1596 433 1682 490 fac
1700 474 1716 501 ,
1754 434 2125 500 subaudiatur,
2158 436 2211 498 Α
2232 437 2468 507 virgulto
2496 436 2725 494 Sabeth.
2757 434 2995 504 Lebete,
3023 432 3158 493 aenei
3187 437 3425 496 minores
3463 440 3519 495 in
3547 456 3705 498 usum
3729 458 3825 503 eo.

535 535 622 591 vel
651 535 908 605 populum
935 530 1123 593 Israel,
1149 528 1234 583 vel
1264 537 1432 581 totum
1464 526 1747 582 mundum.
1775 525 2004 591 Rbama,
2037 541 2130 581 ex-

537 626 703 682 celsa.
739 624 799 679 ln
830 620 1126 690 Evangelia
1162 637 1175 674 :
1213 616 1327 672 Vox
1353 620 1407 671 in
1437 616 1621 671 rhama
1643 618 1822 672 audita
1842 626 1946 683 est,
1965 616 2018 671 id
2048 626 2133 671 est

536 718 592 771 in
615 714 865 771 excelsis.
900 713 996 767 Est
1023 722 1202 765 tamen
1226 718 1282 764 et
1301 710 1525 777 civitas,
1556 724 1676 780 qua:
1710 707 1918 763 Rhama
1949 708 2133 777 appel-

536 805 700 859 latur.
726 801 908 858 Racba
934 845 949 869 ,
999 815 1199 867 vanus,
1247 810 1338 855 aut
1380 799 1577 854 inanis.
1620 797 1817 867 Rabbi,
1854 800 2130 868 magister,

514 888 734 969 'Syrum
765 904 867 951 est.
894 895 1036 960 Man,
1080 894 1242 965 quid?
1269 895 1483 959 Manna,
1506 893 1635 964 quid
1664 902 1747 948 est
1797 894 1931 948 hoc?
1954 892 2129 959 Abba,

536 1001 695 1061 pater
739 1009 750 1043 :
783 1001 837 1045 et
868 990 969 1045 hoc
995 987 1193 1060 Syrum
1226 995 1327 1042 est.
1361 986 1660 1041 Anathema
1685 1026 1702 1053 ,
1734 984 1984 1056 perditio.
2017 986 2131 1051 Ma-

535 1086 787 1152 ranatha,
807 1081 1070 1140 Dominus
1092 1091 1279 1137 noster
1302 1080 1477 1146 venit,
1498 1082 1694 1151 Syrum
1710 1088 1815 1135 est.
1831 1078 2133 1133 Anatbema

537 1187 719 1233 autem
744 1175 1086 1241 maranatha,
1117 1174 1259 1229 sicut
1306 1173 1523 1243 quidam
1553 1171 1769 1237 dicunt,
1820 1169 2051 1239 perditio
2079 1168 2132 1223 in

541 1272 782 1327 adventu
822 1269 1059 1324 Domini.
1107 1268 1409 1323 Mammona
1436 1311 1451 1334 ,
1496 1266 1717 1320 divitiae.
1758 1262 2130 1333 Theraphim.

543 1364 731 1433 ﬁgura:
753 1404 768 1429 ,
795 1362 879 1417 vel
912 1359 1207 1431 imagines,
1257 1359 1451 1412 melius
1483 1371 1643 1427 quam
1668 1354 1937 1410 incendia.
1968 1354 2132 1408 Sera-

539 1454 691 1525 phim
719 1453 804 1510 vel
830 1450 1112 1521 seraphin,
1141 1449 1414 1512 ardentes,
1446 1448 1529 1503 vel
1558 1445 1939 1509 incendentes,
1978 1444 2134 1513 juxta

539 1546 673 1601 illud
724 1563 739 1598 :
788 1545 889 1612 Qui
930 1543 1055 1613 facit
1082 1540 1292 1612 angelos
1331 1555 1451 1593 suos
1476 1538 1726 1607 spiritus,
1775 1547 1822 1590 et
1873 1534 2135 1588 ministros

538 1657 659 1695 suos
688 1641 859 1710 ignem
885 1648 1135 1693 urentem.
1167 1636 1313 1706 Ergo
1340 1633 1595 1704 seraphin
1627 1635 1854 1688 virtutes
1892 1632 1946 1686 in
1978 1629 2137 1685 cmlis

540 1750 665 1791 esse
692 1736 1036 1800 conﬁrmant,
1064 1748 1184 1802 qua:
1208 1728 1378 1785 Deum
1403 1728 1648 1795 laudent,
1678 1739 1729 1783 et
1758 1727 1810 1781 in
1838 1725 2135 1781 ministeria

2230 527 2430 598 quendi
2456 526 2649 598 parati.
2678 526 2735 581 ln
2762 528 3213 597 Paralipomenon
3246 548 3257 582 :
3291 530 3551 587 Paciﬁcas
3580 550 3709 590 vero
3730 534 3825 591 ho-

2230 620 2361 675 stias
2392 630 2655 676 coxerunt
2680 619 2734 673 in
2759 618 2972 683 lebetis,
3008 628 3065 675 et
3100 621 3337 688 cacabis,
3370 635 3423 677 et
3447 624 3593 679 ollis.
3622 623 3826 693 Cophi-

2229 728 2356 779 nus,
2379 714 2579 768 corbis.
2606 712 2829 785 llydria,
2856 728 2948 768 vas
2971 715 3277 783 aquarium.
3304 714 3499 784 Condi,
3527 719 3579 773 in
3603 719 3822 789 Genesi,

2232 808 2486 878 poculum
2518 806 2603 861 vel
2629 805 2885 877 scyphus.
2927 806 3221 879 Lecythus,
3259 810 3310 865 in
3344 809 3679 882 Regnorum,
3709 830 3827 869 am-

2233 901 2380 969 pulla
2418 900 2643 957 olearia.
2677 900 2979 967 Lenticula,
3025 904 3077 957 in
3110 904 3248 959 libro
3277 905 3609 977 Regnorum,
3639 924 3830 967 vascu-

2235 989 2347 1045 lum
2378 1007 2444 1047 ex
2492 1007 2624 1058 aere,
2674 992 2881 1048 habens
2926 994 3105 1050 oleum
3135 1012 3241 1067 quo
3284 1000 3627 1070 ungebantur
3658 1002 3715 1058 in
3746 1020 3832 1061 re-

2233 1098 2418 1155 gnum.
2466 1083 2740 1153 Paropsis,
2773 1086 3115 1142 acetabulum
3156 1090 3350 1159 majus.
3389 1091 3571 1163 Aliqui
3600 1104 3656 1149 et
3699 1097 3830 1151 cati-

2233 1193 2363 1232 num
2392 1178 2463 1232 ita
2502 1178 2761 1247 appellari
2792 1186 3001 1247 putant.
3042 1180 3329 1252 Epistylia,
3360 1183 3413 1239 in
3444 1186 3681 1257 Regum,
3712 1204 3829 1258 qua

2236 1282 2403 1335 super
2424 1269 2676 1339 capitella
2701 1268 3082 1325 columnarum
3110 1284 3419 1342 ponuntur;
3449 1276 3700 1333 Graecum
3727 1290 3825 1334 est.

2238 1359 2589 1428 Mechonotb,
2622 1360 2676 1414 in
2718 1360 2953 1431 Regum,
2988 1361 3223 1431 fulturas,
3262 1381 3395 1437 quas
3442 1368 3601 1423 bases
3650 1373 3831 1441 appel-

2247 1455 2449 1510 lamus.
2479 1456 2772 1525 Topazion,
2804 1456 2941 1526 lapis
2982 1460 3275 1529 pretiosus,
3310 1463 3360 1516 in
3391 1477 3517 1532 quo,
3557 1465 3701 1519 sicut
3744 1464 3833 1520 alio

2240 1549 2330 1616 qui
2383 1546 2677 1612 afﬁrmant,
2717 1548 2958 1602 omnium
3000 1548 3236 1619 lapidum
3276 1552 3493 1609 colores
3542 1556 3831 1626 refulgent.

2240 1640 2512 1707 Corbana,
2557 1641 3022 1712 gazophylacium.
3072 1643 3327 1699 Corbona
3356 1656 3537 1702 autem
3569 1648 3834 1718 interpre-

2242 1741 2388 1788 tatur
2433 1733 2656 1788 oblatio.
2706 1732 2963 1801 Chasma,
3006 1738 3061 1790 in
3107 1736 3272 1802 Luca,
3328 1739 3538 1805 hiatus;
3587 1740 3837 1798 Graecum

544 1829 765 1884 diversa
812 1828 1113 1883 mittantur.
1159 1824 1433 1880 Cherubin
1464 1863 1480 1889 ,
1524 1820 1764 1878 scientia:
1824 1816 2136 1874 multitudo.
2166 1808 2217 1870 Β
2244 1834 2347 1880 est.
2380 1826 2629 1897 Erysibe,
2663 1826 2717 1881 in
2743 1828 3031 1898 propheta,
3056 1844 3263 1899 aerugo,
3294 1830 3345 1885 id
3372 1841 3458 1887 est
3477 1834 3677 1904 rubigo
3699 1850 3838 1891 mes-

542 1921 816 1977 Caaterum
864 1918 1135 1974 Cherubin
1171 1918 1347 1986 ipsum
1392 1915 1448 1969 in
1471 1921 1657 1969 sancta
1688 1919 1997 1967 sanctorum
2029 1908 2138 1963 duo

542 2023 752 2069 tantum
792 2012 1168 2082 signiﬁcantur
1213 2008 1495 2064 animalia.
1530 2006 1664 2061 Aliis
1698 2020 1829 2060 vero
1867 2004 2004 2058 locis
2048 2000 2140 2057 ubi

541 2104 647 2159 hoc
698 2118 896 2158 nomen
949 2100 1165 2172 legitur,
1196 2109 1289 2155 aut
1330 2099 1594 2167 picturam
1638 2097 1874 2166 aliquam
1905 2092 2136 2157 indicat,

542 2205 637 2251 aut
666 2196 1005 2251 varietatem.

1148 2281 1375 2340 CAPUT
1425 2282 1514 2338 lll.

820 2377 900 2432 De
939 2376 1255 2447 expositione
1284 2376 1603 2429 diversarum
1642 2388 1835 2426 rerum.

617 2472 992 2541 Mandragora,
1043 2470 1096 2523 in
1144 2467 1364 2535 Genesi,
1404 2480 1575 2537 genus
1614 2465 1759 2535 pomi
1808 2462 2140 2518 simillimum

549 2580 716 2635 parvo
744 2563 943 2634 peponi
980 2561 1161 2633 specie
1196 2561 1281 2616 vel
1327 2560 1516 2615 odore.
1550 2556 1822 2612 Mazaroth
1858 2558 2138 2623 zodiacon,

546 2673 670 2728 quae
722 2655 1005 2711 duodecim
1053 2656 1205 2725 signa
1256 2650 1622 2708 mathematici
1666 2660 1935 2705 asserunt.
1981 2649 2141 2715 Fatb,

545 2749 729 2812 clima,
790 2746 843 2801 id
899 2756 982 2801 est
1030 2747 1185 2816 plaga
1236 2743 1569 2808 Meridiana,
1626 2743 1709 2797 vel
1760 2741 2141 2797 Occidentalis.

547 2838 854 2903 lennus,
904 2836 957 2890 in
1003 2834 1292 2899 Psalterio,
1338 2848 1444 2888 non
1494 2832 1660 2887 rubus
1688 2840 1790 2898 est,
1826 2832 1921 2886 sed
1962 2831 2146 2900 spina-

549 2947 671 2986 rum
707 2944 879 2999 genus
917 2929 1162 2984 sentibus
1211 2926 1622 2998 permolestum.
1654 2924 1995 2994 Rbompltea,
2032 2924 2146 2993 gla-

548 3022 696 3077 dium
745 3027 797 3076 in
833 3022 1077 3077 Latinum
1109 3029 1283 3074 sonat.
1315 3018 1448 3074 Nam
1491 3018 1581 3073 ubi
1612 3018 1667 3072 in
1696 3016 1891 3072 Genesi
1923 3015 2142 3081 dicitur,

550 3116 775 3170 Gladius
815 3114 1100 3169 flammeus
1132 3122 1294 3183 atque
1320 3112 1618 3175 versatilis,
1658 3111 1711 3164 in
1743 3109 1931 3165 Graeco
1961 3108 2149 3164 rltom-

2243 1918 2415 1983 sium;
2448 1917 2696 1973 Graecum
2739 1929 2844 1973 est.
2876 1918 3120 1987 Zizania,
3155 1921 3365 1977 lolium.
3399 1924 3610 1992 Sicera,
3646 1943 3839 1983 succus

2243 2027 2310 2068 ex
2350 2011 2609 2083 dactylis;
2643 2020 2697 2068 et
2725 2012 2902 2067 omnis
2940 2022 3135 2081 praeter
3176 2017 3358 2070 vinum
3404 2017 3604 2089 liquor,
3649 2023 3747 2090 qui
3776 2023 3839 2077 ad

2244 2105 2566 2169 bibendum,
2606 2112 2700 2159 aut
2725 2120 2754 2159 e
2785 2105 2981 2175 pomis,
3010 2114 3102 2160 aut
3129 2107 3369 2176 quolibet
3394 2124 3601 2179 genere
3619 2113 3843 2168 conﬁci-

2246 2205 2353 2262 tur,
2394 2197 2566 2252 sicera
2614 2208 2974 2268 nuncupatur.
3021 2196 3257 2253 Nardnm
3297 2200 3576 2270 pisticum,
3612 2203 3843 2259 nardum

2244 2287 2424 2354 ﬁdele,
2458 2288 2511 2344 id
2538 2299 2623 2344 est
2669 2290 2789 2344 sine
2822 2291 3154 2359 impostura;
3187 2290 3434 2347 Griecum
3464 2305 3571 2348 εει.
3604 2294 3841 2349 Nardum

2245 2382 2536 2452 spicatum,
2570 2382 2636 2436 ab
2674 2396 2740 2437 eo
2765 2382 2909 2451 quod
2952 2383 3162 2452 species
3192 2383 3308 2452 ipsa
3336 2385 3491 2440 nardi
3532 2387 3589 2440 in
3623 2388 3844 2441 modum

2246 2473 2411 2543 spicae
2441 2475 2530 2537 sit,
2557 2488 2676 2540 qua;
2723 2473 2898 2527 inlusa
2940 2472 3248 2529 conﬁcitur.
3295 2476 3640 2532 Alabastrum
3672 2493 3846 2548 genus

2249 2565 2539 2620 marmoris
2573 2564 2823 2635 pretiosi,
2849 2579 2918 2620 ex
2941 2580 3051 2635 quo
3080 2565 3389 2636 Evangelici
3418 2568 3563 2624 illius
3586 2573 3847 2641 unguenti

2248 2656 2523 2712 vasculum
2566 2666 2701 2711 erat.
2738 2656 3006 2725 Stadium,
3052 2656 3106 2711 in
3144 2658 3432 2730 Evangelia
3480 2664 3650 2733 spatii
3697 2677 3846 2720 certa

2249 2748 2536 2802 dimensio.
2565 2747 2700 2803 Octo
2728 2748 2900 2802 stadia
2933 2748 3083 2803 mille
3107 2764 3295 2818 passus
3324 2752 3599 2807 efﬁciunt.

2323 2840 2453 2895 Hice
2480 2842 2697 2894 nomina
2728 2856 2848 2908 qua:
2878 2839 3296 2911 subsequuntur,
3342 2842 3396 2897 iu
3437 2844 3652 2913 Exodo,
3682 2848 3767 2903 vel
3798 2850 3847 2903 in

2254 2933 2461 3002 Regum
2490 2933 2645 2989 libris
2675 2931 2758 2986 his
2785 2935 3131 2999 reperiuntur
3160 2935 3313 3003 locis,
3348 2952 3467 3006 quae
3490 2953 3635 2993 arca:
3664 2941 3751 2997 vel
3776 2950 3850 2996 ta-

2253 3026 2555 3091 bernaculi,
2590 3036 2683 3081 aut
2710 3026 2893 3097 templi
2929 3026 3142 3080 Domini
3175 3027 3497 3085 relationem
3538 3025 3846 3088 continent.

2251 3118 2490 3187 Quorum
2538 3117 2813 3172 nominum
2869 3117 3153 3185 vocabula,
3205 3118 3274 3174 ad
3321 3121 3432 3176 haec
3480 3138 3607 3193 qua:
3646 3124 3849 3180 obscu-

552 3205 689 3275 Phea
721 3205 957 3273 Ροηίῑιιΐ·
983 3202 1250 3269 Fiam“.
1289 3200 1840 3271 ιιαειεεὶοηεὶεείωεεο
1885 3201 2024 3256 δυοῑ
2053 3199 2144 3270 (ἰαί
2170 3181 2218 3246 c
2251 3212 2394 3267 riora
2451 3220 2595 3271 sunt,
2643 3211 2694 3263 in
2743 3210 3098 3266 translatione
3140 3181 3323 3267 veteri
3376 3181 3670 3271 habentur.
3724 3218 3849 3273 Haec

552 3299 618 3352 iis
660 3295 822 3351 etiam
875 3310 1018 3350 nunc
1062 3308 1336 3349 armorum
1378 3294 1498 3349 vice
1544 3301 1757 3347 utentes
1796 3290 1900 3346 hoc
1950 3306 2146 3345 nomen

555 3387 819 3443 tribuunt.
865 3385 1095 3453 Quidam
1126 3387 1291 3441 etiam
1340 3387 1413 3439 ita
1456 3383 1662 3454 gladios
1711 3382 2007 3453 signiﬁcari
2049 3398 2147 3452 pu-

553 3486 691 3532 tant.
718 3478 1000 3547 Capparis,
1031 3478 1089 3532 in
1114 3476 1407 3533 Salomone
1442 3473 1629 3530 fruteti
1658 3488 1829 3545 genus
1853 3473 1907 3528 in
1928 3472 2150 3529 Oriente

552 3572 734 3627 simile
758 3570 1009 3627 lentisco.
1050 3569 1315 3637 Palathaz,
1346 3570 1400 3624 in
1428 3570 1765 3639 Regnorum,
1810 3581 2004 3623 massa:
2030 3581 2151 3637 qua;

559 3666 627 3722 de
673 3665 983 3721 recentibus
1027 3664 1143 3720 ﬁcis
1171 3664 1445 3735 compingi
1475 3664 1672 3721 solent.
1716 3663 1956 3719 Palatha:
1995 3663 2149 3719 Grin-

560 3772 683 3811 cum
713 3763 820 3812 est.
858 3755 1164 3826 Debelaim,
1214 3755 1271 3810 in
1298 3755 1438 3812 Osea
1478 3754 1768 3826 propheta,
1800 3754 2048 3825 palatlias
2070 3753 2153 3808 di-

2252 3321 2383 3360 vero
2435 3319 2558 3374 qua:
2613 3303 2873 3358 lucidiora
2928 3315 3210 3373 apparent,
3268 3321 3422 3361 nova:
3471 3310 3849 3368 translationis

2254 3406 2415 3455 textu
2435 3397 2806 3451 continentur.
2841 3394 3003 3451 Vetus
3040 3412 3170 3467 ergo
3200 3398 3482 3454 translatio
3508 3399 3698 3467 habet,
3731 3418 3851 3474 spe-

2254 3501 2496 3551 rateres;
2531 3502 2692 3554 nova,
2728 3488 2949 3543 ferulas.

2326 3582 2680 3648 Calamiscos,
2705 3582 2961 3638 calamos.
2993 3582 3267 3650 Troiscos,
3297 3584 3382 3639 vel
3408 3586 3674 3652 cariscos,
3702 3592 3848 3659 quasi

2258 3679 2313 3732 in
2347 3675 2501 3731 nucis
2548 3674 2766 3728 modum
2795 3673 3151 3732 deformatos.
3186 3677 3544 3745 Anconiscos,
3592 3682 3848 3736 incastra-

2258 3779 2427 3824 turas.
2459 3766 2792 3836 Aspidiscas,
2819 3766 3066 3822 uncinos.
3096 3767 3385 3830 Fimbrias.
3407 3780 3653 3825 catenas.
3682 3772 3848 3828 Scita-

554 3859 707 3905 cum-
739 3850 927 3914 Dab”.
955 3849 1009 3904 ίη
1053 3847 1386 3919 Βεειιοτυω,
1429 3848 1711 3903 Maenium
1742 3847 1886 3916 (11³οά
1928 3856 2045 3902 erat
2076 3846 2155 3901 fa‘
2256 3862 2359 3926 las,
2401 3870 2607 3916 vectes.
2654 3859 2949 3928 Lapidibus
2980 3862 3294 3925 acrotomis,
3323 3861 3616 3917 dedolatis.
3654 3866 3847 3935 Degra-

554 3955 705 4001 ctum
734 3945 788 3999 in
814 3944 991 3999 media
1020 3943 1269 3998 interiori
1299 3950 1454 4013 parte
1483 3940 1690 4011 templi,
1724 3942 1778 3995 in
1810 3956 1915 4011 quo
1944 3949 1997 3995 et
2026 3954 2150 3995 arca

556 4039 772 4095 Domini
824 4048 963 4107 erat,
1008 4037 1113 4095 hoc
1161 4038 1533 4109 appellabatur
1578 4047 1763 4091 sancta
1810 4046 2149 4091 sanctorum.

555 4138 780 4209 Byssus,
820 4151 992 4208 genus
1022 4136 1182 4191 serici
1222 4136 1536 4206 grossioris,
1564 4135 1771 4205 pariter
1803 4144 1858 4189 et
1879 4133 2147 4189 fortioris.

556 4230 697 4285 Sunt
721 4227 940 4299 quidam
978 4227 1069 4296 qui
1095 4235 1151 4281 et
1175 4240 1346 4298 genus
1393 4225 1487 4281 lini
1513 4239 1636 4281 esse
1670 4226 1890 4296 byssum
1938 4234 2150 4295 putent.

557 4322 919 4387 Phoenicium,
952 4320 1007 4375 in
1036 4319 1195 4384 lsaia,
1238 4321 1542 4376 coccinum.
1576 4319 1827 4385 Luteres,
1860 4322 1913 4373 in
1938 4318 2152 4389 Regno-

558 4431 698 4482 rum,
731 4414 977 4480 conchte,
1005 4414 1089 4468 vel
1111 4413 1357 4468 cantliari
1388 4414 1617 4483 aquarii.
1646 4411 1754 4468 Sed
1776 4421 1831 4467 et
1854 4414 2149 4468 cantharus

558 4509 804 4564 Graecum
832 4522 1027 4563 nomen
1058 4517 1159 4561 est.
1190 4506 1423 4573 Latomi,
1459 4507 1513 4560 in
1552 4505 1886 4575 Regnorum,
1912 4506 2150 4574 lapidum

559 4615 820 4656 czsores:
849 4610 904 4656 et
928 4599 1032 4654 hoc
1059 4600 1313 4655 Graecum
1339 4607 1445 4655 est.
1474 4597 1747 4669 Creagrae,
1781 4600 1833 4653 in
1866 4598 2145 4670 Paralipo-

561 4707 783 4758 menon,
828 4691 1078 4757 fuscinte,
1129 4692 1197 4745 ad
1240 4705 1433 4746 carnes
1464 4691 1532 4746 de
1563 4691 1816 4745 caldariis
1857 4690 2147 4761 proferen-

562 4789 683 4851 das,
710 4786 955 4842 Graecum
997 4797 1100 4843 est.
1131 4787 1420 4853 Sambuca,
1455 4789 1510 4842 in
1552 4788 1775 4843 musicis
1801 4802 1973 4858 genus
2000 4804 2151 4859 sym-

561 4877 901 4945 phoniarum.
932 4878 1159 4934 Nablum
1192 4879 1333 4948 quod
1363 4879 1554 4935 Graece
1598 4880 1903 4949 appellatur
1940 4880 2153 4935 Psalte-

565 4972 723 5036 rium,
749 4970 997 5041 quodque
1017 4986 1048 5026 a
1071 4971 1350 5039 psallendo
1372 4971 1572 5027 dictum
1604 4980 1707 5028 est.
1734 4971 1813 5025 Ad
1845 4972 2153 5026 similitudi-

566 5077 687 5115 nem
710 5070 793 5116 est
811 5060 1034 5116 cithara:
1054 5061 1421 5117 barbaricasin
1445 5061 1665 5118 modum
1683 5061 1847 5117 deltae
1869 5063 2064 5117 litterze
2096 5077 2156 5119 A.

564 5153 923 5225 Tympanum,
962 5153 1107 5224 quod
1158 5164 1375 5211 extenta
1425 5156 1564 5226 pelle
1590 5156 1676 5212 vel
1715 5156 1867 5212 corio
1896 5156 2149 5213 efﬁcitur.

566 5245 769 5315 Cinari,
804 5254 861 5301 ut
883 5246 1101 5317 quidam
1135 5258 1345 5317 putant,
1395 5249 1697 5319 acetabula,
1742 5266 1862 5320 qua:
1897 5266 2157 5320 percussa

570 5340 623 5393 in
645 5339 888 5394 modulos
915 5341 1282 5396 concitantur.
1306 5341 1536 5413 Thyina,
1564 5342 1729 5413 ligna.
1776 5343 1852 5397 De
1882 5342 1965 5398 his
1995 5344 2157 5400 Salo-

570 5446 695 5485 mon
739 5431 936 5500 gradus
965 5431 1097 5487 fecit
1140 5433 1192 5486 in
1225 5432 1388 5487 domo
1421 5434 1651 5499 Domini,
1700 5434 1975 5504 incognita
2013 5436 2157 5506 ligna

567 5524 731 5577 etiam
762 5524 1107 5593 peritioribus
1136 5524 1465 5580 Iudaeorum.
1498 5525 1729 5590 Sethim,
1778 5527 2059 5595 spinarum
2100 5529 2156 5583 in

567 5631 751 5672 eremo
784 5632 956 5687 genus
984 5628 1088 5683 est,
1134 5634 1165 5674 e
1198 5620 1393 5686 quibus
1420 5619 1621 5689 lignum
1666 5619 2019 5688 imputribile.
2050 5619 2154 5675 Sa-

566 5707 716 5776 beth,
756 5710 972 5780 virgulti
1002 5709 1143 5779 apud
1178 5710 1435 5768 Hebraeos
1465 5727 1662 5767 nomen
1690 5722 1795 5781 est,
1830 5713 1885 5789 in
1914 5711 2111 5769 Genesi
2138 5732 2151 5769 :

567 5795 732 5864 Ecce,
782 5799 971 5871 inquit,
1017 5801 1159 5857 aries
1202 5813 1323 5874 post
1355 5813 1562 5873 tergum
1609 5803 1727 5873 ejus
1780 5804 2062 5861 tenebatur
2098 5807 2155 5864 in

2257 3954 2457 4025 pidem,
2505 3950 2838 4008 ceelaturam.
2890 3950 3107 4018 Petalis,
3161 3952 3397 4006 laminis.
3441 3953 3840 4021 Perimentum,

2258 4050 2476 4104 lineam.
2529 4046 2753 4115 Spiras,
2811 4046 3063 4115 capitella
3108 4045 3521 4112 columnarum,
3582 4050 3666 4103 vel
3719 4051 3846 4105 sicut

2260 4150 2408 4209 puto,
2440 4138 2699 4193 facturam
2746 4152 2954 4192 earum.
2991 4137 3163 4206 Elam,
3199 4138 3464 4207 porticum
3494 4157 3507 4191 :
3538 4140 3634 4194 sed
3665 4143 3845 4195 melius

2258 4232 2644 4300 interpretatur
2665 4237 2789 4283 ante
2820 4227 2983 4295 fores,
3009 4228 3125 4282 sive
3149 4230 3496 4283 vestibulum.
3531 4231 3677 4300 Ergo
3703 4232 3841 4285 Elam

2261 4322 2583 4377 Hebraicum
2634 4328 2736 4375 est.
2780 4320 2989 4375 Ctetera
3029 4336 3148 4390 qua:
3193 4321 3440 4389 superius
3477 4333 3626 4390 sunt,
3670 4322 3841 4379 Graeca

2261 4424 2385 4470 sunt
2413 4415 2671 4469 maxime.
2708 4414 2841 4468 Item
2888 4416 2939 4467 in
2987 4414 3292 4468 Ezechielis
3333 4424 3581 4469 extrema
3620 4428 3767 4486 parte
3793 4418 3837 4471 in

2261 4509 2470 4563 visione
2498 4507 2751 4571 civitatis,
2786 4507 2837 4561 in
2878 4507 3049 4561 veteri
3078 4507 3435 4561 translatione
3467 4507 3635 4562 habet
3673 4518 3837 4577 pasto-

2262 4601 2473 4672 plioria,
2507 4602 2563 4655 in
2594 4615 2730 4654 nova
2776 4601 3188 4671 gazophylacia,
3231 4602 3281 4655 id
3323 4611 3428 4670 est,
3461 4602 3687 4657 cellulas
3729 4619 3833 4672 par-

2264 4711 2377 4749 vas.
2426 4696 2593 4758 Tltee,
2648 4695 2939 4759 thalamos,
2982 4694 3164 4760 Ailcu,
3214 4696 3465 4749 frontem.
3502 4694 3827 4763 £laucootb,

2262 4788 2608 4844 vestibulum.
2670 4788 3051 4859 Polynndron,
3106 4787 3504 4842 multitudines.
3554 4788 3824 4858 Spitamis,

2262 4881 2492 4951 palmus.
2552 4880 2762 4945 Gissus,
2817 4880 3080 4934 deﬁnitio.
3132 4879 3341 4944 Manaa,
3398 4881 3736 4936 sacrificium.
3774 4880 3825 4934 ln

2263 4972 2493 5041 Regum,
2534 4971 2877 5040 cenotaphia,
2917 4972 3224 5033 simulacra.
3267 4988 3388 5041 qua:
3428 4971 3619 5028 Graece
3648 4978 3836 5049 μορφώ-

2264 5088 2424 5136 ματα.
2446 5063 2550 5118 Sed
2580 5064 2696 5119 haec
2724 5065 3005 5118 hactenus.
3038 5063 3189 5118 Nunc
3218 5063 3531 5118 etiamillud
3558 5066 3743 5133 accipe,
3773 5067 3824 5119 ul

2263 5156 2509 5225 quaedam
2542 5155 2762 5210 nomina
2806 5155 2954 5224 prius
2993 5153 3270 5223 Scriptura
3312 5154 3677 5224 appellaverit,
3701 5165 3746 5208 et
3771 5164 3828 5208 ut.

2265 5263 2406 5303 nunc
2433 5255 2714 5303 vocentur.

2873 5314 3104 5371 CAPUT
3144 5314 3238 5373 IV.

2874 5406 2953 5462 De
2975 5408 3231 5479 gentibus.

2332 5523 2551 5588 Gomor,
2601 5521 2653 5575 in
2694 5520 2909 5585 Genesi,
2960 5520 3187 5587 Galatas,
3240 5521 3292 5577 id
3341 5529 3427 5578 est
3473 5521 3634 5589 Galli,
3673 5520 3748 5587 qui
3784 5532 3815 5571 ι

2259 5613 2494 5669 candore
2535 5614 2779 5683 corporis
2808 5613 3040 5683 primum
3084 5612 3289 5669 Galatae
3333 5614 3585 5683 appellati
3622 5622 3744 5675 sunt,
3781 5624 3813 5661 e

2258 5707 2451 5775 quibus
2494 5706 2677 5776 populi
2720 5707 2992 5777 quondam
3035 5710 3087 5762 in
3131 5706 3371 5763 Orientis
3416 5707 3690 5776 longinqua
3720 5704 3806 5757 mi-

2257 5810 2471 5873 grantes
2511 5799 2738 5873 primum
2767 5799 3104 5873 Gallogrmci,
3137 5816 3280 5860 nunc
3308 5801 3533 5875 antiquo
3562 5798 3807 5858 Gallorum
