4024 6336
271 278 382 336 821

1279 264 1518 336 PASSIO
1553 267 1615 337 Β.
1653 263 1966 334 ΜΑυιιιριι
2004 272 2093 332 E'l'
2131 267 2481 335 SOCIORUH
2517 273 2705 335 EJUS.

267 393 478 448 duntur
525 390 780 464 tegmine,
824 397 884 446 ut
927 404 1030 448 nec
1076 390 1316 462 contingi
1362 390 1579 462 quidem
1619 389 1853 460 possint.
1883 389 1936 457 Α
1959 405 1990 445 a
2010 387 2329 460 spectando,
2361 389 2415 446 id
2436 398 2521 446 est
2545 389 2728 445 omnia
2760 387 3167 462 prospiciendo.
3197 373 3581 469 Homousion,g

274 483 548 557 Bruchus,
590 486 644 541 in
680 483 890 558 psalmo
915 482 1036 558 (Ps.
1068 497 1271 551 nxxvu,
1311 486 1446 553 etv),
1490 482 1717 541 locusue
1746 479 1866 556 quas

269 577 520 636 nondum
550 577 757 647 volant,
784 592 947 649 quam
975 577 1140 647 vulgo
1171 577 1352 632 olbam
1375 586 1591 633 vocant.

881 687 1107 780 canor
1135 685 1273 746 xui.

863 783 942 838 De
967 783 1298 854 ponderibus.

347 903 656 968 Talentum,
689 897 773 958 eet
796 899 978 973 pondo
998 907 1132 967 min,
1156 897 1298 970 quod
1327 893 1528 954 factum
1551 902 1692 955 nixi
1713 897 1870 956 libra:

269 995 490 1054 Atticae.
528 995 693 1065 Minas,
736 1003 819 1051 est
849 991 986 1049 libra
1011 1009 1140 1060 una,
1170 1001 1226 1048 et
1251 992 1551 1048 semuncia.
1580 975 1867 1048 Talentum

273 1090 446 1146 habet
476 1089 650 1143 minas
679 1103 768 1144 xx.
815 1085 1174 1152 Ilua-Graec,
1224 1085 1420 1142 Latine
1463 1085 1608 1141 mina
1648 1084 1868 1141 dicitur.

274 1179 542 1237 Drachma
559 1179 720 1236 habet
728 1178 980 1247 serupula
998 1176 1368 1252 [ALscripula]
1384 1176 1507 1232 tria.
1523 1175 1866 1243 Didrachma,

270 1273 558 1332 drachma:
601 1271 722 1329 ἀιιώ
761 1281 908 1328 sunt.
954 1251 1106 1330 Uude
1136 1271 1304 1341 miror
1339 1251 1612 1341 quomodo
1641 1261 1697 1325 in
1728 1269 1868 1326 libro

270 1365 664 1422 Hebraicarun
674 1363 1042 1432 Quaestionum
1058 1362 1335 1420 semuncia
1354 1362 1643 1418 scribatur.
1666 1362 1866 1429 Stater,

269 1470 361 1514 est
391 1465 651 1513 nummus
677 1456 886 1512 habens
930 1455 1016 1527 (ut-
1053 1453 1272 1525 quidam
1319 1452 1614 1526 afﬁrmant)
1656 1455 1868 1510 unciam

272 1568 476 1619 unam;
527 1552 580 1610 id
623 1557 728 1620 est,
777 1563 974 1605 aureos
1017 1563 1146 1614 sex;
1197 1547 1255 1603 ut
1284 1538 1372 1602 alii
1403 1554 1612 1617 putant,
1648 1558 1778 1603 tres.
1808 1547 1866 1603 In

273 1643 575 1716 Evangelio
595 1643 741 1699 enim
769 1657 869 1710 pro
895 1640 1106 1698 duobus
1128 1638 1462 1696 didrachmis
1488 1649 1660 1696 stater
1685 1640 1866 1696 datur.

273 1738 446 1806 Sicci,
476 1735 647 1809 quiin
698 1727 888 1790 Latina
919 1735 1104 1806 lingua
1140 1743 1395 1802 corrupte
1433 1733 1602 1789 siclus
1644 1729 1863 1801 dicitur,

272 1839 338 1884 ut
367 1830 422 1884 in
462 1827 864 1897 Quaestionibus
913 1826 1300 1897 suprascriptis
1347 1824 1652 1894 indicatur,
1694 1828 1867 1883 uncit'e

272 1919 492 1990 pondus
532 1920 714 1987 habet,
770 1928 828 1976 ut
871 1918 1001 1974 alibi
1043 1919 1310 1986 scriptum
1357 1917 1564 1988 reperi,
1615 1918 1868 1988 scrupula

273 2007 409 2083 [AL
460 2007 728 2082 scripula]
755 2009 979 2066 decem:
1012 2009 1156 2078 quod
1186 2016 1243 2063 et
1287 2009 1405 2076 ipse
1443 2007 1700 2064 arbitror.
1733 2005 1867 2062 Nam

271 2101 449 2159 siclus
468 2103 608 2173 ipse,
630 2103 716 2159 vel
745 2093 897 2171 sicel,
923 2103 991 2158 de
1007 2102 1411 2174 propinquitate
1437 2102 1694 2174 ponderis
1715 2101 1868 2173 quasi

271 2196 524 2253 sicilicus
568 2195 747 2252 sonat.
795 2195 1000 2253 Obolus
1045 2206 1130 2251 est
1174 2194 1486 2265 scrupulum
1544 2193 1865 2264 dimidium,

271 2291 427 2360 quod
451 2289 581 2346 facit
602 2290 830 2361 siliquas
869 2297 1011 2345 tres:
1041 2287 1098 2344 in
1128 2288 1436 2347 Ezechiele.
1480 2287 1657 2346 Siclus
1685 2295 1867 2345 autem

272 2383 353 2436 x’x
381 2379 570 2437 obolos
597 2379 781 2438 habet.

869 2449 1100 2534 canor
1129 2449 1267 2506 χιι.

880 2537 954 2595 De
993 2541 1265 2596 mensuris.

349 2654 544 2721 Corus,
592 2663 678 2710 est
725 2653 892 2710 modii
930 2669 1061 2709 xxx.
1111 2656 1299 2720 Batus,
1353 2655 1615 2724 amphora
1646 2669 1785 2722 una;
1813 2654 1869 2712 id

273 2755 366 2804 est
397 2745 565 2803 modii
592 2757 722 2803 tres.
772 2745 974 2815 Cadus,
1019 2746 1205 2803 Graeca
1251 2745 1509 2818 amphora
1558 2756 1661 2819 est,
1708 2749 1870 2807 habet

278 2854 451 2895 urnas
477 2851 605 2895 tres.
639 2839 804 2908 Ephi,
829 2841 945 2896 sive
974 2839 1139 2908 eplia,
1166 2837 1335 2895 modii
1364 2849 1495 2895 tres.
1535 2839 1673 2910 Ephi
1720 2841 1866 2898 idem

277 2946 553 2988 memora
607 2931 770 2988 habet
810 2932 864 2986 in
915 2932 1107 3000 aridis,
1146 2932 1289 3001 quod
1336 2934 1398 2988 in
1444 2933 1664 3004 liquidis
1688 2933 1863 2990 batus.

278 3023 506 3081 Metreta
535 3041 663 3094 una,
692 3034 751 3081 ut
777 3025 995 3096 quidam
1029 3025 1237 3094 dicunt,
1272 3025 1433 3084 habet
1456 3027 1717 3084 sextarios
1739 3043 1869 3085 cen-

279 3124 422 3174 tum.
451 3117 696 3174 Mensura
717 3126 895 3200 autem
917 3117 1104 3174 Graace
1129 3121 1311 3198 μέτρον
1331 3119 1550 3191 dicitur,
1582 3121 1727 3178 unde
1757 3137 1870 3178 me-

281 3215 425 3265 treta
471 3208 791 3279 appellatur.
847 3207 1152 3265 Notandum
1202 3227 1352 3281 vero,
1410 3213 1554 3284 quod
1609 3229 1865 3270 mensura

282 3298 580 3355 Hebraeum
611 3309 807 3358 nomen
837 3308 943 3370 est,
974 3302 1192 3359 Artabai
1224 3306 1275 3359 in
1303 3303 1462 3373 Isaia,
1492 3305 1870 3379 Egyptiorum

281 3408 584 3462 mensura,
632 3411 754 3466 qua:
799 3399 911 3452 tres
953 3394 1154 3452 faciunt
1193 3398 1401 3454 modios
1441 3414 1496 3455 x.
1548 3397 1676 3456 Sata
1724 3399 1869 3457 idem

280 3496 414 3545 sunt
439 3487 581 3557 quod
622 3487 770 3559 ephi,
801 3489 856 3545 id
893 3500 978 3546 est
1003 3491 1169 3548 modii
1202 3501 1335 3548 tres.
1365 3493 1571 3550 Gomor
1613 3510 1868 3552 mensura

282 3585 371 3635 est
397 3580 594 3648 Attica,
639 3581 845 3637 habens
873 3581 956 3654 (ut
983 3583 1204 3652 quidam
1233 3584 1548 3658 opinantur)
1592 3589 1869 3647 clitenice‘s

285 3675 420 3738 tres,
473 3670 530 3726 id
569 3679 653 3728 est
696 3673 961 3729 sextarios
992 3689 1086 3730 ιιι.
1137 3675 1241 3730 Alii
1275 3691 1465 3748 gomor
1493 3680 1680 3735 dicunt
1710 3683 1868 3750 paulo

284 3763 467 3818 minus
493 3779 524 3818 a
555 3765 812 3821 sextariis
838 3768 1110 3836 quinque:
1141 3769 1285 3839 quod
1319 3772 1481 3825 ctiam
1507 3773 1620 3840 ipse
1646 3788 1865 3842 sequor,

283 3868 353 3910 eo
383 3853 531 3925 quod
571 3871 764 3926 gomor
793 3859 865 3912 sit
894 3859 1102 3914 decima
1132 3875 1258 3932 pars
1285 3863 1431 3932 ephi.
1459 3863 1627 3920 Nebel
1652 3865 1868 3935 quidam

283 3945 486 4004 Putant
511 3941 722 4004 modios
758 3950 888 4005 tres.
932 3951 1210 4008 Sextarius
1235 3963 1320 4010 est
1363 3953 1643 4028 dimidium
1677 3958 1868 4028 cotyla:

286 4031 342 4093 in
377 4037 565 4110 liquidi
595 4041 800 4110 specie.
832 4037 1040 4113 Cotyln,
1085 4042 1300 4100 hemina
1330 4057 1434 4102 est.
1477 4023 1532 4102 in
1561 4023 1864 4117 Ezechiele,

283 4130 515 4201 Decem,
541 4133 736 4205 inquit,
763 4135 956 4208 ootylte
979 4149 1108 4192 sunt
1126 4153 1336 4208 gomor.
1823 4123 1827 4126 ﬁ

889 4251 1116 4310 CAPUT
1139 4247 1255 4309 XV.

760 4362 842 4420 De
870 4364 1063 4422 Grecis
1088 4368 1395 4424 nominibus.

354 4452 561 4527 Accipe
579 4460 726 4512 nunc
762 4463 1083 4514 caeterorum
1115 4461 1394 4516 nominum
1425 4457 1869 4534 Signilicationes,

1971 481 2128 536 unius
2155 479 2490 538 substantiae.
2523 481 2932 551 Homomusion,
2977 481 3174 540 similis
3220 485 3562 546 substantia.

1969 569 2235 640 Christus,
2260 582 2477 630 unctus.
2510 570 2845 642 Paracletus,
2877 567 3213 646 consolator,
3248 579 3368 635 sive
3395 579 3565 638 advoo

1967 674 2142 722 catos.
2170 665 2398 740 ἢσθιον,
2425 678 2674 726 sanctus.
2702 669 2968 740 Angelus,
2999 671 3242 728 nuntius.
3284 671 3562 750 Thronus,

1970 757 2130 816 sedes
2178 760 2264 816 vel
2306 761 2526 817 sullnm.
2575 761 2891 834 Apostolus“,
2936 758 3162 832 missus,
3194 761 3318 822 ideo
3360 767 3504 837 quod
3530 767 3565 825 α

1970 845 2204 908 Domino
2224 851 2296 910 ad
2333 843 2814 926 evangeliaandum
2861 857 3014 914 missi
3063 865 3208 914 sunt.
3261 840 3564 931 Propheta.

1968 946 2282 1017 praedictor.
2314 947 2606 1018 Martyres,
2637 957 2826 1008 testes.
2852 951 3180 1022 Episcopus,
3209 952 3564 1024 superinspe-

1969 1045 2131 1110 ctor;
2161 1050 2222 1097 et
2241 1038 2364 1099 ideo
2395 1039 2663 1120 propheta
2707 1043 2784 1100 ait
2811 1060 2826 1099 :
2855 1043 3266 1117 Speculatorem
3314 1055 3366 1104 te
3406 1048 3566 1120 posui

1970 1125 2164 1190 domus
2187 1132 2374 1190 Israel.
2398 1115 2714 1208 Presbyter,
2745 1115 2952 1194 senior.
2982 1137 3273 1210 Diaconus,
3294 1115 3567 1200 minister.

1969 1225 2182 1293 Clerus,
2211 1241 2354 1283 sors.
2401 1227 2674 1294 Ecclesia,
2700 1229 2914 1284 vocatio
2940 1231 3026 1287 vel
3053 1232 3325 1289 collectio.
3353 1225 3589 1298 Cathoo,

1971 1317 2094 1386 lica,
2119 1319 2464 1386 universalis,
2482 1321 2586 1378 ἀπὸ
2605 1326 2702 1378 τοῦ
2719 1316 2972 1392 καθἐλσν,
2988 1323 3132 1394 quod
3149 1333 3233 1380 est
3258 1325 3565 1384 secundum

1971 1417 2164 1468 totum.

2039 1504 2340 1577 Synagoga,
2369 1517 2698 1576 conventus,
2728 1509 2816 1568 vel
2843 1511 3217 1581 congregatio.
3268 1506 3591 1582 Ethnicusg'

1967 1599 2202 1670 gentilis.
2232 1599 2543 1672 Hypoc‘rita',
2568 1601 2877 1659 simulator.
2927 1603 3168 1660 Haeresis
3189 1646 3204 1670 ,
3233 1609 3400 1660 Secta.
3446 1606 3566 1663 M0-

1970 1695 2198 1760 nachus,
2255 1689 2549 1753 solitarius.
2609 1687 2858 1768 Eremus,
2915 1698 3212 1758 desertum.
3271 1699 3562 1772 Partecia,

1897 1791 1942 1860 Β
1969 1786 2220 1857 adjacens
2247 1787 2462 1855 domus,
2493 1791 2702 1847 scilicet
2731 1789 2846 1846 Dei.
2881 1790 3176 1860 Dimcesis,
3206 1795 3562 1862 gubernatio;

1970 1877 2158 1935 ethoc
2201 1891 2308 1935 non
2362 1882 2660 1937 secundum
2706 1883 3094 1952 proprietatem
3144 1891 3198 1938 et
3238 1893 3565 1954 potestatem

1969 1973 2139 2042 verbi,
2161 1965 2256 2029 Sed
2268 1975 2566 2030 secundum
2582 1969 2853 2031 eﬁ'ectum.
2881 1975 3094 2045 Laicus,
3119 1979 3431 2046 popularis;
3457 1980 3564 2036 διπᾶ

1967 2072 2059 2122 τοῦ
2089 2066 2230 2132 λαοῦ,
2274 2067 2377 2124 hoc
2398 2075 2504 2134 est,
2535 2083 2565 2123 a
2610 2069 2832 2137 populo.
2872 2065 3328 2137 Catechumenus,
3364 2071 3566 2128 instru-

1969 2167 2113 2225 ctus,
2163 2159 2276 2214 sive
2323 2161 2569 2215 audiens.
2612 2161 2955 2233 Neophytus,
2999 2163 3220 2218 novella
3272 2165 3562 2231 plantatio.

1969 2247 2377 2319 Baptisterium,
2405 2249 2738 2306 tinctorium.
2772 2249 3186 2319 Holoeaustum,
3219 2263 3390 2309 totum
3416 2269 3564 2311 com-

1968 2341 2219 2409 bustum;
2252 2341 2396 2408 ideo,
2441 2342 2564 2412 quia
2606 2345 2814 2416 integra
2861 2344 3034 2400 hostia
3067 2347 3177 2416 igni
3207 2347 3401 2402 tradita
3430 2362 3566 2403 con-

1969 2435 2309 2492 sumebatur.
2339 2435 2626 2504 Cbrisma,
2676 2439 2880 2493 unctio.
2930 2438 3314 2508 Eucharistia,
3364 2440 3566 2509 gratia.

1968 2527 2306 2602 Symbolum,
2353 2527 2596 2599 collatio,
2647 2534 2742 2585 aut
2794 2537 3029 2598 pactum,
3059 2531 3146 2586 vel
3178 2532 3568 2601 complacitum

1968 2619 2112 2692 quod
2133 2621 2208 2676 sit
2228 2611 2432 2676 homini
2457 2637 2579 2677 cum
2605 2621 2736 2678 Deo.
2755 2621 3020 2694 Hymnus,
3039 2626 3256 2680 carmen
3278 2624 3332 2678 in
3350 2624 3568 2682 laudem

1968 2710 2090 2768 Dei.
2120 2712 2454 2784 Antiphona,
2485 2729 2590 2770 vox
2618 2716 2917 2784 reciproca.
2944 2715 3376 2783 Pentateuchus,
3407 2717 3568 2786 quin-

1970 2819 2078 2878 que
2107 2808 2417 2874 volumina;
2447 2807 2500 2862 id
2527 2817 2630 2873 est,
2684 2807 2850 2878 Moysi
2882 2808 3006 2863 libri
3043 2810 3315 2880 quinque:
3349 2807 3417 2865 de
3447 2809 3569 2880 qui-

1971 2899 2074 2956 bus
2093 2899 2228 2956 dicit
2257 2897 2552 2970 Apostolus
2574 2902 2810 2973 quinque
2834 2902 3012 2957 verbis
3041 2902 3181 2958 velle
3201 2917 3262 2960 se
3291 2903 3344 2958 in
3375 2903 3569 2960 Eccle-

1969 2992 2052 3046 sia
2091 2993 2258 3063 loqui.
2283 2992 2522 3060 Exodus,
2556 2993 2766 3061 exitus,
2791 2995 2876 3052 vel
2914 3010 3190 3066 egressus,
3229 2997 3440 3053 scilicet
3469 3011 3570 3067 po-

1973 3081 2087 3150 puli
2108 3082 2296 3138 lsrael.
2327 3084 2834 3149 Deuteronomium,
2888 3085 3128 3141 secunda
3179 3087 3304 3152 lex;
3347 3088 3403 3142 in
3451 3101 3566 3158 quo

1894 3169 1941 3246 C
1971 3184 2053 3232 εει
2089 3177 2419 3248 evangeliea:
2464 3175 2600 3247 legis
2639 3177 3027 3249 prmﬁguratio.
3085 3177 3563 3250 Paralipomenon,

1972 3269 2402 3339 prtemissorum,
2425 3270 2511 3326 vel
2538 3270 2868 3341 reliquorum
2895 3288 2910 3338 ;
2943 3263 2997 3327 id
3020 3282 3123 3336 est,
3149 3273 3291 3343 quod
3319 3272 3566 3330 historias

1970 3361 2106 3418 inibi
2142 3363 2541 3431 contineantur,
2576 3377 2702 3435 qua
2730 3365 2783 3420 in
2817 3365 3022 3436 Regum
3048 3366 3200 3421 libris
3230 3368 3567 3437 praetermis-

1969 3469 2047 3512 sa:
2073 3465 2217 3512 sunt.
2255 3457 2628 3528 Evangelium,
2662 3459 2805 3515 bona
2834 3459 3187 3523 annuntiatio’,
3223 3451 3342 3514 sive
3365 3459 3568 3518 bonum

1971 3549 2240 3604 nuntium.
2302 3548 2688 3621 Apocalypsis,
2737 3550 3021 3606 revelatio.
3077 3549 3562 3622 GaZOphylacium,

1969 3640 2279 3696 divitiarum
2308 3640 2588 3706 custodia,
2617 3643 2978 3711 compositum
3010 3641 3078 3697 de
3122 3642 3299 3712 lingua
3344 3641 3567 3700 Persica

1972 3738 2024 3788 et
2045 3733 2255 3788 Graeca.
2298 3733 2574 3805 Synodu‘s,
2621 3734 2861 3802 comitia,
2890 3735 2974 3791 vel
3005 3742 3203 3790 coetus.
3234 3735 3440 3802 Canon,
3478 3749 3566 3790 re-

1969 3825 2112 3900 gula.
2140 3825 2412 3896 Teuchos,
2443 3829 2715 3884 volumen.
2751 3829 3097 3901 Apocryphn,
3140 3829 3442 3895 recondita,
3475 3829 3566 3886 vel

1971 3919 2202 3975 occulta.
2230 3918 2492 3987 Hexapla,
2538 3921 2886 3991 sexcuplicia.
2921 3921 3206 3990 Apologia,
3240 3922 3563 3978 excusatio:

1969 4010 2115 4065 unde
2137 4011 2505 4081 apologeticus
2545 4012 2881 4082 appellatur:
2911 4013 2996 4068 vel
3046 4014 3187 4067 sicut
3229 4012 3564 4081 quibusdam

1961 4101 2203 4176 .yidetur,
2237 4106 2509 4176 purgatio,
2542 4120 2638 4161 seu
2669 4105 2930 4162 defensio.
2981 4107 3266 4176 Anagoge,
3313 4105 3563 4176 superior

2001 4211 2188 4252 ensus.
2217 4196 2540 4268 Trepologia
2560 4238 2575 4263 ,
2608 4189 2831 4255 moralis
2860 4198 3235 4266 intelligentia.
3267 4196 3557 4264 Parabola,

1971 4287 2286 4344 similitudo.
2311 4289 2794 4358 Anaeepbaleosis,
2816 4288 3215 4356 recapitulatio.

2043 4377 2218 4435 Habes
2243 4381 2570 4450 apusculum,
2603 4379 2684 4450 ﬁli
2713 4382 2786 4436 mi
2823 4381 3140 4448 charissime,
3175 4382 3229 4434 in
3261 4397 3412 4435 omne
3453 4381 3564 4451 fere

1974 4471 2364 4545 Scripturarum
2380 4488 2567 4546 corpus
2584 4474 2734 4543 quasi
2759 4471 3021 4545 quoddam
3034 4470 3389 4543 intelligentia:
3408 4473 3565 4528 semi-

281 4563 407 4620 qum
449 4549 714 4607 Ecclesia:
761 4567 856 4608 ore
887 4554 1160 4610 celebrata
1192 4554 1246 4611 in
1279 4569 1590 4613 sermone
1627 4571 1869 4616 nostrum
1893 4559 2201 4630 Dnaritmt,
2228 4580 2332 4634 quo
2356 4565 2414 4619 in
2437 4564 2638 4620 duobus
2658 4563 3126 4620 voluminibusnon
3149 4578 3358 4636 parum,
3390 4575 3445 4617 ut
3473 4579 3563 4620 ar-

1972 4655 2151 4723 bitror,
2176 4655 2526 4712 insiruetionis
2553 4657 2627 4712 ad
2667 4657 2983 4714 edocendum
3012 4663 3080 4720 te,
3126 4667 3192 4712 ea:
3225 4652 3382 4712 r‘e‘bus‘
3406 4656 3564 4710 coriis

1980 4750 2378 4820 necessariisque
2415 4751 2668 4824 congessi.

281 4647 676 4698 convertuntur
702 4657 766 4698 ex
788 4644 999 4714 Grasco,
1029 4641 1227 4716 Theos,
1257 4647 1420 4703 Deus.
1447 4649 1623 4706 Tneos
1658 4661 1864 4722 autem,

283 4737 342 4788 ut
371 4735 729 4804 quorumdam
753 4737 936 4808 opinio
964 4737 1145 4808 habet,
1176 4743 1278 4798 ἀπὸ
1298 4749 1390 4798 τοῦ
1418 4739 1646 4818 essent...
1681 4745 1730 4801 id
1764 4755 1867 4816 est,

292 4862 421 4890 δέη-,τ
459 4864 626 4893 {full
681 4863 830 4893 In‘wII-.
891 4865 1114 4894 ,δη-ηυγ..
1172 4864 1302 4894 ...με
1383 4868 1510 4894 in...
1591 4868 1646 4884 -...
1801 4879 1836 4884 _.
1982 4877 1990 4900 ι
2039 4869 2059 4876 -ι
2171 4877 2216 4888 .,
2250 4875 2276 4888 ,-
2487 4881 2490 4888 ,
2559 4881 2562 4884 .
2737 4879 2742 4901 Ι
2867 4877 2905 4899 ,Ι
2967 4879 2992 4882 η
3079 4877 3095 4900 ~I
3161 4877 3168 4900 Ι
3221 4873 3339 4900 ἠυνξ
3389 4879 3398 4886 .
3449 4877 3454 4882 -
3501 4869 3524 4900 ἰ

1222 4991 1853 5092 RUINARTII
1925 5005 2608 5094 ADMONITIO

775 5147 844 5209 IN
874 5153 1224 5211 PASSIONEM
1257 5150 1638 5214 SANCTOHUM
1672 5157 1959 5217 MAURICII
1989 5151 2071 5217 ET
2103 5153 2425 5217 SOCIOBUM
2457 5153 2630 5226 EJUS,
2666 5147 3040 5213 MARTYRUM.

353 5282 406 5339 i.
445 5277 810 5353 Iampridem
837 5287 866 5338 tl
892 5283 1188 5340 Laurentio
1213 5283 1392 5353 Burio,
1421 5288 1526 5344 sub
1550 5288 1728 5344 sancti
1767 5289 1875 5346 Eu-

279 5353 462 5409 cherii
499 5353 745 5424 episcopi
785 5354 1158 5424 Lugdunensis
1207 5359 1455 5424 nomine,
1488 5360 1632 5415 adita
1665 5362 1879 5416 inerant

282 5427 418 5501 ﬁcta
448 5427 761 5501 sanctorum
791 5427 1034 5481 Mauricii
1064 5433 1119 5482 et
1141 5429 1594 5501 sociorumrejns;
1622 5431 1718 5486 Sed
1751 5446 1876 5501 quae

284 5497 356 5549 ita
387 5499 588 5567 parum
615 5497 718 5552 sibi
741 5500 1074 5564 Constarent,
1107 5507 1164 5551 ut
1185 5499 1307 5567 jure
1335 5497 1529 5555 mei'ito
1552 5497 1586 5556 at
1604 5501 1735 5557 viris
1757 5497 1881 5558 eru-

281 5567 414 5623 ditis
444 5569 582 5642 inter
615 5567 840 5642 {sisset
867 5568 1208 5642 supposititia
1232 5569 1578 5628 haberentur.
1635 5573 1706 5626 Ea
1738 5587 1879 5642 quo-

282 5655 392 5708 que
436 5639 578 5707 apud
615 5639 979 5695 Mombritium
1004 5680 1019 5705 ,
1054 5641 1214 5710 paulo
1252 5642 1469 5710 quidem
1513 5639 1882 5700 emendation

285 5711 614 5782 exstabant;
655 5712 752 5767 sed
791 5713 862 5767 ita
905 5719 1080 5767 tamen
1120 5713 1476 5782 interpolata)
1524 5725 1582 5768 ut
1615 5715 1881 5772 Eucherio

1979 5290 2080 5346 viri
2128 5291 2368 5362 graviter
2416 5289 2698 5352 ferebant,
2732 5290 2874 5362 quod
2906 5297 3014 5362 tam
3047 5289 3332 5362 illustrium
3363 5298 3568 5361 marty-

1979 5375 2100 5417 rum
2131 5360 2260 5416 Acta
2291 5372 2552 5432 germana
2578 5365 2672 5416 aut
2716 5360 2998 5430 deperdita
3047 5361 3270 5432 fuissent
3293 5400 3309 5432 ,
3345 5360 3568 5432 autsalj

1982 5440 2090 5487 tem
2125 5433 2194 5487 ita
2228 5430 2518 5501 depretiata
2543 5441 2597 5488 et
2622 5433 2805 5486 vitiata
2829 5475 2842 5497 ,
2883 5441 2939 5484 ut
2988 5430 3190 5483 nullam
3236 5430 3396 5501 ﬁdem
3427 5431 3572 5501 apud

1982 5504 2237 5558 cordatus
2275 5500 2520 5558 homines
2551 5507 2907 5558 mererentur.
2949 5501 3140 5555 Verum
3192 5501 3306 5555 haec
3349 5500 3440 5553 diu
3477 5500 3572 5555 de-

1985 5575 2220 5629 siderata
2241 5575 2373 5630 Acta
2408 5577 2610 5644 reperit
2641 5573 2856 5626 tandem
2875 5572 2940 5625 ll.
2957 5570 3018 5624 P.
3042 5572 3230 5644 Petrus
3255 5570 3573 5627 Franciscus

1984 5645 2313 5711 Chilﬂctitm,
2344 5643 2616 5701 societatis
2643 5644 2770 5698 Jesu
2804 5644 3103 5712 presbyter,
3126 5643 3178 5695 in
3203 5645 3421 5711 τειιιῑίμιυ
3445 5644 3568 5697 cod.
3643 5687 3646 5690 .

1987 5719 2088 5772 riis.
2123 5718 2456 5773 celeberrimi
2491 5714 2806 5771 monasterii
2838 5713 3104 5781 .lurcnsis,
3146 5730 3315 5782 caque
3346 5720 3396 5766 in
3429 5713 3572 5767 Ραιειι
3647 5726 3651 5729 ‘

291 5755 890 5857 ἰίἶιῇιῖιῖιῑὶιέιὶῐῖιῑίἷῖιί
906 5755 1256 5861 ’Ξὸἱῖἱιοὲὲῐιί
1265 5755 1511 5862 {.V'ii'iizie
1526 5755 1884 5862 ’ξὸνείἰιὲῖιῖὄὲὲὲ
1989 5755 2088 5846 ἓξὲῗέ
2108 5755 2352 5845 ιιῖῖιὶἓίἑῖιὶἒ
2369 5755 3350 5859 ’ἷξεέἐέἓῖἷῦὲἐ’ῧῶξὲξῖῑῖὶιᾱᾙίκυτι
3381 5755 3586 5876 eum;
