4024 6336
495 239 603 300 823

1485 243 1542 301 S.
1583 237 1911 300 EUCHERII
1946 233 2427 297 LUGDUNENSIS
2463 240 2770 299 EPISCOPI

3676 240 3783 299 ΒΜ

493 369 621 413 nem
650 354 851 416 collata
882 360 1071 419 eadem
1102 358 1427 430 proferimus
1445 373 1509 414 ex
1537 353 2083 430 compluribuscodd.
2112 354 2165 414 Α
2191 356 2361 430 ibique
2397 358 2682 413 instituisse
2724 357 3083 429 quotidianum
3122 360 3467 428 psallentium.
3510 358 3655 415 Idem
3687 376 3781 414 au-

492 442 656 502 ιηεετ,
686 437 745 488 et
770 433 984 502 quidem
1006 428 1252 497 vetustis,
1286 430 1426 486 inter
1452 445 1589 500 quos
1621 445 1759 502 unus
1777 443 1847 502 ex
1883 428 2079 502 Fossa-

491 498 671 573 ien’sts
721 498 1057 559 bibliotheca
1092 502 1445 573 reliquiisﬂad
1472 498 1661 555 annos
1695 500 1801 573 900
1847 498 2077 573 accedit.

491 568 671 630 I’orro
699 574 952 629 Eucherii
988 587 1185 628 nomen
1212 568 1593 627 'indiil‘erenter
1632 580 1738 625 tam
1789 570 2081 635 interpola-

495 646 589 715 tis,
618 660 778 714 quam
810 644 1037 700 sinceris
1060 643 1214 715 Actis
1243 642 1522 714 praﬁxum
1550 650 1633 715 est
1654 642 1707 715 in
1733 641 1893 715 codd.
1920 655 2078 715 ιιιειετ2

497 711 668 772 immo
697 723 753 771 et
785 715 962 770 rarius
985 714 1214 771 sinceris
1247 711 1266 770 Ξ
1294 716 1433 769 sicut
1472 722 1526 769 et
1552 712 1794 783 ejusdem
1826 711 2081 783 Eucherii

496 787 723 854 epistola
753 787 819 842 ad
848 785 1072 841 Silvium
1102 796 1196 840 aut
1233 785 1493 847 Salvium,
1512 780 1670 854 quam
1700 785 1752 838 in
1776 784 1935 837 unico
1954 780 2080 838 cod.

495 857 680 927 Regia
724 856 1067 913 bibliotheca
1107 872 1230 912 cum
1278 856 1507 911 sinceris
1547 856 1696 927 Actis
1740 855 2081 927 conjunctam

494 922 817 996 reperimus.
856 928 992 983 Cum
1033 936 1213 983 tamen
1237 928 1342 982 iste
1369 927 1540 982 codex
1566 926 1785 995 Optima
1815 932 1966 996 nota
1985 922 2079 989 sit,

495 994 850 1068 ac'praterea
878 999 931 1054 in
956 999 1081 1054 cod.
1110 1013 1216 1069 quo
1243 1012 1373 1054 usus
1399 1006 1482 1054 est
1506 996 1802 1069 Chimetius
1828 1038 1849 1069 ,_
1875 994 2080 1069 habea-

496 1066 625 1135 tur',
667 1085 785 1126 eam
816 1066 1172 1134 retinuimus,
1219 1070 1379 1137 atque
1406 1069 1472 1123 ad
1503 1068 1709 1137 aliquot
1750 1066 1912 1122 codd.
1945 1079 2079 1137 mss.

498 1149 743 1196 exactam
790 1141 1129 1196 exhibemus.
1182 1136 1481 1195 Eucherius
1529 1136 1708 1193 autem
1738 1176 1755 1201 ,
1804 1136 2081 1191 Passionis

495 1209 653 1265 istius
696 1221 923 1273 auctor,
970 1211 1227 1266 Ecclesia
1269 1208 1611 1279 Lugduueusi
1653 1208 1859 1264 saculo
1890 1208 2081 1276 quinto

495 1280 718 1337 ineunte
746 1282 957 1351 praiuit
987 1300 1002 1338 :
1032 1281 1100 1335 de
1125 1296 1231 1350 quo
1272 1282 1317 1335 si
1345 1281 1496 1351 plura
1524 1280 1704 1347 cupis,
1756 1287 1951 1347 prater
1984 1293 2081 1332 eos

495 1353 586 1421 qui
632 1354 955 1423 scriptorum
982 1353 1473 1423 ecciesiasticorum
1508 1352 2077 1423 ciataliogosutexuere,

496 1420 716 1479 consule
742 1420 757 1489 ξ
788 1424 833 1479 si
862 1425 1039 1492 lubet,
1067 1420 1416 1491 Chil'lletium,
1444 1424 1493 1475 in
1526 1420 2075 1492 Paulinoillqstrato.

496 1502 651 1560 parte
680 1510 737 1561 t,
788 1510 908 1564 cap.
942 1494 1007 1550 14
1028 1490 1090 1549 et
1115 1508 1267 1564 seqq.
1294 1535 1322 1564 ,ν
1359 1492 1451 1547 ubi
1490 1493 1703 1547 unicum
1741 1490 2079 1564 Eucherium

493 1564 757 1620 Ecclesia
804 1561 1144 1635 Lugdunensi
1194 1561 1476 1631 praefuisse
1516 1561 1832 1635 contendit,
1889 1577 2011 1616 cum
2050 1576 2084 1617 e

496 1638 768 1691 contrario
796 1633 1127 1705 Theophilus
1157 1635 1468 1706 Raynaldus
1488 1634 1565 1706 fin
1595 1633 1838 1706 lndiculo
1869 1641 2084 1706 sancto-

494 1720 615 1761 rum
662 1707 1136 1776 Lugdunensium,
1170 1705 1457 1761 cardinalis
1484 1705 1748 1760 Baronius
1773 1746 1786 1766 ,
1819 1705 1907 1774 qui
1949 1716 2075 1776 ante

496 1774 824 1833 contrarium
853 1788 1215 1848 propugnarat
1238 1795 1253 1844 ;
1280 1776 1622 1833 Mabillonius
1640 1777 1703 1848 in
1733 1778 1874 1848 noiis
1904 1774 2077 1848 adgvi-

496 1856 607 1902 tam
643 1845 1177 1905 sancta—Consortia
1201 1891 1215 1912 ,
1248 1849 1446 1916 aliique
1482 1848 1593 1902 viri‘
1619 1845 1763 1903 docti
1796 1846 1935 1902 duos
1964 1846 2075 1900 Eu-

496 1918 711 1974 cherios
752 1920 1139 1990 Lugdunenses
1162 1921 1445 1989 episcopos
1475 1916 1764 1990 admittant
1792 1937 1807 1973 :
1846 1932 2077 1990 quorum

498 1991 681 2045 senior
715 1989 921 2045 Hilario
966 1992 1264 2047 Arelatensi
1293 1990 1613 2060 coaqualis,
1642 1998 1694 2043 et
1720 1989 1788 2043 ab
1815 1992 1933 2060 ipso
1965 1989 2077 2060 lau-

497 2060 653 2116 datus
677 2061 733 2116 in
754 2077 1006 2118 sermone
1029 2063 1097 2118 de
1117 2070 1305 2117 sancto
1326 2057 1622 2125 Horiorato,
1643 2074 1783 2115 anno
1804 2057 1910 2113 454
1931 2058 2080 2113 obie-

496 2131 591 2203 rit,
617 2131 799 2201 junior
823 2147 975 2197 vero,
1015 2132 1084 2187 de
1112 2148 1219 2203 quo
1254 2133 1307 2187 in
1335 2130 1459 2185 Vita
1496 2132 1667 2203 sancti
1694 2129 2078 2203 CasariiAre-

497 2202 742 2264 latensis,
774 2205 985 2259 nonnisi
1017 2200 1146 2272 post
1160 2203 1445 2259 concilium
1476 2200 1872 2258 Arausicauum
1894 2202 1958 2269 ll,
1993 2203 2078 2255 cui

499 2289 642 2327 anno
671 2273 775 2330 529
805 2274 1189 2343 subscripsisse
1213 2274 1428 2330 dicitur.

572 2345 627 2396 2.
673 2346 838 2399 Porro
872 2346 1119 2401 Eucherii
1160 2346 1469 2401 narratione
1509 2344 1589 2397 usi
1630 2344 1797 2400 fuisse
1826 2344 2081 2401 videntur

503 2411 768 2472 Gallicani
799 2415 987 2472 Patres
1012 2417 1064 2471 in
1094 2415 1431 2473 contexendo
1457 2415 1636 2471 ofﬁcio
1661 2461 1675 2484 ,
1704 2416 1845 2485 quod
1888 2414 1942 2468 in
1985 2415 2082 2469 ho-

495 2500 933 2557 rumimartyrum
961 2487 1050 2543 die
1076 2488 1213 2543 festo
1242 2486 1539 2557 legebatur.
1560 2485 1623 2557 rld
1646 2493 1853 2541 certum
1873 2487 2083 2543 videtur

500 2570 568 2609 ex
594 2555 794 2611 Missali
818 2558 1071 2625 Gothico,
1105 2559 1259 2628 cujus
1287 2555 1463 2613 locum
1488 2556 1623 2613 infra
1648 2557 1973 2627 descripluri
1993 2573 2083 2614 su-

500 2641 643 2679 mus.
689 2628 826 2693 Quin
854 2640 907 2684 et
934 2644 997 2683 ea
1025 2630 1236 2685 videtur
1263 2644 1383 2685 esse
1408 2628 1592 2683 Passio
1616 2669 1633 2694 ,
1671 2644 1831 2698 quam
1869 2644 1931 2683 ex
1958 2647 2079 2683 con-

499 2698 787 2752 suetudinis
812 2699 977 2754 debito
1017 2701 1208 2756 lectam
1238 2699 1403 2755 fuisse
1449 2709 1680 2755 teatatur
1709 2709 1924 2754 sanctus
1954 2700 2085 2753 Avi-

500 2774 593 2822 tus
613 2807 629 2832 ,
666 2768 988 2841 Viennensis
1016 2774 1242 2828 antistes
1264 2814 1279 2839 ,
1326 2772 1380 2825 in
1427 2770 1642 2826 homilia
1670 2786 1829 2841 quam
1858 2770 1928 2824 de
1965 2772 2083 2828 istis

499 2838 828 2912 martyribus
875 2842 1079 2903 habuit.
1136 2838 1273 2912 Qua
1321 2842 1464 2897 enim
1512 2838 1774 2912 fusius'iu
1828 2841 2081 2897 Eucherii

501 2910 810 2983 narratione
839 2913 1100 2969 habentur
1125 2956 1139 2979 ,
1164 2910 1235 2969 ea
1263 2915 1447 2983 paucis
1464 2911 1642 2967 verbis
1668 2913 1926 2983 exprimit
1954 2913 2084 2968 Avi-

500 2987 591 3034 tus
619 2980 673 3035 in
719 2980 1021 3053 fragmento
1070 2980 1314 3054 ejusdem
1342 2982 1754 3054 homiliagquod
1794 2983 1950 3037 nobis
1992 3000 2084 3040 su-

501 3061 704 3128 perest.
730 3052 839 3110 Hos
866 3054 1064 3128 quippe
1090 3052 1377 3128 martyres,
1399 3052 1786 3128 quosFelicem
1803 3056 2082 3128 exercitum

2184 439 2304 502 etor
2330 429 2670 502 insequenti
2695 430 2871 502 capite
2892 430 3210 502 eorumdem
3244 438 3540 502 martyrum
3574 432 3783 501 aliquot

2185 500 2447 557 miracula
2478 500 2659 556 refert.
2691 503 2760 555 At
2792 501 2887 557 lib.
2918 517 2948 554 x
2978 501 3228 557 Historia
3267 500 3401 557 dicit
3422 517 3482 557 se
3512 500 3783 556 beatorum

2185 572 2572 643 Agaunensium
2609 571 2863 641 reliquias
2892 572 3169 627 invenisse
3193 615 3208 638 ,
3242 582 3351 629 tum
3386 575 3437 628 in
3470 574 3663 642 majori
3693 589 3780 629 ec-

2183 641 2345 698 clesia
2388 641 2689 697 Turonensi
2712 643 2797 698 cui
2830 653 3080 710 praerat,
3113 652 3223 698 tum
3265 646 3426 700 etiam
3469 645 3523 697 in
3554 644 3777 700 basilica

2183 713 2354 786 sancti
2378 712 2614 786 Martini.
2635 713 2693 767 ln
2713 714 3026 769 eorumdem
3048 725 3349 786 martyrum
3380 716 3640 771 honorem
3682 715 3780 771 Ve.

2184 784 2402 838 nantius
2422 783 2749 855 Fortunatus
2768 799 2986 840 carmen
3028 783 3295 841 decimum
3315 786 3559 855 quintum
3587 786 3710 840 libri
3741 798 3778 843 η

2183 854 2508 923 composuit,
2533 870 2735 925 eosque
2764 856 2901 911 libro
2920 871 3011 910 vttt
3038 854 3483 911 carminebinter
3510 857 3778 911 celebria.

2187 940 2274 980 res
2299 934 2851 998 martyresrecenset,
2888 934 3051 998 atque
3076 927 3327 997 legionem
3349 925 3579 981 Felicem
3601 929 3777 998 Agaue

2185 1012 2390 1069 nensem
2427 996 2680 1066 appellat.
2705 997 2859 1069 Und_e
2879 996 3151 1065 conjicere
3179 999 3302 1054 licet
3326 1039 3340 1059 .
3374 998 3474 1053 hos
3510 996 3781 1069 martyres

2183 1068 2479 1140 antiquitus
2508 1082 2774 1140 Lecton“
2802 1067 3042 1124 Faucsu
3070 1069 3229 1138 vulgo
3261 1070 3566 1140 appellatos
3592 1067 3777 1124 fuisse.

2184 1136 2351 1193 Favet
2381 1137 2505 1192 huic
2529 1138 2856 1208 conjectura
2882 1149 3100 1195 sanctus
3128 1136 3482 1194 Kvitus'loco
3526 1142 3779 1198 suuerius

2184 1208 2425 1273 laudato,
2475 1208 2564 1264 ubi
2595 1211 2843 1264 exercitus
2897 1208 3051 1265 Felix
3088 1211 3359 1266 dicuntur.
3412 1209 3771 1267 Walal‘ridum

2181 1279 2531 1343 Strabonem,
2558 1281 2977 1350 innumerosque
3001 1282 3139 1336 alios
3168 1285 3435 1338 variorum
3468 1292 3772 1352 temporum

2181 1360 2428 1424 auctores
2455 1353 2646 1405 omitto
2670 1392 2685 1417 ,
2716 1352 2805 1422 qui
2846 1354 3197 1422 Agaunenses
3240 1363 3503 1424 martyres
3537 1354 3781 1407 celebra-

2182 1430 2327 1475 runt.
2377 1421 2448 1475 At
2488 1421 2914 1490 praterm’ittere’
2957 1438 3063 1478 non
3111 1424 3235 1480 licet
3280 1421 3479 1480 vetaris
3520 1424 3781 1490 Liturgia

2182 1491 2476 1546 Gallicana
2508 1494 2895 1562 testimonium,
2928 1494 3269 1560 desumptum
3310 1495 3519 1551 scilicet
3546 1510 3617 1549 ex
3658 1494 3779 1549 Mis-

2183 1562 2282 1616 sali
2303 1562 2858 1630 Gothico-Gallicam,
2882 1565 3029 1635 quod
3053 1581 3119 1620 ex
3142 1568 3430 1622 veterrima
3456 1567 3649 1623 codice
3677 1582 3777 1620 ms.

2183 1644 2309 1705 ante
2334 1648 2508 1705 annos
2535 1635 2642 1691 900
2686 1636 2881 1690 litteris
2906 1636 3184 1704 quadratis
3210 1646 3435 1692 exarata
3456 1677 3471 1701 ,
3502 1636 3774 1705 Josephus

2106 1726 2153 1787 Β
2185 1703 2351 1787 Maria
2377 1703 2719 1787 Th-omasius,
2748 1717 2804 1762 et
2830 1703 3016 1787 noster
3044 1707 3281 1787 Joannes
3306 1703 3774 1787 piabilloniuslib.

2181 1789 2240 1828 ιιι
2266 1774 2520 1845 Liturgia
2545 1778 2853 1841 Gallicana,
2884 1778 3190 1833 ediderunt.
3219 1780 3273 1832 In
3306 1778 3409 1833 hoc
3439 1787 3625 1833 autem
3659 1779 3778 1833 Mis-

2180 1846 2279 1900 sali
2306 1862 2453 1900 num.
2488 1845 2557 1901 64
2591 1847 2818 1903 habetur
2849 1847 3013 1902 Missa
3042 1850 3171 1903 beati
3202 1849 3442 1904 Mauricii
3468 1866 3588 1903 cum
3628 1850 3782 1904 sociis

2179 1919 2308 1983 suis,
2342 1918 2394 1970 in
2426 1932 2528 1987 qua
2558 1934 2745 1973 eorum
2777 1919 3015 1974 historia
3040 1921 3273 1974 narratio
3301 1922 3543 1976 occurrit
3575 1936 3641 1973 ex
3675 1935 3773 1973 uo-

2181 1996 2296 2060 stro
2319 1987 2586 2043 Eucherio
2615 1990 2817 2060 absque
2854 1989 3021 2045 dubio
3041 1990 3320 2060 desumpta
3345 2034 3358 2053 ,
3394 2002 3452 2045 ut
3480 2001 3775 2057 utrumque

2184 2058 2325 2129 inter
2364 2073 2483 2113 sese
2512 2058 2840 2116 conferendo
2872 2062 3091 2129 patebit.
3143 2058 3297 2129 Quod
3343 2070 3404 2116 ut
3438 2061 3780 2117 commodius

2183 2128 2297 2196 ﬁat,
2322 2129 2697 2203 Pral‘ationem
2724 2128 3006 2203 integram,
3032 2148 3152 2200 qua
3172 2128 3243 2188 ibi
3271 2130 3577 2187 Immolatio
3606 2130 3781 2186 Missa

2185 2200 2512 2273 appellatur,
2543 2202 2787 2269 proferre
2812 2200 2979 2267 juvat.
3015 2203 3358 2273 Vereaquum
3383 2215 3431 2259 et
3455 2206 3664 2273 justum
3686 2212 3782 2265 est,

2183 2287 2278 2325 nos
2302 2272 2391 2325 tibi
2403 2273 2595 2344 gratias
2610 2290 2779 2344 agere,
2800 2274 3017 2344 Domine
3036 2272 3231 2340 sancte,
3253 2273 3409 2328 Pater
3431 2272 3780 2344 omnipotens,

2184 2352 2372 2396 ateriae
2403 2342 2559 2396 Deus.
2586 2342 2663 2397 Tu
2684 2347 2837 2401 enim.
2872 2342 3109 2411 Domine,
3128 2344 3471 2399 Thebaorum
3497 2342 3783 2399 exercitum

2185 2412 2255 2466 ad
2277 2414 2455 2481 populi
2481 2416 2553 2466 tui
2573 2417 2885 2485 supplicium
2908 2414 3242 2481 destinatum,
3258 2417 3330 2470 ita
3346 2418 3515 2471 subita
3534 2416 3787 2485 jussionis

2186 2491 2287 2557 (ue:
2311 2486 2477 2557 gratia
2498 2488 2767 2557 revocasti,
2784 2556 2787 2557 ν
2804 2497 2859 2541 ut
2893 2488 3009 2557 plus
3037 2487 3277 2557 eligerent
3302 2488 3491 2542 sedula
3519 2486 3789 2541 devotione

2186 2553 2610 2629 inter/ici,_quam
2636 2558 2699 2611 de
2716 2553 3139 2629 Christianorum
3175 2558 3424 2629 sanguine
3449 2559 3672 2621 satiari;
3698 2572 3787 2629 nec

2184 2640 2298 2678 sum
2325 2626 2479 2679 tantis
2501 2636 2557 2679 ut
2597 2638 2644 2681 te
2674 2628 2999 2698 (legendum
3028 2638 3175 2697 puto,
3222 2626 3313 2683 nec
3335 2637 3641 2683 cunctantes
3663 2669 3677 2693 ,
3720 2627 3790 2695 te)

2184 2698 2501 2761 auxiliante,
2536 2700 2898 2764 persecutionis
2928 2716 3057 2754 onus
3095 2716 3337 2768 excepere
3359 2742 3371 2761 ,
3403 2701 3626 2754 cervices
3667 2714 3786 2752 suos

2187 2769 2599 2837 persequentibus
2627 2770 2899 2824 inclinare.
2953 2769 3019 2824 Et
3047 2787 3159 2824 cum
3186 2770 3351 2824 rabies
3382 2771 3581 2824 inimici
3613 2769 3788 2823 decer-

2187 2847 2353 2910 neret,
2384 2849 2439 2893 ut
2476 2838 2572 2893 Dei
2592 2841 2814 2909 populus
2841 2842 3277 2896 denumerationis
3303 2842 3551 2895 instantia
3584 2841 3791 2910 deperi-

2184 2918 2285 2981 ret,
2316 2909 2406 2964 ille
2445 2919 2622 2981 raptus
2643 2922 2716 2965 est
2747 2912 2996 2977 decimus,
3027 2913 3115 2979 qui
3148 2913 3521 2981 anticipatione
3549 2909 3790 2981 martyrii

2185 2979 2329 3047 ﬁeret
2359 2979 2665 3051 primitivus.
2689 2981 2897 3037 Clamor
2919 2985 2973 3036 in
3000 2984 3182 3037 castris
3208 2979 3372 3036 oritur
3394 2999 3413 3049 ;
3441 2981 3607 3036 virtus
3635 2979 3788 3034 dimi-

2185 3052 2341 3104 candi
2381 3054 2743 3119 contemnitur,
2776 3054 2841 3107 de
2868 3054 3215 3122 assumptione
3260 3055 3496 3123 martyrii
3527 3054 3786 3106 contentio

501 3111 758 3197 appellat,
790 3111 1035 3182 semel'et
1052 3111 1254 3182 iteruni'
1272 3111 1718 3197 sorte-decimatas
1740 3126 1906 3197 fuisse
1927 3141 2084 3195 agno~
2110 3111 2158 3176 C
2188 3123 2367 3197 ardua
2385 3111 2749 3179 commovetur;
2769 3125 2895 3197 “Dei
2919 3111 3145 3197 populus
3172 3124 3306 3196 ferro
3329 3111 3650 3197 confoditur,
3674 3140 3792 3176 san-

500 3193 624 3256 scit,
651 3210 719 3267 ac
748 3196 963 3251 tandem
1010 3200 1232 3253 omnino
1261 3207 1629 3267 consumptos.
1671 3195 1779 3251 Sed
1810 3193 2085 3265 fragmen-

501 3270 616 3345 turn
636 3266 910 3345 integrum
940 3268 1303 3345 exhibendum
1342 3279 1462 3345 est,
1486 3266 1653 3345 ﬁtted
1685 3283 1753 3321 ex
1777 3269 2088 3345 antiquissi-

503 3335 608 3388 mis
634 3335 686 3389 in
716 3335 917 3393 certice
946 3342 1178 3396 exaratis
1206 3338 1420 3394 schedis
1448 3335 1785 3393 bibliotheca
1815 3338 2085 3393 Thuanea

502 3407 791 3479 descripsit
820 3409 902 3462 vir
942 3424 1113 3466 sacra
1157 3411 1491 3479 antiquitatis
1535 3408 1958 3463 studiosissimus
1995 3409 2087 3463 Ja-

503 3477 1038 3549 c_obus_Sirmondus.
1065 3482 1171 3536 Has
1197 3477 1374 3535 autem
1397 3479 1645 3545 schedas,
1671 3494 1790 3549 qua
1815 3480 1869 3534 in
1892 3479 2088 3537 biblio-

502 3544 660 3599 theca
684 3547 845 3618 Regia
873 3552 1033 3605 modo
1061 3561 1431 3613 asservautur,
1462 3552 1674 3605 vivente
1693 3544 1877 3605 adhuc
1906 3553 2085 3617 Avito,

504 3624 598 3691 aut
627 3618 816 3674 saltem
865 3623 1022 3688 paulo
1062 3633 1181 3691 post
1208 3623 1378 3689 ipsius
1413 3622 1617 3677 obitum
1649 3622 1878 3689 scriptas
1922 3621 2090 3679 fuisse

484 3686 737 3766 afﬁrmat
761 3686 970 3766 quietis
998 3686 1346 3761 inspexerunt
1386 3694 1487 3766 viri
1516 3686 1851 3766 peritissimi.
1898 3692 2089 3748 Homi-

503 3756 594 3811 lia
620 3774 750 3814 vero
774 3756 1042 3829 pradicta
1064 3756 1251 3818 titulus
1278 3766 1357 3820 sic
1386 3756 1547 3819 habet
1579 3779 1593 3817 :
1618 3763 1783 3818 ΒιοτΑ
1815 3778 1866 3817 ιιι
1891 3778 2090 3819 ιιλειιι-

504 3842 572 3881 CA
603 3843 918 3887 ssucronuu
942 3835 1342 3898 Aouuueuswu,
1373 3847 1732 3889 INNOVATIONE
1770 3849 2091 3890 IONAS'I'ERII

504 3912 671 3955 IPSIUS
697 3917 795 3957 var.
824 3918 1071 3960 PASSIONB
1098 3921 1405 3961 IARTYRUI.
1433 3904 1660 3961 Homilia
1691 3920 1823 3961 vero
1854 3907 1930 3959 sic
1958 3906 2094 3961 inci-

503 3970 584 4049 pit
615 3986 631 4026 :
661 3970 989 4049 Draconium
1011 3976 1203 4031 Felicis
1230 3978 1499 4049 exercitus,
1536 3978 1589 4029 in
1628 3979 1777 4049 cujus
1815 3992 2095 4049 congrega-

484 4043 643 4122 iione
673 4043 960 4099 beatissima
989 4064 1136 4102 nemo
1169 4048 1337 4116 periit,
1379 4047 1505 4101 dum
1543 4043 1718 4102 nullus
1748 4043 1938 4122 euasit,
1977 4043 2094 4102 cum

503 4118 767 4191 injustam
777 4126 1071 4191 sanctorum
1100 4127 1387 4191 martyrum
1406 4130 1630 4191 mortem
1648 4118 1796 4189 quasi
1815 4119 1966 4173 sortis
1996 4122 2060 4191 ju
2074 4149 2090 4161 ο

502 4183 644 4236 stitia
663 4186 926 4261 judicaret
949 4231 963 4252 ,
986 4206 1095 4261 qua
1125 4190 1200 4244 bis
1229 4183 1381 4259 super
1408 4191 1571 4243 aciem
1598 4183 1829 4261 dispersa
1855 4183 2096 4261 mansue-

505 4261 633 4323 tam,
666 4256 933 4327 centuplea:
957 4256 1222 4315 decimatis
1250 4256 1449 4329 fructus
1470 4256 1799 4321 decresceret,
1822 4268 1869 4313 et
1890 4260 2007 4313 odio
2039 4262 2095 4314 in

504 4338 807 4403 prosperum
837 4329 1173 4403 suffragante,
1203 4342 1409 4386 eatenus
1436 4330 1745 4403 eligerentur
1766 4331 1974 4403 singuli,
1999 4331 2096 4403 do-

504 4411 607 4471 nec
627 4398 785 4471 simul
818 4398 1178 4471 colligerentur
1216 4404 1383 4467 electi,
1425 4418 1488 4456 ex
1508 4398 1895 4457 consuetudinis
1924 4401 2094 4456 debito

2190 3194 2307 3263 guis
2353 3195 2678 3264 innocentum
2721 3194 3037 3264 effunditur,
3097 3194 3225 3263 ﬁdes
3268 3196 3483 3250 inlibata
3531 3205 3786 3249 servatur.

2192 3262 2581 3339 Sic,iDomine,
2609 3262 2797 3339 milites
2836 3271 3059 3339 protegis
3089 3262 3223 3329 tuos,
3268 3277 3323 3319 ut
3369 3283 3458 3321 nec
3484 3266 3713 3339 defuerit
3738 3265 3791 3317 in

2190 3336 2429 3408 passione
2450 3337 2722 3408 patientia,
2748 3335 2845 3392 nec
2860 3340 2912 3391 in
2935 3335 3258 3408 confessione
3291 3338 3602 3392 constantia.
3639 3335 3785 3390 Inter

2192 3406 2453 3461 beatorum
2474 3408 2605 3462 bella
2634 3418 2682 3462 et
2706 3407 2853 3463 beata
2874 3406 3171 3473 certamina,
3206 3408 3322 3475 plus
3349 3409 3534 3464 meruit
3564 3408 3792 3478 gloriosa

2192 3479 2444 3548 confessio
2466 3482 2528 3533 de
2548 3480 2952 3534 commilitonum
2982 3480 3237 3535 consortio
3265 3479 3426 3533 dividi
3444 3524 3459 3547 ,
3491 3496 3653 3547 quam
3685 3494 3792 3531 ma-

2190 3564 2286 3622 nus
2311 3551 2575 3622 carniﬁcis
2599 3551 2831 3621 gloriari.
2864 3549 3022 3606 Totus
3044 3568 3264 3619 namque
3288 3550 3627 3622 Deipopulus
3656 3558 3791 3602 tanta

2191 3621 2395 3695 ardoris
2413 3620 2515 3690 ﬁde
2546 3620 2814 3695 alacritate
2841 3624 3116 3695 flagrabat,
3152 3632 3206 3676 ut
3233 3623 3279 3676 si
3296 3620 3601 3695 itardarftur
3630 3636 3790 3695 perse-

2191 3693 2327 3764 cutio
2353 3694 2605 3763 corporis,
2620 3691 2934 3764 prlecederet’
2951 3694 3149 3749 devotio
3165 3694 3443 3764 passionis.
3466 3691 3639 3746 Tanta
3663 3693 3789 3764 enim

2194 3762 2291 3831 fuit
2320 3762 2834 3835 constantia‘pOpuli,
2866 3774 2913 3819 et
3073 3762 3290 3830 inimici,
3315 3773 3368 3816 ut
3390 3780 3481 3818 nec
3516 3766 3671 3831 furor
3711 3763 3787 3814 in-

2194 3835 2384 3886 venerit
2403 3834 2740 3915 postmodum
2778 3836 2939 3915 quati
2957 3836 3227 3902 occideret,
3259 3850 3351 3888 nec
3392 3835 3687 3915 giariosum
3710 3848 3786 3886 re-

2195 3904 2435 3957 manserit
2464 3904 2602 3973 quod
2630 3904 2837 3974 periret.
2889 3905 3086 3961 Factus
3116 3915 3189 3959 est
3215 3922 3358 3960 sacer
3384 3904 3475 3959 ille
3514 3904 3789 3974 Agaunen-

2195 3973 2498 4049 siumlacus
2524 3992 2614 4049 per
2642 3976 2895 4049 su/fragia
2923 3987 3207 4048 martyrum
3245 3977 3388 4031 salus
3426 3973 3786 4049 praesentium,

2196 4044 2494 4121 prasidium
2525 4044 2837 4113 futurorum,
2867 4064 3016 4121 quem
3043 4044 3313 4121 sanguinis
3354 4044 3505 4121 unda
3540 4047 3785 4121 paludi“.

2196 4112 2536 4186 pretiosogum
2563 4112 2837 4186 corporum
2856 4112 3070 4173 societas
3101 4112 3431 4173 consecravit.
3454 4112 3615 4174 Unde
3639 4112 3786 4171 ineri-

2195 4192 2249 4238 to
2276 4186 2386 4253 tibi,
2412 4183 2770 4250 Domine,etc.
2794 4190 2852 4243 ln
2875 4190 3285 4245 collectionibus
3306 4203 3439 4244 vero
3458 4188 3629 4242 iidem
3656 4201 3787 4242 mar-

2196 4266 2343 4325 tyres
2370 4258 2535 4311 sancti
2561 4257 2908 4315 Acaunienses
2947 4261 3304 4329 appellantur.
3355 4260 3438 4315 Ex
3480 4259 3567 4313 his
3613 4268 3783 4312 autem

2197 4336 2604 4401 patet_veterem
2629 4344 2750 4385 esse
2773 4333 2999 4386 istorum
3026 4342 3335 4401 .tnartyrum
3365 4329 3575 4401 cultum
3605 4329 3663 4382 in
3687 4344 3775 4401 no-

2197 4408 2309 4453 stra
2337 4398 2711 4471 Gal_|ia,iquos
2753 4402 2986 4471 majores
3029 4398 3199 4456 nostri
3244 4401 3376 4456 tanti
3425 4400 3630 4471 fecere.
3686 4399 3785 4455 Sub

484 4468 661 4521 series
681 4469 822 4552 lecta
848 4468 1101 4552 passionis
1122 4472 1719 4552 gaplicuit._Mona_sterii
1754 4472 2095 4552 Agaunensis
2118 4486 2174 4547 Ι)
2199 4471 2368 4552 sancti
2394 4468 2633 4552 'b_iauricii
2664 4468 2888 4552 nomine
2910 4473 3029 4552 dua
3054 4473 3501 4552 metropolitana,
3518 4470 3782 4552 Vienneno

506 4541 810 4612 non__semel
835 4544 1080 4597 meminit
1123 4541 1343 4609 uarius,
1378 4543 2088 4612 Aventicensisrepiscopus,

498 4608 564 4683 in
592 4606 860 4683 Chronico
892 4616 1226 4681 potissimum
1266 4606 1339 4667 ad
1368 4629 1569 4669 annum
1593 4614 1719 4683 515,
1749 4606 2017 4668 Florentio
2043 4606 2091 4667 et

507 4679 782 4755 4nthemio
829 4679 1150 4747 consulibus,
1193 4685 1379 4755 quibus
1405 4725 1421 4749 ,
1472 4694 1529 4739 ut
1565 4686 1642 4739 ait
1665 4725 1681 4747 ,
1708 4679 2093 4755 monasterium

508 4750 720 4825 ficauno
758 4768 789 4804 a
816 4769 933 4823 rege
956 4750 1291 4825 Sigismundo
1321 4765 1665 4810 constructum
1684 4764 1782 4811 est.
1823 4754 1975 4822 Quod
2022 4756 2094 4811 de

506 4819 613 4902 hac
639 4819 986 4889 innovatione,
1018 4819 1101 4902 ξιιί
1128 4826 1794 4902 videtur,_iutell_igendum
1821 4819 1926 4902 est:
1978 4825 2090 4902 Etsi

507 4896 1501 4967 animanteasteteritmonasterium,
1530 4899 1600 4952 ita
1625 4907 1804 4952 tamen
1832 4896 1992 4967 hujus
2018 4898 2090 4966 pii

506 4963 771 5037 principis
802 4963 1123 5037 liberalitate
1147 4976 1361 5024 auctum
1386 4963 1505 5037 fuit,
1528 4978 1588 5023 ut
1610 4968 1805 5024 merito
1823 4963 1939 5037 ejus
1962 4963 2093 5023 co'n-

507 5034 651 5107 ditgr
669 5034 938 5107 appellari
958 5047 1138 5107 queat.

579 5104 635 5159 3.
669 5103 841 5181 Porro
869 5103 1206 5181 etsi'horum
1256 5116 1551 5181 martyrum
1583 5109 1798 5165 nomina
1840 5108 2095 5181 pleraque

509 5176 690 5256 ignota
718 5176 849 5243 sint,
888 5177 1241 5256 celeberrima
1282 5176 1459 5256 tamen
1507 5195 1722 5256 semper
1766 5176 2093 5256 in_'Ecclesia

506 5245 607 5300 luit
632 5262 819 5321 eorum
848 5249 1108 5303 memoria
1131 5289 1147 5314 ,
1196 5250 1339 5319 quod
1385 5264 1490 5305 non
1530 5266 1593 5306 ex
1627 5245 1724 5305 'his
1770 5251 1944 5306 solum
1973 5266 2095 5321 qua

508 5318 829 5385 protulimus
852 5328 1100 5388 constat,
1138 5334 1324 5375 verum
1354 5321 1513 5376 etiam
1556 5336 1623 5376 ex
1665 5321 1787 5376 aliis
1819 5318 2094 5378 veteribus

510 5389 841 5456 auctoribus,
867 5391 955 5459 qui
978 5406 1071 5445 eos
1087 5391 1187 5445 sub
1206 5400 1498 5445 sanctorum
1513 5393 1908 5456 Acaunensium,
1928 5408 1956 5446 a
1976 5394 2095 5449 loco

510 5461 785 5533 martyrii,
815 5461 899 5533 vel
941 5461 1157 5533 legionis
1199 5462 1426 5518 Thebisa
1463 5462 1683 5518 nomine
1730 5465 2091 5519 celebrarunt.

510 5528 1058 5605 Legionem_FelicEm
1121 5534 1357 5605 appellat
1417 5533 1709 5605 Gregorius
1764 5535 2097 5590 Turonensis

506 5600 603 5681 iii).
635 5618 653 5656 ι
680 5602 757 5681 de_
785 5601 967 5681 Gloria
1022 5600 1318 5681 martyrum
1370 5621 1491 5676 cap.
1529 5600 1633 5681 ‘15,
1686 5605 1773 5661 ubi
1816 5606 2096 5681 τοῖαι-ξί-

496 5672 851 5748 φρειιιιιιιάιιιιι
873 5672 1323 5748 Burgundionum
1362 5672 1556 5748 regem
1586 5676 1961 5748 Agauneusent
1993 5675 2097 5730 Ec-

508 5737 729 5799 clesiam
758 5737 1029 5801 territorii}
1058 5747 1275 5817 aliisque
1306 5737 1455 5805 τρωιῖ
1479 5737 1859 5818 αῆιιιοῆιιιιιηιι
1885 5748 2093 5816 ditasse,

2196 4541 2273 4596 sis
2304 4556 2365 4613 ac
2394 4540 2763 4613 Turonensis;
2794 4544 3125 4613 totidemque
3149 4542 3493 4613 cathedrales
3519 4542 3778 4610 ecclesia,

2197 4612 2623 4683 Andegavensis
2639 4613 2849 4668 scilicet
2875 4628 2938 4669 ac
2976 4612 3347 4683 Mirapicensis
3369 4653 3386 4679 ,
3418 4612 3554 4683 Deo
3601 4627 3783 4668 conse-

2196 4694 2361 4738 crata
2389 4692 2534 4736 sunt.
2587 4681 2653 4736 Et
2683 4691 2740 4737 ut
2781 4685 2849 4738 de
2887 4681 3339 4739 caeteris—taceam
3363 4727 3377 4751 ,
3412 4682 3553 4737 inter
3581 4693 3782 4737 veteres

2197 4754 2455 4809 ecclesias
2477 4767 2598 4821 qua
2633 4752 2761 4808 olim
2789 4754 2842 4808 in
2871 4754 3162 4809 Remorum
3193 4754 3324 4810 urbe
3352 4754 3659 4822 exstabant,
3691 4769 3775 4807 re-

2196 4823 2667 4895 censeturititulus
2709 4826 2873 4879 sancti
2909 4825 3175 4893 Mauricii,
3210 4825 3365 4895 cujus
3402 4825 3694 4881 Sonnatius
3728 4832 3780 4879 et

2196 4894 2385 4951 Laudo
2429 4893 2669 4964 ejusdem
2717 4897 2867 4951 urbis
2906 4896 3173 4951 antistites
3203 4895 3255 4949 in
3279 4893 3626 4951 testamentis
3667 4896 3772 4949 suis

2197 4967 2531 5049 meminere,
2575 4965 2715 5036 apud
2763 4966 3046 5022 Marlotum
3086 4967 3279 5022 tomol
3325 4966 3641 5037 Metropolis
3676 4965 3776 5027 Re-

2198 5052 2420 5092 menSIs.

2267 5109 2323 5163 4.
2353 5108 2611 5165 Pauciora
2630 5118 2811 5164 autem
2833 5119 3126 5164 occurrunt
3148 5123 3269 5178 qua
3310 5107 3379 5162 de
3405 5109 3600 5165 horum
3637 5122 3767 5161 mar:

2200 5189 2377 5251 tyrum
2407 5195 2634 5251 numero
2662 5181 2933 5251 dicantur.
2966 5178 3142 5233 Plebis
3165 5177 3384 5251 nomine
3411 5195 3509 5236 eos
3539 5180 3777 5251 designat

2200 5248 2439 5322 Liturgia
2486 5250 2723 5317 laudata,
2776 5250 2887 5322 ubi
2919 5251 3079 5303 etiam
3109 5265 3203 5305 sex
3252 5248 3398 5306 mille
3454 5261 3508 5307 et
3549 5248 3774 5322 sexcenti

2200 5320 2379 5378 fuisse
2403 5320 2655 5377 dicuntur
2707 5323 2762 5391 in
2813 5320 3214 5387 Admonitione,
3251 5336 3372 5390 qua
3414 5337 3513 5391 pro
3561 5321 3773 5388 antiquo

2201 5408 2350 5450 more
2375 5392 2682 5518 appellatur
2731 5390 3027 5474 Prtefatio,_
3054 5393 3240 5474 sicque
3268 5406 3328 5446 se
3355 5390 3522 5474 habet
3548 5411 3562 5447 :
3607 5391 3773 5474 Quini-

2201 5465 2416 5518 notentis
2495 5464 2539 5517 ei
2582 5463 2988 5518 misericordiam
3009 5480 3064 5515 in
3094 5462 3251 5518 huius
3278 5463 3385 5517 dies
3421 5480 3516 5518 sex
3562 5462 3770 5517 militum

2198 5462 2425 5537 potentis
2444 5462 2539 5518 Dei
2582 5463 2988 5537 misericordiam
3009 5463 3064 5515 in
3092 5462 3251 5537 ltujus
3276 5463 3385 5537 diei
3421 5480 3516 5518 sex
3562 5462 3770 5537 millium

2198 5533 2547 5589 sexcentarum
2573 5545 2856 5605 martyrum
2886 5533 3228 5605 solemnitate,
3263 5534 3447 5603 fratres
3476 5533 3769 5593 charissimi.

2201 5608 2561 5688 deprecemur:
2604 5604 2769 5688 utqui
2810 5614 2967 5688 tanta:
3001 5604 3134 5685 plebi
3163 5620 3271 5658 sua:
3299 5607 3516 5688 gloriam
3554 5605 3769 5687 martyrii

2204 5674 2455 5744 contulit;
2486 5678 2556 5729 ita
2587 5674 2753 5742 nobis,
2787 5686 2931 5740 etc.;
2962 5674 3052 5744 qui
3074 5690 3330 5730 numerus
3360 5674 3439 5730 ibi
3457 5676 3679 5744 exprimi
3699 5677 3769 5725 vi-

2204 5748 2362 5806 detur
2384 5748 2527 5818 quod
2570 5747 2868 5810 Eucherius
2920 5746 3187 5817 legionem
3223 5761 3285 5802 es
3318 5762 3408 5803 sets
3450 5747 3670 5804 millibus
3709 5759 3765 5798 ac
