4024 6336
549 318 647 376 821

1528 312 1591 371 Β.
1631 308 1957 369 EUCliElill
1994 306 2474 365 LUGDUNENSIS
2516 305 2823 365 EPISCOPI

573 443 3788 477 Mm

1355 542 2025 663 SANGTI
2100 538 2989 657 EUCEEBII

1727 737 2273 803 LUGDUNENSIS
2309 734 2665 798 EPISGOPI

608 904 1232 1040 PASSIO
1334 898 2587 1050 AGAUNENSIUM
2679 896 3752 1044 MARTYRUM,
3856 860 3861 943 ῖ

1115 1112 1265 1211 SS.
1341 1110 1900 1208 MAURICII
1972 1116 2125 1204 AC
2199 1114 2830 1203 SOCIORUM
2904 1116 3225 1206 EJUS.

1609 1280 1706 1345 (Ex
1746 1278 1935 1333 Theod.
1982 1277 2228 1332 Ruinartii
2268 1276 2402 1330 Actis
2448 1268 2753 1342 Hartyrum‘.)

1976 1408 2432 1427 ..ὼ-α’*

1944 1508 2426 1621 mactatio.

1105 1670 1378 1734 Domino
1407 1667 1775 1739 beatissimo
1804 1664 1869 1726 in
1902 1662 2159 1726 Christo
2196 1668 2223 1697 ι
2261 1660 2495 1724 Sumo
2523 1658 2829 1741 episeopo
2859 1660 3241 1724 Eunaeum

620 1796 649 1838 δ
670 1760 828 1854 illim
855 1795 923 1853 ad
952 1794 1334 1852 beatitudinem
1364 1799 1509 1846 tuam
1526 1830 1540 1855 ,
1582 1795 1888 1844 nostrorum
1920 1792 2123 1854 marty-
2152 1782 2205 1843 A
2229 1780 2461 1837 diversis
2480 1779 2612 1837 locis
2632 1788 2793 1853 atque
2813 1776 3105 1853 provinciis
3125 1781 3182 1838 in
3202 1780 3460 1841 honorem
3485 1782 3830 1857 ofﬁciumque

551 1905 666 1947 rum
698 1890 1021 1960 passionem.
1050 1886 1285 1941 Verebar
1311 1885 1474 1947 enim,
1508 1897 1575 1936 ne
1604 1895 1699 1948 per
1730 1878 1989 1933 incuriam
2020 1882 2128 1929 tam

549 1978 770 2053 gloriosi
797 1988 949 2052 gesta
973 1978 1212 2050 martyrii
1242 1977 1308 2032 ab
1337 1975 1609 2031 hominum
1637 1972 1893 2028 memoria
1920 1977 2130 2038 tempus

548 2076 805 2131 aboleret.
842 2074 1007 2130 Porro
1029 2073 1097 2129 ab
1124 2071 1332 2127 idoneis
1355 2068 1663 2125 auctoribus
1693 2067 1769 2122 rei
1793 2065 1959 2135 ipsius
1985 2064 2128 2119 veri-

551 2172 712 2224 tatem
741 2167 983 2239 quaesivi,
1018 2167 1087 2221 ab
1116 2166 1198 2220 his
1225 2166 1407 2234 utique
1434 2162 1525 2233 qui
1555 2160 1893 2216 afﬁrmabant
1922 2158 1990 2212 ab
2019 2155 2134 2225 epi-

548 2276 713 2331 scopo
750 2258 1053 2316 Genavensi
1097 2268 1282 2312 sancto
1320 2268 1340 2296 ε
1374 2256 1553 2322 Isaac,
1598 2254 1737 2307 hunc
1764 2266 1923 2323 quem
1951 2249 2132 2305 retulit

549 2354 815 2424 passionis
845 2352 1092 2410 ordinem
1131 2351 1484 2423 cognovisse;
1524 2347 1647 2417 qui,
1686 2345 1849 2401 credo
1870 2387 1885 2410 ,
1916 2358 2127 2399 rursum

549 2445 665 2501 haec
702 2455 852 2502 retro
890 2461 919 2501 a
958 2446 1271 2501 beatissimo
1313 2442 1568 2513 episcopo
1616 2438 1643 2477 ἀ
1682 2438 1966 2495 Theodoro
2012 2439 2130 2493 viro

548 2537 806 2608 temporis
852 2536 1175 2603 anterioris,
1205 2543 1510 2605 acceperat.
1560 2534 1743 2601 Itaque
1781 2544 1902 2585 cum
1944 2528 2030 2583 alii
2061 2540 2128 2584 ex

621 2676 647 2705 ἰ
686 2667 743 2723 In
788 2668 945 2723 codd.
994 2680 1128 2722 mss.
1176 2666 1383 2735 Remig.
1435 2665 1491 2735 ὃ.
1536 2662 1855 2718 Theoderici
1879 2672 1949 2735 _et
1983 2662 2124 2735 aliis,

550 2738 731 2794 Silvio.
768 2740 824 2793 In
858 2739 980 2794 cod.
1014 2739 1173 2793 Silvae
1209 2732 1427 2805 majoris
1464 2734 1694 2789 habetur
1734 2735 1836 2786 alia
1879 2732 2128 2788 Eucherii

547 2809 771 2879 cpistola
801 2808 864 2864 ad
895 2824 1082 2865 omnes
1115 2808 1318 2873 fideles,
1346 2806 1438 2879 sed
1467 2820 1594 2879 quae
1613 2805 1988 2879 antiquitatem
2020 2819 2126 2859 non

546 2877 704 2949 sapit.
737 2879 791 2933 In
830 2881 1016 2935 codice
1046 2879 1353 2933 moneaterii
1383 2877 1629 2949 iurensis
1658 2891 1783 2949 ann.
1821 2877 2125 2949 plusquam

546 2945 652 3018 990
679 2951 903 3006 habetur
933 2951 1046 3003 Ιιιρο
1071 2950 1293 3018 epistola
1327 2966 1338 3001 :
1372 2946 1655 3001 Eucherius
1690 2946 1893 3018 Yet-ano
1928 2946 2038 3014 ﬁlio
2074 2945 2128 3001 in

546 3016 747 3076 Christo
768 3022 1002 3077 salutent.
1040 3016 1311 3075 Formulas
1337 3018 1585 3090 spiritalis
1602 3016 1963 3090 intelligentiae
1983 3033 2126 3071 com-

547 3092 844 3164 monendas',
868 3092 1055 3165 tibique
1082 3088 1472 3159 mittendas'pro
1490 3088 1663 3143 studio
1692 3096 1918 3159 paterna!
1937 3104 2058 3157 erga
2084 3096 2132 3142 te

2236 1888 2542 1933 sanctorum
2573 1879 2688 1933 auri
2716 1889 2874 1949 atque
2902 1881 3144 1949 argenti,
3176 1881 3622 1952 diversarumqne
3652 1890 3829 1939 rerum

2237 1978 2461 2026 munera
2500 1969 2758 2039 offerant,
2794 1986 2891 2026 nos
2922 1972 3122 2044 scripta
3154 1974 3268 2030 haec
3314 1986 3497 2031 nostra
3526 1978 3687 2032 vobis
3719 1979 3828 2032 sui-

2236 2064 2567 2134 fragantibus
2598 2063 2883 2134 dignanter
2920 2064 3230 2134 oﬂ‘aimus;
3287 2083 3591 2139 exposcens
3622 2085 3721 2140 pro
3751 2070 3832 2126 his

2238 2157 2680 2212 intercessionem
2708 2158 2949 2213 omnium
2980 2157 3302 2215 delictorum
3322 2201 3337 2227 ,
3367 2171 3532 2230 atque
3563 2162 3621 2217 in
3654 2171 3832 2233 poste-

2238 2263 2357 2304 rum
2396 2249 2524 2320 juge
2568 2249 2876 2319 praesidium
2927 2262 3275 2321 patronorum
3306 2268 3523 2325 semper
3560 2270 3829 2310 meorum.

2240 2326 2560 2400 Mementote
2586 2358 2682 2400 vos
2720 2360 2933 2416 quoque
2963 2346 3155 2411 nostri,
3190 2348 3242 2403 in
3268 2356 3562 2419 conspectu
3593 2348 3829 2417 Domini,

2234 2445 2543 2493 sanctorum
2562 2450 2779 2507 semper
2798 2437 2990 2495 ofﬁciis
3011 2428 3359 2506 inhaerentes,
3379 2442 3602 2499 domine
3622 2450 3830 2510 sancte,

2234 2537 2291 2584 et
2316 2527 2510 2584 merito
2536 2527 2842 2585 beatissime
2870 2529 3058 2586 frater.

2233 2660 2620 2727 sollicitudinis,
2643 2671 2751 2719 etc.

2302 2730 2332 2821 ξ
2373 2732 2510 2821 ibid.
2544 2745 2596 2789 et
2624 2736 2676 2818 in
2704 2734 2864 2803 edit.,
2894 2734 3087 2821 Misi...
3110 2738 3354 2821 scriptam
3376 2751 3696 2821 nostrorum,
3722 2754 3829 2801 etc.

2308 2803 2585 2882 _°._Nudu_m
2627 2807 2747 2871 ejus
2774 2820 2969 2882 nomen
2994 2809 3141 2882 inter
3168 2803 3451 2882 episcopos
3478 2803 3831 2873 Genevénses

2308 2825 2332 2843 υ
2374 2825 2585 2858 mnuum
2627 2825 2747 2871 ejus
2774 2825 2969 2861 nomen
3002 2825 3141 2863 inter
3168 2826 3197 2863 e
3242 2826 3451 2882 iscopos
3478 2825 3666 2869 Uonev

2232 2873 2491 2943 exhibent
2513 2874 2947 2943 Sammarthani,
2982 2878 3167 2934 Gallia:
3195 2825 3397 2936 ghrist.
3432 2894 3561 2939 tom.
3599 2884 3666 2940 11.

2306 2942 2334 2982 δ
2374 2945 2689 3017 Theodorus
2728 2942 3014 3017 episcopus
3064 2952 3450 3008 Octodorensis
3500 2956 3620 3011 sive
3659 2957 3831 3014 Sedu-

2235 3016 2455 3096 nensis,
2488 3016 2541 3070 iu
2579 3017 2733 3096 cujus
2750 3016 2996 3096 _’diu_a_cesi
3043 3022 3324 3096 itgaunurn
3351 3026 3523 3096 situm
3548 3023 3673 3096 est,
3702 3029 3831 3085 sub-

2236 3088 2453 3156 scripsit
2478 3089 2707 3143 ooucilio
2733 3089 3065 3159 Aquileiensi
3095 3088 3236 3146 anno
3267 3092 3390 3150 381.

563 3218 3807 3250 -_——_——————-—_'_————_—-———————_

1105 3330 1503 3418 PASSIO
1581 3326 2445 3414 AGAUNENSIUM
2520 3324 3235 3417 MARTYRUM.

617 3495 659 3549 1.
698 3496 1019 3553 Sanctorum
1052 3494 1357 3564 passionem
1385 3499 1685 3561 martyrum
1723 3487 1813 3557 qui
1842 3483 2119 3541 Acaunum
2151 3486 2200 3547 B
2224 3482 2667 3555 exstinguendum
2704 3482 3127 3542 Christianitatis
3163 3501 3357 3543 nomen
3397 3502 3727 3548 armaverat.
3770 3495 3823 3552 Si

544 3588 784 3661 glorioso
828 3587 1089 3658 sanguine
1127 3586 1432 3649 illustrant,
1474 3597 1569 3650 pro
1607 3579 1811 3635 honore
1852 3584 2128 3647 gestorum

544 3678 686 3751 stylo
706 3679 1059 3749 explicamus,
1084 3692 1146 3733 ea
1173 3676 1353 3747 utique
1378 3674 1502 3742 lide,
1532 3687 1636 3745 qua
1665 3672 1730 3727 ad
1758 3685 1859 3726 nos
1885 3668 2128 3742 martyrii

543 3774 680 3828 ordo
709 3775 973 3843 pervenit.
1021 3772 1153 3827 Nam
1203 3786 1297 3841 per
1342 3768 1744 3825 succedentium
1785 3766 2125 3830 relationem,

547 3867 622 3921 rei
650 3875 816 3937 gestae
846 3866 1156 3921 memoriam
1183 3863 1418 3919 nondum
1442 3862 1726 3933 intercepit
1754 3860 1952 3915 oblivio
1981 3875 1995 3912 :
2025 3857 2128 3913 etsi

544 3975 641 4031 pro
672 3958 996 4030 martyribus
1027 3956 1253 4027 singulis
1284 3956 1399 4011 loca
1426 3954 1655 4024 singula,
1688 3966 1806 4023 quae
1833 3962 1929 4006 eos
1956 3948 2127 4020 possi-

541 4052 705 4115 dent,
737 4050 820 4104 vel
851 4047 1071 4119 singula:
1104 4047 1265 4105 urbes
1305 4048 1542 4117 insignes
1573 4044 1869 4109 habentur,
1899 4057 1996 4098 nec
2025 4041 2129 4096 im-

542 4141 758 4205 merito,
790 4140 915 4210 quia
944 4155 1041 4211 pro
1070 4140 1183 4193 Deo
1217 4154 1429 4193 summo
1456 4146 1485 4176 ι
1516 4139 1780 4208 pretiosas
1805 4136 2013 4190 animas
2040 4134 2125 4188 lu-

542 4231 773 4298 derunt;
812 4243 1005 4302 quanta
1040 4229 1342 4285 reverentia
1380 4228 1709 4284 excolendos
1746 4237 1829 4283 est
1856 4239 2008 4282 sacer
2038 4224 2128 4282 ille

540 4324 937 4379 Acauneusium
962 4324 1130 4388 locus,
1162 4316 1212 4376 in
1236 4337 1341 4392 quo
1362 4328 1440 4376 tot
1466 4336 1563 4391 pro
1593 4319 1804 4375 Christo
1828 4326 2125 4390 martyrum

542 4416 711 4470 millia
739 4416 884 4470 ferro
909 4430 1048 4470 etesa
1078 4414 1416 4471 referuntur?
1456 4413 1607 4468 Nunc
1638 4412 1751 4482 jam
1790 4411 1960 4481 ipsam
2000 4402 2127 4464 bea-

541 4507 763 4561 tissimae
794 4507 1058 4576 passionis
1090 4516 1307 4561 causam
1338 4506 1643 4573 loquamur.

612 4592 675 4653 li.
715 4598 827 4654 Sub
862 4594 1214 4664 Maximiano,
1244 4596 1331 4667 qui
1371 4592 1630 4651 Romana:
1659 4594 1968 4665 reipublicae
2002 4610 2124 4651 cum

546 4686 878 4746 Diocletiano
925 4691 1128 4761 collega
1158 4689 1439 4759 imperium
1486 4688 1699 4754 tenuit,
1749 4704 1844 4759 per
1887 4682 2126 4744 diversas

542 4782 657 4837 fere
690 4784 988 4850 provincias
1020 4784 1232 4848 laniati,
1262 4793 1353 4837 aut
1379 4782 1645 4838 interiecti
1676 4791 1800 4836 sunt
1824 4791 2124 4852 martyrum

2233 3578 2324 3648 qui
2351 3588 2476 3633 tunc
2507 3578 2601 3633 Dei
2633 3578 2748 3634 veri
2777 3579 2979 3634 cultum
3012 3582 3254 3651 proﬁteri
3278 3583 3589 3653 audebant,
3621 3589 3822 3658 sparsis

2231 3687 2619 3744 usquequaque
2646 3672 2873 3728 militum
2903 3675 3114 3742 turmis,
3142 3676 3225 3730 vel
3251 3676 3318 3730 ad
3340 3678 3627 3749 supplicia,
3654 3681 3739 3736 vel
3759 3682 3821 3736 ad

2232 3780 2423 3821 necem
2449 3765 2794 3837 rapiebantur
2819 3783 2832 3819 :
2856 3781 2919 3821 ac
2944 3766 3095 3822 velut
3122 3770 3403 3825 vacatione
3430 3770 3678 3827 barbaris
3697 3788 3820 3843 gen-

2233 3856 2376 3911 tibus
2396 3855 2543 3923 data,
2569 3870 2787 3925 prorsus
2818 3857 2875 3913 in
2899 3858 3212 3928 religionem
3240 3876 3390 3916 arma
3427 3876 3816 3920 commoverat.

2234 3946 2362 4003 Erat
2390 3948 2583 4005 eodem
2613 3958 2858 4019 tempore
2895 3950 2949 4005 in
2990 3953 3228 4007 exercitu
3258 3950 3400 4023 legio
3430 3953 3668 4011 militum
3688 3997 3703 4023 ,
3731 3956 3816 4026 qui

2229 4040 2449 4097 Thebaei
2472 4036 2904 4113 appellabantur.
2935 4040 3100 4115 Legio
3134 4054 3310 4101 autem
3348 4048 3669 4115 vocabatur,
3704 4064 3817 4115 qua

2232 4145 2359 4192 tunc
2383 4152 2478 4192 sex
2504 4138 2670 4193 millia
2690 4152 2755 4192 ac
2774 4148 3060 4196 sexcentos
3082 4141 3229 4196 viros
3250 4138 3275 4180 δ
3302 4141 3353 4196 in
3376 4142 3545 4198 armis
3568 4142 3815 4199 habebat.

2231 4228 2294 4283 Hi
2318 4228 2369 4282 in
2397 4228 2656 4284 auxilium
2682 4227 3003 4285 Maximiano
3028 4230 3098 4287 ab
3120 4231 3357 4286 Orientis
3388 4233 3641 4301 partibus
3666 4232 3812 4288 acciti

2227 4332 2505 4389 venerant,
2529 4322 2627 4377 viri
2655 4322 2709 4376 in
2733 4322 2897 4379 rebus
2920 4324 3130 4380 bellicis
3153 4326 3380 4391 strenui,
3413 4331 3469 4380 et
3496 4324 3696 4381 virtute
3722 4338 3811 4381 no-

2227 4412 2383 4477 biles.
2416 4412 2511 4469 sed
2543 4413 2837 4470 nobiliores
2868 4413 2995 4480 lide,
3027 4430 3154 4484 erga
3185 4414 3571 4484 imperatorem
3604 4413 3805 4470 fortitu-

2226 4506 2376 4570 dine,
2405 4520 2529 4576 erga
2555 4504 2829 4561 Christum
2859 4506 3147 4562 devotione
3174 4506 3476 4562 certabant.
3504 4506 3807 4579 Evangelici

2228 4600 2486 4669 praecepti
2502 4602 2668 4655 etiam
2690 4599 2790 4655 sub
2812 4600 2976 4655 armis
2998 4615 3102 4654 non
3126 4602 3494 4668 immemores,
3518 4602 3809 4659 reddebant

2226 4706 2347 4762 quae
2378 4692 2473 4747 Dei
2501 4702 2656 4748 erant
2678 4691 2814 4763 Deo,
2842 4701 3039 4763 etquae
3065 4692 3297 4750 Caesaris
3322 4692 3526 4751 (lassari
3566 4694 3807 4752 restitue-

2226 4783 2375 4839 bant.
2425 4783 2607 4855 Itaque
2644 4800 2768 4840 cum
2814 4784 2903 4851 hi,
2934 4784 3076 4840 sicut
3118 4792 3174 4840 et
3209 4788 3391 4842 caeteri
3437 4787 3701 4849 militum,
3736 4785 3805 4840 ad

545 4874 750 4944 populi.
789 4874 934 4929 Idem
959 4890 1186 4944 namque
1214 4874 1593 4937 Maximianus,
1626 4872 1763 4928 sicut
1784 4874 2028 4942 avaritia,
2063 4874 2126 4929 li-
2150 4877 2196 4940 C
2233 4885 2255 4913 ε
2300 4875 2710 4944 pertrahendam
2749 4874 3180 4931 Christianorum
3217 4876 3615 4933 multitudinem
3648 4876 3805 4931 desti-

544 4965 756 5033 bidine,
795 4965 1140 5031 crudelitate,
1173 4966 1488 5037 caeterisque
1521 4964 1663 5020 vitiis
1701 4964 1954 5020 obsessus
1982 4966 2125 5021 lure-

544 5059 664 5123 bat;
699 5058 769 5112 ita
797 5056 958 5112 etiam
990 5056 1334 5112 exsecraudis
1360 5056 1635 5127 gentilium
1666 5054 1859 5111 ritibus
1887 5056 2121 5121 deditus,

543 5159 597 5204 et
636 5164 761 5221 erga
790 5148 958 5205 Deum
988 5147 1111 5205 cmli
1138 5148 1392 5219 prolanus
1417 5188 1433 5214 ,
1485 5146 1813 5217 impietatem
1854 5161 2005 5201 suam
2056 5145 2122 5202 ad

618 5295 644 5325 ι
686 5286 779 5343 Sic
815 5286 937 5343 cod.
987 5285 1211 5345 Floriac.
1265 5284 1399 5353 Alii,
1438 5286 1685 5355 pretiosas
1720 5287 1886 5341 sancti
1923 5287 2123 5341 animus

544 5360 844 5429 refundunt.

617 5430 644 5469 δ
686 5428 935 5499 Vegetius
963 5428 1060 5485 lib.
1093 5427 1226 5484 nde
1254 5428 1333 5485 Re
1360 5427 1576 5499 militari
1606 5442 1724 5493 cap.
1762 5425 1797 5479 2
1846 5444 1859 5481 :
1904 5428 2124 5483 Romani

546 5498 994 5571 legiones’habent,
1017 5502 1071 5554 in
1093 5502 1274 5571 quibus
1294 5498 1509 5569 singulis
1526 5514 1647 5571 sena
1671 5499 1848 5562 millia,
1870 5500 2125 5571 interdum

546 5569 767 5639 amplius
812 5574 1030 5625 militare
1075 5569 1458 5626 consueverunt.
1519 5569 1676 5639 certe
1703 5585 1767 5623 ex
1813 5570 1974 5622 Variis
2019 5570 2124 5624 Titi

546 5638 681 5697 Livii
711 5652 766 5697 et
794 5644 1017 5697 aliorum
1050 5653 1327 5697 auctorum
1357 5642 1486 5695 locis
1516 5638 1723 5710 videtur
1752 5640 1930 5708 colligi
1962 5655 2123 5710 posse

550 5714 776 5767 militum
822 5729 1103 5768 numerum
1150 5728 1255 5767 non
1304 5714 1583 5767 deﬁnitum
1632 5709 1834 5773 fuisse,
1888 5709 1975 5778 qui
2025 5712 2123 5764 ali—

548 5785 762 5857 quando
784 5785 984 5857 plures,
1006 5783 1292 5857 aliquando
1320 5784 1601 5854 pauciores
1627 5780 1678 5835 in
1706 5779 1916 5851 legione
1945 5792 2116 5840 erant.

2230 4973 2527 5030 narentur;
2559 4965 2661 5020 soli
2685 4964 2712 5003 ἀ
2740 4966 3077 5022 crudelitatis
3114 4966 3473 5022 ministerium
3513 4966 3804 5023 detrectare

2230 5056 2348 5111 ausi
2374 5068 2520 5121 sunt,
2553 5065 2711 5127 atque
2742 5056 3047 5127 huiusmodi
3079 5059 3362 5129 praeceptis
3388 5074 3449 5115 se
3473 5060 3803 5129 obtempera-

2229 5154 2378 5201 turos
2408 5156 2623 5218 negant.
2669 5147 3023 5204 Maximianus
3050 5164 3158 5204 non
3182 5148 3344 5221 longe
3372 5150 3589 5218 aberat;
3627 5160 3648 5189 ο
3680 5165 3801 5205 nam

2228 5288 2730 5415 1\Ii‘iit;[oml'i'Ilorentinii
2773 5302 2927 5350 notas
2965 5294 3018 5350 in
3064 5294 3507 5369 Martyrologium
3549 5297 3807 5369 Hierony-

2301 5440 2326 5501 ξ
2370 5432 2540 5488 Codd.
2572 5433 2802 5489 Sorbon.
2832 5445 2883 5488 et
2912 5436 3122 5501 Germ.,
3160 5437 3534 5494 dilaniandum.

2300 5498 2326 5538 ιι
2364 5502 2537 5567 Idem,
2574 5520 2606 5556 a
2637 5505 2955 5559 crudelitatis
2982 5498 3261 5563 ministerio
3294 5527 3348 5563 se
3380 5508 3650 5566 detrahere.

2303 5581 2326 5608 ε
2368 5573 2855 5648 ΜεηροδοῃϐειηηἿ
2886 5575 3027 5648 Nam
3049 5594 3105 5631 se
3134 5588 3249 5634 octo
3278 5582 3475 5635 dierum
3501 5584 3663 5635 itinere
3688 5579 3799 5648 fes-

2230 5660 2341 5724 sunt
2355 5644 2591 5724 tenebat.
2614 5646 2708 5699 Est
2734 5659 2909 5724 autem
2938 5646 3299 5724 0_c_todu_rum,
3330 5652 3488 5724 vulgo
3514 5644 3795 5707 Martium

2233 5715 2315 5791 yel
2348 5713 2629 5791 Hmagni,
2673 5718 2928 5791 oppidum
2976 5718 3205 5775 Valesiae
3253 5713 3308 5776 in
3361 5713 3643 5791 He'lvetiis,
3683 5737 3795 5782 non

2234 5786 2390 5857 longe
2418 5802 2446 5841 a
2474 5787 2691 5844 Seduno
2722 5797 2777 5843 et
2814 5788 3036 5860 Agauno
3070 5791 3343 5852 dissitum.
