4024 6336
211 372 313 434 899

1124 361 1366 424 PASSIO
1404 361 1462 420 S.
1503 357 1812 419 MAURICII
1851 357 1940 414 ET
1976 355 2322 415 SOCIORUM
2358 355 2543 416 EJUS.

211 508 267 548 se
291 491 426 546 circa
454 470 778 544 Octodorum
806 485 999 544 itinere
1036 486 1208 541 fessus
1237 483 1454 538 tenebat
1485 501 1496 535 :
1532 482 1619 536 ubi
1650 495 1770 536 cum
1798 484 1852 541 Δ
1876 491 2284 549 praecesserant.
2326 481 2608 550 Flagrabat
2647 473 2788 535 enim
2817 479 2929 550 jam
2959 481 3086 536 tunc
3115 479 3168 536 in
3202 476 3459 536 beatissi‘

212 588 258 643 ei
283 602 372 654 per
395 586 608 639 nuntios
634 585 862 639 delatum
890 593 1031 638 esset
1064 583 1328 653 legionem
1368 581 1504 635 hanc
1525 579 1781 634 adversus

213 679 458 734 mandata
495 679 639 748 regia
685 676 942 732 rebellem
984 676 1038 730 in
1079 673 1489 730 Acaunensibus
1522 669 1782 740 angustiis

213 771 527 833 substitisse,
562 771 614 820 in
644 778 667 804 η
695 768 924 822 furorem
951 766 1203 821 instinctu
1229 764 1609 834 indignationis
1628 769 1786 816 exat-

212 862 296 915 sit.
323 860 425 912 Sed
456 858 584 912 mihi
616 858 924 927 priusquam
952 857 1154 926 reliqua
1180 869 1619 922 commemorem,
1651 853 1785 907 situs

213 951 309 1005 loci
341 952 454 1018 ejus
491 949 736 1004 relationi
768 949 1089 1004 inserendus
1119 949 1349 1004 videtur.

277 1041 362 1096 ill.
390 1040 636 1094 Acaunus
665 1041 950 1109 sexaginta
973 1039 1142 1094 ferme
1169 1040 1403 1094 millibus
1425 1053 1454 1092 a
1485 1034 1785 1094 Genavensi

214 1134 343 1188 urbe
375 1134 556 1199 abest,
587 1132 994 1202 quatuordecim
1022 1147 1150 1185 vero
1181 1131 1422 1185 millibus
1451 1130 1617 1185 distat
1644 1143 1671 1182 a
1699 1144 1790 1185 ca-

220 1226 326 1293 pite
373 1224 630 1278 Lemanni
670 1224 817 1278 lacus
842 1264 856 1287 ,
886 1239 1042 1294 quem
1075 1222 1247 1277 influit
1274 1222 1584 1278 Rhodanus.
1617 1223 1790 1279 Locus

216 1316 327 1385 ipse
349 1317 457 1382 jam
481 1314 620 1368 inter
647 1314 836 1380 Alpina
861 1313 984 1381 juga
1008 1314 1060 1366 in
1082 1315 1222 1368 valle
1243 1315 1378 1368 situs
1397 1325 1512 1368 est:
1537 1314 1604 1368 ad
1629 1328 1787 1384 quem

217 1405 562 1475 pergentibus
601 1403 803 1459 difficili
846 1405 1070 1458 transitu
1109 1420 1356 1472 asperum
1399 1414 1554 1474 atque
1582 1415 1789 1460 arctutn

209 1497 308 1554 iter
331 1498 601 1568 panditur.
623 1498 853 1554 infestus
879 1515 1106 1569 namque
1129 1499 1420 1556 Rhodanus
1437 1501 1613 1555 saxosi
1633 1515 1788 1555 mon-

210 1589 275 1642 tis
307 1589 579 1644 radicibus
610 1590 693 1643 vix
723 1591 962 1658 pervium
1001 1591 1271 1644 viantibus
1295 1590 1321 1628 δ
1350 1607 1598 1660 aggerem
1631 1592 1792 1645 relint

208 1684 340 1752 quit.
397 1683 597 1738 Evictis
645 1685 1083 1754 transmissisque
1121 1686 1485 1753 angustiarum
1526 1685 1790 1751 faucibus,

209 1779 385 1832 subito
412 1793 509 1833 nec
535 1777 757 1847 exiguus
784 1778 921 1832 inter
944 1779 1204 1834 montium
1237 1793 1398 1846 rupes
1420 1793 1640 1847 campus
1668 1792 1795 1846 ape-

1883 576 1986 630 mis
2011 575 2140 631 viris
2160 576 2404 647 martyrii
2431 573 2698 645 gloriosus
2727 573 2914 628 ardor.
2939 573 3030 628 liis
3055 574 3236 643 itaque
3260 571 3462 643 primo-

1883 669 2035 724 ribus
2077 669 2190 723 suis
2218 676 2376 738 atque
2418 668 2726 723 auctoribus
2770 665 2788 706 ί
2830 667 3090 734 animati,
3141 667 3464 723 Maximiano

1885 758 2094 814 insanis
2121 758 2297 816 adhuc
2325 760 2569 814 astuanti
2618 759 2866 813 mandata
2912 760 3153 822 mittunt,
3189 757 3326 813 sicut
3355 758 3463 828 pia,

1886 849 1957 904 ita
1983 859 2038 904 et
2068 849 2226 903 fortia
2246 894 2260 917 ,
2285 865 2402 918 quae
2429 849 2676 906 feruntur
2702 849 2870 905 fuisse
2903 849 2954 903 in
2984 852 3123 904 hunc
3156 848 3392 904 modum.

1958 939 2154 994 Milites
2171 956 2370 1006 sumus,
2392 941 2688 1010 imperator,
2710 942 2779 994 tui
2799 955 2822 1006 ,'
2840 940 2932 995 sed
2960 947 3128 992 tamen
3150 940 3303 1005 servi,
3333 937 3468 1007 quod

1887 1032 2044 1087 libere
2069 1034 2392 1100 conﬁtentur,
2427 1031 2538 1086 Dei.
2571 1029 2684 1085 Tibi
2713 1032 2951 1084 militiam
2982 1031 3238 1097 debemus,
3269 1031 3347 1084 illi
3385 1031 3468 1083 in-

1889 1127 2208 1191 nocentiam;
2236 1142 2268 1178 ο
2297 1136 2345 1179 te
2372 1125 2682 1194 stipendium
2721 1123 2910 1178 laboris
2937 1125 3244 1196 accepimus,
3276 1121 3340 1177 ab
3377 1120 3470 1175 illo

1889 1219 2005 1272 vita:
2025 1218 2294 1273 exordium
2313 1217 2644 1287 sumpsimus.
2672 1216 2830 1285 Sequi
2857 1225 2904 1269 te
2923 1217 3275 1288 intperatorem
3300 1216 3353 1268 in
3376 1215 3471 1268 hoc

1891 1328 2210 1382 nequaquam
2234 1325 2523 1382 possumus,
2548 1319 2605 1365 ut
2625 1317 2886 1364 auctorem
2913 1325 3147 1382 negemus
3171 1309 3355 1376 Deum,
3371 1310 3472 1365 uti-

1890 1419 1988 1474 que
2015 1414 2271 1457 auctorem
2298 1413 2546 1466 nostrum,
2580 1402 2873 1469 Dominum,
2908 1405 3188 1467 auctorem,
3219 1401 3342 1456 uelis
3379 1418 3446 1456 no

1893 1496 1975 1558 lis,
2010 1502 2058 1548 et
2097 1504 2258 1547 tuum.
2295 1493 2354 1550 Si
2384 1510 2484 1548 non
2509 1494 2578 1547 ad
2623 1503 2728 1548 tam
2771 1494 2972 1566 funesta
3013 1491 3386 1565 compellimur,
3417 1500 3473 1548 ut

1895 1587 2028 1639 hunc
2055 1585 2395 1652 offendamus,
2424 1587 2533 1648 tibi,
2563 1596 2618 1639 ut
2639 1589 2849 1656 fecimus
2879 1585 3140 1650 hactenus,
3173 1583 3342 1639 adhuc
3373 1602 3468 1655 pa-

1893 1679 2152 1743 rebimus;
2185 1681 2263 1732 sin
2292 1680 2457 1744 aliter,
2498 1679 2578 1733 illi
2627 1681 2916 1749 parebimus
2963 1681 3131 1750 potius
3169 1691 3321 1749 quam
3362 1677 3469 1734 tibi.

1899 1767 2176 1836 Olferimus
2220 1780 2420 1824 nostras
2452 1773 2506 1823 in
2545 1772 2814 1840 quemlibet
2850 1772 3044 1825 hostem
3078 1787 3296 1838 manus;
3348 1783 3475 1841 quas

208 1871 362 1926 ritur.
417 1871 472 1925 in
514 1873 615 1925 hoc
651 1871 788 1939 legio
826 1880 1008 1924 sancta
1041 1870 1379 1924 consederat.
1431 1869 1624 1938 Igitur,
1657 1870 1794 1924 sicut
1822 1867 1869 1926 Β
1894 1864 2141 1934 sanguine
2167 1863 2512 1917 innocentium
2541 1873 2810 1917 cruentare
2841 1865 2982 1934 nefas
3005 1863 3256 1916 ducimus.
3289 1861 3477 1917 Dexte-

208 1981 371 2033 supra
427 1966 700 2026 diximus,
746 1965 961 2034 cognito
1029 1965 1380 2020 Maximianus
1436 1964 1790 2019 Tltebmorum

206 2072 488 2127 responso,
514 2058 771 2128 prwcipiti
795 2059 870 2112 ira
900 2057 1158 2122 fervidus,
1185 2059 1254 2112 ob
1281 2059 1520 2127 neglecta
1545 2059 1788 2127 imperis,

207 2149 474 2204 decimum
504 2165 772 2219 quemque
809 2165 875 2205 ex
918 2150 1108 2205 eadem
1148 2151 1358 2221 legione
1388 2162 1407 2188 ο
1441 2151 1620 2220 gladio
1646 2150 1792 2208 feriri

206 2237 352 2310 jubet
380 2281 393 2304 ,
440 2255 546 2309 quo
594 2240 800 2294 facilius
848 2241 1032 2295 caeteri
1082 2242 1242 2308 regiis
1293 2241 1574 2310 przeceptis
1620 2239 1793 2296 territi

209 2341 353 2384 metu
384 2331 638 2385 cederent
666 2348 680 2383 :
714 2331 1198 2400 redintegratisque
1227 2331 1512 2397 mandatis,
1544 2331 1708 2386 edicit
1737 2340 1795 2385 ut

208 2421 404 2490 reliqui
455 2423 506 2475 in
557 2424 986 2490 persecutionem
1035 2423 1459 2478 Christianorum
1511 2434 1791 2494 cogantur.

215 2509 308 2565 Ubi
355 2527 487 2566 vero
517 2511 584 2566 ad
628 2510 890 2566 Thebzeos
926 2512 1260 2566 denuntiatio
1299 2515 1487 2567 iterata
1528 2515 1791 2582 pervenit,

208 2603 590 2674 cognitumque
625 2604 692 2659 ab
721 2604 799 2660 eis
829 2613 910 2658 est
942 2604 1144 2674 iniungi
1180 2604 1281 2658 sibi
1323 2620 1533 2659 rursum
1570 2620 1794 2660 assecu-

210 2693 386 2748 tiones
415 2692 670 2764 profanas
693 2735 708 2758 ,
756 2693 1067 2748 vociferatio
1112 2696 1312 2763 passim
1352 2709 1414 2749 ac
1450 2695 1710 2749 tumultus
1742 2696 1794 2748 in

210 2788 404 2841 castris
427 2787 671 2841 exoritur
692 2786 1068 2840 afﬁrmantium
1101 2803 1388 2857 numquam
1413 2803 1472 2844 se
1492 2788 1586 2843 ulli
1608 2788 1660 2842 in
1687 2790 1800 2842 haec

211 2884 314 2932 tam
352 2877 616 2946 sacrilega
644 2878 940 2934 ministeria
967 2893 1254 2944 cessuros;
1286 2880 1547 2934 idolorum
1575 2879 1798 2948 profana

207 2982 427 3037 semper
484 2968 889 3032 detestaturos,
950 2984 1118 3022 sacrae
1172 2982 1226 3023 et
1274 2969 1471 3023 divina:
1526 2968 1804 3040 religionis

210 3057 383 3112 cultui
414 3058 726 3124 instituros;
759 3074 921 3113 unum
956 3074 1015 3114 se
1041 3060 1356 3115 aeternitatis
1386 3060 1555 3115 Deum
1582 3060 1800 3127 colere;

210 3157 456 3204 extrema
494 3151 726 3217 experiri
772 3150 941 3205 satius
982 3166 1103 3206 esse
1145 3167 1303 3222 quam
1343 3152 1603 3208 adversus
1641 3152 1798 3207 Chri-

211 3242 444 3296 stianam
485 3240 644 3296 fidem
677 3241 884 3297 venire.
934 3243 1028 3297 His
1056 3212 1248 3299 deinde
1271 3245 1565 3314 compertis
1589 3285 1603 3309 ,
1636 3245 1803 3299 Masi-
1829 3212 1874 3275 Ο

212 3330 428 3386 mianus
451 3332 598 3386 omni
629 3331 806 3388 bellua
839 3335 1131 3401 cruentior,
1166 3351 1354 3389 rursus
1389 3335 1455 3389 ad
1491 3336 1688 3404 ingenii
1721 3334 1806 3390 sui

213 3422 476 3476 saevitiam
499 3423 661 3489 redit,
693 3434 851 3494 atque
878 3423 1104 3494 imperat
1133 3434 1190 3480 ut
1217 3427 1410 3481 iterum
1437 3425 1677 3482 decimus
1705 3441 1800 3482 eo-

212 3525 329 3568 rum
362 3514 524 3569 morti
552 3514 728 3583 detur,
765 3526 817 3570 et
844 3517 1027 3572 Caetcri
1057 3516 1408 3572 nihilominus
1448 3518 1516 3574 ad
1546 3519 1661 3573 haec
1684 3534 1806 3588 quae

213 3618 534 3677 spreverant
577 3612 1048 3680 compellerentur.
1097 3613 1302 3682 Quibus
1338 3615 1503 3685 jussis
1543 3615 1721 3670 denuo
1751 3617 1806 3672 in

213 3713 395 3757 castra
422 3706 641 3773 perlatis
666 3746 682 3770 ,
716 3717 1029 3776 segregatus
1075 3716 1156 3761 est
1200 3717 1360 3778 atque
1403 3722 1687 3777 percussus
1713 3709 1802 3777 qui

213 3795 460 3850 decimus
501 3807 647 3851 sorte
687 3798 1006 3864 obvenerat;
1059 3801 1260 3870 reliqua
1307 3814 1436 3854 vero
1479 3815 1538 3855 se
1579 3801 1808 3854 militum

213 3889 504 3941 multitudo
537 3899 718 3942 mutuo
751 3905 1002 3946 sermone
1030 3892 1322 3962 instigabat
1356 3901 1414 3946 ut
1448 3892 1500 3946 itt
1532 3899 1636 3945 tam
1670 3906 1805 3960 pra:-

213 3980 367 4035 claro
399 3997 563 4048 opere
589 3983 959 4050 persisterent.

283 4072 380 4127 iV.
422 4072 833 4129 incitamentum
879 4085 1056 4132 tamen
1099 4077 1390 4130 maximum
1452 4075 1573 4130 fidei
1612 4075 1667 4130 in
1714 4076 1804 4130 illo

218 4177 472 4239 tempore
522 4183 688 4237 penes
746 4179 989 4224 sanctum
1039 4172 1347 4225 Mauricium
1391 4170 1524 4234 fuit,
1561 4166 1590 4207 ἀ
1621 4171 1806 4239 primi-

213 4259 423 4313 cerium
465 4269 618 4323 tunc,
658 4261 792 4315 sicut
832 4260 1087 4326 traditur,
1131 4261 1354 4329 legionis
1393 4261 1534 4328 ejus,
1562 4261 1806 4329 quicum

214 4348 541 4417 Exsuperio,
567 4362 621 4404 ut
649 4352 700 4406 in
725 4353 964 4406 exercitu
988 4353 1277 4422 appellant,
1302 4353 1724 4422 campiductore,
1749 4365 1805 4410 et

217 4451 240 4478 ⁸
266 4440 516 4497 Candido
544 4451 798 4498 senatore
826 4445 1073 4511 militum,
1099 4444 1444 4509 accendebat,
1472 4444 1803 4500 exhortando

213 4533 459 4604 singulos
504 4543 558 4587 et
602 4534 871 4589 monendo
914 4534 1108 4598 fidem;
1159 4535 1584 4589 commilitonum
1638 4536 1801 4590 etiam

213 4633 513 4696 martyrum
537 4626 780 4694 exempla
808 4626 1076 4696 ingerens,
1103 4641 1196 4696 pro
1217 4637 1554 4682 sacramento
1579 4625 1798 4692 Christi,

212 4730 311 4786 pro
339 4717 539 4772 divinis
568 4717 776 4788 legibus
795 4763 810 4786 ,
843 4719 887 4773 si
915 4719 984 4772 ita
1014 4720 1308 4774 necessitas
1334 4720 1518 4787 ferret,
1551 4720 1802 4774 omnibus

214 4807 559 4863 moriendum
587 4809 881 4875 suadebat,
917 4809 1329 4879 sequendosque
1363 4810 1684 4864 admonebat
1712 4821 1800 4864 so-

211 4900 329 4956 cios
360 4900 484 4955 illos
521 4909 577 4956 et
613 4901 1028 4957 contubernales
1076 4916 1204 4956 suos
1250 4903 1338 4971 qui
1378 4902 1486 4971 jam
1517 4901 1569 4956 in
1598 4903 1797 4959 ctelum

287 5131 317 5232 ἒ
350 5122 488 5249 god.
509 5122 715 5245 Germ,
742 5126 912 5194 furore
932 5123 1199 5179 instinctus
1226 5127 1576 5197 indignatione
1597 5126 1808 5182 exarsit.

409 5212 568 5249 erm..
604 5210 623 5246 ι
645 5211 722 5247 er.

291 5210 317 5232 ο
393 5210 397 5212 ·
533 5234 546 5248 .
627 5210 642 5245 ι
708 5235 722 5247 .

291 5275 315 5303 ο
722 5266 860 5333 apud
901 5265 1170 5321 Romanos
1216 5268 1488 5320 usitatum.
1546 5267 1807 5334 Exempla

218 5336 427 5408 aliquot
447 5336 616 5408 refert
631 5335 889 5391 Baronius
915 5337 968 5390 in
1001 5338 1138 5391 notis
1170 5338 1234 5391 ad
1264 5337 1696 5408 Martyrologium
1720 5338 1809 5394 die

217 5404 290 5459 22
316 5406 669 5472 Septembris.

290 5473 318 5512 ά
362 5476 592 5549 Crangitts
623 5478 674 5528 in
705 5476 1000 5549 Glossario,
1035 5475 1383 5544 Primicerius,
1417 5477 1608 5546 inquit,
1629 5479 1807 5549 digni-

220 5555 300 5598 tas
329 5546 570 5600 militaris
590 5587 603 5609 ,
640 5548 826 5600 tribuni
858 5548 1101 5617 dignitati
1129 5551 1380 5615 proxima.
1428 5549 1580 5615 Apud
1617 5546 1808 5602 Hiero-

218 5632 432 5690 nymum
469 5619 538 5669 ad
578 5617 967 5690 Pammachium
1004 5634 1023 5690 .°
1056 5617 1162 5672 Sed
1195 5630 1310 5672 ante
1336 5620 1685 5690 primicerius,
1717 5622 1806 5674 de-

217 5687 341 5761 inde
365 5699 593 5761 senator,
626 5689 957 5761 ducenarius,
993 5689 1229 5761 biarchus
1248 5733 1261 5755 ,
1290 5687 1566 5743 cirmicitor
1585 5733 1599 5757 ,
1631 5708 1800 5761 eques,

219 5757 413 5812 deinde
438 5761 552 5812 tiro.
582 5760 654 5812 De
677 5761 764 5813 his
787 5760 1132 5825 dignitatibus
1155 5761 1347 5827 passim
1373 5762 1508 5828 apud
1534 5757 1798 5816 auctores.

297 5839 323 5867 ⁸
355 5830 519 5886 Codd.
545 5829 741 5902 Regius
761 5839 814 5886 et
837 5829 1048 5898 Germ.,
1074 5829 1309 5886 Candida
1331 5842 1561 5886 senatore
1582 5833 1800 5885 militum

1891 1969 1963 2007 rae
1989 1955 2100 2008 isne
2119 1969 2348 2024 pugnare
2364 1955 2634 2008 adversum
2656 1955 2840 2023 impios
2864 1966 3012 2023 atque
3033 1955 3267 2007 inimicos
3290 1956 3477 2019 sciunt;

1894 2046 2092 2099 laniare
2123 2046 2233 2112 pios
2261 2054 2310 2099 et
2337 2047 2468 2100 cives
2495 2047 2744 2100 nesciunt.
2781 2045 3133 2111 Meminimus,
3166 2062 3257 2099 nos
3279 2061 3371 2117 pro
3403 2047 3477 2098 εἰη

1892 2138 2034 2193 uibus
2059 2139 2228 2209 potius
2253 2153 2406 2209 quam
2435 2139 2680 2192 adversus
2721 2139 2850 2192 cires
2877 2154 3019 2192 arma
3053 2139 3343 2209 sumpsisse.
3379 2137 3477 2191 Pu-

1894 2233 2157 2302 gnauimus
2184 2248 2382 2298 semper
2409 2247 2500 2300 pro
2531 2231 2738 2300 justitia
2760 2241 2806 2294 ε,
2841 2249 2934 2301 pro
2963 2233 3166 2302 pietate,
3199 2245 3293 2298 pro
3330 2232 3478 2283 inna-

1895 2325 2113 2378 centium
2139 2323 2344 2378 salute:
2371 2325 2478 2378 litec
2501 2326 2706 2394 {uerunt
2730 2311 2970 2377 hactenus
3000 2324 3144 2377 nobis
3162 2319 3190 2360 δ
3214 2325 3372 2393 pretia
3390 2333 3479 2393 pe-

1895 2414 2197 2469 riculorum.
2226 2414 2578 2486 Pugnauimus
2605 2432 2698 2484 pro
2729 2416 2848 2484 fide,
2882 2429 3033 2485 quam
3061 2431 3161 2484 quo
3183 2424 3328 2484 pacto
3358 2433 3480 2468 con-

1894 2507 2202 2562 servabimus
2242 2507 2352 2569 tibi,
2396 2507 2442 2560 si
2475 2506 2609 2560 hanc
2644 2506 2751 2560 Deo
2792 2517 2964 2560 nostro
3003 2517 3105 2559 non
3145 2503 3481 2561 exhibemus?

1897 2597 2197 2653 Juravimus
2228 2599 2452 2668 primum
2493 2601 2548 2652 in
2595 2609 2914 2653 sacramenta
2947 2601 3162 2666 divina;
3194 2601 3481 2672 juravimus

1898 2696 2081 2749 deinde
2120 2697 2174 2749 in
2212 2704 2531 2749 sacramenta
2572 2696 2744 2767 regia:
2775 2694 2904 2748 nihil
2943 2695 3088 2748 nobis
3135 2695 3198 2748 de
3244 2695 3481 2749 secundis

1898 2789 2076 2840 credas
2107 2804 2308 2841 necesse
2331 2797 2426 2853 est,
2457 2788 2501 2840 si
2528 2789 2692 2856 prima
2721 2789 3119 2858 perrumpimus.
3161 2785 3482 2842 Christianos

1898 2880 1966 2931 ad
1999 2885 2196 2947 poenam
2221 2893 2313 2949 per
2354 2894 2447 2931 nos
2480 2879 2674 2948 requiri
2704 2879 2875 2949 jubes.
2918 2877 3039 2931 Jam
3070 2880 3158 2933 tibi
3178 2894 3240 2933 ea:
3270 2881 3363 2933 hoc
3390 2881 3482 2934 alii

1900 2972 2190 3039 requirendi
2231 2988 2332 3025 non
2366 2981 2528 3027 sunt:
2565 2973 2718 3025 habes
2751 2972 2830 3026 hic
2874 2989 2965 3025 nos
2994 2971 3290 3040 conﬁtentes
3321 2973 3484 3027 Deum

1904 3064 2113 3118 Patrem
2167 3075 2425 3118 auctorem
2470 3067 2715 3128 omnium,
2773 3074 2822 3118 et
2876 3061 3072 3118 Filium
3118 3061 3273 3136 ejusi
3313 3061 3485 3120 Jssuu

1905 3155 2172 3213 Cumarum
2202 3159 2353 3212 Dsuu
2383 3157 2660 3212 credimus.
2688 3156 2923 3211 Vidimus
2950 3156 3203 3224 laborum,
3232 3159 3486 3228 periculo-

1904 3269 2114 3322 rumque
2140 3259 2430 3305 nostrorum
2451 3252 2636 3318 socios,
2663 3249 2803 3304 nobis
2829 3267 3026 3322 quoque
3042 3267 3215 3304 eorum
3242 3251 3487 3321 sanguine

1903 3345 2154 3414 aspersis,
2210 3343 2462 3397 trucidari
2502 3343 2675 3413 ferro;
2725 3351 2774 3396 et
2823 3351 2989 3395 tamen
3047 3340 3487 3396 sanctissimorum

1905 3434 2313 3488 commilitonum
2337 3443 2544 3497 mortes,
2573 3441 2618 3487 et
2639 3438 2860 3504 fratrum
2889 3437 3070 3503 funera
3091 3448 3194 3485 non
3229 3432 3486 3502 ﬂeuimus,

1905 3545 2006 3582 non
2029 3528 2318 3591 doluimus;
2348 3527 2436 3580 sed
2464 3527 2635 3598 potius
2659 3526 3002 3588 laudavimus,
3032 3533 3078 3577 et
3101 3523 3289 3594 gaudio
3309 3540 3487 3594 prose-

1905 3622 2010 3676 cuti
2038 3637 2231 3687 sumus,
2259 3621 2386 3690 quia
2421 3620 2564 3690 digni
2592 3619 2751 3672 habiti
2781 3625 2943 3672 essent
2987 3617 3095 3685 pati
3122 3632 3216 3687 pro
3265 3614 3487 3669 Domino

1908 3715 2014 3767 Deo
2042 3728 2237 3766 eorum.
2270 3711 2338 3764 Et
2367 3727 2504 3764 nunc
2531 3723 2631 3764 non
2663 3717 2756 3763 ποι
2791 3707 2868 3765 uel
2890 3709 2999 3763 hac
3037 3708 3218 3762 ultima
3243 3709 3361 3761 vitae
3400 3724 3490 3760 ne-

1905 3806 2112 3860 cessitas
2157 3805 2213 3858 in
2254 3802 2580 3858 rebellinum
2612 3801 2815 3871 coegit:
2845 3817 2946 3854 non
2985 3816 3078 3853 nos
3121 3798 3390 3852 adversum
3421 3808 3488 3863 te,

1907 3899 2202 3968 intperater,
2234 3896 2453 3948 armauit
2495 3896 2608 3964 ipsa
2637 3893 2837 3956 saltem,
2871 3907 2984 3960 quae
3026 3890 3303 3960 fortissima
3338 3899 3408 3941 cst
3440 3890 3491 3941 in

1905 3987 2168 4059 periculis,
2199 3987 2502 4057 desperatio.
2535 3983 2788 4038 Tenemus
2819 3997 2930 4036 ecce
2962 3997 3127 4046 arma,
3159 3991 3206 4034 et
3237 3997 3338 4034 non
3366 3979 3492 4032 resi-

1906 4083 2126 4135 stimus:
2158 4081 2280 4149 quia
2321 4081 2452 4133 mori
2495 4093 2650 4149 quam
2689 4077 2915 4131 occidere
2957 4078 3084 4131 satis
3125 4075 3399 4140 malumus,
3447 4082 3493 4128 et

1905 4173 2192 4226 innocentes
2232 4172 2439 4225 interire
2477 4185 2626 4238 quam
2665 4169 2807 4223 noxii
2838 4169 2997 4221 vivere
3039 4174 3384 4233 peraptamus.
3430 4163 3493 4220 Si

1907 4267 2031 4332 quid
2074 4268 2127 4317 in
2149 4280 2240 4318 nos
2265 4263 2404 4316 ultra
2444 4263 2703 4323 statueris,
2733 4261 2778 4314 si
2805 4259 2929 4331 quid
2968 4258 3138 4312 adhuc
3167 4257 3405 4330 jusseris,
3447 4255 3492 4310 si

1906 4359 2030 4428 quid
2075 4357 2393 4420 admoveris;
2421 4356 2580 4428 ignes,
2615 4362 2882 4416 tormenta,
2912 4355 3106 4422 ferrum
3132 4349 3298 4404 subire
3327 4349 3494 4421 parati

1907 4468 2102 4505 sumus.
2131 4451 2450 4505 Christianos
2485 4459 2578 4503 nas
2612 4451 2853 4519 fatemur,
2905 4444 3136 4517 persequi
3170 4439 3491 4498 Christianos

1908 4561 2010 4598 non
2033 4559 2322 4611 possumus.

1977 4633 2180 4689 V.Cum
2198 4635 2309 4688 hanc
2323 4633 2446 4687 talia
2462 4631 2807 4686 Maximianus
2821 4629 3077 4694 audisset,
3092 4625 3493 4696 obstinatosque

1903 4724 1956 4778 in
1978 4722 2081 4777 lide
2094 4723 2291 4778 Christi
2307 4731 2552 4778 cerneret
2565 4721 2771 4776 animos
2785 4718 3494 4789 eorum.desperansglorio-

1901 4830 2014 4868 sam
2035 4830 2220 4869 eorum
2251 4813 2603 4869 constantiam
2627 4827 2786 4882 posse
2807 4813 3070 4878 revocari,
3099 4826 3202 4865 una
3228 4812 3493 4866 sententia

1901 4904 2132 4959 interfici
2178 4919 2371 4958 omnes
2407 4903 2675 4967 decrevit;
2706 4910 2762 4956 et
2783 4917 2896 4957 rem
2926 4901 3121 4957 confici
3151 4898 3493 4958 circumfusis

1911 5127 2180 5180 accedebat
2209 5125 2279 5179 ad
2311 5124 2684 5181 exhortandum
2720 5126 2951 5196 singulos
2979 5131 3029 5179 et
3056 5125 3396 5194 monendum,
3429 5127 3494 5195 [i-

1914 5197 2208 5265 deliumque
2228 5197 2655 5261 commilitonum,
2679 5207 2782 5250 etc.
2819 5197 3016 5251 Eadem
3044 5199 3093 5250 in
3121 5196 3365 5261 Fossat.;
3399 5197 3492 5251 sed

1913 5267 2442 5391 prodexhortandum,
2471 5277 2602 5333 etc.,
2637 5267 2802 5323 habet
2827 5267 3265 5325 exhortando"...
3304 5277 3351 5322 et
3382 5283 3494 5321 mo-

1913 5354 2006 5391 nen
2047 5357 2098 5391 ο.

1912 5354 2098 5393 nenao.

1988 5410 2006 5447 τ
2043 5408 2230 5477 Sorb.,
2259 5408 2623 5464 animantibus.

1983 5489 2007 5548 β
2036 5480 2221 5546 Sorb.,
2248 5483 2529 5548 provincia.

1979 5547 2008 5621 1}
2038 5551 2192 5620 Εἴθε..
2224 5554 2506 5621 ρτιεεὶριια.

1987 5618 2002 5656 ί
2049 5617 2260 5675 incdit.
2304 5617 2565 5688 Clt'ifilet.,
2614 5619 2790 5674 Iesum
2837 5618 3101 5675 Christum
3139 5627 3190 5674 et
3236 5617 3493 5688 Spiritum

1906 5702 2159 5747 sanctum.
2189 5691 2244 5745 in
2273 5693 2394 5746 cod.
2426 5702 2602 5746 autem
2642 5692 2897 5746 German.
2945 5705 3049 5744 nec
3084 5689 3350 5745 habentur
3378 5691 3494 5745 haec

1905 5763 2087 5888 ξεί-Μ,
2123 5773 2170 5816 et
2207 5764 2258 5816 in
2299 5764 2553 5834 Spiritum
2583 5773 2836 5829 sanctum,
2878 5776 2980 5819 nec
3019 5761 3142 5830 ista,
3185 5761 3353 5818 Deum
3386 5776 3495 5816 cre-

1944 5851 2100 5888 imus.

1944 5851 2100 5888 imus.
