4024 6336
471 339 575 401 851

1452 325 1511 383 S.
1554 317 1880 381 EUCHERII
1916 313 2395 373 LUGDUNENSIS
2435 310 2741 371 EPISCOPI

3646 316 3752 374 83!

477 442 1439 520 militumagminibusjuhet.Quicum
1454 434 2060 495 missiadheatissimam
2088 434 2143 497 Α
2165 445 2285 486 rum
2314 446 2444 486 vero
2472 441 2711 487 castrum
2749 438 2831 486 est
2868 442 3029 501 supra
3056 430 3276 488 Arulam
3324 430 3545 497 numen,
3579 448 3755 504 neque

480 545 745 615 legionem
760 542 1052 607 venissent,
1066 538 1338 608 stringunt
1348 534 1401 591 in
1413 540 1663 591 sanctos“
1676 530 1826 602 impii
1838 529 2063 595 ferrum,

483 639 622 693 mori
635 652 739 692 non
763 641 1077 691 recusantes
1100 632 1227 687 vita:
1270 643 1475 685 amore.
1504 626 1857 684 Caedebantur
1888 624 2069 694 itaque

484 729 682 801 passim
704 726 915 799 gladiis,
940 741 1049 780 non
1067 723 1422 779 reclamantes
1448 720 1639 776 saltem
1657 727 1747 775 aut
1767 733 2071 791 repugnan-

487 830 600 886 tes;
626 819 719 876 sed
743 818 1001 889 depositis
1028 816 1197 872 armis
1216 814 1462 871 cervices
1483 812 1917 885 persecutoribus
1935 826 2073 881 prae-

488 916 698 981 bentes,
724 911 1034 983 etjugulum
1048 908 1489 981 persecutoribus
1502 906 1587 964 vel
1600 907 1857 962 intectum
1876 917 2073 974 corpus

490 1008 799 1063 offerentes.
851 1004 967 1059 Non
1014 1003 1097 1059 vel
1137 1002 1253 1073 ipsa
1290 1016 1511 1058 suorum
1557 998 1921 1064 multitudine,
1964 1011 2072 1052 non

492 1116 766 1156 armorum
797 1098 1099 1154 munitione
1136 1096 1261 1151 elati
1297 1105 1455 1160 sunt,
1485 1103 1543 1149 ut
1576 1095 1721 1149 ferro
1748 1101 2077 1149 conarentur

493 1209 737 1250 asserere
756 1193 977 1263 iustitia:
1002 1205 1251 1255 causam;
1279 1189 1375 1244 sed
1405 1192 1506 1243 hoc
1526 1188 1700 1242 solum
1725 1186 2079 1241 reminiscen-

498 1294 596 1351 tes,
631 1300 691 1339 se
719 1283 865 1337 illum
889 1282 1156 1346 confiteri,
1196 1282 1285 1351 qui
1318 1294 1417 1336 nec
1451 1278 1794 1334 reclamando
1828 1278 1893 1332 ad
1936 1278 2080 1332 occi-

498 1376 705 1432 sionem
740 1375 931 1429 ductus
953 1384 1058 1440 est,
1085 1382 1141 1427 et
1161 1382 1428 1442 tamquam
1457 1386 1627 1441 agnus
1659 1386 1764 1425 non
1792 1369 2002 1441 aperuit
2019 1383 2081 1424 os

500 1485 689 1526 suum:
734 1470 834 1538 ipsi
880 1482 1094 1537 quoque
1145 1477 1412 1536 tamquam
1455 1480 1586 1533 grex
1612 1462 1639 1502 δ
1679 1464 2080 1518 Dominicarum

502 1562 706 1625 Ovium,
732 1560 921 1616 laniari
953 1575 1013 1615 se
1037 1570 1309 1628 tamquam
1334 1559 1401 1613 ab
1426 1556 1753 1613 irruentibus
1777 1559 1915 1629 lupis
1938 1557 2085 1627 passi

502 1663 645 1706 sunt.
677 1652 875 1723 Operta
904 1661 985 1706 est
1010 1659 1153 1706 terra
1186 1650 1294 1705 illic
1331 1649 1806 1720 procumbentibus
1849 1649 1904 1704 in
1941 1664 2085 1704 mor-

505 1751 613 1798 tem
638 1742 960 1811 corporibus
1000 1742 1235 1812 piorum,
1277 1742 1662 1810 fluxeruntque
1701 1740 1921 1811 pretiosi
1964 1756 2088 1795 san-

2170 526 2328 597 longe
2352 543 2382 580 a
2413 526 2604 581 Rheno
2627 526 2883 596 positum.

2241 617 2353 673 Vll.
2385 617 2577 689 Opera:
2627 616 2858 686 pretium
2886 625 2971 672 est
3008 617 3169 673 etiam
3210 617 3346 674 illud
3387 617 3630 677 indicare
3668 618 3756 688 qui

2170 710 2369 766 deinde
2396 708 2779 764 Maximianum
2810 718 3015 765 trucem
3049 719 3339 780 tyrannum
3366 710 3545 767 exitus
3567 726 3759 767 conse-

2172 811 2328 859 cutus
2370 811 2477 857 est.
2507 801 2641 855 Cum
2673 800 2949 870 dispositis
2989 800 3201 859 insidiis
3242 817 3448 873 genero
3485 818 3587 859 suo
3616 804 3763 859 Con-

2174 894 2411 950 stantino
2456 904 2581 948 tunc
2635 907 2860 963 regnum
2915 894 3123 949 tenenti
3165 905 3396 950 mortem
3450 895 3764 963 moliretur,

2176 987 2517 1057 deprehenso
2541 985 2667 1039 dolo
2706 984 2846 1054 ejus,
2894 985 3037 1055 apud
3077 985 3368 1041 Massiliam
3414 997 3631 1057 captus,
3669 1002 3769 1042 nec

2180 1078 2347 1132 multo
2374 1087 2495 1148 post
2519 1077 2905 1147 strangulatus,
2936 1077 3322 1148 teterrimoque
3359 1077 3463 1134 hoc
3494 1078 3769 1149 supplicio

2180 1172 2425 1238 affectus,
2451 1172 2668 1241 impiam
2696 1171 2859 1225 vitam
2886 1180 2909 1207 ⁸
2931 1170 3093 1241 digna
3122 1180 3298 1228 morte
3323 1171 3513 1227 finivit.
3539 1174 3614 1228 At
3638 1186 3774 1227 vero

2181 1265 2616 1321 beatissimorum
2631 1264 3029 1319 Acaunensium
3055 1273 3351 1334 martyrum
3373 1278 3627 1332 corpora,
3651 1272 3774 1335 post

2184 1357 2381 1412 multos
2429 1356 2697 1426 passionis
2737 1370 2929 1419 annos,
2981 1366 3169 1410 sancto
3198 1354 3491 1412 Theodoro
3522 1356 3774 1427 ejusdem

2185 1450 2291 1506 loci
2314 1450 2570 1521 episeopo
2601 1450 2837 1504 revelata
2882 1448 3194 1515 traduntur;
3236 1449 3288 1504 in
3318 1464 3546 1521 quorum
3600 1450 3779 1505 hono-

2186 1555 2299 1596 rem
2322 1557 2444 1597 cum
2469 1549 2845 1597 exstrueretur
2875 1541 3122 1605 basilica,
3154 1557 3276 1612 qua
3305 1553 3476 1598 vastae
3519 1543 3781 1614 adjuncta

2188 1634 2330 1704 rupi,
2358 1649 2466 1688 non
2494 1641 2700 1688 tantum
2731 1634 2903 1689 latere
2931 1634 3153 1689 acclinis
3187 1634 3351 1704 jacet,
3374 1636 3500 1704 quid
3530 1638 3782 1693 miraculi

2190 1736 2316 1782 tunc
2337 1729 2647 1796 apparuerit
2678 1742 3021 1795 nequaquam
3056 1728 3342 1782 tacendum
3375 1729 3583 1799 putavi.
3624 1730 3787 1785 Acci-

503 1835 679 1907 guinis
709 1835 836 1890 rivi.
861 1834 994 1903 Qua:
1020 1850 1273 1905 umquam
1315 1834 1491 1889 rabies
1532 1834 1735 1905 absque
1773 1834 1915 1889 bello
1962 1840 2084 1887 ωη-
2114 1828 2163 1890 Β
2187 1820 2267 1877 dit
2294 1830 2353 1875 ut
2380 1820 2525 1875 inter
2554 1820 2791 1886 reliquos
2818 1820 3078 1887 artifices,
3102 1820 3193 1891 qui
3220 1820 3429 1875 invitati
3459 1822 3788 1877 convenisse

508 1936 616 1981 tam
648 1925 1001 1981 humanorum
1030 1939 1315 1995 corporum
1347 1935 1580 1995 stragem
1612 1924 1793 1981 dedit?
1815 1940 1935 1996 qua:
1962 1924 2091 1980 feri-

510 2026 590 2070 tas
613 2032 680 2071 ex
714 2016 979 2071 sententia
1007 2032 1100 2071 sua
1134 2024 1212 2071 tot
1235 2017 1392 2072 simul
1428 2018 1605 2087 perire
1635 2017 1720 2072 vel
1749 2031 1868 2072 reos
1886 2016 2091 2086 jussit?

508 2107 586 2162 Ne
620 2108 749 2176 justi
796 2108 1154 2176 punirentur,
1194 2108 1483 2164 multitudo
1526 2124 1632 2163 non
1664 2109 1917 2176 obtinuit,
1968 2122 2091 2164 cum

511 2202 738 2256 inultum
764 2216 886 2256 esse
922 2202 1120 2267 soleat,
1154 2201 1296 2269 quod
1339 2202 1628 2257 multitudo
1666 2202 1945 2273 delinquit.
1985 2202 2096 2257 Hac

510 2293 670 2363 igitur
698 2293 1014 2349 crudelitate
1044 2294 1419 2350 immanissimi
1450 2296 1662 2367 tyranni
1702 2295 1982 2351 confectus
2010 2304 2097 2351 est

513 2386 601 2441 ille
630 2396 939 2442 sanctorum
962 2388 1214 2457 populus,
1238 2388 1328 2457 qui
1357 2388 1687 2456 contempsit
1717 2403 1830 2443 rem
1862 2402 2098 2456 praesen-

513 2477 646 2531 tium
676 2478 745 2532 ob
774 2493 924 2546 spem
949 2478 1272 2533 futurorum.
1294 2478 1385 2533 Sic
1407 2478 1691 2534 interfecta
1714 2490 1796 2532 est
1825 2479 1913 2533 illa
1937 2478 2098 2548 plane

514 2569 753 2638 angelica
786 2568 950 2638 legio,
978 2583 1122 2638 quae,
1160 2578 1219 2623 ut
1254 2569 1547 2638 credimus,
1578 2583 1700 2623 cum
1743 2568 1851 2624 illis
1879 2569 2101 2639 angelo-

517 2674 635 2713 rum
660 2660 962 2729 legionibus
981 2660 1091 2730 jam
1120 2660 1410 2716 conlaudat
1423 2675 1639 2731 semper
1665 2660 1718 2714 in
1736 2660 1891 2717 caelis
1915 2660 2099 2715 Domi-

516 2766 645 2805 num
668 2751 836 2806 Deum
862 2753 1120 2811 Sabaoth.

587 2840 676 2896 Vl.
720 2841 902 2897 Victor
954 2851 1131 2897 autem
1184 2851 1389 2913 martyr
1431 2857 1531 2898 nec
1579 2842 1806 2913 legionis
1860 2842 2103 2914 ejusdem

518 2930 639 2997 fuit,
671 2947 846 3002 neque
880 2933 1063 2998 miles;
1099 2934 1193 2989 sed
1224 2934 1464 2989 emeritae
1497 2933 1609 3003 jam
1654 2934 1859 2989 militia:
1894 2943 2105 2991 vetera-

517 3040 637 3079 nus.
672 3023 769 3078 Hic
796 3039 917 3080 cum
947 3024 1052 3080 iter
1083 3040 1249 3096 agens
1274 3025 1453 3079 subito
1492 3026 1770 3082 incidisset
1800 3026 1850 3081 in
1881 3027 1981 3081 hos
2009 3027 2105 3096 qui

520 3117 716 3185 passim
742 3117 1098 3188 epulabantur
1129 3118 1237 3174 laeti
1274 3129 1570 3188 martyrum
1599 3120 1812 3190 spoliis,
1846 3131 2008 3191 atque
2036 3120 2105 3176 ab

2191 1911 2258 1965 ad
2308 1910 2442 1965 illud
2482 1924 2618 1979 opus
2662 1909 3024 1974 videbantur,
3063 1910 3279 1979 quidam
3334 1910 3553 1966 adesset
3598 1911 3786 1977 faber,

2192 2016 2350 2071 quem
2369 2000 2545 2056 adhuc
2571 2002 2827 2072 gentilem
2858 2015 2981 2056 esse
3006 2011 3301 2057 constaret.
3325 2002 3424 2058 Hic
3444 2018 3570 2057 cum
3606 2002 3793 2057 Domi-

2197 2093 2316 2147 nico
2344 2092 2455 2157 die,
2487 2108 2594 2162 quo
2624 2092 2807 2147 creteri
2846 2091 2912 2147 ad
2955 2094 3315 2162 exspectanda
3345 2091 3454 2149 diei
3482 2094 3629 2149 illius
3657 2094 3792 2149 festa

2194 2184 2586 2247 abseesserant,
2612 2184 2665 2239 in
2688 2182 2892 2239 fabrica
2932 2183 3080 2239 solus
3111 2183 3462 2247 substitisset,
3495 2185 3550 2238 in
3582 2185 3677 2238 illo
3708 2201 3794 2239 se-

2197 2286 2347 2334 creto
2394 2292 2455 2334 se
2506 2277 2684 2333 subito
2726 2277 2870 2333 clara
2905 2278 3023 2332 luce
3065 2277 3540 2333 manifestantibus
3586 2278 3796 2333 sanctis

2199 2374 2286 2429 hic
2309 2373 2448 2429 idem
2477 2373 2629 2428 faber
2652 2374 2879 2444 rapitur,
2914 2382 3074 2443 atque
3096 2372 3163 2428 ad
3194 2388 3409 2442 poenam
3438 2372 3528 2427 vel
3564 2372 3633 2426 ad
3662 2386 3795 2440 sup-

2202 2466 2357 2535 plicia
2391 2466 2751 2531 distenditur;
2803 2476 2856 2521 et
2903 2464 3190 2520 visibiliter
3233 2464 3442 2521 turbam
3493 2471 3797 2533 martyrum

2199 2573 2450 2624 cernens,
2471 2560 2791 2614 verberatus
2818 2559 2979 2613 etiam
3004 2566 3059 2613 et
3086 2558 3410 2626 increpatus,
3437 2557 3583 2627 quod
3606 2557 3691 2610 vel
3711 2555 3801 2609 die

2204 2649 2485 2705 Dominico
2522 2648 2766 2705 ecclesiae
2814 2650 2963 2705 solus
3004 2648 3238 2715 deesset,
3282 2648 3364 2703 vel
3396 2647 3525 2703 illud
3574 2646 3803 2702 fabrica

2202 2758 2337 2812 Opus
2370 2753 2613 2797 sanctum
2642 2741 2917 2811 suscipere
2940 2741 3156 2811 gentilis
3196 2740 3439 2795 auderet.
3471 2738 3633 2806 Quod
3661 2737 3803 2793 adeo

2205 2834 2625 2890 misericorditer
2645 2848 2674 2887 a
2700 2833 2901 2889 sanctis
2922 2833 3121 2888 factum
3149 2832 3413 2897 constitit,
3443 2841 3502 2886 ut
3529 2831 3687 2886 faber
3710 2830 3804 2887 ille

2202 2939 2581 2986 consternatus
2605 2937 2659 2984 et
2690 2930 2931 2993 territus,
2961 2929 3199 2983 salutare
3240 2928 3342 2983 sibi
3374 2943 3576 2985 nomen
3626 2942 3797 2998 popo-

2204 3023 2391 3087 scerit,
2418 3023 2704 3093 statimque
2732 3022 3072 3078 Christianus
3101 3022 3325 3077 effectus
3354 3021 3445 3076 sit.

2282 3115 2413 3171 VIII.
2464 3114 2646 3185 Neque
2673 3114 2803 3169 illud
2838 3114 2893 3170 in
2920 3128 3233 3170 sanctorum
3262 3113 3537 3170 miraculis
3576 3124 3805 3183 praeter.

519 3208 601 3263 his
631 3207 697 3263 ad
729 3209 1162 3264 convescendum
1203 3211 1480 3276 invitatus,
1527 3213 1789 3280 prolatam
1828 3212 1895 3266 ab
1920 3213 2102 3268 exsul—
2128 3212 2176 3276 C
2207 3209 2437 3269 mittam.
2465 3206 2608 3274 quod
2639 3204 2861 3275 perinde
2888 3205 3097 3260 clarum
3142 3214 3305 3273 atque
3334 3203 3589 3260 omnibus
3610 3213 3803 3259 notum

520 3299 756 3356 tantibus
788 3316 882 3370 per
919 3303 1164 3357 ordinem
1196 3318 1413 3358 causam
1454 3305 1815 3374 cognovisset,
1853 3320 1917 3360 ac
1954 3306 2106 3360 dete-

518 3402 692 3448 status
727 3393 1001 3459 convivas,
1044 3394 1452 3465 detestatusque
1494 3398 1823 3460 convivium,
1872 3396 2107 3467 refugie-

519 3482 651 3548 bat;
683 3486 1195 3555 requirentibusque
1220 3503 1285 3541 ne
1311 3496 1366 3543 et
1386 3487 1500 3555 ipse
1522 3488 1744 3542 forsitan
1766 3488 2106 3544 Christianus

520 3584 685 3641 esset,
708 3577 1071 3632 Christianum
1113 3594 1170 3633 se
1200 3593 1341 3642 esse,
1374 3588 1429 3633 et
1457 3595 1672 3650 semper
1701 3582 1941 3636 futurum
1983 3597 2107 3638 esse

522 3667 828 3737 respondit;
857 3682 920 3723 ac
941 3670 1124 3723 statim
1156 3670 1224 3725 ab
1261 3671 1591 3727 irruentibus
1620 3672 1968 3737 interfectus;
2001 3689 2107 3729 cte-

523 3759 759 3830 terisque
787 3761 1115 3833 martyribus
1145 3763 1198 3817 in
1230 3763 1420 3818 eodem
1452 3764 1590 3825 loco.
1628 3765 1769 3819 sicut
1797 3775 1997 3829 morte,
2038 3768 2112 3821 ita

519 3850 681 3904 etiam
711 3851 915 3908 honore
940 3853 1261 3923 conjunetus
1290 3862 1395 3915 est.
1430 3855 1554 3910 Haec
1604 3857 1759 3911 nobis
1794 3865 1996 3913 tantum
2042 3859 2111 3915 de

524 3958 748 3999 numero
776 3946 866 4000 illo
895 3956 1188 4018 martyrum
1212 3960 1488 4019 comperta
1518 3960 1643 4006 sunt
1672 3952 1918 4008 nomina:
1947 3954 1999 4008 id
2026 3964 2112 4011 est

522 4037 956 4093 beatissimorum
1002 4040 1263 4107 Mauricii,
1325 4042 1627 4112 Exsuperii,
1676 4043 1899 4101 Candidi
1945 4056 2108 4116 atque

529 4128 793 4196 Victoris;
841 4141 1038 4187 caetera
1070 4148 1199 4187 vero
1223 4133 1379 4189 nobis
1403 4134 1616 4203 quidem
1660 4136 1964 4207 incognita;
2011 4139 2106 4194 sed

528 4221 581 4274 in
618 4220 754 4276 libro
783 4229 911 4277 vitae
949 4223 1146 4290 scripta
1191 4233 1337 4279 sunt.
1392 4225 1470 4280 Ex
1523 4226 1624 4282 hac
1665 4226 1853 4282 eadem
1895 4228 2110 4298 legione

523 4309 690 4368 fuisse
719 4313 969 4370 dicuntur
997 4315 1161 4370 etiam
1207 4316 1285 4369 illi
1326 4326 1594 4389 martyres
1637 4327 1659 4356 α
1698 4318 1864 4375 Ursus
1919 4328 1977 4374 et
2022 4319 2110 4377 Vi-

520 4416 660 4472 ctor,
679 4422 817 4475 quos
842 4406 1107 4462 Salodoro
1137 4422 1321 4478 passos
1338 4408 1481 4463 fama
1503 4410 1813 4465 confirmat.
1830 4407 1857 4447 ά
1876 4410 2107 4466 Salodo-

2209 3309 2313 3358 est.
2370 3298 2781 3356 Materiamilias
2815 3297 3051 3365 Quincii,
3098 3297 3301 3368 egregii
3341 3305 3503 3366 atque
3549 3295 3804 3352 honorati

2218 3394 2339 3460 viri,
2373 3410 2494 3447 cum
2543 3394 2614 3447 ita
2653 3392 2887 3462 paralysi
2918 3390 3113 3447 fuisset
3141 3390 3423 3457 obstricta,
3456 3397 3517 3443 ut
3553 3388 3611 3444 ei
3640 3390 3805 3446 etiam

2214 3488 2407 3557 pedum
2437 3500 2566 3540 usus
2600 3496 2910 3556 negaretur,
2942 3500 2969 3537 a
3002 3485 3121 3538 viro
3141 3499 3263 3549 suo,
3294 3492 3353 3538 ut
3382 3486 3667 3537 Acaunum
3712 3496 3807 3552 per

2216 3580 2441 3635 multum
2492 3580 2697 3633 itineris
2743 3580 2975 3646 spatium
3020 3578 3343 3642 deferretur,
3388 3577 3657 3647 peposcit.
3688 3574 3807 3643 Quo

2213 3686 2337 3726 cum
2362 3670 2700 3740 pervenisset
2719 3677 3024 3724 sanctorum
3054 3683 3345 3739 martyrum
3370 3667 3610 3721 basilica:
3634 3666 3805 3720 famu-

2220 3765 2443 3819 lantiunt
2474 3764 2718 3818 manibus
2750 3762 2919 3827 illata,
2953 3763 3176 3832 pedibus
3212 3762 3278 3815 ad
3321 3760 3685 3816 diversorium
3714 3775 3801 3815 re-

2215 3861 2344 3925 diit;
2375 3876 2437 3916 ac
2469 3859 2687 3914 sanitati
2732 3860 2799 3914 de
2843 3858 3181 3930 praemortuis
3228 3859 3473 3913 restituta
3516 3858 3801 3923 membris,

2216 3966 2357 4006 nunc
2400 3950 2718 4005 miraculum
2771 3966 2926 4004 suum
2972 3951 3087 4018 ipsa
3136 3947 3468 4004 circumfert.
3515 3948 3649 4003 Haec
3700 3949 3801 4005 duo

2214 4052 2420 4099 tantum
2452 4043 2585 4096 mira
2610 4040 2849 4110 passioni
2897 4049 3209 4094 sanctorum
3241 4037 3526 4095 inserenda
3574 4038 3799 4094 credidi.

2211 4138 2484 4192 Caeterum
2510 4138 2641 4189 satis
2672 4136 2836 4189 multa
2868 4145 2991 4189 sunt
3019 4150 3137 4205 quae
3153 4134 3240 4188 vel
3271 4134 3322 4187 in
3352 4134 3678 4204 purgatione
3698 4134 3799 4188 da!-

2212 4242 2457 4291 monum,
2490 4227 2575 4281 vel
2604 4225 2656 4279 in
2690 4225 2913 4293 reliquis
2934 4225 3304 4280 curationibus
3331 4224 3440 4280 illic
3467 4241 3565 4296 per
3590 4238 3801 4281 sanctos

2211 4333 2339 4375 suos
2367 4318 2580 4373 Domini
2601 4319 2772 4371 virtus
2793 4326 3052 4385 operatur

596 4528 621 4600 ξ
648 4518 783 4600 god.
814 4520 1527 4600 Eossat._et_Chifﬂ_et.,cum
1552 4527 2111 4599 Sorhonic.,impium.
2144 4538 2197 4600 ι)
2292 4537 2317 4600 _°
2352 4527 2525 4600 Hunc,
2556 4542 2677 4581 cum
2700 4525 2961 4600 adversus
2984 4524 3397 4600 Constantinum
3431 4525 3661 4600 insidias
3701 4542 3801 4581 mo.

595 4587 622 4626 ι’
653 4588 742 4645 Sic
762 4591 885 4646 cod.
913 4593 1073 4649 Sorb.
1096 4596 1224 4661 Alii,
1252 4587 1571 4652 Doniinicus.
1847 4587 1859 4595 ’
1953 4587 1964 4599 ’

600 4669 622 4697 ο
659 4660 734 4745 De
763 4660 846 4745 bis
874 4665 998 4745 vide
1022 4666 1263 4745 Surripui
1271 4669 1336 4721 ad
1370 4668 1527 4745 diem
1560 4670 1629 4726 30
1673 4669 1952 4745 septemb.
1986 4669 2112 4745 Ursi

530 4744 662 4784 vero
680 4733 1085 4791 translationem
1106 4737 1173 4791 ab
1185 4736 1424 4793 (Econio
1445 4755 1474 4793 e
1518 4740 1699 4809 iscopo
1714 4733 2117 4797 Maurienuensi

530 4816 670 4855 anno
697 4802 803 4858 602
838 4803 1030 4861 factam
1068 4808 1327 4864 describit
1360 4755 1717 4865 Fredesrarius
1757 4812 1809 4865 in
1846 4812 2116 4865 Chronico

525 4802 803 4943 313322
838 4803 1030 4861 factam
1068 4808 1327 4864 describit
1360 4802 1717 4881 Fredegarius
1757 4812 1809 4867 in
1846 4812 2116 4869 Chronico

600 4940 627 4981 ⁸
658 4942 1279 5021 Solodorumuhodieque
1316 4960 1585 5021 superest,
1635 4954 1796 5008 unius
1845 4954 2118 5010 Helvetio-

528 5016 791 5096 rum_pagi
816 5016 1249 5096 catholicicaput
1263 5038 1277 5087 ;
1302 5016 1493 5091 G‘ailis,
1517 5016 1773 5079 ls'canton
1788 5024 1852 5080 de
1875 5026 2111 5095 Soleure,

530 5085 723 5144 incolis
747 5102 876 5144 vero
906 5085 1216 5145 Solothurn.

2220 4598 2306 4654 liri
2334 4599 2703 4668 deprehensus
2734 4599 2941 4662 fuisset,
2985 4598 3263 4667 [mitissimo
3300 4598 3477 4668 mortis
3510 4611 3697 4666 genere
3724 4602 3797 4652 in-

2222 4666 2431 4726 teriisse
2462 4669 2626 4724 refert
2660 4669 2859 4724 Euseb.
2895 4666 2991 4724 lib.
3026 4684 3115 4724 vttt
3140 4668 3279 4721 Hist.
3319 4666 3529 4723 Eccles.
3569 4683 3689 4735 cap.
3719 4671 3796 4731 l5.

2222 4749 2276 4796 et
2302 4741 2395 4796 lib.
2430 4740 2536 4795 ide
2563 4740 2682 4794 Vita
2712 4738 3051 4795 Constantini
3087 4753 3207 4805 cap.
3233 4738 3323 4794 47.
3365 4738 3566 4794 Paulus
3589 4739 3799 4794 Orosius

2223 4812 2316 4867 lib.
2348 4827 2421 4865 vn
2444 4827 2563 4882 cap.
2588 4812 2683 4875 '18,
2711 4812 2761 4865 id
2786 4808 3377 4882 Massilizecontigisse,
3398 4820 3454 4882 ut
3486 4820 3674 4882 noster
3703 4810 3799 4863 Eu-

2220 4884 2459 4947 cherius,
2496 4880 2680 4937 refert.
2709 4882 2841 4935 Rem
2872 4897 3001 4936 vero
3038 4880 3208 4935 fusius
3237 4881 3460 4948 exponit
3498 4880 3800 4936 Lactantius

2223 4954 2276 5008 in
2305 4954 2501 5022 insigni
2532 4952 2718 5007 libello
2758 4953 2826 5007 de
2854 4952 3023 5008 Morte
3061 4960 3489 5022 persecutorum,
3536 4967 3682 5006 num.
3732 4950 3797 5022 29

2220 5032 2275 5079 et
2295 5024 2384 5080 50.
2408 5020 2654 5079 Occisqu
2686 5040 2790 5077 non
2820 5026 2985 5078 fuisse
3005 5020 3130 5079 ante
3161 5037 3357 5077 annum
3384 5022 3483 5093 3H
3512 5022 3700 5093 probat
3723 5020 3798 5073 vir

2222 5095 2445 5152 doctiss.
2478 5095 2743 5151 Antonius
2767 5094 2891 5166 Pagi
2921 5095 2987 5153 ad
3012 5109 3099 5148 an.
3127 5092 3233 5152 307
3258 5100 3313 5149 et
3338 5092 3464 5149 310.
