4024 6336
1699 305 2025 366 ΗΟΜΠΛᾹΞ.

3406 306 3507 360 ΗΗ

255 441 3480 474 ————-—-l——-——-————-——-—————-—————-—-——‘_‘—_"‘

1095 554 1763 670 SANCTI
1835 551 2699 664 EUGHEBII

1394 735 1940 801 LUGDUNENSIS
1981 735 2330 799 EPISCOPI

870 898 1802 1050 HOMILUE
1898 891 2862 1075 QUZEDAM.

864 1262 1150 1320 HOMILIA
1196 1262 1241 1319 l.

843 1354 928 1408 Ad
962 1353 1259 1409 monachos.

319 1447 650 1504 Exhortatur
687 1461 787 1502 nos
816 1462 998 1503 sermo
1032 1447 1270 1514 divinus,
1303 1454 1364 1502 ut
1390 1459 1670 1502 curramus
1697 1445 1823 1500 dum

249 1540 424 1596 lucem
451 1539 1055 1610 habemus,priusquam
1077 1553 1177 1594 nos
1203 1538 1442 1595 tenebrae
1465 1537 1829 1608 comprehen-

250 1632 404 1688 dant.
445 1632 646 1689 Lucem
676 1633 938 1689 habemus
967 1634 1012 1687 si
1040 1633 1330 1698 currimus,
1353 1632 1398 1687 si
1427 1646 1670 1702 gressum
1704 1630 1827 1684 lldei

249 1739 674 1794 promovemus;
701 1726 754 1780 in
800 1725 1038 1780 tenebris
1078 1724 1398 1790 residemus,
1431 1727 1475 1778 si
1513 1737 1830 1792 promovere

251 1828 554 1871 cessamus.
579 1816 799 1870 Paratos
830 1829 929 1870 nos
959 1815 1196 1870 inveniat
1230 1824 1478 1870 extrema
1509 1814 1827 1878 necessitas,

249 1920 370 1975 qua:
399 1921 543 1976 sape
570 1906 835 1976 praevenit
864 1907 1179 1975 imparatos.
1211 1904 1431 1961 Certant
1465 1905 1618 1959 nobis
1651 1905 1825 1973 impo-

251 2009 344 2052 nat
376 1999 797 2055 sollicitudinem
832 2000 1038 2054 incerta
1079 1998 1349 2062 conditio;
1384 1996 1726 2066 quotidianus
1764 1997 1833 2050 sit

252 2090 406 2145 illius
424 2091 650 2160 periculi
680 2101 877 2154 metus,
901 2091 1056 2159 cujus
1086 2091 1329 2145 nescitur
1360 2089 1629 2142 incursus.
1662 2086 1831 2154 Quam

253 2181 413 2236 tarde
455 2183 652 2238 misera
693 2183 870 2236 anima
926 2182 1193 2236 malorum
1242 2195 1461 2235 suorum
1520 2179 1832 2249 paenitebit,

251 2287 378 2326 cum
411 2272 498 2328 die
524 2273 714 2328 ultimo
741 2273 1161 2343 superveniente
1190 2273 1430 2342 separari
1456 2286 1515 2327 se
1545 2286 1575 2325 a
1602 2286 1834 2340 corpore

252 2379 353 2420 suo
377 2365 593 2431 viderit,
618 2380 740 2421 cum
767 2366 868 2422 sibi
899 2367 954 2420 in
986 2367 1091 2421 fine
1121 2364 1393 2420 claudenti
1424 2365 1612 2420 oculos
1657 2366 1835 2434 nigre-

257 2473 418 2515 scere
457 2468 513 2515 et
561 2459 880 2517 horrescere
928 2461 1257 2530 sempiterna
1305 2475 1412 2515 nox
1441 2463 1690 2530 cteperit,
1715 2475 1836 2515 cum

248 2552 439 2622 jacere
483 2562 606 2610 ante
651 2569 712 2610 se
752 2570 981 2610 vacuum
1028 2554 1216 2609 salutis
1265 2569 1328 2608 ac
1381 2554 1514 2610 lucis
1567 2553 1834 2608 infelicem

1856 1250 1908 1311 Δ
1935 1258 2243 1314 destitutam
2265 1301 2279 1324 ,
2311 1259 2423 1314 sola
2453 1259 2727 1330 torquebit
2757 1261 3009 1331 cogitatio
3035 1262 3395 1335 desperatam,
3427 1283 3516 1323 βου

1935 1351 2018 1406 lus
2069 1361 2244 1407 metus
2297 1354 2622 1409 examinabit
2672 1356 2986 1421 attonitam;
3024 1366 3078 1412 et
3129 1360 3253 1428 quia
3290 1361 3362 1416 ibi
3404 1363 3514 1432 jam

1934 1445 2075 1498 nulla
2120 1446 2224 1499 erit
2271 1444 2490 1514 parandi
2537 1446 2708 1501 victus
2762 1457 2854 1501 aut
2897 1449 3121 1503 vestitus
3167 1451 3510 1519 sollicitudo,

1935 1535 2079 1589 nulla
2112 1535 2387 1592 laborandi
2409 1578 2422 1596 .
2456 1537 2720 1590 militandi
2762 1539 3022 1608 agendive
3045 1542 3345 1610 occupatio,
3370 1544 3516 1600 nulla

1933 1627 2200 1683 facultatis
2249 1637 2340 1683 aut
2393 1630 2608 1684 honoris
2650 1630 2890 1694 ambitio,
2939 1633 3088 1686 solus
3125 1642 3360 1689 mentem
3399 1649 3516 1690 om-

1936 1721 2095 1776 nibus
2127 1722 2247 1776 aliis
2283 1723 2430 1777 curis
2465 1738 2686 1778 vacuam
2721 1724 3086 1780 intolerandus
3115 1728 3400 1784 reddendae
3431 1744 3518 1783 ra-

1937 1814 2099 1868 tionis
2133 1823 2307 1869 terror
2336 1815 2597 1882 implebit,
2621 1816 2793 1870 solum
2812 1830 2874 1871 ac
2902 1825 3068 1871 totum
3099 1818 3284 1887 judicii
3309 1820 3517 1890 pondus

1938 1908 2166 1976 captivis
2196 1909 2443 1962 sensibus
2470 1907 2791 1963 imminebit.
2821 1910 2956 1977 Quid
3001 1926 3130 1966 vero
3173 1913 3387 1982 quando
3429 1930 3518 1970 re-

1937 2000 2087 2069 gredi
2129 2000 2194 2054 ad
2241 2015 2513 2055 carcerem
2548 2003 2793 2069 corporis
2824 2001 2929 2067 sui,
2962 2011 3018 2058 et
3051 2017 3145 2072 per
3169 2006 3520 2061 resurrectio-

1943 2107 2065 2145 nem
2109 2092 2347 2160 recipere
2382 2091 2513 2146 illud
2552 2092 2887 2160 praecipietur
2910 2093 2977 2147 ad
3009 2094 3320 2150 societatem
3350 2097 3521 2152 malo-

1938 2197 2055 2236 rum
2077 2183 2099 2233 ἲ
2123 2181 2258 2248 Quid
2291 2184 2449 2237 faciet
2477 2199 2598 2238 cum
2642 2183 2798 2240 fmdis
2835 2185 3116 2240 vulnerum
3149 2187 3316 2255 signis
3359 2190 3522 2243 castis

1940 2273 2250 2343 angelorum
2282 2275 2649 2344 praesentanda
2687 2278 3091 2345 conspectibus,
3119 2285 3175 2333 et
3195 2288 3320 2333 ante
3341 2295 3522 2350 regem

1943 2366 2264 2420 saeculorum
2298 2381 2511 2421 causam
2536 2368 2603 2422 de
2629 2369 2854 2437 singulis
2879 2369 3190 2426 redditura?
3210 2371 3340 2438 Quae
3363 2373 3522 2427 modo

1946 2459 2146 2528 absque
2184 2457 2349 2512 dubio
2377 2458 2424 2512 si
2464 2460 2516 2513 in
2566 2460 2745 2514 medio
2785 2462 2958 2516 nostri
2989 2461 3377 2530 objicerentur,
3407 2479 3523 2518 rea-

1947 2558 2057 2602 tum
2109 2549 2246 2602 intra
2295 2565 2354 2604 se
2405 2564 2560 2604 suum
2605 2552 2872 2606 sustinere
2918 2567 3024 2606 non
3072 2565 3273 2622 posset,
3320 2554 3522 2623 pudore

257 2646 688 2702 commilitonem
737 2661 892 2702 suum
934 2647 1128 2702 viderit
1157 2649 1489 2702 incentorem
1536 2648 1738 2716 pariter
1779 2663 1841 2703 ac
1869 2630 1917 2690 Β
1947 2655 2154 2708 magnae
2199 2641 2530 2696 confusionis
2576 2657 2851 2712 Oppressa.
2880 2644 3017 2711 Quid
3056 2654 3185 2700 tunc
3223 2647 3386 2699 animi
3423 2647 3518 2701 lla-

252 2736 636 2806 deceptorem,
662 2753 784 2793 cum
814 2753 920 2808 quo
945 2739 1012 2794 de
1037 2753 1202 2794 arena
1227 2739 1411 2794 mundi
1435 2738 1596 2808 hujus
1622 2754 1716 2808 per
1741 2738 1840 2792 ﬂa-

253 2830 447 2898 gitium
484 2846 638 2885 suum
668 2833 806 2886 victa
833 2831 1105 2886 discessit.
1137 2830 1272 2886 Cum
1301 2832 1529 2902 coeperit
1550 2831 1619 2886 ab
1645 2831 1836 2886 eodem

247 2922 365 2990 jam
399 2923 605 2978 divulsa
659 2924 926 2980 immanes
963 2935 1018 2981 et
1076 2927 1265 2981 inanes
1318 2925 1450 2980 dare
1507 2940 1672 2994 super
1711 2941 1832 2980 eum

253 3015 527 3083 planctus,
559 3025 613 3070 et
635 3015 814 3072 dicere
850 3034 863 3070 :
897 3016 999 3072 Ubi
1029 3026 1154 3071 sunt
1199 3016 1574 3070 animositates
1603 3025 1658 3071 et
1687 3017 1837 3086 cupi-

252 3107 454 3160 ditates
477 3115 603 3172 tute,
632 3108 825 3177 quibus
853 3107 1131 3178 hucusque
1173 3107 1522 3178 impatienter
1551 3106 1751 3172 arsisti,
1785 3118 1840 3162 et

251 3212 448 3252 arsura
495 3197 702 3267 jugiter
747 3199 1132 3268 congregasti?
1180 3198 1318 3254 Ecce
1368 3199 1699 3252 transierunt
1746 3199 1836 3252 illa

251 3292 439 3345 omnia
487 3302 757 3362 tamquam
788 3293 1001 3360 umbra,
1027 3293 1282 3348 abierunt
1328 3291 1752 3356 oblectamenta,
1786 3300 1838 3345 et

252 3383 371 3437 sola
420 3383 471 3437 in
514 3395 828 3453 perpetuum
859 3383 1149 3453 opprobria
1197 3391 1252 3438 et
1292 3382 1516 3436 crimina
1561 3397 1838 3437 remanse-

253 3485 408 3530 runt.
435 3475 527 3530 Vae
555 3475 708 3543 mihi,
740 3491 774 3530 o
803 3475 1005 3542 anima,
1026 3475 1092 3530 ad
1120 3485 1229 3528 tam
1263 3474 1526 3542 perditum
1560 3489 1653 3528 vas
1679 3474 1838 3528 velim

255 3567 428 3622 nolim
468 3566 707 3621 reditura
746 3582 886 3632 sum,
917 3577 972 3622 et
1000 3577 1223 3637 propter
1253 3565 1506 3636 fugitivas
1535 3565 1841 3634 voluptates

252 3671 552 3727 numquam
581 3657 898 3727 effugiendis
926 3671 1050 3712 cum
1076 3671 1142 3712 eo
1168 3655 1460 3725 vaporibus
1487 3669 1841 3710 concreman-

250 3750 342 3804 da.
380 3750 517 3817 Quid
541 3750 681 3804 inter
709 3748 847 3816 haec,
875 3763 996 3803 cum
1027 3763 1148 3804 eam
1188 3748 1417 3818 coeperit
1456 3745 1523 3801 ad
1564 3745 1839 3801 definitam

251 3843 603 3909 sententiam,
645 3853 701 3898 et
747 3840 1012 3895 immobili
1063 3839 1181 3910 lege
1229 3839 1461 3894 defixam
1503 3838 1840 3906 importunus

254 3934 496 4006 depositi
535 3943 755 4006 exactor
783 3933 1121 3998 abstrahere,
1152 3939 1208 3987 et
1237 3931 1364 3986 hinc
1403 3931 1527 3985 inde
1559 3931 1840 3996 insultare,

1946 2731 2124 2796 bebit,
2156 2747 2278 2786 cum
2325 2733 2459 2786 alios
2509 2733 2615 2788 illic
2663 2746 2918 2804 erogante
2969 2735 3198 2790 Domino
3244 2737 3525 2806 percipere

1946 2822 2142 2876 viderit
2183 2824 2365 2878 illzesaa
2409 2832 2465 2876 et
2510 2825 2732 2894 integra:
2777 2824 2902 2880 fidei
2953 2826 3228 2892 bravium,
3283 2828 3526 2882 candida

1945 2915 2254 2970 thesaurum
2295 2916 2576 2981 castitatis,
2620 2916 2821 2972 fructus
2871 2919 3276 2986 misericordiae,
3321 2921 3520 2975 talenta

1937 3010 2193 3080 iustitiae?
2235 3008 2366 3063 Cum
2400 3009 2610 3079 indigna
2652 3012 2754 3065 sibi
2780 3021 2924 3067 sorte
2955 3017 3301 3082 conspexerit
3347 3017 3525 3072 novis-

1941 3103 2107 3156 simos
2147 3101 2215 3157 de
2246 3103 2431 3172 primis
2461 3102 2594 3169 fieri,
2625 3113 2678 3158 et
2707 3103 2775 3158 de
2801 3105 3106 3159 novissimis
3130 3109 3364 3175 primos?
3395 3123 3526 3176 pau-

1942 3209 2097 3263 peres
2124 3209 2281 3264 supra
2306 3195 2514 3262 divites,
2530 3210 2712 3250 servos
2728 3211 2888 3267 supra
2909 3197 3154 3252 dominos
3193 3201 3524 3269 glorificari?

1943 3297 1997 3340 et
2055 3303 2487 3358 unumquemque
2537 3303 2633 3357 pro
2685 3289 2890 3343 meritis
2940 3291 3358 3346 immortalitatis
3407 3293 3525 3348 luce

1944 3378 2219 3448 perfusum
2269 3381 2320 3433 in
2374 3380 2686 3449 angelorum
2727 3391 2923 3435 statum
2963 3397 3029 3436 ex
3071 3382 3376 3438 hominibus
3401 3399 3526 3454 pro-

1946 3471 2178 3534 moveri,
2210 3480 2263 3524 et
2291 3485 2411 3524 cum
2442 3480 2655 3525 terreno
2685 3473 2955 3541 quondam
2986 3487 3214 3543 corpore
3239 3490 3406 3544 supra
3433 3490 3524 3530 ex-

1944 3563 2086 3616 celsa
2117 3563 2263 3633 regni
2290 3563 2526 3619 cmlestis
2548 3565 2784 3634 imponi,
2815 3575 2870 3620 et
2901 3566 3039 3620 inter
3065 3566 3200 3621 filios
3227 3567 3522 3636 maiestatis

1944 3655 2197 3722 opulenta
2247 3657 2484 3723 parentis
2519 3657 2612 3712 Dei
2659 3656 2972 3712 haereditate
3013 3657 3206 3723 ditari;
3238 3673 3296 3714 se
3342 3671 3520 3715 autem

1947 3746 2087 3800 inter
2115 3746 2231 3802 haec
2267 3763 2393 3802 cum
2423 3749 2659 3817 peccatis
2698 3749 2810 3803 suis
2838 3749 3102 3816 relictam,
3125 3752 3194 3806 de
3217 3753 3525 3820 spectaculo

1944 3839 2214 3908 felicitatis
2253 3843 2443 3896 alienae
2481 3843 2726 3897 dolorum
2779 3844 2905 3908 vitia
2955 3848 3365 3914 reportantem?
3414 3847 3518 3914 Qui

1948 3929 2127 4001 [Forte
2157 3930 2314 4002 Quid]
2333 3932 2608 4002 posthaec?
2633 3948 2753 3988 cum
2785 3949 2845 3988 se
2869 3933 3179 3990 miseranda
3209 3937 3522 3994 conditione

253 4005 598 4081 etiinsistere
626 4005 810 4098 [forte
859 4023 1090 4095 insilire]
1119 4022 1468 4078 infernalium
1500 4023 1632 4077 dira:
1677 4023 1841 4076 facies
1869 4006 1915 4070 C
1948 4019 2134 4093 |Forte
2163 4021 2424 4093 conditio]
2456 4025 2649 4079 viderit
2677 4026 2822 4079 omni
2853 4028 3222 4081 consolatione
3269 4029 3519 4085 nudatam

255 4118 668 4173 ministrorum?
689 4118 824 4186 Quid
852 4119 956 4173 erit
976 4131 1098 4172 cum
1127 4116 1195 4170 ab
1223 4115 1626 4186 apparitoribus
1654 4114 1842 4169 mortis

253 4225 356 4278 per
407 4211 546 4264 hunc
602 4221 812 4265 vastum
855 4225 1037 4265 aerem
1089 4209 1355 4278 separari,
1388 4218 1444 4262 et
1487 4225 1581 4278 per
1622 4208 1842 4262 semitas

255 4301 603 4357 tenebrarum
643 4302 837 4357 abduci
884 4313 1030 4357 trans
1072 4301 1213 4356 diem
1254 4302 1503 4369 coeperit,
1541 4312 1596 4354 et
1639 4315 1843 4370 nequa-

254 4408 424 4461 quam
468 4393 760 4460 remeabile
804 4395 906 4448 iter
949 4407 1108 4462 agere
1137 4406 1235 4460 per
1265 4392 1400 4444 lines
1445 4391 1567 4444 illos
1609 4391 1697 4446 ubi
1729 4393 1842 4460 ipsa

257 4486 352 4540 lux
387 4483 590 4551 deﬁcit,
624 4500 745 4540 cum
779 4487 1062 4556 peregrina
1096 4484 1185 4537 illa
1233 4482 1433 4551 ubique
1465 4483 1641 4536 anima
1671 4483 1842 4535 comi-

258 4583 412 4630 tante
455 4578 719 4630 malorum
763 4592 984 4631 suorum
1019 4574 1161 4629 tristi
1202 4572 1414 4643 agmine
1438 4573 1636 4626 viderit
1660 4586 1719 4626 se
1751 4587 1844 4641 per

259 4679 535 4723 extremas
567 4669 750 4724 mundi
781 4685 903 4724 oras
936 4671 988 4723 in
1031 4668 1163 4723 illud
1197 4669 1354 4722 inane
1388 4682 1450 4721 ac
1481 4681 1710 4721 vacuum
1749 4681 1843 4719 ca-

261 4761 398 4814 dere
446 4760 514 4815 de
563 4764 784 4827 mundo,
820 4774 984 4832 atque
1025 4760 1157 4815 illud
1188 4775 1439 4829 magnum
1479 4760 1667 4826 chaos,
1699 4756 1844 4826 quod

261 4853 391 4905 vitae
421 4853 723 4923 mortisque
752 4855 1028 4923 regionem
1061 4852 1347 4918 discernit,
1379 4851 1582 4905 intrare
1612 4858 1666 4903 et
1706 4849 1845 4903 vita-

259 4946 340 4997 les
373 4959 532 4998 auras
576 4955 779 5000 natura:
811 4947 978 5014 ipsius
1009 4946 1161 5000 exsul
1191 4943 1478 4998 amittere?
1519 4943 1652 4997 Cum
1682 4943 1845 4997 rebus

260 5037 517 5090 humanis
535 5037 653 5091 vale
680 5038 924 5092 ultimum
957 5037 1168 5100 dicens,
1211 5045 1442 5090 mortem
1474 5042 1600 5089 ante
1642 5049 1702 5089 se
1744 5035 1841 5087 ha-

261 5129 422 5195 bens,
446 5140 500 5184 et
525 5131 689 5184 vitam
718 5140 840 5200 post
878 5145 938 5185 se
969 5130 1304 5200 relinquens,
1340 5129 1395 5182 in
1436 5127 1567 5182 illud
1610 5127 1844 5181 horren-

260 5221 394 5274 dum
422 5229 477 5275 et
504 5222 594 5276 vix
633 5222 801 5276 oculis
831 5221 1201 5291 attingendum
1245 5219 1592 5289 pertrahetur
1622 5217 1845 5286 profun-

261 5311 416 5377 dum,
437 5311 664 5366 diversis
681 5313 920 5367 avaritiae
937 5326 999 5366 ac
1022 5311 1242 5365 malitiae
1259 5319 1506 5364 catenata
1529 5309 1844 5363 criminibus

1945 4114 1998 4166 in
2047 4117 2337 4169 exteriores
2385 4116 2636 4170 tenebras
2679 4119 2887 4182 excuti,
2922 4128 2975 4171 et
3002 4119 3070 4173 ab
3113 4118 3202 4172 illa
3243 4120 3521 4176 beatorum

1945 4204 2184 4258 Ecclesia
2232 4217 2486 4275 perpetua
2539 4207 3094 4262 excommunicatione
3142 4209 3404 4264 seclusam
3458 4211 3526 4268 ab

1945 4295 2058 4363 ipsa
2100 4297 2224 4349 vita:
2251 4297 2430 4350 radice
2460 4295 2722 4365 prarcidi?
2755 4297 2891 4352 Illud
2922 4307 3102 4353 autem
3132 4301 3399 4370 quomodo
3421 4310 3529 4356 tre-

1947 4387 2104 4456 pidus
2135 4398 2188 4440 et
2217 4387 2355 4442 male
2381 4387 2637 4442 conscius
2657 4403 2837 4443 sermo
2863 4390 3058 4458 poterit
3079 4390 3368 4460 explicare,
3399 4405 3526 4447 cum

1947 4480 2173 4548 cmperit
2216 4481 2557 4549 inexpiabilis
2593 4496 2720 4536 caro
2745 4491 2800 4535 et
2819 4481 3031 4538 infecta:
3058 4485 3292 4553 peccatis
3320 4485 3526 4538 medul-

1944 4572 2009 4625 la:
2059 4571 2221 4626 saevis
2274 4574 2534 4640 gehennae
2587 4573 2808 4628 aestibus
2833 4575 3122 4642 penetrari,
3155 4583 3210 4629 et
3234 4590 3383 4630 more
3425 4575 3528 4630 fer-

1943 4663 2180 4717 ventium
2204 4677 2267 4717 ac
2291 4663 2703 4734 decoquentium
2733 4666 3073 4719 metallorum
3098 4666 3528 4737 inexstinguibili

1944 4754 2138 4809 ardore
2155 4763 2264 4810 tota
2289 4756 2523 4809 hominis
2539 4756 2836 4810 substantia
2865 4758 3008 4811 intus
3032 4757 3255 4823 infundi,
3281 4769 3335 4814 et
3364 4760 3528 4830 depa-

1943 4844 2217 4900 scentibus
2239 4845 2468 4901 ﬂammis
2485 4862 2710 4915 corpora
2739 4857 2897 4917 atque
2917 4850 3119 4903 animas
3137 4865 3198 4904 ex
3231 4861 3383 4920 parte
3407 4868 3531 4906 con-

1944 4937 2108 5002 sumi,
2132 4953 2196 4992 ex
2227 4948 2376 5007 parte
2398 4941 2610 5004 nutriri,
2641 4950 2698 4994 ut
2719 4940 2858 4995 inter
2885 4943 3092 4996 tnedios
3114 4942 3312 5012 ignium
3339 4945 3533 5012 globos

1945 5027 2194 5084 damnata
2209 5041 2396 5085 natura
2415 5032 2505 5086 det
2519 5032 3091 5103 pabulum,etaccipiat
3110 5036 3532 5091 incrementum?

1947 5121 2003 5176 Si
2029 5121 2167 5175 forte
2195 5123 2492 5191 inspersum
2526 5123 2656 5177 illud
2676 5124 2874 5178 dudum
2890 5126 3237 5180 conscientiis
3255 5126 3465 5190 vitium,
3480 5139 3533 5182 et

1946 5215 2069 5267 aeris
2093 5225 2146 5268 et
2172 5215 2370 5283 plumbi
2403 5217 2702 5270 adulterina
2727 5219 3369 5288 permixtio,quandoque
3393 5221 3532 5275 inter

1949 5317 2132 5374 stagna
2171 5305 2426 5360 ferventia
2468 5306 2768 5362 anhelantis
2793 5309 3014 5378 gurgitis
3043 5318 3321 5376 exuretur,
3357 5319 3534 5364 trans-

263 5371 527 5472 quantum
573 5404 803 5474 perdidit
843 5405 1096 5473 pretium,
1133 5410 1336 5456 tantum
1376 5410 1668 5469 exceptura
1713 5415 1843 5466 sup-
1874 5371 1927 5435 D
1954 5371 2104 5451 ituris
2147 5414 2239 5466 per
2275 5399 2404 5453 vada
2440 5400 2590 5468 ignea
2620 5415 2770 5455 mora
2800 5402 2906 5454 erit
2944 5401 3190 5469 supplicii
3227 5403 3533 5472 magnitudo

265 5494 523 5562 plicium?
545 5493 676 5549 Cum
705 5494 772 5548 ad
801 5496 915 5549 haec
962 5497 1140 5564 itaque
1170 5492 1406 5547 crudelis
1437 5491 1693 5545 custodiae
1723 5506 1844 5558 per-

268 5594 489 5640 ventum
533 5587 691 5641 fuerit
731 5587 868 5653 loca,
898 5585 990 5640 ubi
1014 5586 1124 5654 jam
1156 5583 1319 5638 futuri
1349 5599 1627 5652 poenarum
1656 5582 1844 5647 jUtiiCii

266 5681 384 5747 ipsa
438 5682 520 5734 sui
564 5681 966 5749 exspectatione
1011 5679 1288 5747 desaeviet,
1322 5694 1392 5733 ne
1447 5679 1616 5731 dicam
1673 5677 1842 5742 aliud,

269 5769 422 5826 solus
469 5784 671 5826 mceror
700 5769 1037 5828 excruciabit
1074 5770 1308 5825 animam
1340 5769 1608 5824 universis
1641 5768 1852 5822 solatiis

1956 5492 2192 5560 peccati;
2224 5507 2374 5546 escas
2413 5491 2696 5546 ardoribus
2726 5493 2948 5548 crimina
2982 5494 3384 5557 ministrabunt.
3419 5512 3533 5548 ma-

1958 5583 2107 5636 nebit
2131 5583 2182 5636 in
2216 5583 2316 5638 hoc
2362 5573 2682 5652 prmcéptum
2737 5593 2792 5639 et
2847 5585 3087 5637 auctoris
3133 5594 3188 5639 et
3235 5586 3448 5654 judicis,
3481 5599 3529 5642 ut

1954 5676 2158 5730 viscera
2201 5677 2475 5731 doloribus
2515 5679 2762 5742 ulmoxia,
2806 5684 2862 5731 et
2890 5677 3019 5730 solis
3051 5677 3375 5732 cruciatibus
3404 5693 3532 5734 con.

1958 5783 2186 5830 sccram,
2241 5772 2373 5837 ignis
2419 5773 2615 5822 nrhiier
2663 5769 2884 5838 depasta
2936 5784 3042 5824 non
3069 5769 3311 5834 devoret,
3342 5770 3433 5825 sed
3466 5772 3528 5829 ad
