4024 6336
534 386 636 450 855

1517 382 1579 443 S.
1619 373 1947 441 EUCHERII
1983 368 2461 435 LUGDUNENSIS
2496 372 2804 436 EPISCOPI

3696 380 3801 443 836

534 508 639 564 hoc
680 514 863 576 pereat
894 500 1076 575 [Forte
1104 498 1309 571 ardeat]
1349 506 1409 555 ut
1450 514 1667 569 semper
1714 497 1988 553 interimat
2014 513 2029 549 :
2059 502 2118 550 ut
2141 490 2195 551 Α
2221 491 2433 551 Scimus
2459 496 2583 567 quia
2611 512 2762 554 mens
2790 497 3023 554 humana
3050 484 3283 556 diversis
3320 499 3507 556 mundi
3529 480 3799 558 illecebris

535 614 670 669 Opus
699 613 761 651 ac
795 596 1108 665 figmentum
1160 590 1409 661 corporis
1452 589 1620 647 nostri
1648 589 1701 645 in
1733 590 1969 655 antiquis
1996 601 2113 643 sce-

536 692 742 747 leribus
779 696 1073 749 mortuum,
1103 695 1155 739 et
1185 684 1251 737 ad
1294 682 1411 737 sola
1443 691 1706 737 tormenta
1729 682 2027 736 redivivum
2058 677 2118 733 ﬁ-

536 799 657 839 nem
712 784 765 835 in
816 782 932 850 ipso
981 779 1231 832 interitus
1276 774 1513 830 confinio
1570 790 1678 830 non
1726 774 1988 837 inveniat,
2017 770 2117 828 sed

538 874 807 931 exinanita
847 872 1068 941 jamque
1121 868 1419 922 tolerantia:
1468 869 1643 922 virtus
1690 867 1770 921 sic
1821 875 2029 935 pereat,
2059 872 2119 919 ut

539 973 808 1034 resurgat.
842 963 930 1017 illa
964 961 1109 1015 enim
1141 975 1248 1017 non
1278 957 1533 1027 eaSualis,
1565 957 1659 1019 sed
1693 956 2031 1017 rationabilis
2062 962 2120 1023 et

543 1057 775 1129 poenalis
816 1053 1060 1114 exustio,
1114 1054 1235 1119 quia
1291 1052 1501 1119 culpam
1545 1049 1770 1118 jubelur
1812 1047 2117 1116 inquirere,

539 1146 893 1205 substantiam
932 1143 1105 1198 nescit
1148 1143 1457 1196 absumere.
1500 1141 1566 1195 Et
1591 1141 1716 1209 quia
1750 1139 1899 1193 velut
1932 1139 2123 1193 carba-

541 1255 599 1297 sa
631 1234 817 1312 [Forte
848 1246 903 1291 ut
952 1237 1002 1289 in
1049 1232 1353 1305 suppliciis]
1381 1234 1515 1287 levis
1544 1246 1869 1303 percurrens
1898 1245 2123 1287 concre-

544 1332 733 1399 matio,
762 1330 880 1399 ipsa
910 1327 1154 1398 purgatio
1178 1336 1281 1389 est,
1312 1324 1528 1379 flamma
1570 1324 1663 1377 illa
1688 1338 1796 1377 non
1826 1334 1933 1377 tam
1970 1338 2119 1377 reum

543 1418 883 1494 persequitur
932 1434 1091 1489 quam
1125 1426 1369 1481 reatum;
1399 1426 1453 1470 et
1479 1416 1527 1471 si
1554 1413 1748 1469 modus
1790 1412 1952 1467 fuerit
1991 1412 2125 1467 deli-

545 1524 776 1577 ctorum,
804 1512 907 1567 erit
934 1521 989 1565 et
1019 1522 1272 1563 mensura
1299 1509 1658 1563 cruciatuum.
1689 1505 1745 1561 Si
1793 1519 1923 1558 vero
1954 1511 2122 1558 totam

544 1616 795 1663 naturam
822 1604 1105 1673 occupavit
1134 1603 1355 1671 pariter,
1381 1610 1436 1655 et
1476 1598 1703 1653 involvit
1749 1612 2007 1653 excessus
2033 1611 2125 1651 ca-

540 1699 784 1769 pitalium
835 1698 1102 1752 scelerum
1149 1696 1272 1766 quia
1327 1709 1435 1748 non
1486 1694 1677 1763 recipit
1728 1707 1891 1746 causa
1947 1704 2125 1745 reme-

543 1788 722 1855 dium,
761 1786 967 1843 carebit
1035 1786 1142 1841 llne
1191 1785 1537 1855 supplicium.
1594 1783 1890 1839 Occidente
1943 1783 2124 1852 itaque

2215 598 2273 645 et
2291 590 2739 665 concupiscentiis
2775 592 2995 657 delinita
3028 594 3160 663 fugit
3206 595 3479 661 laborem,
3504 603 3562 652 et
3591 598 3799 667 expetit

2216 682 2569 751 voluptatem,
2602 692 2657 739 et
2683 685 2770 739 vix
2800 685 3084 742 adducitur
3112 696 3171 742 ut
3196 690 3646 746 consuetudinem
3683 706 3713 745 a
3736 706 3795 748 se

2216 778 2340 832 vita
2372 778 2577 846 prioris
2602 772 2884 844 excludat;
2914 780 3007 834 sed
3036 795 3157 835 cum
3193 784 3683 853 cmperitcogitare
3714 784 3797 839 ul-

2218 870 2331 937 timi
2361 870 2465 926 diei
2494 871 2894 939 necessitatem,
2926 872 2995 930 ad
3026 872 3192 933 futuri
3213 874 3399 943 iudicii
3431 874 3645 945 pondus
3670 877 3801 931 inei-

2218 965 2330 1019 tata
2360 969 2415 1014 et
2438 960 2737 1037 stimulata,
2754 962 2837 1023 vel
2858 977 2956 1030 spe
2974 964 3209 1032 puemii,
3232 965 3317 1020 vel
3340 965 3533 1021 timore
3553 965 3800 1036 supplicii

2220 1050 2581 1105 voluntarium
2636 1051 2834 1105 bellum
2880 1052 3065 1109 indicit
3113 1055 3619 1123 passionibus,vim
3678 1055 3804 1112 facit

2210 1144 2465 1213 pristinis
2487 1143 2676 1197 studiis
2698 1145 2831 1209 suis,
2860 1154 2916 1200 et
2944 1146 3210 1202 violenter
3238 1161 3297 1202 se
3323 1147 3538 1204 vincere
3559 1148 3801 1205 melioris

2221 1236 2344 1289 vitaa
2390 1236 2689 1291 mutatione
2718 1238 3017 1307 contendit.
3060 1238 3176 1299 Non
3222 1240 3364 1294 enim
3396 1240 3514 1295 sine
3544 1240 3799 1295 violentia

2224 1327 2339 1383 ﬁeri
2368 1338 2571 1399 potest,
2602 1338 2660 1385 ut
2682 1331 2751 1386 de
2773 1331 3101 1395 abundantia
3124 1341 3177 1397 et
3204 1333 3270 1387 de
3296 1333 3494 1388 divitiis
3516 1333 3584 1388 ad
3608 1334 3802 1389 famem

2222 1430 2279 1478 et
2324 1424 2489 1489 sitim,
2519 1424 2583 1477 ad
2633 1425 3015 1481 abstinentiam
3061 1436 3116 1482 et
3161 1441 3377 1482 crucem
3426 1436 3708 1495 transeat;
3748 1435 3807 1481 ut

2223 1527 2414 1568 somno
2445 1514 2592 1583 prius
2617 1524 2775 1587 atque
2803 1514 2913 1569 etio
2940 1516 3164 1570 amicam
3194 1530 3445 1584 carnem;
3472 1518 3807 1579 contritione

2224 1604 2521 1677 vigiliisqiie
2567 1606 2852 1677 conficiat;
2902 1623 3039 1673 non,
3090 1609 3330 1683 inquam,
3385 1608 3501 1664 sine
3547 1610 3806 1669 violentia

2226 1696 2341 1752 ﬁeri
2384 1706 2578 1769 potest,
2610 1706 2665 1752 ut
2712 1701 3081 1775 unusquisque
3130 1701 3459 1767 iracundiam
3511 1704 3800 1779 patientia,

2226 1786 2532 1856 superbiam
2576 1788 2876 1843 humilitate
2907 1801 3224 1856 commutet,
3255 1808 3443 1851 amore
3472 1796 3808 1869 paupertatis

541 1889 797 1952 pmna,et
826 1878 1127 1934 vivificante
1149 1876 1439 1944 sententia,
1461 1876 1626 1930 stabit
1653 1874 1867 1929 saeculis
1897 1872 2123 1928 materia
2152 1870 2201 1931 B
2226 1892 2289 1933 ac
2332 1878 2669 1933 sufficientius
2698 1879 3031 1939 affluentiam
3059 1892 3301 1956 superet,
3333 1883 3690 1942 vinolentiam
3716 1900 3809 1951 so-

544 1971 881 2044 reparabilis,
910 1982 965 2027 et
1016 1985 1303 2037 numquam
1350 1969 1417 2023 ad
1463 1979 1660 2023 metam
1706 1969 1971 2023 malorum
2018 1973 2125 2021 ter-

545 2067 692 2122 mino
723 2063 963 2134 fugiente
993 2063 1303 2132 perveniet;
1334 2069 1389 2117 et
1417 2062 1543 2116 dum
1585 2061 1686 2115 sibi
1736 2062 1936 2115 nullam
1977 2074 2126 2129 spem

544 2158 861 2229 promittere
889 2156 1087 2226 poterit
1114 2157 1198 2211 vel
1238 2165 1357 2225 post
1406 2158 1665 2210 immensa
1718 2165 1983 2225 tempora,
2014 2155 2124 2226 jam

541 2252 704 2307 etiam
752 2251 805 2305 in
859 2250 1113 2320 praesenti
1163 2248 1470 2305 sentientur
1518 2250 1963 2320 consequentium
2011 2261 2126 2304 tor-

542 2356 726 2401 menta
752 2344 1112 2410 szeculorum;
1145 2358 1207 2398 ac
1234 2345 1312 2398 sic
1335 2342 1580 2398 dolorem
1626 2342 1814 2398 mortis
1846 2342 2129 2398 conscien-

542 2436 630 2491 tiae
674 2438 939 2506 impositae
980 2435 1356 2491 immortalitas
1388 2435 1627 2505 augebit.
1664 2435 1753 2489 Va:
1786 2435 1876 2504 qui
1907 2437 2021 2489 bzcc
2048 2434 2128 2488 lu-

540 2528 714 2602 genda
766 2531 819 2584 in
875 2537 1178 2599 posterum,
1233 2526 1455 2581 ridenda
1511 2534 1638 2580 tunc
1689 2526 1981 2595 deputant!
2035 2525 2127 2580 Va

541 2621 736 2692 quibus
763 2620 881 2676 haec
922 2620 1074 2691 prius
1105 2619 1431 2689 experienda
1472 2626 1595 2672 sunt
1623 2632 1783 2688 quam
1814 2616 2083 2671 credenda
2109 2616 2123 2672 ι

539 2711 793 2783 Ideoque,
824 2711 1146 2775 charissimi,
1178 2711 1296 2765 hmo
1327 2710 1505 2765 omnia
1548 2724 1669 2780 quze
1702 2708 1813 2763 illic
1840 2708 1979 2762 ﬁniri
2011 2724 2121 2763 non

545 2814 821 2876 porerunt,
876 2804 961 2858 hic
1010 2801 1206 2858 redimi
1273 2810 1500 2871 possnnt
1550 2816 1645 2871 per
1692 2800 2125 2856 emendationem

538 2897 737 2971 prioris
784 2898 931 2965 vitae,
961 2912 1055 2966 per
1095 2896 1498 2967 eleemosynas,
1538 2908 1638 2964 per
1690 2894 1980 2966 lacrymas,
2030 2907 2127 2963 per

541 2988 898 3045 humilitatem
951 2987 1163 3054 cordis,
1208 3002 1301 3055 per
1348 2985 1593 3055 corporis
1646 2986 1975 3049 castitatem,
2027 3000 2128 3055 per

539 3082 797 3139 exercitia
816 3081 1039 3151 justitim
1068 3096 1130 3136 ac
1156 3079 1561 3134 misericordiae.
1585 3077 1715 3147 Quze
1744 3094 1865 3133 cum
1895 3077 1969 3132 ita
1995 3076 2122 3144 sint,

539 3191 636 3251 per
663 3184 745 3230 tot
775 3190 990 3232 errores
1019 3175 1334 3230 festinamus
1369 3173 1434 3228 ad
1481 3182 1730 3235 mortem,
1758 3173 1849 3243 qui
1890 3180 1968 3227 tot
2008 3170 2124 3227 vias

2227 1969 2475 2037 brietate,
2508 1970 2774 2026 luxuriam
2822 1970 3073 2030 castitate
3122 1976 3487 2053 commendet,
3532 1986 3591 2041 et
3646 1976 3811 2035 homo

2228 2061 2408 2117 subito
2434 2061 2488 2115 in
2522 2063 2693 2117 virum
2723 2064 2948 2118 alterum
3002 2066 3433 2140 transformetur,
3463 2078 3517 2123 et
3543 2068 3811 2146 quodam-

2230 2153 2391 2207 modo
2421 2154 2559 2207 alter
2599 2153 2859 2209 reddatur
2889 2171 2951 2209 ex
2992 2157 3160 2211 altero
3184 2174 3199 2224 ;
3224 2174 3285 2212 ac
3318 2160 3398 2215 sic
3428 2176 3455 2212 a
3487 2159 3690 2217 talibus
3718 2175 3813 2231 per

2235 2244 2551 2299 violentiam
2600 2261 2821 2315 regnum
2869 2247 3092 2302 caeleste
3132 2248 3435 2321 diripiatur.
3485 2252 3604 2307 Duo
3632 2260 3813 2311 autem

2228 2347 2354 2390 sunt
2375 2337 2719 2393 abstinentiae
2742 2345 2797 2393 et
2822 2340 2997 2393 crucis
3023 2355 3220 2413 genera
3254 2359 3266 2395 :
3306 2358 3470 2397 unum
3500 2345 3811 2421 corporale,

2228 2429 2457 2484 alterum
2489 2430 2733 2499 spiritale
2766 2450 2779 2485 :
2811 2449 2975 2488 unum
3001 2448 3029 2486 a
3062 2444 3188 2503 potu
3218 2443 3378 2509 atque
3406 2436 3585 2507 epulis
3610 2447 3814 2508 tempe-

2229 2537 2372 2587 rare,
2397 2526 2695 2593 appetitum
2725 2524 2864 2597 gula:
2910 2540 2941 2580 a
2980 2525 3431 2581 delectationibus
3458 2536 3511 2583 et
3550 2527 3811 2583 mollissi—

2229 2613 2331 2666 mis
2360 2614 2715 2669 suavitatibus
2755 2628 3042 2683 coercere;
3075 2615 3142 2669 ab
3174 2615 3259 2671 bis
3295 2631 3415 2685 qua:
3460 2632 3560 2686 per
3590 2628 3814 2684 tactum,

2229 2719 2325 2774 per
2344 2715 2555 2774 gustum
2589 2706 2871 2775 visumque
2906 2704 3199 2774 decipiunt,
3226 2722 3438 2762 sensum
3472 2707 3708 2762 viriliter
3727 2723 3815 2764 re-

2228 2811 2446 2865 vocare,
2478 2812 2542 2853 ac
2578 2797 2841 2853 violenter
2884 2797 3222 2854 abstrahere.
3254 2799 3497 2854 Alterum
3534 2800 3817 2856 abstinen-

2229 2890 2321 2944 tiae
2366 2899 2423 2943 et
2461 2888 2636 2943 crucis
2674 2902 2845 2963 genus
2899 2900 2982 2945 est
3029 2891 3323 2959 pretiosum
3361 2900 3521 2964 atque
3552 2890 3813 2957 sublime,

2229 2993 2408 3039 motus
2442 2983 2607 3038 animi
2639 2999 2846 3054 regere,
2879 2992 2935 3040 et
2972 2985 3402 3056 perturbationes
3449 2985 3601 3040 illius
3630 2984 3817 3041 mode-

2229 3076 2347 3131 stia:
2402 3076 2792 3146 tranquillitate
2848 3092 3105 3153 peccare,
3158 3093 3222 3135 ac
3260 3077 3529 3150 superbiae
3579 3080 3816 3151 impetus

2230 3169 2381 3241 quasi
2429 3170 2595 3225 feram
2652 3170 2878 3227 bestiam
2920 3170 3221 3237 refrenare,
3274 3171 3527 3241 litigare,
3570 3172 3818 3243 quotidie

543 3243 853 3337 accepimus
888 3266 953 3321 ad
995 3268 1245 3322 salutem.
1275 3265 1378 3320 Per
1425 3264 1607 3320 Jesum
1636 3263 1911 3320 Christum
1944 3263 2128 3317 Domi-
2154 3243 2200 3307 C
2233 3269 2422 3314 contra
2453 3261 2580 3313 vitia
2625 3276 2744 3325 sua,
2777 3261 3060 3330 increpare
3090 3278 3149 3318 se
3178 3262 3405 3332 quadam
3435 3264 3690 3317 censoria
3718 3278 3818 3317 au-

547 3376 675 3416 num
704 3368 969 3426 nostrum,
1003 3358 1094 3432 qui
1122 3375 1243 3414 cum
1270 3358 1428 3414 Patre
1450 3368 1503 3414 et
1524 3358 1729 3430 Spiritu
1755 3367 1943 3414 sancto
1972 3356 2125 3412 vivit.

1133 3493 1419 3551 HOIIILIA
1461 3493 1528 3549 ll.

1120 3608 1203 3662 Ad
1247 3606 1547 3663 monachos.

615 3716 754 3790 Quid
807 3721 1159 3791 salubritatis,
1193 3722 1521 3789 citarissimi,
1567 3721 1730 3776 etiam
1766 3719 1820 3775 in
1867 3719 2126 3791 praesenti

542 3819 825 3874 conferant
855 3828 1055 3873 sanctae
1080 3816 1482 3884 occupationes,
1515 3817 1657 3870 scire
1686 3815 1965 3870 debemus.
1990 3813 2127 3870 Tra-

540 3908 677 3965 didit
723 3924 873 3964 sacra
920 3910 1098 3973 lectio,
1130 3908 1328 3963 munda
1376 3907 1629 3961 animalia
1662 3921 1781 3961 esse
1803 3921 1923 3977 quas
1952 3904 2125 3960 rumi-

541 4010 691 4058 nant.
723 4001 862 4069 Quid
892 4009 1069 4055 autem
1101 4000 1171 4054 sit
1200 3999 1493 4062 ruminare,
1527 4008 1714 4068 aperte
1751 3997 1911 4052 docet
1943 4011 2126 4053 sermo

538 4094 774 4163 divinus,
806 4093 992 4149 dicens
1018 4110 1030 4146 :
1063 4090 1131 4146 In
1175 4094 1282 4164 lege
1313 4089 1526 4145 Domini
1554 4091 1790 4145 voluntas
1817 4094 1952 4165 ejus,
1981 4100 2028 4143 et
2066 4090 2122 4143 in

539 4187 648 4259 lege
668 4188 779 4258 ejus
801 4184 1135 4240 meditabitur
1156 4184 1239 4238 die
1261 4201 1321 4237 ac
1343 4190 1488 4237 nocte
1509 4180 1627 4253 (Ps.
1648 4198 1689 4248 ι,
1714 4183 1795 4252 2);
1814 4193 1867 4235 et
1893 4182 2117 4237 iterum:

540 4276 814 4332 Meditatio
861 4278 1031 4332 cordis
1063 4278 1164 4331 mei
1212 4277 1265 4331 in
1305 4285 1581 4347 conspectu
1630 4285 1717 4330 tuo
1770 4290 1969 4346 semper
1998 4270 2115 4345 (Ps.

541 4384 727 4435 XLVIII,
757 4369 814 4435 ιι)
834 4387 849 4438 ;
873 4370 941 4423 ita
973 4384 1069 4423 nos
1093 4383 1305 4437 quoque
1328 4367 1453 4422 dum
1482 4368 1657 4423 cibum
1686 4368 1873 4422 salutis
1903 4368 2117 4437 spirita-

541 4461 665 4516 liter
695 4462 1052 4526 ruminamus,
1086 4460 1288 4514 clausis
1326 4459 1574 4515 sensibus
1605 4460 1878 4531 improbas
1919 4458 2120 4529 cogita-

543 4553 721 4607 tiones
749 4552 1119 4618 excludimus;
1144 4550 1339 4606 deinde
1368 4551 1458 4606 Dei
1486 4550 1734 4606 laudibus
1762 4551 2115 4616 delectamur,

2230 3354 2478 3409 steritate
2504 3353 2741 3420 virtutis,
2772 3365 2827 3411 et
2859 3356 3034 3411 rixam
3062 3354 3463 3427 quodammodo
3486 3370 3613 3412 cum
3642 3355 3819 3412 homi-

2230 3460 2299 3502 ne
2348 3446 2605 3501 interiore
2662 3460 2976 3503 conserere.
3029 3446 3155 3502 Haec
3209 3447 3336 3501 facit
3382 3446 3502 3517 qui,
3554 3457 3817 3516 perrupto

2228 3538 2537 3609 passionum
2579 3552 2759 3607 muro,
2787 3537 3058 3593 violenter
3099 3538 3167 3593 ad
3195 3538 3454 3594 caelorum
3490 3553 3658 3609 regna
3681 3552 3816 3595 con-

2227 3629 2461 3685 scendit.
2515 3628 2598 3684 Ad
2657 3645 2780 3703 qua;
2832 3644 2931 3685 vos
2972 3629 3271 3700 perducere
3317 3630 3371 3683 in
3421 3644 3520 3684 suo
3568 3628 3816 3684 viventes

2228 3722 2424 3780 timore
2466 3722 2715 3798 dignetur
2750 3724 2843 3794 qui
2889 3733 3077 3795 regnat
3127 3723 3183 3778 in
3229 3722 3426 3787 saecula
3461 3722 3811 3783 acutorum.

2225 3815 2423 3874 Amen.

2819 3883 3105 3942 HOMILIA
3145 3884 3237 3941 lll.

2824 3976 2908 4032 Ad
2918 3979 3226 4033 'monacltos.

2295 4094 2517 4150 instruit
2559 4108 2661 4149 nos
2687 4101 2849 4169 atque
2872 4093 3120 4147 hortatur
3149 4106 3327 4149 sermo
3354 4089 3597 4159 divinus,
3628 4088 3800 4163 quali-

2224 4194 2308 4245 ter
2334 4203 2433 4242 nos
2454 4188 2738 4261 accingere
2767 4186 3060 4241 debeamus
3091 4186 3156 4239 ad
3189 4184 3508 4259 inquirenda
3536 4185 3808 4255 promissa

2225 4294 2344 4345 sua,
2376 4288 2430 4334 et
2475 4279 2767 4334 obtinenda
2808 4279 2895 4332 illa
2926 4277 3065 4334 bona
3116 4293 3236 4347 qua:
3266 4293 3365 4333 nec
3391 4280 3509 4332 visu
3539 4278 3689 4347 capi,
3716 4292 3810 4332 nec

2226 4370 2406 4425 auditu
2444 4372 2671 4440 percipi,
2706 4386 2805 4427 nec
2834 4370 3070 4438 cogitatu
3113 4369 3503 4440 comprehendi
3558 4378 3801 4440 possunt.

2223 4459 2411 4529 Petite,
2446 4463 2634 4533 inquit,
2663 4472 2709 4516 et
2754 4461 3036 4532 accipietis,
3059 4463 3273 4530 quaerite
3306 4470 3352 4516 et
3377 4462 3668 4528 invenietis,
3698 4461 3809 4535 pul-

2222 4562 2333 4606 sate
2360 4563 2405 4605 et
2431 4554 2694 4623 aperietur
2723 4552 2860 4606 vobis
2886 4552 3039 4622 (Luc.
3066 4566 3142 4618 xl,
3165 4554 3251 4622 9);
3284 4552 3333 4606 id
3358 4561 3461 4619 est,
3484 4561 3542 4606 ut
3565 4564 3809 4622 petamus

545 4653 600 4705 et
631 4642 855 4697 interius
889 4655 1130 4698 nostrum
1161 4642 1418 4697 mundum
1460 4642 1659 4697 animal
1687 4642 1803 4697 fieri
1836 4657 1931 4713 per
1962 4658 2119 4697 exer-
2146 4622 2201 4682 Ῑ)
2228 4622 2792 4715 orando,qu:eramus
2822 4643 3148 4710 laborando;
3185 4644 3464 4713 pulsemus
3494 4642 3807 4700 desideran-

542 4734 668 4789 cltia
703 4746 887 4789 sancta
917 4734 1293 4801 sentimus;et
1321 4734 1447 4788 dum
1488 4742 1676 4789 contra
1728 4733 1986 4805 reprobas
2028 4749 2125 4787 vo-

542 4825 779 4880 luntates
822 4827 1076 4880 interiora
1104 4835 1287 4880 nostra
1332 4826 1625 4891 munimus,
1655 4828 1869 4881 animas
1906 4836 2122 4883 nostras

540 4917 675 4971 cibis
705 4914 1014 4971 caelestibus
1055 4919 1332 4979 satiamus.
1357 4924 1416 4970 ut
1445 4926 1499 4972 et
1538 4916 1605 4970 de
1636 4917 1792 4970 nobis
1839 4916 1967 4971 illud
1998 4932 2120 4988 pro-

538 5006 810 5077 pheticum
863 5007 968 5061 dici
1022 5008 1195 5077 possit
1224 5025 1235 5060 :
1272 5006 1469 5061 Panem
1494 5007 1607 5063 caeli
1642 5009 1784 5062 dedit
1810 5009 1899 5077 eis,
1934 5026 2119 5078 panem

536 5103 831 5172 angelorum
874 5098 1200 5153 manducavit
1225 5101 1395 5154 homo.
1421 5100 1584 5155 Panis
1622 5103 1934 5171 angelorum
1958 5101 2111 5155 Chri-

536 5202 652 5247 stus
679 5203 781 5258 est,
806 5193 961 5263 cujus
988 5192 1095 5246 cibi
1128 5202 1180 5247 et
1212 5208 1311 5247 nos
1346 5194 1637 5264 participes
1665 5208 1871 5259 sumus,
1900 5195 2115 5267 quando

537 5292 770 5339 mentem
799 5284 849 5339 in
894 5286 1012 5351 ejus
1059 5285 1344 5354 praeconiis
1374 5299 1723 5356 occupamus.
1748 5288 1889 5343 Ecce
1927 5302 2117 5343 verum

538 5378 739 5444 cibum,
773 5378 858 5445 qui
894 5378 1066 5432 reiicit
1100 5384 1155 5432 et
1184 5392 1291 5430 non
1338 5376 1541 5443 deficit,
1571 5379 1664 5433 sed
1697 5394 1795 5433 usu
1828 5394 1925 5433 suo
1956 5378 2120 5449 proti-

538 5468 632 5534 cit,
657 5481 709 5524 et
732 5471 845 5525 suis
873 5469 1069 5525 crescit
1090 5469 1367 5542 expensis.
1397 5468 1509 5525 Hoc
1531 5484 1669 5540 pane
1696 5472 1972 5526 reficimur
1995 5487 2120 5527 esu-

539 5560 748 5627 riendo,
774 5571 827 5616 et
861 5560 1132 5631 pascimur
1161 5559 1480 5632 jejunando,
1512 5561 1618 5615 vim
1648 5562 1935 5633 quamdam
1973 5561 2120 5618 vitiis

539 5652 741 5705 nostris
771 5662 824 5705 et
850 5651 1134 5706 desideriis
1160 5650 1480 5719 inferentes,
1498 5662 1559 5707 ut
1586 5651 1654 5707 de
1678 5653 1833 5708 nobis
1861 5654 1968 5709 dici
2001 5669 2126 5725 pos-

541 5740 613 5796 sit
636 5759 651 5796 :
676 5742 903 5811 Regnum
928 5743 1171 5797 calorum
1195 5745 1293 5797 vim
1329 5745 1541 5815 patitur,
1569 5754 1614 5797 et
1639 5745 1845 5798 violenti
1867 5745 2128 5817 diripiunt

538 5830 677 5911 istud
695 5832 911 5903 (Matth.
924 5850 1002 5904 xi,
1022 5835 1134 5907 la).
1150 5835 1251 5903 Qui
1268 5838 1378 5893 sint
1394 5836 1644 5909 violenti,
1662 5851 1826 5895 nosse
1841 5836 2132 5896 debemus.

2226 4733 2318 4802 do,
2351 4734 2627 4804 pulsemus
2657 4734 3013 4807 proﬁciendo,
3044 4735 3319 4804 pulsemus
3359 4735 3801 4805 perseverando;

2226 4835 2281 4882 et
2310 4827 2362 4882 in
2401 4842 2555 4896 spem
2584 4828 2889 4884 celestium
2920 4827 3311 4899 promissorum
3344 4835 3496 4882 tanto
3524 4827 3808 4883 incitemur

2221 4920 2421 4988 studio,
2456 4929 2713 4991 tantoque
2740 4919 3147 4975 inardescamus
3173 4918 3394 4984 an‘ectu,
3420 4929 3480 4974 ut
3511 4935 3638 4978 cum
3677 4933 3806 4989 pra:-

2222 5011 2451 5067 miurum
2485 5011 2746 5083 dignitate
2774 5010 3171 5068 desideriorum
3220 5010 3536 5082 magnitudo
3580 5028 3795 5069 concor-

2222 5102 2331 5157 det.
2365 5101 2483 5157 Non
2509 5104 2623 5157 vult
2643 5102 2787 5157 Deus
2819 5111 3003 5158 noster
3030 5101 3166 5156 bona
3190 5116 3285 5155 sua
3304 5100 3469 5156 nimia
3498 5098 3797 5155 inveniendi

2223 5192 2482 5249 facilitate
2512 5194 2805 5262 vilescere;
2838 5196 3071 5265 pretiosa
3102 5204 3156 5250 et
3190 5191 3633 5265 concupiscibilis
3662 5206 3795 5248 mer-

2222 5299 2312 5340 ces
2347 5286 2601 5357 cupidum
2630 5294 2929 5343 amatorem
2963 5293 3019 5342 et
3046 5283 3264 5341 avidum
3291 5284 3682 5356 negotiatorem
3722 5296 3796 5336 re-

2220 5378 2408 5448 quirit.
2952 5376 2959 5377 ⁷

2296 5468 2435 5540 Ergo
2484 5467 2579 5525 ille
2625 5475 2900 5524 tantorum
2943 5482 3231 5524 munerum
3279 5467 3649 5538 repromissor
3693 5478 3788 5520 non

2225 5558 2338 5616 vult
2370 5559 2422 5614 in
2449 5574 2620 5631 opere
2646 5573 2748 5615 suo
2769 5558 3034 5629 tepidum,
3054 5558 3285 5628 despicit
3315 5557 3673 5625 fastidiosum,
3708 5571 3785 5609 re-

2226 5662 2381 5711 cusat
2406 5662 2678 5723 coactum,
2704 5653 2913 5725 respuit
2946 5651 3284 5707 indevotum.
3314 5650 3549 5706 Lentum
3580 5648 3714 5705 enim
3740 5654 3787 5702 et

2228 5761 2417 5819 parum
2448 5758 2657 5817 gratum
2681 5761 2925 5819 quaerere
2962 5745 3189 5814 gratiam
3216 5742 3383 5798 divini
3408 5742 3664 5807 muneris,
3686 5753 3786 5795 ma-

2232 5840 2383 5896 xim:
2407 5849 2495 5897 est
2517 5839 2721 5912 injuria
2744 5838 3199 5897 remuneratoris.
3218 5837 3364 5909 Ergo
3407 5836 3545 5895 totis
3581 5837 3701 5894 licet
3733 5836 3795 5889 et
