4024 6336
250 328 366 391 85⁸1

1711 321 2044 383 ΒΟΜΠᾹΕ.

3417 341 3522 403 858

247 444 448 502 animae
491 451 545 500 et
585 440 830 519 corporis
853 441 1133 498 laboribus
1175 440 1522 508 desudemus,
1555 440 1909 502 totlslicetA
1937 441 2101 497 etiam
2146 440 2204 498 in
2248 443 2501 512 presenti
2542 444 2946 507 damnationem
2995 439 3358 516 inferiefillis
3383 457 3521 527 ipsis

247 536 573 593 obedientiaa
610 535 816 591 viribus
847 549 1220 598 exerceamur,
1253 533 1385 588 nihil
1425 543 1604 587 tamen
1640 533 1830 587 condi-

1935 533 2026 604 qui
2045 535 2261 604 gravius
2290 538 2430 606 apud
2462 554 2562 594 nos
2581 539 2923 611 delinquunt,
2953 543 3155 604 nullam
3194 547 3514 620 tristiorem,

241 644 411 701 gnum
460 628 657 683 merito
701 642 803 698 pro
845 627 1157 683 caelestibus
1187 626 1345 681 bonis
1389 639 1745 695 compensare
1776 634 1831 680 et
1933 627 2134 682 nullam
2180 629 2517 686 acerbiorem
2562 641 2854 702 possumus
2891 636 3134 693 invenire
3165 643 3512 712 sententiam,

241 721 446 779 oﬂerre
475 721 795 776 valebimus.
823 720 942 776 Non
975 722 1155 775 valent
1188 721 1315 773 vitae
1349 719 1636 788 praesentis
1664 718 1829 773 obse-

241 817 372 886 quia
422 824 637 870 aeterna:
681 815 808 869 vitae
847 813 1057 883 gaudiis
1111 812 1475 881 compensari.
1506 811 1829 866 Lassescant

237 908 373 964 licet
423 907 662 963 membra
697 907 911 977 vigiliis,
940 907 1238 974 pallescant
1278 906 1406 960 licet
1448 919 1541 958 ora
1583 902 1824 973 ieiuniis,

237 1013 346 1052 non
374 1007 521 1053 erunt
551 1005 732 1052 tamen
785 997 1057 1066 condignis
1083 997 1344 1068 passiones
1383 994 1544 1066 hujus
1585 994 1826 1063 temporis

235 1092 310 1145 ad
338 1093 565 1162 futuram
607 1093 830 1162 gloriam
874 1107 988 1161 qua:
1026 1089 1332 1144 revelabitur
1372 1089 1424 1141 in
1473 1087 1616 1141 nobis
1641 1085 1821 1158 (Rom.

232 1197 356 1250 vui,
391 1184 506 1256 18).
553 1184 834 1239 Pulsemus
887 1197 1037 1254 ergo,
1081 1182 1411 1248 cbarissimi,
1461 1181 1515 1234 in
1564 1189 1820 1250 quantum

233 1292 549 1349 possumus,
597 1279 719 1349 quia
768 1293 873 1331 non
925 1291 1214 1346 possumus
1243 1284 1504 1346 quantum
1533 1275 1818 1329 debemus.

232 1367 445 1426 Futura
470 1371 744 1426 beatitudo
764 1371 966 1440 acquiri
992 1379 1191 1438 potest,
1209 1369 1463 1424 aestimari
1490 1382 1594 1424 non
1624 1373 1818 1435 potest.

228 1460 346 1518 Nisi
386 1463 530 1519 enim
571 1477 691 1518 cum
723 1462 998 1526 aviditate,
1033 1463 1136 1516 nisi
1176 1475 1296 1516 cum
1346 1461 1487 1514 bona
1515 1459 1815 1523 voluntate,

227 1568 354 1611 cum
385 1557 574 1612 laetitia
601 1556 695 1612 Dei
723 1571 884 1628 opera
918 1557 1211 1626 egerimus,
1245 1556 1356 1610 Deo
1387 1569 1486 1609 nos
1519 1555 1698 1624 perire
1720 1567 1818 1607 no-

225 1649 488 1704 verimus.
542 1649 819 1716 Putamus,
855 1647 1176 1710 cbarissimi,
1219 1647 1360 1716 quod
1408 1647 1568 1715 digne
1611 1653 1817 1715 quaerat

228 1739 326 1794 illa
361 1740 561 1808 anima,
587 1750 640 1795 et
663 1741 732 1795 ita
760 1742 944 1811 pulset
971 1748 1030 1794 ut
1056 1741 1105 1794 ei
1139 1741 1430 1809 aperiatur,
1456 1753 1576 1808 quae
1605 1738 1670 1791 ad
1699 1738 1814 1791 leve

1930 735 2089 791 quam
2119 732 2177 778 ut
2200 739 2230 777 α
2257 739 2488 794 corpore
2513 730 2950 799 congregationis
2983 733 3239 800 abscissi,
3270 734 3390 793 sine
3419 752 3514 806 pa-

1929 828 1994 869 ce
2019 814 2321 871 discedant.
2356 819 2419 872 Et
2465 835 2648 875 nonne
2692 826 2943 880 amentia:
2971 842 3138 895 genus
3167 839 3271 896 est,
3304 839 3364 884 ut
3409 831 3512 888 hoc

1928 907 2154 978 quisque
2184 925 2281 978 pro
2320 912 2561 968 remedio
2592 925 2838 984 expetat,
2865 917 3009 987 quod
3036 920 3200 976 etiam
3231 937 3261 980 ι
3293 938 3507 993 prepo-

1927 1001 2032 1054 sito
2054 999 2208 1073 [non]
2239 1001 2341 1056 nisi
2374 1018 2471 1072 pro
2495 1018 2709 1062 summo
2735 1009 2966 1065 crimine
2993 1027 3099 1069 non
3129 1014 3304 1081 possit
3347 1017 3510 1072 infer-

1926 1089 1973 1144 ri
1991 1091 2408 1162 lflntelligamus
2446 1110 2600 1165 ergo,
2635 1098 2969 1167 cbarissimi,
3005 1102 3131 1158 istas
3157 1105 3506 1175 indignitates

1927 1192 1980 1236 et
2007 1184 2467 1241 contradictiones
2517 1188 2745 1244 inimico
2784 1204 3046 1259 operante
3084 1205 3137 1250 et
3182 1197 3505 1266 disponente

1926 1280 2232 1347 provenire.
2265 1280 2364 1335 ille
2385 1282 2532 1336 enim
2562 1284 2686 1351 quia
2722 1299 2830 1340 non
2865 1297 3040 1354 potest
3068 1288 3299 1359 aliquem
3346 1292 3504 1348 abso-

1921 1369 2032 1426 lute
2071 1371 2138 1426 de
2169 1374 2290 1427 loco
2315 1374 2506 1429 salutis
2545 1384 2824 1444 excutere,
2855 1378 3095 1434 immittit
3136 1383 3363 1449 primum
3410 1400 3503 1441 oc-

1921 1467 2164 1523 casiones
2191 1478 2244 1522 et
2263 1483 2474 1536 causas,
2493 1470 2734 1526 immittit
2765 1472 3140 1530 inobedientite
3169 1476 3495 1545 passionem,

1917 1574 2076 1630 quam
2105 1576 2321 1630 semper
2351 1565 2500 1618 socia
2537 1565 2828 1620 inﬁdelitas
2868 1569 3179 1624 comitatur.
3205 1569 3338 1636 Quae
3371 1583 3496 1626 cum

1916 1656 2181 1720 captivam
2230 1655 2599 1724 illaqueaverit
2644 1667 2900 1725 mentem,
2930 1660 3112 1714 statim
3161 1660 3496 1718 intoleranda

1918 1757 2079 1816 atque
2111 1749 2462 1817 impossibilia
2497 1749 2623 1804 facit
2651 1751 2814 1806 etiam
2849 1751 2939 1805 illa
2969 1768 3089 1821 qua:
3121 1767 3282 1822 parva
3311 1768 3378 1808 ac
3420 1754 3498 1810 ie-

225 1843 564 1902 prazceptum
595 1835 827 1888 senioris
845 1834 1175 1903 respondere
1199 1833 1497 1903 praesumit,
1514 1839 1568 1886 et
1588 1831 1767 1885 dicere
1792 1847 1806 1884 :
1839 1826 1888 1888 B
1913 1837 2001 1890 via
2023 1848 2168 1892 sunt.
2195 1840 2261 1894 Et
2288 1854 2423 1895 sane
2447 1840 2667 1896 dubium
2711 1858 2820 1898 non
2851 1851 2936 1899 est
2959 1843 3103 1912 quod
3124 1845 3268 1900 vires
3297 1845 3488 1900 inobe-

221 1923 496 1996 Numquid
524 1928 669 1982 servi
700 1928 864 1981 vestri
894 1928 1116 1980 sumus?
1140 1927 1253 1981 iam
1287 1927 1393 1982 feci
1417 1927 1584 1982 vicem
1610 1940 1804 1992 meam,

220 2025 275 2073 et
303 2017 400 2072 ille
439 2017 598 2073 faciat
629 2032 780 2074 suam
829 2020 1100 2088 quomodo
1131 2019 1233 2073 hoc
1277 2019 1429 2085 dicit,
1477 2019 1563 2074 cui
1607 2031 1810 2087 prince-

219 2117 373 2179 ptum
403 2120 504 2176 est,
529 2109 704 2164 Nolite
727 2126 955 2180 querere
979 2127 1092 2179 quae
1113 2121 1278 2165 vestra
1305 2112 1463 2164 sunt?
1487 2111 1556 2164 Et
1576 2109 1806 2166 iterum:

220 2199 345 2255 Non
373 2218 487 2271 quae
515 2219 608 2255 sua
632 2213 750 2257 sunt
779 2203 974 2275 singuli
1002 2204 1387 2256 considerantes
1419 2201 1591 2272 (Phil.
1616 2216 1675 2267 li,
1708 2198 1764 2270 ι)
1789 2216 1804 2266 ;

220 2309 250 2349 a
275 2311 385 2366 quo
415 2312 520 2350 non
550 2297 652 2351 hoc
681 2297 856 2351 solum
891 2299 1189 2367 expetitur,
1218 2304 1276 2351 ut
1314 2295 1622 2351 mercedem
1655 2308 1804 2348 suam

217 2389 466 2458 impleat,
501 2389 594 2444 sed
628 2398 684 2442 ut
711 2389 912 2444 alienas
944 2388 1184 2454 invadat,
1214 2394 1578 2457 praeoccupat,
1608 2386 1804 2455 rapiat.

216 2478 503 2545 Putamus,
534 2482 774 2551 inquam,
822 2481 965 2551 quod
1018 2480 1090 2534 ita
1149 2489 1294 2550 petat
1343 2489 1402 2533 ut
1445 2478 1692 2546 accipiat,
1733 2478 1802 2530 ita

214 2582 426 2644 quaarat
457 2583 515 2627 ut
545 2574 805 2639 inveniat,
839 2573 910 2627 ita
952 2572 1129 2642 pulset
1179 2580 1236 2624 ut
1291 2570 1568 2640 aperiatur
1610 2569 1680 2633 ei,
1711 2566 1804 2637 qui

214 2679 310 2735 pro
340 2666 524 2737 aliqua
573 2665 895 2738 negligentia
924 2673 1233 2735 correptus,
1263 2674 1318 2719 et
1358 2677 1458 2732 pro
1503 2661 1802 2731 disciplinae

213 2758 409 2813 ordine
471 2757 784 2828 castigatus,
819 2773 925 2812 non
973 2772 1032 2811 se
1078 2756 1145 2811 ad
1189 2754 1644 2820 emendationem,
1693 2768 1801 2808 non

211 2850 275 2905 ad
319 2851 753 2906 satisfactionem
799 2851 1030 2915 confert,
1071 2851 1168 2905 sed
1199 2849 1368 2918 magis
1398 2849 1465 2903 ad
1497 2849 1641 2902 illam
1677 2863 1802 2917 pro-

211 2947 462 3013 terviam,
504 2957 562 3001 ut
609 2946 782 3014 dicat,
812 2946 1007 3000 desero
1055 2953 1214 3012 atque
1263 2941 1509 3007 discedo,
1545 2942 1647 2996 hoc
1699 2955 1802 3010 ego

210 3040 354 3096 ferre
400 3056 506 3095 non
536 3041 732 3110 patior,
761 3041 1026 3109 ingenuus
1059 3042 1221 3092 homo
1250 3051 1391 3091 sum.
1424 3035 1540 3091 Jam
1565 3035 1798 3106 primum

210 3135 296 3205 qui
323 3144 455 3189 ante
478 3136 825 3205 praepositum
856 3133 944 3188 vel
973 3133 1219 3187 abbatem
1251 3132 1542 3200 ingenuum
1589 3142 1710 3184 csse
1741 3143 1800 3183 se

1914 1929 2185 1985 dientibus
2231 1931 2486 1988 divinitus
2538 1934 2954 1999 subtrahuntur,
2981 1935 3116 1991 sicut
3166 1944 3222 1992 et
3269 1936 3359 1992 ille
3401 1938 3492 2007 qui

1913 2037 2018 2078 non
2065 2023 2295 2079 habebat
2325 2023 2380 2078 in
2428 2039 2487 2079 se
2537 2027 2896 2082 necessariam
2945 2026 3069 2082 ﬁdei
3122 2027 3488 2095 devotionem,

1911 2117 2072 2172 etiam
2106 2117 2249 2186 quod
2298 2117 2530 2172 habebat
2575 2118 2920 2179 auferebatur
2964 2120 3031 2176 ab
3075 2134 3160 2187 eo,
3195 2119 3264 2173 ita
3300 2119 3489 2174 inobe-

1909 2208 2115 2263 dientia
2146 2208 2378 2266 obdurat
2404 2210 2642 2266 animum
2673 2225 2832 2280 quem
2861 2211 3026 2266 semel
3068 2212 3305 2280 ceperit,
3337 2221 3392 2264 ut
3423 2208 3488 2264 ad

1909 2301 2256 2369 suscipienda
2303 2311 2576 2370 praecepta
2616 2317 2716 2357 nec
2755 2304 3094 2368 auctoritate,
3128 2317 3227 2358 nec
3281 2303 3489 2357 ratione

1909 2393 2175 2448 flectatur.
2207 2394 2313 2449 Sed
2359 2393 2504 2463 quod
2543 2397 2835 2464 pessimum
2866 2404 2968 2461 est,
3003 2394 3102 2449 sibi
3144 2396 3246 2450 soli
3277 2394 3486 2462 credat,

1907 2493 1964 2541 et
1993 2501 2090 2555 pro
2119 2486 2267 2540 omni
2314 2486 2530 2542 ratione
2578 2486 2908 2543 intentiones
2955 2501 3083 2542 suas
3120 2499 3400 2555 sequatur,
3434 2495 3491 2542 et

1908 2580 2012 2636 hoc
2041 2581 2218 2637 solum
2250 2591 2460 2636 rectum
2491 2590 2664 2651 putet,
2697 2580 2840 2650 quod
2881 2579 3144 2636 obdurato
3172 2579 3335 2634 corde
3359 2593 3490 2634 con-

1905 2675 2133 2743 ceperit,
2163 2674 2357 2730 similis
2379 2673 2432 2728 ei
2453 2674 2680 2728 effectus
2703 2673 2770 2728 de
2791 2689 2897 2742 quo
2917 2672 3135 2726 divinus
3159 2686 3339 2726 sermo
3362 2687 3486 2740 pro-

1906 2771 2117 2821 nuntiat
2148 2783 2161 2820 :
2195 2765 2395 2819 Itinera
2424 2766 2778 2835 insipientium
2823 2775 2961 2820 recta
2997 2766 3045 2819 in
3087 2774 3362 2833 conspectu
3401 2781 3489 2818 eo-

1905 2874 2022 2911 rum
2051 2857 2238 2926 (Prov.
2267 2873 2385 2923 xvr,
2411 2857 2538 2924 25);
2564 2866 2619 2912 et
2646 2858 2844 2912 iterum
2880 2876 2892 2910 :
2919 2857 3059 2912 Sunt
3089 2858 3182 2911 uia:
3207 2873 3320 2927 qua:
3340 2865 3489 2910 recte

1902 2966 2013 3004 esse
2054 2952 2288 3004 videntur
2317 2950 2627 3016 hominibus,
2659 2949 2934 3004 nouissima
2977 2959 3148 3006 autem
3192 2965 3369 3002 eorum
3397 2964 3485 3004 ve-

1905 3045 2044 3097 nient
2073 3048 2126 3097 iu
2167 3044 2489 3114 profundum
2515 3045 2668 3108 inferi
2699 3042 2886 3113 (Prov.
2919 3059 3032 3111 XIV,
3062 3043 3171 3112 12).
3197 3042 3486 3098 Postremo

1904 3137 2116 3198 eveniet
2139 3135 2414 3204 ejusmodi
2455 3134 2762 3200 animabus,
2787 3133 2930 3203 quod
2956 3133 3141 3190 domui
3173 3149 3294 3203 quae
3324 3149 3485 3204 supra

207 3230 442 3301 iactitat,
473 3237 602 3301 puto
634 3228 774 3299 quod
806 3228 982 3282 adhuc
1013 3235 1253 3295 emptum
1304 3239 1364 3279 se
1401 3237 1522 3278 esse
1569 3223 1794 3278 nesciat.
1825 3207 1871 3272 (ἶ
1906 3243 2127 3283 arenam
2152 3229 2418 3282 aedificata
2449 3237 2532 3283 est
2565 3227 2784 3290 (Matth.
2806 3225 3032 3297 vu,26).
3065 3227 3188 3282 Haec
3209 3227 3353 3282 enim
3389 3242 3483 3296 pa-

208 3322 306 3389 Qui
335 3321 664 3377 Christianae
691 3320 895 3374 militiae
919 3319 1272 3388 mancipatus,
1299 3317 1482 3372 dicere
1507 3331 1567 3370 se
1594 3331 1798 3386 prmsu-

207 3416 302 3470 mit
333 3415 658 3485 ingenuum,
689 3429 825 3484 pene
847 3423 930 3468 est
957 3423 1015 3467 ut
1046 3421 1284 3480 negetse
1310 3410 1510 3466 Christi
1537 3412 1798 3479 sanguine

206 3519 600 3580 comparatum.
630 3508 765 3576 Quid
821 3517 908 3562 est
951 3505 1117 3570 aliud,
1149 3505 1283 3558 liber
1311 3519 1454 3570 sum,
1489 3518 1648 3571 quam
1697 3502 1799 3570 ipsi

209 3602 446 3657 Domino
493 3603 750 3667 clamare,
785 3599 922 3654 nihil
961 3598 1171 3653 debeo?
1211 3596 1286 3650 De
1338 3596 1532 3650 talibus
1582 3595 1798 3649 dicebat

206 3695 501 3762 Apostolus
526 3712 539 3746 :
562 3694 688 3747 Cum
717 3693 852 3746 enim
877 3693 1008 3744 servi
1035 3690 1210 3744 essetis
1238 3687 1612 3751 inobedientiae,
1645 3685 1796 3740 liberi

208 3787 380 3858 fuistis
425 3788 640 3855 justitiw
671 3786 850 3857 (Rom.
902 3799 975 3851 vi,
1009 3782 1124 3852 20).
1181 3781 1295 3836 Non
1346 3782 1484 3837 bene
1530 3781 1797 3851 ingenuus

207 3879 560 3949 approbatur,
593 3879 682 3947 qui
711 3877 964 3931 vitiorum
1009 3875 1270 3930 servitute
1301 3873 1642 3942 deprimitur.
1674 3870 1797 3925 Cla-

207 3981 314 4025 mat
337 3980 524 4024 autem
555 3971 606 4024 in
639 3968 967 4024 contumelia
993 3965 1312 4036 disciplinae,
1349 3966 1400 4018 in
1432 3973 1653 4034 peccato
1683 3965 1795 4018 ani-

205 4077 304 4118 ma:
356 4077 511 4117 sum:
544 4062 685 4117 Malo
740 4061 1016 4115 discedere
1067 4073 1228 4129 quam
1282 4057 1594 4124 emendare,
1633 4070 1794 4125 quam

203 4156 546 4223 satisfacere,
579 4171 736 4226 quam
769 4154 1006 4223 implere
1043 4152 1182 4223 quod
1233 4152 1501 4221 praecipis.
1534 4150 1670 4217 Quid
1713 4158 1795 4203 est

204 4250 302 4307 hoc
358 4251 506 4305 aliud
561 4266 720 4320 quam
745 4249 932 4320 jugum
963 4247 1167 4302 Christi
1209 4261 1238 4300 a
1268 4261 1327 4301 se
1362 4245 1548 4300 rebelli
1582 4245 1795 4299 cervice

204 4345 522 4402 discutere?
550 4344 641 4399 Isti
677 4344 815 4398 tales
856 4342 1106 4397 nesciunt
1149 4339 1276 4409 quid
1314 4346 1605 4402 noverunt,
1640 4335 1794 4390 obliti

205 4449 328 4493 sunt
361 4448 586 4507 propter
610 4436 735 4506 quid
763 4436 870 4490 huc
900 4443 1186 4489 venerunt.
1219 4432 1311 4486 Isti
1351 4433 1486 4485 tales
1517 4443 1623 4484 non
1655 4429 1794 4484 bene

205 4539 418 4600 petunt,
451 4529 546 4584 sed
570 4530 713 4584 male
740 4528 888 4583 vitiis
910 4538 1253 4597 appetuntur.
1281 4525 1394 4579 Non
1419 4525 1524 4580 fide
1552 4523 1788 4594 pulsant,

1901 3322 2086 3375 rabula
2116 3321 2350 3376 maxime
2394 3320 2460 3378 ad
2511 3320 2892 3376 inobedientes
2937 3321 3185 3389 respicit.
3220 3318 3311 3374 Sic
3338 3321 3482 3374 enim

1903 3413 2130 3482 legimus
2161 3432 2173 3468 :
2211 3413 2394 3468 Omnis
2419 3413 2509 3484 qui
2529 3413 2678 3467 audit
2708 3411 2859 3468 verba
2883 3411 3014 3474 lues,
3041 3421 3088 3466 et
3115 3429 3218 3465 non
3248 3413 3375 3482 facit
3401 3428 3482 3476 ea,

1899 3508 2208 3562 similabitur
2262 3508 2372 3562 uiro
2413 3508 2590 3571 stulto,
2626 3507 2713 3577 qui
2755 3506 3032 3574 aedificavit
3081 3507 3290 3559 domum
3336 3522 3486 3560 suam

1898 3615 2059 3668 supra
2101 3616 2312 3654 arenam
2344 3609 2630 3654 :aenerunt
2660 3600 2901 3669 fiumina,
2933 3605 2988 3652 et
3017 3597 3230 3667 reliqua
3260 3593 3484 3668 (Ibid);

1900 3691 1952 3746 id
1993 3700 2096 3756 est,
2133 3706 2255 3747 cum
2305 3690 2623 3746 inﬂuxerint
2671 3688 2953 3744 stillicidia
2995 3691 3331 3760 passionum,
3357 3703 3484 3744 cum

1900 3782 2223 3838 advenerim
2247 3781 2471 3836 litamina
2506 3781 2759 3837 torrentis
2790 3791 2951 3848 atque
2992 3782 3228 3851 impetus
3257 3781 3485 3836 tribula-

1905 3876 2133 3939 tionum,
2164 3888 2231 3929 es
2271 3873 2616 3930 multitudine
2646 3872 3122 3943 negligentiarum,
3154 3887 3278 3928 cum
3315 3871 3497 3927 navem

1897 3967 2004 4022 rint
2032 3968 2199 4032 venti,
2226 3966 2305 4020 illi
2333 3966 2518 4034 utique
2547 3965 2639 4034 qui
2670 3965 2722 4020 in
2745 3978 2870 4026 aere
2896 3964 3002 4021 isto
3030 3963 3275 4030 volitant,
3305 3961 3476 4032 parati

1896 4059 1962 4114 ad
1990 4059 2188 4114 Christi
2227 4073 2409 4113 aream
2443 4057 2832 4123 ventilandam,
2859 4057 3032 4112 sicubi
3076 4056 3355 4112 inveniant
3386 4071 3481 4127 pa-

1896 4150 2030 4217 leas,
2053 4165 2188 4220 quas
2215 4151 2279 4204 ad
2312 4149 2610 4205 ludibrium
2642 4164 2798 4206 suum
2836 4148 3050 4218 rapiant
3077 4156 3240 4218 atque
3271 4146 3470 4218 disper'

1895 4252 2045 4313 gant,
2073 4252 2202 4297 tunc
2231 4243 2437 4298 irruent
2466 4239 2520 4296 in
2562 4239 2784 4296 domum
2831 4238 3004 4304 illam,
3035 4253 3156 4308 quin
3191 4235 3308 4293 sine
3350 4238 3481 4296 obe-

1894 4332 2113 4389 dientia:
2139 4333 2492 4388 fundamento
2519 4330 2780 4384 aedificata
2813 4338 2918 4398 est,
2949 4336 3003 4386 et
3029 4329 3122 4384 lict
3147 4328 3303 4392 ruina
3335 4327 3478 4386 illius

1897 4441 2108 4496 magna.
2139 4424 2245 4481 Sed
2278 4423 2510 4479 forsitan
2548 4424 2692 4477 dicat
2723 4422 2916 4492 aliquis
2947 4439 2961 4474 :
2992 4420 3265 4492 Numquid
3294 4424 3479 4478 statim

1894 4520 1963 4573 de
2019 4518 2123 4571 hoc
2174 4516 2296 4572 loco
2349 4515 2654 4581 discedere,
2698 4513 2852 4568 ruina
2905 4513 3138 4576 dicenda
3180 4513 3298 4570 est?
3327 4513 3480 4580 Dico,

205 4586 295 4679 sed
323 4623 649 4678 infidelitate
687 4621 1142 4692 pulsantur.Quid
1171 4617 1394 4689 prodest
1419 4617 1565 4688 quod
1618 4618 1792 4672 disce-
1819 4586 1872 4647 Ῑ)
1896 4609 2228 4674 cbarissimi,
2262 4623 2367 4662 non
2409 4607 2630 4676 grandis
2675 4620 2801 4676 spes
2827 4614 2933 4670 est,
2966 4606 3009 4662 si
3048 4605 3102 4659 in
3137 4605 3256 4660 navi
3291 4617 3373 4661 est
3426 4605 3482 4662 in

205 4714 306 4781 dis,
337 4717 432 4785 qui
486 4713 724 4785 undique
770 4714 1025 4768 astrictus
1063 4727 1123 4767 es
1172 4709 1401 4766 vinculis
1455 4710 1789 4779 passionum,

205 4824 367 4879 quem
400 4808 526 4864 hinc
547 4817 706 4878 atque
727 4807 852 4861 inde
877 4804 1291 4860 circumvallant
1311 4803 1440 4856 vitia
1465 4803 1598 4857 tua?
1631 4800 1793 4868 Quid,

205 4901 453 4973 inquam,
487 4902 708 4973 prodest
727 4901 868 4972 quod
901 4900 1152 4962 discedis,
1187 4899 1276 4968 qui
1323 4911 1666 4966 quocumque
1713 4895 1792 4948 Io-

206 5006 396 5049 corum
447 4994 618 5058 vadis,
660 5003 714 5050 te
763 5002 938 5049 tecum
977 4991 1193 5062 portasi
1223 4991 1412 5046 Merito
1463 4988 1791 5054 discederes,

205 5086 250 5142 si
271 5103 550 5161 quoquam
580 5099 630 5144 te
661 5088 846 5158 fugere
871 5101 1079 5157 posses.
1104 5086 1272 5154 Digne
1291 5082 1487 5153 aliquis
1514 5081 1787 5145 discessit,

204 5181 247 5235 si
274 5181 370 5237 illo
420 5182 500 5238 ire
531 5182 718 5251 possit,
749 5182 838 5235 ubi
889 5180 1040 5234 illum
1096 5178 1345 5232 diabolus
1391 5175 1636 5230 invenire
1681 5189 1790 5228 non

205 5276 395 5342 possit.
424 5275 596 5331 Nemo
642 5290 702 5330 se
750 5275 918 5340 fallat,
950 5290 1054 5327 non
1103 5272 1266 5339 fugiat
1311 5269 1681 5324 adversarium
1721 5266 1792 5322 de

203 5363 326 5421 loco
351 5367 419 5422 ad
450 5369 649 5432 locum,
680 5367 775 5424 sed
801 5367 867 5421 de
895 5366 1024 5422 vitio
1055 5365 1118 5418 ad
1148 5365 1426 5429 virtutem,
1449 5362 1515 5416 de
1541 5361 1792 5429 passione

205 5458 272 5513 ad
301 5461 758 5516 emendationem.
779 5460 910 5514 Nam
934 5459 976 5514 si
992 5474 1112 5514 eum
1136 5458 1310 5511 taliter
1325 5456 1790 5525 fugias,sequetur

204 5558 280 5606 te.
337 5551 581 5608 Emenda
615 5563 687 5618 te,
720 5562 772 5607 et
819 5552 986 5622 fugiet
1011 5567 1039 5606 a
1072 5559 1146 5615 te,
1174 5550 1316 5603 sicut
1353 5549 1428 5602 ait
1454 5547 1789 5617 Apostolus:

207 5638 448 5698 Rcsistite
476 5643 705 5710 diabolo,
733 5654 778 5698 et
803 5646 959 5716 fugiet
981 5660 1014 5698 a
1040 5643 1180 5698 vobis
1210 5642 1426 5715 (Jacob.
1449 5655 1529 5705 tv,
1562 5637 1638 5706 7).
1672 5639 1790 5693 Non

208 5736 623 5793 obedireautem
656 5748 712 5793 et
737 5740 871 5793 velle
893 5737 1194 5806 discedere,
1227 5737 1327 5791 hoc
1369 5741 1475 5798 est,
1505 5732 1793 5802 dupliciter

208 5827 413 5888 diaboli
439 5834 772 5892 voluntatem
803 5835 980 5890 facere
1015 5853 1026 5887 :
1055 5833 1158 5890 hoc
1207 5843 1311 5902 est,
1344 5829 1652 5886 voluntarie
1687 5825 1792 5883 sibi

1895 4702 2145 4762 ﬂuctibus
2203 4702 2523 4766 constituta,
2549 4699 2676 4762 licet
2723 4699 2838 4770 ipsa
2886 4711 2995 4760 non
3046 4706 3252 4766 pereat,
3305 4707 3479 4758 tamen

1891 4797 2159 4868 jacturam
2193 4796 2482 4850 maximam
2526 4790 2800 4852 de'onere
2829 4807 2893 4852 ac
2931 4791 3000 4848 de
3045 4792 3316 4852 mercibus
3367 4792 3482 4848 suis

1897 4891 2076 4955 iaciat,
2109 4897 2166 4946 et
2191 4890 2308 4958 ipsa
2339 4887 2406 4942 ad
2441 4898 2658 4957 portum
2687 4900 2855 4942 vacua
2892 4895 3054 4955 atque
3088 4886 3261 4942 inanis
3288 4900 3483 4955 perve-

1898 4986 2042 5047 niat;
2068 4984 2147 5038 sic
2185 4999 2294 5037 non
2315 4981 2522 5051 grande
2551 4980 2805 5050 gaudium
2851 4989 2955 5047 est,
2988 4980 3034 5036 si
3072 4978 3258 5034 saeculi
3289 4977 3480 5046 aliquis

1896 5077 1964 5132 ad
2011 5075 2208 5130 ﬂuctus
2245 5083 2524 5130 revertens
2555 5088 2754 5128 nomen
2793 5080 2956 5140 atque
3001 5072 3244 5128 habitum
3277 5069 3481 5139 profes-

1898 5169 2070 5224 sionis
2099 5183 2213 5224 suae
2239 5167 2520 5222 custodire
2550 5165 2823 5232 videatur,
2854 5166 3034 5226 anima
3073 5179 3204 5219 vero
3237 5162 3356 5232 ejus
3385 5176 3485 5216 ne-

1895 5261 2171 5331 gligentiis
2199 5259 2441 5315 tabescat
2472 5271 2536 5312 ac
2564 5256 2763 5312 defluat
2789 5272 2805 5323 ;
2839 5267 2897 5312 et
2918 5255 3046 5325 quid
3082 5253 3300 5325 gravius
3320 5268 3479 5324 quam

1899 5364 1960 5410 ut
2009 5355 2188 5410 subito
2250 5362 2524 5422 tamquam
2569 5351 2685 5406 ales
2728 5352 3040 5421 repentinus
3074 5349 3366 5405 eradiceris
3413 5348 3482 5404 de

1898 5445 2020 5501 loco
2047 5445 2115 5500 ad
2145 5460 2304 5515 quem
2339 5455 2390 5500 te
2432 5444 2690 5498 Dominus
2722 5451 2845 5498 tuus
2875 5448 3182 5505 vocaverat,
3214 5441 3266 5494 in
3293 5454 3400 5508 quo
3429 5447 3481 5493 te

1897 5543 2127 5613 primum
2153 5539 2576 5602 illuminaverat,
2608 5537 2662 5590 in
2693 5549 2853 5605 quem
2885 5542 2939 5588 te
2964 5540 3088 5602 post
3119 5530 3262 5588 mala
3289 5528 3477 5586 saeculi

1895 5633 2049 5704 quasi
2094 5631 2163 5687 ad
2205 5639 2422 5700 portum
2466 5628 2533 5684 de
2577 5630 2724 5698 gravi
2779 5634 3101 5696 tempestate
3149 5622 3479 5680 induxerat?

1896 5726 2153 5783 Oblivisci
2185 5725 2368 5781 subito
2403 5719 2780 5786 fraternitatis,
2815 5717 3098 5776 societatis
3135 5724 3194 5774 et
3229 5713 3482 5769 consola-

1898 5824 2095 5891 tionis;
2118 5821 2369 5878 oblivisci
2401 5818 2506 5875 leci
2534 5817 2679 5874 illius
2705 5817 2763 5872 in
2787 5829 2898 5885 quo
2922 5815 3156 5885 primum
3189 5810 3485 5872 pristinum
