4024 6336
548 339 654 401 859

1529 319 1587 378 8.
1626 310 1951 376 EUCHERII
1989 303 2471 368 LUGDUNENSIS
2508 301 2837 362 EPISCOPI.

3727 298 3828 358 αθ

549 448 792 512 habitum
825 457 881 506 et
908 441 1107 504 nomen
1134 440 1394 499 saeculare
1423 433 1694 493 exueras‘l
1723 433 1866 488 Aves
1895 429 2026 500 ipsae
2060 426 2138 481 di-
2163 427 2213 486 Α
2242 423 2482 478 iterum:
2526 419 2652 475 Non
2698 417 2918 473 verearis
2962 431 3123 487 usque
3169 416 3238 470 ad
3287 421 3505 471 mortem
3544 413 3829 503 jatstiﬁcari

547 546 718 616 ligunt
740 541 897 605 nidos
928 553 1081 605 suos,
1105 542 1289 591 amant
1311 532 1439 587 ferae
1460 529 1579 585 loca
1610 526 1665 582 in
1686 523 1883 597 quibus
1916 518 2136 616 nutrita:

547 609 695 705 sunt,
719 643 902 691 amant
921 628 1126 688 cubilia
1152 636 1207 683 et
1234 638 1467 698 pascua;
1500 630 1555 679 et
1580 616 1878 691 quamlibet
1905 609 2139 670 naturali

549 704 801 787 libertate
846 724 1080 797 passivis
1143 732 1401 792 perversa
1453 712 1739 786 rapiantur
1805 704 2135 769 incursibus,

546 822 744 893 smpius
771 794 949 874 tamen
975 815 1043 871 ad
1063 816 1229 870 chara
1250 810 1354 866 sibi
1385 810 1505 865 loca
1526 806 1758 877 quodam
1790 800 1899 857 cibi
1924 794 2139 854 deside-

546 891 637 971 rio
655 919 1037 976 revertuntur;
1088 916 1145 964 et
1184 916 1240 961 tu
1286 904 1565 960 intellectu
1612 897 1893 971 praeditus,
1926 891 2138 949 ratione

546 1008 805 1073 munitus,
835 1005 909 1063 ita
932 1002 1209 1060 interdum
1231 1015 1394 1057 sensu
1421 997 1630 1054 alienus
1651 992 1903 1055 efﬁceris,
1920 996 1979 1043 ut
2001 999 2139 1054 prae-

546 1102 688 1157 feras
720 1101 819 1157 Dei
848 1096 1130 1155 beneﬁciis
1163 1094 1475 1150 voluntates
1518 1088 1601 1145 vel
1632 1084 1965 1141 intentiones
1994 1090 2134 1143 tuas,

546 1203 601 1249 et
631 1193 879 1263 sequaris
902 1189 1155 1262 proprias
1182 1186 1568 1257 cogitationes,
1602 1194 1724 1250 quae
1746 1173 2046 1246 quamlibet
2071 1170 2136 1225 ad

546 1286 712 1346 duros
741 1285 978 1348 labores,
1004 1280 1301 1352 quamlibet
1329 1277 1395 1330 ad
1426 1273 1621 1331 salutis
1652 1266 1934 1337 naufragia
1975 1271 2139 1333 atque

546 1381 741 1437 animae
770 1378 1102 1434 detrimenta
1130 1385 1183 1431 te
1221 1373 1452 1442 rapiant,
1478 1377 1651 1423 totum
1685 1372 1867 1418 tamen
1899 1359 2002 1415 hoc
2030 1371 2139 1428 prze

546 1473 710 1528 nimia
742 1470 927 1528 cordis
956 1467 1272 1538 indignitate
1303 1478 1409 1518 non
1459 1459 1655 1515 sentis.
1686 1456 1798 1511 Hoc
1840 1453 1915 1508 ait
1955 1464 2139 1507 sermo

547 1563 795 1620 divinus:
827 1562 1097 1631 Tempore
1122 1557 1265 1614 enim
1288 1551 1648 1610 discessionis
1677 1548 1844 1604 multa
1875 1542 2139 1614 promittit

548 1659 838 1723 inimicus;
871 1654 1165 1728 persuadet
1211 1650 1314 1705 sibi
1350 1664 1413 1704 se
1466 1647 1578 1701 illic
1618 1659 1725 1715 quo
1768 1640 1942 1698 tendit
1970 1637 2139 1708 majo-

546 1766 660 1807 rem
706 1748 1037 1820 profectum,
1074 1743 1296 1800 multam
1342 1740 1569 1812 gratiam
1607 1748 1771 1807 atque
1800 1748 1983 1790 rerum
2017 1744 2138 1785 om-

2242 515 2418 589 (Eccl.
2445 528 2599 580 xvm,
2626 512 2747 582 22).
2778 512 2845 567 Et
2888 510 3125 566 iterum:
3156 508 3428 579 Sapientia
3467 509 3522 562 in
3566 508 3714 562 exitu
3752 524 3831 563 ca-

2242 606 2597 682 netur(Prov.
2634 621 2675 673 ι,
2706 604 2825 676 20).
2870 602 3083 671 Quanto
3132 616 3265 673 ergo
3316 602 3437 671 plus
3493 599 3829 671 proﬁcimus,

2243 716 2396 764 tanto
2426 705 2545 777 plus
2594 702 2962 765 humiliemur,
3000 698 3127 769 quia
3167 706 3372 770 quanto
3411 697 3533 767 plus
3562 695 3831 752 humiliati

2241 797 2530 863 fuerimus,
2560 801 2713 850 tanto
2750 792 2867 862 plus
2895 789 3264 862 proﬁciemus.
3292 787 3486 843 Nullus
3509 786 3623 842 illic
3650 785 3833 843 senior

2242 902 2351 948 tam
2383 889 2577 945 doctus
2605 895 2893 959 appareat,
2913 893 2973 941 ut
3001 892 3154 956 putet
3182 884 3327 955 quod
3355 898 3480 939 eum
3500 897 3610 938 non
3641 880 3831 937 deceat

2242 982 2574 1050 obedientia,
2605 996 2727 1052 qua:
2750 980 2921 1037 Deum
2953 978 3157 1035 decuit.
3188 976 3475 1033 Humilitas
3496 975 3639 1031 enim
3670 983 3831 1045 atque

2241 1076 2553 1134 obedientia
2614 1076 2667 1131 in
2707 1073 3015 1146 junioribus
3058 1072 3238 1129 adhuc
3279 1071 3602 1137 necessitas,
3658 1070 3719 1125 in
3754 1083 3832 1125 se-

2242 1170 2486 1226 nioribus
2516 1182 2649 1225 vero
2679 1167 2951 1239 dignitas;
2985 1166 3079 1222 ille
3113 1166 3257 1220 enim
3288 1165 3429 1220 bene
3466 1161 3713 1234 proﬁcit,
3747 1160 3832 1218 ille

2242 1264 2381 1319 bene
2408 1268 2725 1325 consumat,
2746 1261 2839 1331 qui
2870 1257 3113 1330 quotidie
3144 1256 3222 1311 sic
3266 1258 3375 1326 agit
3413 1252 3572 1325 quasi
3614 1265 3832 1322 semper

2241 1354 2482 1425 incipiat.
2512 1353 2877 1422 Quamobrem
2918 1359 3207 1422 augmenta
3264 1349 3582 1403 meritorum
3630 1344 3828 1402 incita-

2242 1456 2423 1503 menta
2459 1444 2658 1501 debent
2686 1458 2808 1499 esse
2842 1441 3201 1513 profectuum.
3231 1440 3515 1510 Scriptura
3544 1454 3682 1495 vero
3712 1453 3832 1509 pro-

2244 1539 2503 1594 nuntians
2532 1537 2601 1593 de
2630 1537 2716 1592 his
2759 1537 2855 1605 qui
2904 1536 3031 1591 dum
3062 1536 3267 1605 primas
3306 1533 3667 1604 negligentias
3692 1545 3831 1602 prse-

2243 1631 2571 1697 termittunt,
2605 1630 2657 1685 in
2689 1628 2821 1684 alias
2867 1640 3032 1699 atque
3071 1628 3209 1684 alias
3259 1640 3480 1697 semper
3524 1627 3831 1689 incurrunt,

2244 1727 2318 1780 ita
2342 1724 2443 1778 ait:
2476 1722 2729 1778 Peccator
2755 1723 2965 1795 adjiciet
2986 1722 3055 1776 ad
3076 1722 3395 1791 peccandum
3418 1718 3592 1791 (Eccl.
3611 1735 3696 1784 ιιι,
3718 1717 3831 1788 29).

548 1811 1120 1899 nium.abundantiam
1144 1843 1513 1907 reperturum,
1543 1845 1608 1887 ac
1632 1845 1694 1887 se
1723 1838 2001 1899 tamquam
2035 1839 2134 1879 an-
2168 1813 2216 1875 B
2243 1817 2319 1874 De
2346 1817 2590 1889 profectu
2618 1832 2750 1872 vero
2777 1816 2977 1871 dicitur
3012 1834 3024 1869 :
3055 1814 3125 1869 Et
3149 1825 3358 1870 sanctus
3387 1812 3558 1867 adhuc
3589 1811 3826 1880 sanctiﬁ-

546 1936 731 2006 gelum
772 1929 1199 2002 suscipiendum.
1245 1928 1309 1983 Et
1351 1934 1475 1998 post
1512 1924 1630 1979 haec
1680 1920 1897 1993 quando
1952 1919 2141 1974 anxie-

548 2036 661 2084 tate
703 2029 966 2098 repletus,
1000 2035 1055 2080 et
1104 2037 1237 2094 pace
1288 2020 1545 2087 nudatus,
1600 2031 1810 2072 memor
1863 2012 2138 2084 quomodo

548 2119 828 2191 profectus
870 2118 953 2173 sui
992 2115 1250 2181 studium,
1277 2125 1331 2169 et
1377 2126 1593 2168 sacrum
1632 2109 1777 2164 ovile
1830 2105 2135 2176 reliquerit,

547 2221 678 2269 tunc
700 2209 1103 2274 animadvertit,
1134 2216 1189 2263 et
1217 2206 1370 2276 quasi
1392 2203 1576 2260 sedata
1604 2200 1869 2271 temporis
1894 2199 1978 2253 sui
2006 2209 2136 2253 temo

548 2314 782 2378 pestate,
818 2314 943 2360 tunc
974 2303 1122 2358 videt
1149 2300 1277 2372 quid
1315 2298 1441 2354 mali
1490 2297 1559 2353 de
1606 2311 1668 2352 se
1716 2293 1969 2366 gesserit,
2012 2301 2141 2347 tunc

548 2399 886 2471 recognoscit
916 2395 1046 2469 quid
1098 2393 1324 2465 periculi
1371 2389 1622 2458 incurrit,
1656 2402 1779 2443 cum
1819 2386 1888 2441 de
1920 2386 2042 2440 loco
2070 2383 2138 2439 ad

549 2508 711 2567 quem
751 2507 873 2546 cum
909 2488 1106 2561 gaudio
1143 2493 1389 2549 venerat,
1420 2488 1537 2540 sine
1579 2496 1709 2554 pace
1743 2491 1947 2537 etcum
1977 2494 2140 2535 scan-

551 2585 679 2640 dalo
707 2582 983 2638 discessit.
1012 2579 1168 2635 Tunc
1190 2592 1249 2633 se
1278 2592 1395 2633 sera
1420 2575 1738 2647 paenitentia
1764 2588 1931 2644 super
1958 2572 2142 2627 ruinas

550 2691 678 2732 suas
710 2675 934 2745 paenitet
958 2687 1020 2728 ac
1060 2669 1244 2727 deﬂet.
1271 2669 1422 2724 Sicut
1455 2666 1699 2737 quaedam
1726 2679 1854 2720 aves
1879 2678 2000 2734 quae
2032 2676 2143 2733 pne

556 2768 749 2822 dolore
778 2779 939 2834 super
970 2776 1066 2818 eos
1093 2775 1231 2833 quos
1259 2759 1558 2816 occiderint
1604 2757 1737 2813 [lere
1771 2756 2067 2820 dicuntur;
2090 2763 2145 2809 et

552 2859 671 2915 haec
693 2857 876 2913 omnia
906 2857 1102 2913 animae
1132 2854 1457 2909 detrimenta
1487 2867 1555 2906 ex
1587 2849 1974 2905 inobedientiae
2003 2848 2145 2902 malo

551 2952 809 3010 eveniunt
842 2968 857 3004 :
887 2947 1206 3005 obedientes
1226 2956 1409 3000 autem
1440 2953 1496 3000 et
1523 2943 1755 2998 humiles
1782 2942 1978 2996 animae
2007 2940 2147 2995 mul-

556 3055 638 3101 tas
670 3042 1072 3108 tribulationes,
1101 3049 1265 3111 atque
1304 3051 1496 3093 omnes
1525 3036 1739 3091 labores
1769 3042 2143 3105 prosternunt,

554 3149 715 3209 atque
753 3136 806 3190 in
843 3133 1219 3205 compendium
1267 3132 1510 3187 mittunt.
1548 3129 1842 3186 Sciendum
1874 3138 1957 3183 est
2000 3128 2145 3183 enim

555 3191 707 3303 quod
727 3238 932 3301 quanto
962 3191 1283 3282 humiliores
1330 3235 1386 3280 et
1429 3223 1834 3279 obedientiores
1860 3221 2143 3289 fuerimus,
2172 3191 2218 3255 (ἶ

561 3334 710 3378 tanto
733 3337 896 3392 super
924 3335 1023 3375 nos
1051 3320 1227 3375 levius
1257 3333 1320 3373 ac
1346 3316 1557 3373 dulcius
1574 3317 1760 3387 jugum
1787 3315 2001 3370 Domini
2024 3328 2150 3369 sen-

560 3416 783 3485 tiemus.-
811 3420 1013 3483 quanto
1041 3410 1446 3465 obedientiores
1474 3407 1737 3464 fuerimus
1766 3408 2074 3478 prapositis
2096 3415 2152 3461 et

560 3507 804 3577 patribus
827 3503 1051 3569 nostris,
1082 3503 1137 3558 in
1166 3510 1375 3557 tantum
1396 3500 1612 3556 obedict
1643 3501 1784 3556 Deus
1813 3498 2150 3555 orationibus

560 3598 785 3655 nostris.
820 3595 1111 3651 Videamus
1150 3610 1311 3666 quam
1357 3594 1711 3665 acceptabilia
1747 3603 1875 3649 sunt
1921 3594 2151 3649 Domino

560 3706 722 3762 opera
750 3699 804 3744 et
832 3685 968 3761 [vel]
994 3686 1198 3757 jejunia
1240 3701 1430 3743 eorum
1476 3687 1565 3757 qui
1610 3688 1723 3742 suis
1766 3688 1943 3755 potius
1988 3701 2149 3756 quam

561 3784 837 3853 seniorum
886 3780 1255 3837 voluntatibus
1302 3779 1695 3849 obsequuntur.
1737 3777 1985 3834 Clamant
2025 3778 2147 3834 illi:

566 3877 741 3945 Quare
760 3874 1142 3947 jejunavimus,
1173 3882 1220 3927 et
1248 3873 1488 3928 nescisti?
1516 3871 1905 3927 humiliauimus
1948 3872 2152 3927 animas

564 3979 788 4034 nostras,
814 3981 863 4023 et
918 3984 1021 4022 non
1072 3966 1354 4038 aspexisti!
1398 3966 1463 4021 Et
1508 3965 1598 4020 ille
1642 3964 1939 4036 respondet
1975 3984 1988 4019 :
2020 3963 2152 4020 Ideo

562 4062 687 4134 quia
722 4062 778 4115 in
822 4059 1000 4114 diebus
1033 4058 1355 4131 jejuniorum
1392 4068 1674 4112 vestrorum
1714 4058 2045 4112 inveniuntur
2063 4072 2155 4111 vo-

566 4158 789 4211 luntates
817 4163 999 4209 vestri:
1024 4149 1181 4222 (Isai.
1206 4166 1352 4216 LVIII,
1382 4150 1460 4221 5).
1510 4149 1767 4206 Videmus
1819 4166 1915 4220 per
1965 4150 2154 4205 inobe-

565 4248 823 4305 dientiam
866 4245 1173 4300 animarum
1201 4258 1366 4312 opera
1412 4258 1519 4297 non
1548 4243 1771 4312 reSpici,
1801 4241 2008 4313 jejunia
2043 4257 2153 4298 non

567 4339 765 4406 audiri,
790 4348 920 4395 vota
950 4351 1061 4392 non
1105 4335 1332 4406 suscipi.
1382 4334 1535 4391 Unde
1581 4350 1683 4391 nos
1732 4336 1967 4406 amplius
2008 4336 2155 4391 illius

568 4431 820 4488 mandata
870 4438 1161 4495 sectemur,
1196 4428 1287 4498 qui
1318 4426 1385 4482 ad
1434 4426 1539 4482 hoc
1567 4427 1633 4481 ad
1662 4443 1762 4483 nos
1812 4442 1843 4483 e
1881 4426 2022 4483 cmlo
2055 4427 2153 4483 de-

568 4522 798 4597 scendit,
825 4532 883 4577 ut
913 4536 1025 4581 non
1055 4521 1230 4575 solum
1269 4533 1368 4574 nos
1406 4518 1700 4575 redimeret
1732 4520 1921 4574 mortis
1953 4520 2153 4590 pretio,

2243 1921 2386 1965 cetur
2408 1911 2594 1984 (Apoc.
2624 1926 2759 1975 χιιι,
2786 1910 2897 1979 H).
2931 1908 3221 1964 Videamus
3263 1907 3498 1976 primum
3546 1903 3681 1975 quid
3730 1915 3830 1968 est,

2242 2015 2478 2076 peccator
2501 2003 2713 2074 adjiciet
2737 2002 2805 2056 ad
2824 1994 3177 2075 peccandum?
3205 2017 3259 2054 v.
3275 2015 3355 2070 g.,
3387 1997 3517 2053 mali
3540 1996 3834 2067 cujuslibet

2242 2105 2335 2152 aut
2364 2095 2777 2152 obtrectationis
2829 2094 3007 2164 passio
3060 2094 3379 2164 impugnare
3425 2105 3511 2146 me
3556 2089 3759 2159 capit;
3791 2090 3830 2143 si

2243 2204 2349 2245 non
2378 2189 2560 2245 statim
2593 2203 2679 2243 me
2708 2186 2985 2257 ptenitudo
3010 2186 3136 2239 vitae
3166 2184 3325 2254 hujus
3355 2181 3676 2248 momordit,
3713 2193 3830 2236 cras

2243 2292 2394 2338 tanta
2424 2281 2556 2336 mihi
2584 2280 2747 2351 hujus
2769 2279 2886 2335 vitii
2908 2277 3149 2333 facilitas
3166 2276 3367 2344 veniet,
3392 2286 3448 2331 et
3477 2273 3731 2345 quaedam
3758 2272 3831 2344 (ut

2243 2378 2324 2434 sic
2350 2373 2608 2445 dixerim)
2638 2372 2897 2439 suavitas,
2924 2379 2985 2426 ut
3010 2384 3270 2425 revocare
3291 2383 3378 2423 me
3404 2368 3471 2421 ab
3501 2366 3598 2421 illo
3627 2375 3684 2420 et
3708 2378 3829 2419 con-

2245 2473 2423 2527 tinere
2466 2485 2573 2525 non
2628 2469 2853 2537 possim.
2885 2464 2962 2520 Ita
3011 2465 3159 2520 enim
3190 2462 3393 2528 evenit,
3423 2472 3483 2515 ut
3524 2460 3617 2528 qui
3660 2459 3830 2528 primo

2245 2574 2491 2634 tempore
2515 2560 2806 2617 emendare
2835 2556 3090 2619 noluerit,
3123 2554 3345 2626 incipiat
3377 2553 3432 2609 in
3457 2551 3710 2622 sequenti
3739 2564 3830 2605 nec

2247 2658 2389 2713 velle
2426 2670 2525 2711 nec
2550 2668 2732 2726 posse.
2756 2650 2925 2708 Verbi
2952 2650 3153 2721 gratia,
3182 2646 3455 2717 superbiae
3486 2645 3830 2713 acquiescere

2246 2752 2412 2821 cmpi,
2440 2748 2679 2819 regulam
2710 2744 2932 2811 violavi,
2968 2743 3244 2799 seniorem
3276 2739 3413 2805 laesi,
3446 2738 3723 2809 juniorem
3746 2734 3832 2791 de-

2246 2844 2437 2902 strusi.
2472 2843 2527 2899 Si
2555 2856 2664 2896 non
2695 2837 2879 2895 statim
2911 2852 2999 2892 me
3023 2834 3276 2905 paenituit
3302 2842 3412 2887 tam
3436 2831 3682 2902 graviter
3707 2828 3831 2883 {uiso

2245 2953 2307 2993 se
2337 2945 2698 3007 praeventum,
2726 2935 2797 2988 ita
2829 2931 2898 2986 de
2938 2929 3027 2985 die
3057 2929 3110 2983 in
3150 2928 3294 2983 diem
3341 2924 3704 2981 libentissime
3756 2936 3832 2977 me

2246 3030 2421 3098 rapiet
2450 3027 2566 3098 ipsa
2594 3022 2856 3080 violentia
2898 3018 3327 3085 consuetudinis,
3355 3027 3414 3073 et
3445 3015 3689 3087 impetus
3721 3030 3832 3086 pas-

2248 3121 2439 3186 sionis,
2474 3131 2534 3174 ut
2576 3117 2689 3188 jam
2732 3131 2833 3172 nec
2877 3114 3198 3184 delinquere
3249 3126 3337 3167 me
3371 3109 3697 3179 intelligam,
3745 3121 3832 3163 nec

2251 3228 2478 3287 peccare
2508 3226 2597 3267 me
2618 3211 2868 3267 sentiam.
2891 3207 3161 3265 Obscurat
3189 3204 3337 3260 enim
3367 3213 3531 3271 atque
3553 3201 3736 3256 obruit
3760 3200 3832 3254 iu-

2250 3308 2530 3363 tellectum
2588 3320 2727 3360 onus
2776 3302 2996 3367 delicti,
3029 3298 3319 3355 assiduitas
3364 3295 3833 3367 delinquendi,et-

2251 3404 2395 3458 enim
2424 3401 2497 3456 ita
2525 3415 2623 3455 cor
2642 3397 2986 3470 negligentiis
3014 3394 3340 3461 obduratur,
3372 3400 3429 3445 ut
3458 3391 3563 3446 hoc
3595 3390 3768 3458 ipsum
3793 3388 3831 3442 si

2252 3510 2312 3550 se
2343 3510 2449 3548 non
2482 3491 2749 3557 humiliet,
2783 3490 2827 3545 si
2858 3504 2965 3544 non
2987 3486 3287 3542 satisfaciat
3316 3485 3605 3554 proposito
3634 3479 3828 3555 [Forte,

2255 3583 2570 3657 prmposito]
2587 3599 2710 3649 suo,
2744 3595 2943 3637 nocere
2970 3594 3030 3635 se
3059 3578 3267 3646 credat,
3293 3577 3516 3647 insuper
3545 3574 3765 3630 insultet
3785 3582 3829 3627 et

2253 3681 2395 3735 dicat
2424 3697 2436 3732 :
2476 3677 2647 3745 Quam
2674 3680 2992 3731 constanter
3018 3671 3099 3727 illi
3139 3671 3342 3737 restiti,
3367 3684 3530 3739 quam
3567 3668 3705 3723 bene
3732 3680 3827 3720 non

2253 3770 2521 3843 acquievi,
2556 3777 2763 3842 quanta
2789 3766 3109 3822 auctoritate
3136 3761 3426 3835 respondi?
3453 3760 3683 3816 Putabat
3702 3757 3827 3826 quod

2255 3881 2342 3921 me
2373 3878 2589 3933 semper
2619 3861 2695 3917 illi
2738 3859 3029 3915 humiliare
3057 3856 3341 3914 deberem.
3373 3853 3530 3923 Quod
3567 3853 3659 3924 qui
3690 3851 3821 3915 facit,

2255 3958 2470 4015 diabolo
2497 3972 2557 4014 se
2586 3955 2873 4012 tradidisse
2898 3952 3172 4023 captivum
3204 3958 3441 4015 constat,
3467 3948 3559 4020 qui
3581 3947 3649 4002 de
3674 3947 3828 4001 homi-

2258 4066 2386 4107 num
2411 4049 2557 4105 vitiis
2585 4058 2640 4104 et
2669 4045 3017 4118 passionibus
3068 4057 3132 4098 ac
3175 4040 3483 4113 perditione
3531 4042 3762 4102 lattatur,
3782 4046 3826 4092 et

2256 4140 2528 4215 ejusmodi
2553 4140 2746 4195 anima:
2773 4138 2989 4194 eveniet
3016 4137 3105 4191 illa
3136 4133 3404 4190 sententia
3433 4151 3446 4187 :
3480 4131 3730 4187 Peccator
3748 4130 3825 4184 ad-

2246 4241 2396 4314 jiciet
2412 4239 2480 4293 ad
2504 4234 3001 4310 peccandum(Eccl.
3029 4249 3107 4297 ιιι,
3134 4230 3250 4304 29).
3280 4233 3453 4299 Quam
3487 4246 3613 4295 nos,
3645 4229 3825 4284 charis-

2258 4332 2406 4398 simi,
2436 4330 2790 4401 refugientes,
2819 4326 2966 4382 illam
3000 4325 3180 4396 potius
3209 4335 3495 4379 teneamus
3525 4337 3647 4394 qua:
3671 4322 3791 4377 dicit
3816 4338 3825 4372 :

2260 4425 2329 4481 Et
2359 4434 2565 4480 sanctus
2594 4421 2765 4476 adhuc
2794 4418 3143 4489 sanctiﬁcatur
3169 4415 3355 4486 (Apoc.
3386 4429 3526 4481 χιιι,
3564 4402 3689 4485 H);
3715 4427 3830 4483 quo-

2262 4519 2393 4575 tidie
2423 4516 2685 4572 addamus
2724 4512 2792 4568 ad
2822 4512 3038 4578 merita,
3068 4525 3169 4566 nec
3199 4509 3268 4565 de
3306 4509 3465 4565 nobis
3491 4508 3695 4580 aliquid
3718 4524 3832 4578 prae-

571 4617 667 4672 sed
713 4617 876 4669 etiam
918 4622 977 4669 ttt
1002 4613 1127 4669 vita!
1166 4610 1465 4667 aediﬁcaret
1496 4611 1775 4680 exemplo;
1807 4621 1861 4665 et
1890 4626 2014 4667 cum
2060 4612 2157 4667 illo
2180 4572 2235 4635 Β
2262 4624 2560 4672 sumamus,
2586 4607 2713 4679 quia
2740 4607 2835 4661 Dei
2864 4615 2947 4661 est
2971 4618 3132 4659 omne
3157 4600 3306 4672 quod
3328 4572 3658 4671 possumus:
3686 4572 3835 4654 simus

571 4711 851 4765 dicamus:
883 4706 999 4780 Ego
1026 4723 1129 4763 non
1153 4707 1266 4762 veni
1295 4707 1467 4777 facere
1498 4706 1811 4758 uoluntatem
1852 4721 2035 4771 meam,
2062 4708 2154 4761 sed

573 4802 888 4855 voluntatem
913 4800 1058 4854 illius
1087 4800 1176 4869 qui
1208 4798 1350 4852 misit
1371 4810 1472 4865 me,
1507 4794 1684 4849 Patris
1712 4793 1893 4867 (Joau.
1926 4811 2002 4861 vt,
2036 4798 2151 4869 38).

574 4891 658 4948 lre
685 4900 866 4947 autem
895 4898 1019 4961 post
1041 4890 1346 4945 voluntates
1378 4889 1626 4958 proprias
1648 4896 1757 4942 tam
1787 4888 2153 4957 perniciosum

575 4993 683 5051 est,
726 4991 782 5038 ut
826 4983 930 5039 hoc
979 4980 1239 5037 Dominus
1281 4981 1395 5050 jatn
1450 4978 1794 5049 postmodum
1836 4980 2007 5035 iratus
2055 4995 2155 5051 pro

576 5072 927 5130 damnatione
975 5072 1181 5142 peccati
1212 5070 1438 5139 irroget,
1468 5069 1659 5126 dicens
1691 5086 1705 5124 :
1740 5069 1807 5124 Et
1836 5071 2010 5126 dimisi
2036 5070 2161 5127 illos

576 5170 857 5224 secundum
903 5165 1155 5221 desideria
1209 5163 1383 5218 cordis
1429 5178 1608 5218 eorum
1649 5160 1769 5235 (Ps.
1822 5179 1986 5229 Lxxx,
2042 5165 2156 5236 i5).

577 5258 940 5323 Quamobrem
972 5255 1060 5326 qui
1088 5255 1199 5307 vult
1224 5261 1340 5308 tuta
1361 5267 1481 5308 esse
1506 5268 1669 5323 opera
1698 5268 1795 5309 sua
1821 5254 1907 5310 vel
1933 5263 2077 5309 recta
2107 5257 2159 5311 in

577 5354 870 5417 conspectu
898 5344 1017 5412 Dei,
1047 5344 1182 5400 nihil
1229 5342 1554 5399 obedientia:
1593 5344 1867 5413 przeferat,
1899 5346 2039 5402 nihil
2068 5362 2161 5415 pe-

581 5442 723 5495 nitus
766 5446 1078 5508 anteponat,
1110 5439 1223 5492 sive
1263 5438 1468 5503 senior,
1498 5438 1613 5493 sive
1648 5439 1832 5509 junior
1872 5441 1964 5495 sit.
1996 5441 2161 5511 Magis

579 5545 781 5607 quanto
805 5532 987 5587 senior
1015 5540 1118 5594 est,
1153 5540 1301 5609 tanto
1339 5531 1461 5600 plus
1486 5531 1649 5587 debet
1674 5534 1896 5589 studere
1920 5533 2161 5589 aedifica-

580 5625 710 5693 tioni
751 5634 807 5679 et
845 5623 1187 5694 perfectioni.
1218 5622 1433 5679 Nullum
1476 5625 1578 5679 sibi
1611 5626 1773 5680 linem
1805 5625 1970 5681 faciat
1998 5627 2164 5697 profi-

579 5715 779 5781 ciendi,
806 5717 1119 5788 nullumque
1160 5720 1451 5773 terminum
1490 5718 1786 5773 constituat
1828 5716 2160 5788 acquirendi,

2274 4708 2456 4776 itaque
2508 4703 2703 4759 fratres
2758 4700 2812 4755 in
2864 4713 3029 4770 opere
3083 4698 3178 4752 Dei
3217 4694 3599 4759 ndetlcientes,
3630 4706 3837 4765 propter

2263 4808 2523 4854 aeternam
2556 4794 2994 4857 retributionem,
3024 4799 3079 4845 et
3104 4787 3346 4861 qu0tidie
3376 4786 3444 4843 ad
3474 4787 3706 4843 meliora
3733 4794 3837 4841 tenv

2262 4893 2477 4947 damus.
2537 4888 2656 4960 Ipsa
2714 4886 2856 4941 enim
2915 4879 3359 4955 apprehendendi
3413 4878 3692 4945 aviditas,
3739 4880 3839 4951 ipsa

2264 4980 2600 5039 consuetudo
2630 4976 2945 5051 proficiendi
2973 4988 3190 5045 semper
3218 4987 3317 5028 nos
3344 4972 3411 5027 ad
3430 4972 3644 5042 majora
3664 4985 3840 5042 provo—

2265 5076 2410 5133 cabit
2428 5094 2441 5128 :
2458 5082 2516 5130 et
2534 5071 2625 5127 ubi
2650 5070 2843 5125 viderit
2857 5069 2998 5123 Deus
3016 5066 3360 5123 devotionem
3387 5064 3561 5120 animi
3584 5062 3841 5120 ardentio-

2266 5182 2403 5234 rem,
2436 5161 2734 5219 insinuabit
2761 5158 3041 5225 allectum;
3071 5165 3127 5213 et
3158 5163 3420 5227 quantum
3450 5170 3555 5211 nos
3586 5155 3841 5211 addideri—

2266 5273 2384 5314 mus
2401 5256 2468 5313 ad
2495 5254 2756 5320 studium,
2775 5261 2979 5307 tantum
3005 5252 3096 5307 ille
3124 5259 3367 5321 apponet
3389 5249 3457 5305 ad
3488 5250 3837 5321 adjutorium;

2265 5359 2521 5423 quantum
2551 5362 2652 5404 nos
2690 5346 3106 5418 apposuerimus
3137 5346 3205 5400 ad
3253 5344 3621 5415 diligentiam,
3650 5351 3841 5398 tantum

2266 5444 2362 5501 ille
2396 5441 2560 5498 addet
2600 5441 2667 5495 ad
2711 5438 2964 5509 gloriam.
2999 5437 3102 5504 Qui
3127 5436 3301 5503 habet,
3330 5437 3541 5490 dabitur
3566 5435 3675 5502 illi,
3694 5442 3744 5489 et
3768 5446 3843 5486 sl.

2266 5533 2641 5608 perabundabit
2670 5529 2886 5604 (Matth.
2934 5544 3050 5595 xm,
3108 5531 3233 5603 £2),
3265 5536 3325 5583 et
3356 5527 3468 5582 alio
3514 5528 3639 5583 loco
3672 5524 3797 5581 dicit
3829 5537 3842 5574 :

2267 5627 2431 5683 Ροεηὶ
2465 5625 2788 5699 adjutorium
2828 5642 2981 5695 super
3011 5632 3265 5693 potentem
3294 5620 3418 5694 (Ps.
3449 5634 3713 5686 uxxvm,
3740 5613 3842 5681 ΞΟ).

2260 5714 2453 5778 Gratia
2480 5735 2611 5790 ergo
2644 5719 2712 5774 de
2742 5716 2912 5787 gratia
2938 5717 3198 5784 nascitur,
3221 5725 3275 5771 et
3300 5714 3583 5785 profectus
3612 5706 3843 5784 profesti-

580 5820 702 5863 cum
734 5807 839 5864 sibi
890 5808 995 5865 dici
1044 5809 1268 5868 audiat:
1304 5809 1445 5866 Pam
1482 5810 1537 5865 in
1579 5810 1722 5867 exitu
1761 5826 1917 5883 opera
1944 5819 2067 5881 tua,-
2112 5821 2167 5870 et
2269 5810 2371 5869 bus
2399 5809 2671 5877 serviunt;
2704 5808 2859 5865 lucra
2889 5807 3074 5876 lucris,
3103 5817 3159 5864 et
3188 5806 3381 5865 merita
3405 5804 3619 5863 meritis
3643 5803 3845 5861 lucrum

2890 5938 2910 5971 ρ
