4024 6336
162 423 250 485 ιιι

1629 407 1961 468 ΙΙΟΜΙΙΛΕ.

165 535 354 614 [Γονιε.
385 533 583 608 locum]
613 533 850 600 faciunt;
877 541 934 588 ut
955 542 1164 605 quanto
1192 533 1314 604 quis
1343 531 1464 601 plus
1491 531 1735 603 acquire-
1762 530 1815 589 Δ
1842 538 2044 584 metum
2075 530 2126 584 in
2149 528 2305 583 nobis
2326 527 2590 582 humanus
2627 523 2816 581 oculus
2837 539 2998 596 quam
3020 523 3236 581 divinus
3253 524 3415 594 vidit;

163 646 216 687 re
232 630 452 697 ruperit
465 669 478 690 ,
497 636 645 681 tanto
669 627 786 694 plus
811 639 966 682 eone:
978 643 1039 680 ur
1051 636 1106 681 et
1128 626 1428 682 delectetur
1443 617 1735 695 inquirere,

164 733 215 779 ut
240 703 618 789 acqttisitionis
635 719 844 773 lucrum
865 720 1179 788 acquirendi
1199 719 1398 773 nutriat
1417 717 1737 788 appetitum.

166 815 227 872 Et
251 826 454 884 quanto
483 815 601 881 quis
631 812 846 867 avidius
875 812 947 866 de
978 812 1259 882 sapientia:
1292 812 1448 866 bonis
1479 811 1738 878 hauserit,

164 916 306 961 tanto
351 905 471 972 plus
521 903 740 957 haurire
777 903 1083 969 desideret,
1116 907 1257 959 sicut
1288 905 1400 973 ipsa
1450 904 1519 958 de
1554 918 1614 957 se
1645 910 1743 959 ba-

167 996 354 1069 pirntiu
388 997 624 1064 laquitor
654 1014 671 1050 :
703 993 807 1060 Qui
835 994 938 1048 edit
971 1011 1070 1058 me,
1103 995 1275 1049 adhuc
1310 995 1516 1049 esuriat.
1541 993 1743 1064 Urgen-

167 1101 280 1143 nttts
314 1090 517 1156 itaque,
544 1087 875 1153 charissitui,
906 1103 1123 1141 cursum
1157 1098 1423 1149 nostrum,
1454 1100 1507 1140 ut
1537 1097 1745 1142 crescat

167 1181 216 1235 in
257 1181 554 1234 novi~simo
587 1181 692 1233 vita
715 1189 922 1234 nostra.
948 1179 1262 1247 Qua-ramus
1284 1196 1452 1250 usque
1476 1180 1527 1234 in
1559 1179 1738 1245 linem,

171 1269 306 1325 unde
346 1271 464 1325 sine
512 1271 618 1325 line
668 1271 906 1340 gaudere
956 1287 1280 1326 mercamur.
1311 1273 1416 1326 Sed
1463 1284 1605 1338 esto,
1637 1286 1743 1326 non

171 1379 450 1435 possumus
505 1379 764 1419 cvercero
820 1366 1067 1432 corporis
1112 1365 1350 1432 labores,
1404 1367 1746 1420 conferamus

171 1471 264 1512 nos
317 1456 386 1508 ad
437 1455 757 1524 spiritalium
802 1456 1066 1512 bonorum
1121 1459 1469 1523 desiderium,
1503 1460 1566 1512 ad
1596 1474 1746 1512 com-

172 1549 483 1620 punctiouis
528 1560 584 1604 et
625 1549 906 1604 t-hatitatis
935 1565 1301 1622 augmentum.
1335 1551 1394 1607 Si
1425 1551 1664 1618 quotidie
1695 1552 1750 1606 in

173 1640 420 1697 cordibus
443 1643 645 1695 nostris
668 1642 1020 1711 disponamus
1044 1657 1319 1706 ascensus,
1349 1645 1492 1697 nulla
1521 1643 1751 1699 infirmi-

175 1741 298 1798 tate,
322 1733 464 1786 nulla
493 1744 651 1788 atate
684 1734 872 1814 lassari
906 1746 1286 1803 possumus,ut
1310 1736 1394 1790 his
1424 1736 1754 1805 spiritalibus

174 1824 494 1894 quibusdam
539 1825 795 1894 gradibus
839 1829 1133 1884 ascendere
1169 1842 1471 1885 mereamur
1511 1828 1580 1884 ad
1631 1843 1754 1900 pro-

175 1915 334 1972 missa
365 1915 576 1972 Domini
604 1917 733 1974 Jcsu
760 1918 981 1974 Christi.

759 2054 1044 2111 HOMILIA
1083 2055 1172 2111 ιν.

749 2171 830 2222 Att
876 2171 1173 2225 monachos.

245 2284 398 2338 Sicut
421 2298 451 2337 a
483 2283 636 2338 nobis
665 2283 920 2339 Dominus
952 2302 1048 2354 pro
1069 2295 1317 2354 suscepta
1342 2285 1505 2341 officii
1535 2284 1762 2340 necessi-

183 2385 283 2432 tate
301 2378 358 2431 lo
374 2379 554 2444 ptentli
572 2379 815 2447 deposcit
840 2379 1099 2441 officium,
1119 2383 1187 2434 ita
1207 2397 1233 2433 a
1249 2381 1420 2444 vobis,
1437 2378 1759 2443 charissimi,

181 2470 431 2526 audiendi
467 2472 695 2540 requirit
737 2472 1011 2526 allectum.
1069 2473 1176 2537 Ita,
1230 2473 1473 2543 inquam,
1510 2471 1764 2526 cbaritati

182 2573 376 2618 vestra:
414 2565 630 2632 expedit
676 2565 761 2620 Itis
800 2582 919 2635 qua:
956 2583 1052 2632 pro
1094 2568 1266 2622 salute
1316 2577 1488 2622 vestra
1536 2567 1765 2621 dicimus

184 2660 425 2721 obedire.
452 2660 590 2715 sicut
619 2660 776 2714 nobis
807 2661 1047 2716 imminet
1071 2678 1174 2716 nou
1205 2673 1404 2716 tacere.
1444 2660 1576 2716 Nam
1599 2663 1644 2715 si
1670 2675 1766 2716 nos

185 2749 445 2805 ollensam
495 2753 782 2806 metuimus
827 2753 895 2807 de
944 2753 1184 2816 silentio,
1238 2763 1440 2823 quattto
1470 2754 1638 2818 magis
1673 2765 1769 2805 vos

185 2844 437 2898 eamdem
468 2843 678 2900 debetis
700 2860 1062 2912 expavescere
1086 2845 1152 2898 de
1193 2845 1544 2914 contemptu?
1577 2844 1655 2912 Si,
1685 2844 1769 2897 in-

186 2952 369 3007 (ιιιιιιι,
389 2938 544 2991 nobis
565 2937 771 3006 grande
785 2935 1082 3007 perieulum
1105 2948 1184 2991 est
1205 2936 1376 2990 aliena
1402 2950 1504 2989 non
1523 2949 1768 3003 arguere,

188 3041 392 3099 quanto
435 3029 792 3099 periculo-ius
836 3041 915 3084 ρει
947 3029 1163 3098 propria
1209 3042 1319 3081 non
1350 3026 1656 3094 corrigere?
1687 3024 1777 3078 Ait

188 3119 423 3188 quodam
476 3119 595 3172 loco
649 3119 840 3174 beatus
870 3120 1161 3187 Apostolus
1195 3135 1208 3170 :
1249 3117 1422 3171 Videte
1465 3115 1777 3170 vocationem

190 3224 446 3275 restrain,
477 3213 664 3281 fratres
714 3213 760 3278 (Ι
791 3211 911 3268 Cor.
943 3227 982 3277 ι,
1013 3212 1511 3282 2ti);quapropler,
1541 3208 1780 3262 dilectis-

1843 621 2060 691 qnando
2089 636 2186 675 nos
2229 621 2304 674 illi
2337 619 2634 674 laudabiles
2666 616 2932 683 erctnitaz,
2963 617 3052 685 qni
3080 625 3230 672 extra
3264 632 3422 671 mun-

1842 714 1970 769 dtttn
2014 727 2134 769 esse
2165 728 2262 767 nos
2287 713 2576 778 credimus,
2612 724 2710 781 per
2735 709 3069 765 diversarum
3111 708 3418 780 passionum

1842 807 1972 861 vitia
2005 806 2260 860 mundum
2289 805 2425 859 intra
2450 819 2548 858 nos
2577 803 2838 858 inclusum
2863 813 3129 867 tenemus,
3158 801 3227 856 ita
3253 801 3420 870 utqui

1845 899 2172 970 putabamus
2224 911 2323 952 nos
2370 895 2617 965 precibus
2666 897 2867 950 nostris
2891 895 3088 951 sreculo
3134 892 3236 964 ipsi
3264 908 3424 964 posse

1846 1006 2194 1057 succurrere,
2233 1006 2370 1060 pene
2400 989 2472 1042 sit
2501 999 2560 1042 ut
2589 988 2867 1043 videamus
2904 1005 3003 1044 nos
3034 991 3205 1060 magis
3239 989 3426 1044 szeculi

1846 1080 2332 1139 intercessionibus
2376 1080 2648 1150 indigere?
2689 1078 2918 1135 Dubium
2966 1081 3164 1153 quippe
3203 1097 3311 1137 non
3343 1092 3426 1136 est

1846 1175 1990 1246 quod
2013 1176 2100 1230 illa
2122 1175 2297 1227 anima
2319 1188 2439 1242 qua:
2457 1188 2553 1241 per
2573 1171 3061 1242 concupi~centiaut
3084 1172 3422 1228 saecularium

1849 1269 2178 1337 voluptatum
2215 1267 2488 1337 possessio
2535 1263 2769 1320 eflieitur
2808 1265 3093 1320 mundana
3134 1281 3424 1322 conversa.

1849 1363 2040 1427 tionis,
2064 1375 2168 1414 non
2194 1370 2368 1430 potest
2398 1357 2542 1414 effici
2573 1372 2796 1429 regnum
2817 1357 3141 1412 Divinitatis.
3171 1358 3424 1428 Ideoque,

1849 1454 2068 1520 fratres,
2092 1455 2272 1509 videte
2298 1453 2634 1508 vocationem
2667 1463 2920 1508 vestram.
2971 1450 3167 1508 Venire
3211 1453 3427 1522 quidem

1851 1549 1919 1604 ad
1948 1564 2210 1610 eretnum,
2241 1562 2448 1601 summa
2480 1545 2736 1614 perfectio
2780 1555 2863 1600 est
2891 1562 2903 1598 :
2935 1544 3028 1600 sed
3057 1560 3163 1598 non
3192 1546 3429 1613 perfecte

1854 1642 1906 1696 in
1934 1657 2121 1696 eremo
2143 1642 2346 1706 vivere,
2376 1653 2582 1693 summa
2607 1637 2877 1692 damnatio
2896 1646 2996 1691 est.
3021 1636 3156 1704 Quid
3188 1635 3428 1705 prodest,

1855 1734 1900 1789 si
1926 1734 2074 1788 locus
2099 1734 2292 1799 quietis
2321 1739 2528 1785 tantum
2570 1732 2920 1798 corporaliter
2956 1737 3235 1796 teneatur,
3278 1729 3432 1783 etin-

1856 1825 2111 1895 quie2udo
2133 1826 2184 1878 in
2211 1822 2375 1878 corde
2408 1820 2880 1889 verseturlQuid,
2905 1821 3156 1891 inquam,
3190 1820 3432 1891 prodest,

1783 1916 1902 1978 Bsi
1935 1917 1987 1971 itt
2035 1916 2362 1972 habitatione
2406 1917 2683 1972 silentium
2725 1915 2814 1982 sit,
2857 1925 2912 1970 et
2959 1915 3012 1970 in
3046 1913 3436 1970 habitatoribus

1859 2010 2112 2065 vitiorum
2175 2011 2435 2064 tumultus
2498 2020 2553 2064 et
2603 2009 2914 2065 colluctatio
2973 2007 3322 2078 passionum?
3390 2006 3436 2062 si

1859 2103 2128 2160 exteriora
2179 2114 2360 2156 nostra
2391 2102 2656 2158 serenitas
2700 2111 2906 2167 teneat,
2931 2111 2985 2156 et
3015 2102 3271 2156 interiora
3300 2109 3440 2156 tent-

1861 2198 2077 2268 pestas?
2106 2197 2220 2252 Non
2250 2198 2395 2252 enim
2423 2198 2542 2252 ideo
2570 2199 2637 2250 ad
2666 2198 2825 2251 istum
2854 2196 3207 2251 convenimus
3236 2195 3440 2258 locum,

1864 2300 1922 2344 ut
1967 2289 2130 2345 nobis
2175 2289 2406 2344 mundus
2461 2289 2834 2353 famulari-tur,
2886 2297 2946 2343 ut
2989 2289 3153 2344 rebus
3195 2288 3443 2343 omnibus

1865 2383 2203 2438 abundantes
2250 2385 2396 2437 onmi
2436 2384 2617 2452 quiete
2662 2385 2993 2438 lt'ueremur:
3029 2398 3134 2438 non
3167 2384 3348 2452 utique
3377 2381 3444 2436 ad

1867 2474 2132 2544 requiem,
2167 2488 2272 2528 non
2320 2473 2386 2527 ad
2416 2474 2787 2540 securitatem,
2837 2474 2930 2527 sed
2958 2473 3024 2528 ad
3079 2488 3311 2543 pugnam
3346 2473 3448 2528 huc

1868 2567 2246 2630 convenimus,
2275 2565 2341 2619 ad
2371 2581 2594 2635 agonem
2623 2565 3006 2634 processimus,
3053 2568 3118 2620 ad
3149 2564 3448 2621 exercenda

1870 2673 1992 2713 cum
2044 2658 2189 2713 vitiis
2235 2658 2378 2713 bella
2417 2657 2829 2726 properavimus
2867 2674 2881 2710 :
2913 2667 2970 2712 ιιι
3006 2656 3200 2726 linguze
3247 2655 3452 2728 gladios

1872 2752 2246 2812 retundamus.
2296 2765 2404 2804 non
2435 2751 2608 2803 solum
2642 2750 2871 2804 invicem
2905 2761 3011 2802 nou
3056 2747 3348 2802 inferamus
3376 2749 3454 2801 in-

1869 2844 2060 2914 jurias,
2089 2842 2184 2896 sed
2216 2856 2316 2896 nec
2345 2841 2641 2896 sentiamus
2669 2841 2870 2896 illatas.
2918 2838 3247 2894 Peculiarius
3276 2849 3456 2892 autem

1877 2936 2018 2990 istud
2044 2935 2107 2989 ad
2137 2934 2526 3004 professionem
2559 2947 2800 2989 nostram
2831 2935 3085 3003 pertinet,
3119 2933 3252 2987 nihil
3285 2934 3335 2987 itt
3359 2933 3458 2988 hac

1878 3031 1985 3083 vita
2016 3029 2403 3084 consolationis
2431 3029 2730 3098 requirere,
2761 3028 2893 3082 ttiltil
2939 3027 3161 3097 quietis.
3190 3026 3299 3084 Nec
3327 3028 3459 3084 reci-

1883 3137 2012 3191 pere
2050 3121 2189 3176 velle
2224 3121 2364 3176 b0oa
2411 3121 2463 3176 in
2489 3121 2594 3176 vita
2625 3136 2743 3186 sua,
2774 3121 2868 3176 sed
2916 3120 3153 3176 honores
3193 3122 3461 3191 refugere,

1886 3213 2224 3283 subjectiotte
2266 3225 2426 3283 atque
2450 3213 2754 3282 abjt-ctione
2781 3213 3021 3284 gaudete
3042 3253 3058 3280 ,
3095 3221 3462 3282 paupertatem

191 3305 308 3358 siuti
329 3348 347 3368 ,
393 3317 446 3358 et
493 3320 594 3359 nos
642 3305 919 3359 videamus
963 3310 1296 3358 vocationem
1352 3313 1612 3356 ttosttatn.
1665 3299 1782 3355 Non
1811 3292 1858 3355 C
1889 3309 2066 3362 studio
2094 3322 2360 3378 qumrcrc,
2393 3316 2448 3360 et
2478 3321 2584 3361 non
2615 3306 2791 3360 solum
2823 3305 3106 3361 facultates
3128 3347 3143 3371 ,
3177 3306 3272 3360 sed
3303 3305 3464 3360 etiam

191 3399 336 3450 enim
376 3399 508 3450 satis
537 3397 749 3466 prodest
784 3400 924 3466 qttod
950 3399 1107 3450 istum
1139 3396 1312 3451 locum
1336 3394 1712 3464 expetivimus,
1735 3393 1780 3445 si

197 3488 280 3544 hic
323 3494 468 3543 ta'es
513 3505 699 3544 sumus
737 3489 924 3558 quales
953 3489 1224 3541 ittsu‘cnlo
1244 3502 1364 3543 esse
1400 3485 1693 3556 potuimus.
1726 3483 1784 3539 Si

195 3580 339 3634 enim
370 3580 507 3634 bene
531 3581 907 3648 νυτειιίοἰιιιιιε,
944 3595 1048 3633 non
1078 3581 1254 3632 solum
1289 3579 1388 3632 is‘ta
1428 3577 1662 3632 Solitttdo
1689 3589 1787 3630 nos

197 3672 258 3724 ad
286 3674 643 3738 lu-rfeetioms
676 3674 1052 3726 necessitatem
1071 3712 1085 3734 ,
1117 3671 1211 3726 sed
1235 3672 1397 3725 etiam
1428 3672 1541 3739 ipsa
1565 3681 1790 3736 congre-

197 3765 436 3830 ganonis
468 3764 751 3817 multitudo
779 3780 876 3819 nos
900 3764 1242 3832 constringit.
1261 3763 1393 3816 Nunt
1421 3762 1560 3816 sicut
1584 3759 1788 3831 pretio-

199 3869 314 3906 sum
338 3865 505 3923 atque
545 3860 879 3926 praecipuum
912 3867 994 3910 est
1031 3858 1084 3909 in
1122 3856 1299 3909 medio
1341 3857 1630 3908 multorum
1657 3856 1792 3908 bene

199 3961 364 4008 agt-tt:
385 3987 399 4008 ,
440 3946 702 4012 plurimos
731 3947 797 4000 ad
840 3945 1136 4014 ptolectum
1173 3948 1421 4016 exemplo
1451 3946 1578 3999 boni
1610 3944 1794 4014 operis

203 4038 482 4101 excitare;
509 4038 578 4091 ita
611 4039 970 4107 ιιριίυιιιωιιιιι
996 4049 1156 4107 atque
1183 4036 1543 4108 perniciosum
1592 4045 1676 4090 est
1701 4051 1796 4090 ne-

204 4131 508 4201 ghgentius
553 4150 613 4186 ae
644 4133 877 4201 tepidius
901 4134 1110 4203 agendo
1149 4134 1434 4187 multorum
1465 4133 1622 4190 fidem
1651 4131 1799 4187 fran-

203 4239 368 4289 gere,
423 4228 825 4295 ntultortttttque
859 4227 1065 4280 animas
1113 4226 1429 4296 depravare.
1477 4226 1667 4292 Sicut,
1717 4226 1800 4280 in.

206 4334 372 4381 quam
412 4357 426 4374 .
472 4317 802 4371 frthlllOsltlll
847 4329 928 4372 est
964 4319 1015 4371 itt
1046 4319 1226 4372 medio
1254 4328 1522 4371 tantorum
1566 4316 1800 4386 positum

210 4407 572 4475 probabiliter
607 4411 824 4474 vivere;
848 4409 917 4462 ita
941 4410 1301 4479 perieulosum
1333 4419 1415 4464 est
1444 4408 1645 4477 aliquid
1673 4407 1800 4462 des-

209 4502 506 4556 trttctionis
531 4506 724 4570 egi-se.
749 4502 861 4558 Hoc
886 4517 1069 4557 autem
1098 4519 1263 4572 quare
1284 4502 1439 4556 dico?
1487 4503 1605 4572 quia
1639 4501 1802 4571 (quod

209 4594 374 4662 pejus
418 4595 522 4664 e~t)
570 4594 779 4648 facilius
809 4593 1115 4648 invenimus
1149 4594 1238 4663 qui
1271 4610 1332 4646 ea
1363 4608 1497 4663 qua:
1533 4593 1806 4648 deteriora

1891 3400 2035 3465 ipsas
2083 3398 2407 3468 cupiditates
2444 3413 2475 3453 e
2521 3396 2779 3452 cordibus
2807 3395 3116 3463 eradicare,
3169 3397 3468 3452 nihdenim

1891 3491 2090 3545 habere
2111 3490 2380 3545 interdum
2409 3505 2494 3543 res
2523 3488 2863 3544 necessitatis
2886 3497 2969 3543 est
2998 3504 3012 3541 :
3054 3489 3186 3542 nihil
3220 3503 3351 3543 vero
3377 3502 3470 3543 cu-

1891 3599 2040 3655 pere,
2085 3599 2173 3638 res
2202 3583 2437 3638 virtutis:
2470 3591 2526 3637 et
2565 3581 2689 3636 ideo
2719 3582 2860 3638 hunc
2886 3581 2987 3637 sibi
3018 3580 3327 3651 specialiter
3355 3595 3471 3638 mo-

1893 3676 2020 3731 dum
2069 3674 2352 3744 religiosus
2381 3673 2544 3729 debet
2591 3675 2897 3742 impOnere,
2946 3683 3003 3728 ιιι
3029 3681 3238 3726 tantum
3279 3671 3474 3728 habeat

1896 3779 2152 3838 quantum
2201 3765 2499 3822 necessitas
2546 3765 2738 3833 poscit,
2772 3780 2880 3819 non
2917 3775 3177 3835 quantum
3211 3764 3476 3834 cupiditas

1897 3861 2253 3932 concupiscit.
2302 3858 2543 3914 Ilabeudi
2584 3859 2726 3914 enim
2759 3873 2936 3921 amor,
2980 3858 3082 3913 nisi
3114 3858 3179 3914 ad
3209 3858 3474 3926 integrum

1898 3966 2199 4016 resecetur,
2228 3949 2503 4005 ardentior
2519 3959 2603 4004 est
2625 3950 2676 4003 in
2709 3949 2910 4019 parvis,
2941 3957 2993 4003 et
3017 3948 3138 4018 plus
3165 3958 3480 4019 torquentur

1901 4047 1955 4100 itt
2003 4042 2281 4099 minimis:
2310 4052 2364 4097 et
2403 4042 2506 4096 nisi
2546 4057 2610 4096 ex
2648 4041 2812 4097 corde
2848 4050 3011 4111 atque
3043 4039 3238 4096 alfsctu
3277 4056 3482 4112 pauper

1903 4138 2000 4203 sis,
2033 4145 2316 4206 paupertas
2346 4135 2458 4204 ipsa
2483 4149 2588 4189 non
2609 4134 2802 4199 virtus,
2835 4133 2930 4189 sed
2957 4135 3173 4189 miseria
3191 4133 3483 4203 judicauda

1905 4236 2008 4283 est.
2040 4226 2362 4283 Noverimus
2411 4228 2612 4296 itaque,
2673 4225 2896 4292 fratres,
2947 4226 3078 4282 ttiltil
3129 4227 3406 4296 prodesse,
3439 4228 3484 4283 si

1905 4335 2124 4376 carnem
2169 4329 2404 4373 nostram
2458 4317 2680 4387 jejuniis
2727 4332 2791 4373 ac
2847 4317 3040 4387 vigiliis
3082 4318 3401 4388 allligamns,
3432 4329 3487 4374 et

1908 4422 2146 4467 mentem
2178 4419 2414 4466 nostram
2441 4425 2546 4464 non
2572 4410 2941 4479 emendemus,
2971 4420 3195 4481 antqua:
3227 4412 3486 4468 interiora

1907 4513 2032 4562 sunt
2056 4517 2161 4558 non
2187 4517 2462 4556 curemus.
2485 4501 2624 4570 Qttid
2649 4502 2792 4557 enim
2818 4502 3037 4573 prodest
3061 4501 3280 4558 afﬂictio
3296 4517 3490 4574 corpo-

1910 4599 2074 4663 ralis,
2121 4596 2165 4650 si
2197 4597 2431 4666 linguam
2472 4596 2727 4666 nequitiis
2756 4607 2812 4652 et
2857 4597 3340 4653 obtrectationibus
3377 4599 3492 4668 pol~

209 4701 365 4754 sunt,
400 4704 559 4757 quam
577 4688 954 4758 qtt.t2ltteli0ra,
978 4698 1287 4751 sectentur;
1313 4701 1532 4755 ptontor
1553 4689 1697 4740 enim
1724 4695 1809 4741 est
1834 4673 1888 4735 Ι)
1916 4687 2157 4743 luamus?
2204 4687 2394 4742 Nonne
2435 4701 2626 4743 omnes
2671 4688 2889 4744 labores
2935 4690 3106 4745 nostri
3163 4689 3217 4745 itt
3262 4690 3492 4747 ttibilttm

209 4781 276 4835 ad
310 4781 672 4836 imitationem
709 4783 835 4836 ntali
880 4781 1111 4835 humana
1158 4780 1438 4852 fragilitas.
1468 4782 1807 4851 Quapropter

211 4891 322 4928 ttott
368 4873 528 4927 nobis
557 4873 807 4926 sutfleere
852 4874 1176 4940 credamus,
1232 4872 1373 4942 quod
1422 4886 1523 4926 nos
1569 4872 1622 4926 itt
1671 4873 1808 4925 hanc

209 4967 465 5022 scholam
498 4965 772 5019 cernimus
801 4975 1153 5034 congregatos
1175 5003 1190 5026 ,
1219 4965 1320 5016 nisi
1349 4964 1490 5032 quod
1519 4963 1810 5017 vehemen-

211 5061 324 5114 tius
353 5060 410 5110 itt
441 5057 594 5112 nobis
625 5056 978 5127 negligentias
1007 5069 1218 5109 nostras
1249 5053 1486 5125 professa
1529 5069 1612 5123 pet
1629 5055 1806 5121 lectio,

208 5168 384 5219 quant
444 5166 541 5206 nec
597 5160 870 5220 assumpta
931 5148 1272 5203 condemnat.
1329 5149 1460 5215 Quia
1515 5147 1810 5203 secundum

209 5242 519 5309 Scriptura
566 5240 749 5304 fidem,
795 5240 888 5310 qui
929 5240 1156 5294 multum
1202 5244 1554 5308 promittunt,
1588 5241 1812 5294 multum

208 5346 452 5386 necesse
483 5341 565 5386 cst
601 5346 652 5384 ttt
679 5342 955 5400 repe;atur
1005 5335 1072 5384 ab
1097 5334 1197 5386 eis.
1223 5330 1268 5385 Ο
1314 5334 1530 5400 quantis
1554 5330 1812 5398 proderit,

207 5435 262 5476 et
291 5432 474 5493 quant
495 5437 522 5477 s
542 5439 574 5477 e
599 5423 871 5477 contratio
898 5424 1068 5477 oberit
1097 5422 1196 5476 loci
1229 5423 1387 5489 hujus
1415 5426 1824 5493 opportunitas,

203 5526 262 5569 et
296 5530 562 5583 ροηδε-ηπ
603 5513 952 5568 habitationis
1000 5516 1240 5568 occasio!
1293 5515 1404 5568 Non
1455 5531 1486 5570 e
1511 5517 1598 5570 .ittt
1633 5520 1686 5571 in
1715 5518 1818 5574 hoc

205 5607 342 5662 loco
379 5607 597 5668 visiSse,
626 5607 718 5661 sed
751 5612 799 5660 itt
826 5608 926 5662 hoc
949 5608 1066 5661 loco
1090 5608 1226 5662 bene
1255 5609 1458 5678 egisse,
1485 5609 1809 5665 laudandum

201 5713 318 5758 est.
374 5701 508 5757 Nam
560 5706 687 5774 quid
729 5705 884 5758 bonis
930 5703 1272 5758 Irtbitationis
1323 5703 1481 5772 hujus
1539 5717 1810 5760 secretum

203 5793 471 5864 prodest,
507 5798 722 5866 quando
773 5795 1054 5868 tyrannico
1085 5796 1361 5851 dominatu
1395 5797 1598 5850 malitia
1633 5799 1684 5851 itt
1717 5816 1814 5853 no-
1859 5804 1861 5806 ’

200 5884 298 5944 bis
327 5897 548 5956 regnat,
569 5892 784 5958 quando
805 5890 881 5943 ira
905 5891 1292 5959 superequitat,
1314 5888 1528 5960 quando
1549 5890 1809 5960 majorem

594 5977 862 6040 Ριτιιοι..
911 5979 981 6039 L.
1199 5970 1216 5992 ’

1914 4781 2263 4850 rediguntur?
2292 4781 2480 4836 Nonne
2505 4795 2644 4848 opus
2669 4790 2910 4836 nostrum
2947 4781 3093 4836 velut
3123 4781 3300 4838 fumus
3333 4794 3495 4854 atque

1915 4877 2103 4928 umbra
2145 4873 2438 4936 evaneSt-it,
2484 4881 2539 4927 et
2561 4872 2704 4926 velut
2744 4881 2950 4942 stuppae
2976 4871 3154 4930 favilla
3183 4875 3236 4929 in
3266 4875 3493 4930 nihilum

1915 4964 2208 5035 redigitur?
2236 4962 2280 5018 Ο
2312 4962 2498 5031 quanti
2524 4973 2577 5018 et
2606 4979 2769 5034 quam
2795 4963 3033 5021 diuturni
3078 4966 3290 5021 labores
3317 4966 3496 5020 subito

1916 5071 2142 5132 pereunt
2169 5059 2182 5112 l
2213 5058 2420 5126 Quanta
2467 5059 2603 5112 bona
2639 5056 2948 5128 frequenter
2983 5059 3093 5126 jam
3140 5059 3398 5130 acquisita
3433 5074 3502 5113 ac

1918 5153 2151 5223 reposita
2175 5151 2243 5205 de
2273 5166 2434 5204 manu
2469 5151 2770 5221 rapiuntur,
2799 5150 2926 5204 dum
2959 5150 3009 5205 id
3041 5152 3182 5220 quod
3215 5151 3498 5222 acquirere

1919 5247 2218 5305 studemus.
2253 5242 2526 5299 custodire
2568 5244 2918 5316 negligimus!
2964 5242 3302 5310 Quapropter
3330 5245 3499 5313 gratis

1919 5341 2075 5396 nobis
2105 5340 2172 5394 de
2219 5353 2381 5394 cruce
2425 5347 2478 5393 et
2507 5338 2749 5407 corporis
2779 5336 3071 5392 afflictione
3098 5334 3419 5400 blandintur,
3454 5338 3498 5388 si

1921 5432 2160 5487 exterior
2206 5443 2392 5486 noSter
2437 5429 2641 5485 sanctis
2691 5429 2962 5484 laboribus
3005 5436 3326 5492 exercetur,
3372 5437 3423 5482 et
3471 5443 3499 5478 a

1923 5524 2260 5595 paSslnllibIIS
2286 5539 2392 5577 non
2424 5531 2646 5578 curatur
2675 5522 2902 5578 interior
2921 5538 2949 5594 ⁹ε
2988 5520 3071 5575 sic
3115 5531 3200 5576 est
3226 5524 3502 5590 quomodo

1921 5616 1968 5670 si
2008 5616 2198 5686 aliquis
2243 5624 2473 5668 statuam
2522 5614 2680 5668 faciat
2716 5629 2746 5667 a
2786 5612 2917 5666 loris
2954 5626 3211 5680 auream,
3253 5613 3321 5668 ab
3357 5614 3500 5667 intus

1923 5708 2152 5772 luteam;
2186 5708 2270 5762 vel
2306 5707 2575 5778 quomodo
2602 5707 2644 5760 si
2675 5706 2866 5759 domus
2911 5703 3198 5774 magnifica
3225 5713 3341 5760 arte
3365 5719 3499 5760 con-

1920 5809 2124 5854 structa
2151 5813 2180 5851 a
2216 5799 2345 5852 lotis
2376 5797 2750 5866 pulcherrimis
2779 5794 3050 5849 coloribus
3076 5795 3286 5865 depicta
3318 5797 3500 5851 videa-

1919 5902 2043 5958 tur,
2083 5892 2232 5946 etab
2264 5891 2404 5946 intus
2447 5886 2783 5959 serpentibus
2826 5896 2882 5941 et
2927 5886 3307 5959 scorpionibus
3347 5889 3502 5962 plena

2969 5987 3039 6026 ..Γ

2974 6035 3004 6071 ’4
