4024 6336
455 365 558 420 8ιί3

459 572 592 628 nihil
621 571 831 640 prolicit
859 584 952 623 cor
974 565 1164 624 tuum?
1197 563 1361 618 Valde
1379 563 1514 617 dura
1537 569 1595 616 et
1621 559 1778 616 nimis
1805 558 2038 614 dolenda

459 664 699 720 conditio
721 671 823 729 est,
850 659 996 714 omni
1020 657 1318 713 intentione
1343 654 1580 710 studium
1609 652 1808 708 laboris
1832 652 2041 721 impen-

459 761 587 815 dere
608 796 626 825 ,
678 763 734 812 et
763 755 992 810 fructum
1023 767 1136 808 non
1176 751 1420 822 recipere
1447 756 1570 820 post
1599 749 1870 813 laborem;
1899 746 2043 815 jeju-

463 864 592 905 narc
629 859 692 902 et
732 848 976 918 vigilare,
1023 852 1081 900 et
1127 858 1305 900 mores
1330 857 1447 899 non
1491 841 1919 912 corrigerezsic
1956 849 2044 894 est

463 939 733 1008 quomodo
770 937 816 992 si
855 937 1049 1007 aliquis
1091 944 1239 991 extra
1286 935 1498 988 vineam
1528 940 1622 988 aut
1652 932 1798 987 circa
1832 933 2041 986 vineam

465 1033 730 1102 exstirpet
756 1038 811 1085 et
825 1029 1000 1093 .colat,
1023 1029 1236 1082 vineam
1268 1025 1437 1096 ipsam
1471 1024 1740 1081 desertam
1777 1034 1938 1092 atque
1962 1021 2045 1076 in-

1439 355 1496 410 S.
1540 349 1865 408 EUCHERII
1905 345 2387 404 LUGDUNENSIS
2427 346 2732 402 EPISCOI‘I

455 483 545 536 sit.
565 463 711 547 Quid
744 477 961 548 prodest
987 474 1128 544 quod
1155 472 1350 541 afﬂigis
1381 485 1579 540 corpus
1611 479 1759 524 tuum
1777 509 1795 537 ,
1818 467 2033 538 quando
2058 472 2112 528 Α

3624 342 3734 422 8“.

2735 461 3015 517 llOMlLIA
3064 462 3130 516 V.

2735 557 2816 612 Ad
2843 559 3140 613 monac/tos.

2213 656 2428 711 Scimus
2441 651 2668 724 quidem
2707 651 2934 719 spiritali
2966 649 3174 705 militiae
3199 649 3289 704 cui
3322 663 3421 706 nos
3458 647 3740 720 mancipa-

2143 747 2338 812 vimus,
2370 760 2622 816 magnam
2655 757 2775 799 esse
2801 743 2856 798 in
2887 741 3128 797 futurum
3161 743 3456 813 repositam
3485 756 3740 797 remune-

2143 841 2424 897 rationem.
2461 838 2569 895 Sed
2591 839 2634 892 si
2663 837 2801 892 bene
2826 835 3180 906 respiciamus
3204 836 3256 890 in
3289 835 3395 891 hoc
3423 835 3542 904 ipso
3572 849 3746 904 apere

2145 935 2287 1006 quod
2319 948 2540 1004 agamus
2563 929 2751 1006 [Forte
2782 928 3036 1001 agimus],
3067 928 3465 1000 quodammodo
3495 929 3655 986 etiam
3687 926 3744 982 in

2148 1029 2560 1100 praesentiarum
2613 1033 2819 1096 partem
2857 1024 3065 1094 praemii
3100 1020 3469 1092 possidemus;
3501 1029 3557 1076 et
3587 1020 3749 1091 plane

2149 1138 2376 1194 magnus
2420 1123 2547 1176 vita:
2596 1119 2807 1175 fructus
2848 1126 2952 1184 est,
3001 1117 3259 1172 saeculum
3290 1117 3528 1188 potuisse
3557 1111 3750 1185 despi-

2124 1214 2293 1280 'cere,
2325 1221 2379 1270 et
2405 1213 2517 1269 Deo
2544 1214 2748 1267 servire
2766 1211 3030 1279 cmpisse;
3059 1210 3298 1264 evasisse
3321 1210 3574 1263 vitiorum
3604 1205 3748 1261 infe-

473 1307 714 1381 proferre
760 1306 1042 1375 potuisset.
1087 1305 1384 1374 Agnoscite
1430 1305 1646 1372 itaque,
1697 1301 2003 1360 charissimi
2031 1342 2046 1367 ,

2176 1308 2468 1363 icissimum
2519 1305 2882 1372 dominatum,
2923 1312 2977 1359 et
3001 1302 3200 1372 fugisse
3229 1301 3366 1381 gula:
3395 1311 3554 1369 atque
3584 1301 3751 1354 luxu-

472 1375 613 1468 δηθά
664 1398 733 1455 λά
777 1397 1004 1454 3313mm
1053 1405 1361 1466 perpetuam
1409 1394 1830 1464 COI'QUirendam
1877 1394 2048 1449 abiti-
2151 1401 2250 1456 ria:
2287 1399 2640 1456 fmdissimam
2663 1399 3008 1454 servitutem.
3040 1395 3177 1463 Quid
3208 1375 3370 1465 ergo?
3417 1393 3610 1448 Nonne
3635 1391 3751 1462 jam

474 1491 654 1545 nentia
696 1487 1000 1558 corporalis
1041 1488 1156 1542 sola
1197 1502 1301 1542 non
1349 1485 1577 1551 sufﬁcit,
1622 1486 1722 1541 nisi
1757 1495 1814 1542 et
1855 1487 2051 1542 animm

2176 1509 2344 1564 nagna
2375 1508 2502 1564 pars
2552 1491 2755 1560 praemii
2786 1498 2868 1545 est
2907 1489 3041 1544 nihil
3070 1488 3268 1542 habere
3306 1500 3593 1542 commune
3623 1499 3752 1539 cum

476 1597 688 1654 quoque
725 1581 986 1650 jejunium
1033 1594 1130 1649 per
1174 1579 1555 1634 abstinentiam
1601 1578 1848 1633 vitiorum
1877 1577 2054 1634 fuerit
2154 1585 2375 1647 mundo,
2407 1599 2666 1639 vanarum
2694 1597 2874 1637 rerum
2900 1579 3402 1651 cupiditatibusnon
3421 1576 3752 1641 excruciari,

478 1675 726 1728 satiatum
776 1669 958 1746 [Forte
1006 1667 1313 1742 sociatum].
1355 1670 1494 1739 Quid
1535 1671 1676 1725 enim
1703 1670 1873 1740 juvnt,
1915 1669 2055 1726 sisit

2176 1677 2457 1734 sceleribus
2507 1693 2615 1731 non
2665 1675 2994 1738 admisceri,
3045 1683 3097 1728 et
3143 1673 3198 1728 in
3249 1670 3567 1727 innocentia
3604 1669 3753 1726 diem

476 1766 740 1837 quispiam
783 1777 1010 1833 corpore
1054 1772 1256 1825 castus,
1278 1775 1342 1818 .et
1370 1774 1551 1817 mente
1583 1761 1853 1830 pollutus?
1882 1761 2052 1827 Quem

2176 1773 2478 1842 .ransigere,
2528 1771 2697 1824 beatae
2744 1768 2974 1822 castitati
3022 1781 3241 1837 Operam
3291 1765 3458 1834 dare,
3500 1763 3756 1844 gloriosae

472 1123 671 1178 cultam
721 1121 1088 1188 derelinquat,
1119 1128 1180 1174 ut
1192 1119 1387 1188 rspinas
1408 1133 1470 1174 ac
1497 1117 1725 1172 tribulos
1748 1116 2042 1185 germinet,

470 1231 610 1287 quae,
638 1215 920 1270 insistente
939 1214 1166 1281 cultore,
1197 1212 1622 1281 iucundissimos
1649 1226 1719 1266 ex
1752 1225 1813 1266 se
1837 1210 2046 1266 fruetus

478 1859 678 1914 malitia
704 1859 983 1926 ἀεννεινει.
1015 1871 1175 1925 quem
1198 1855 1346 1909 “"0"
1370 1853 1662 1909 iracundia"
1691 1855 1898 1910 mihi“
1925 1868 2053 1908 θη·
2082 1861 2130 1921 Β
2159 1866 2492 1936 paupertatis
2523 1863 2905 1936 sufﬁcientiam
2936 1877 3058 1915 cum
3095 1861 3287 1914 timore
3335 1858 3546 1912 Domini
3580 1855 3728 1925 possi

477 1951 636 2020 gitat,
663 1964 818 2018 quem
849 1947 1099 2018 superbia
1125 1948 1268 2002 omni
1307 1947 1478 2018 gratia
1516 1946 1607 2001 Dei
1636 1947 1862 2015 spoliat,
1894 1962 2053 2015 quem

477 2041 774 2096 mendaciis
800 2039 884 2094 vel
917 2037 1422 2108 maledictis-lingua
1451 2039 1841 2104 commaculet,
1876 2053 2056 2095 nonne

477 2134 592 2202 ipse
613 2147 677 2188 se
698 2131 860 2196 fallit,
893 2145 1072 2186 nonne
1095 2131 1208 2199 ipse
1233 2145 1294 2185 se
1322 2130 1513 2184 irridet
1537 2143 1604 2185 ac
1625 2129 1847 2199 decipit,
1872 2131 1917 2185 si
1937 2146 2058 2186 cre-

476 2223 706 2280 datsolis
721 2223 939 2292 jejuniis
956 2236 1017 2276 ac
1031 2223 1230 2292 vigiliis
1251 2221 1724 2277 aauctificandum?
1743 2223 1810 2277 Et
1830 2221 2053 2285 idcirco.

478 2319 834 2383 dilectissimi,
869 2317 941 2372 ita
959 2331 1155 2384 corpus
1181 2330 1530 2372 exerceamus
1556 2316 1794 2385 iejuniis,
1822 2326 1880 2370 ut
1908 2331 2060 2371 inen-

479 2420 586 2466 tem
635 2424 921 2480 purgemus
963 2423 991 2461 a
1025 2407 1188 2468 vitiis.
1221 2407 1532 2478 Cogitemus
1564 2409 1708 2462 illius
1730 2407 1929 2476 judicia
1973 2409 2057 2462 in-

480 2511 755 2558 cessanter
800 2502 1107 2560 adventum,
1139 2500 1231 2570 qni
1262 2501 1467 2555 utinam
1495 2500 1576 2554 sic
1604 2514 1703 2554 nos
1729 2510 1944 2568 paratos
1972 2500 2058 2554 in-

480 2594 683 2658 veniat,
713 2593 981 2664 quomodo
1011 2607 1170 2650 nemo
1203 2600 1379 2660 potest
1401 2591 1651 2647 dubitare
1671 2591 1824 2661 .quod
1860 2593 2060 2647 veniat.

482 2686 636 2756 Quod
681 2686 726 2742 si
759 2686 1001 2753 requiras
1033 2684 1304 2755 quomodo
1341 2684 1561 2739 veniat?
1602 2683 1694 2738 illo
1727 2685 1914 2750 utique
1942 2697 2064 2737 cor-

483 2795 615 2850 pore
643 2779 782 2847 quod
807 2794 903 2848 pro
944 2789 1129 2834 nostra
1153 2777 1330 2836 salute
1356 2787 1694 2845 susceptum,
1728 2791 1826 2846 pro
1855 2775 2059 2832 nostris

483 2870 797 2928 criminibus
821 2869 1116 2936 addictum,
1141 2885 1238 2937 pro
1265 2879 1450 2924 nostra
1477 2869 1814 2924 absolutione
1843 2869 2066 2922 damna-

484 2975 594 3021 tum
641 2973 696 3020 et
723 2979 820 3034 pro
868 2973 1178 3026 nostrorum
1231 2963 1513 3019 vulnerum
1558 2962 1825 3018 medicina
1879 2963 2065 3016 lancea

483 3058 756 3127 clavisque
794 3056 1065 3112 conﬁxum
1095 3065 1198 3114 est.
1227 3056 1406 3112 Prima
1441 3057 1594 3112 enim
1623 3057 1730 3111 erit
1755 3056 1809 3109 in
1833 3069 1956 3110 reos
1986 3056 2068 3109 in-

486 3151 768 3210 toleranda
789 3152 1058 3210 sententia
1088 3150 1510 3214 reverendarum
1540 3150 1825 3220 praesemia
1850 3147 2067 3204 cicatri-

2158 1925 2329 2014 dere?
2362 1957 2429 2013 de
2469 1972 2572 2026 qua
2611 1925 2848 2025 loquitur
2878 1952 3192 2024 Sapientia:
3223 1948 3413 2006 Melior
3450 1959 3524 2003 est
3564 1950 3758 2018 exigua

2159 2051 2324 2121 portio
2349 2065 2464 2102 cum
2490 2048 2668 2101 timore
2699 2046 2927 2108 Domini,
2961 2060 3114 2114 quam
3155 2042 3388 2098 thesauri
3426 2041 3607 2112 magni
3635 2040 3752 2094 sine

2158 2143 2358 2196 timore.
2402 2140 2763 2209 Intelligamns
2795 2140 2970 2212 itaque
3001 2148 3260 2207 quantum
3293 2133 3446 2188 nobis
3480 2133 3750 2186 Dominus

2163 2234 2245 2302 pia
2290 2232 2575 2287 vocatione
2605 2230 2918 2298 contulerit,
2967 2239 3341 2290 numeremus,
3373 2226 3416 2280 si
3440 2235 3757 2298 possumus,

2161 2340 2229 2381 ex
2278 2324 2368 2379 illo
2423 2333 2664 2391 tempore
2708 2337 2775 2375 cx
2834 2335 2938 2389 quo
2981 2319 3069 2374 hic
3113 2315 3428 2373 conservari
3471 2315 3759 2378 videntur,

2162 2425 2361 2486 quanta
2408 2413 2836 2471 lucrifecerimns
2885 2429 2897 2464 ι
2953 2411 3021 2466 de
3068 2409 3286 2480 quantis
3328 2405 3645 2470 fraudibus,
3692 2403 3762 2460 de

2162 2511 2380 2582 quantis
2401 2505 2703 2574 adulteriis,
2732 2505 2956 2575 rapinis,
2984 2503 3268 2572 perjuriis,
3299 2500 3598 2569 sacrilegiis
3625 2498 3760 2554 libe-

2163 2603 2267 2659 rati
2310 2601 2516 2657 simus:
2552 2609 2606 2654 et
2658 2611 2785 2653 tunc
2827 2597 3126 2651 videbimus
3172 2603 3426 2664 quantum
3480 2593 3642 2648 etiam
3694 2591 3764 2647 de

2167 2692 2522 2762 praesentibus
2543 2689 2824 2745 beneficiis
2848 2688 3078 2742 Domino
3105 2687 3422 2741 debeamus.
3449 2685 3506 2741 Si
3539 2699 3683 2738 nunc
3707 2683 3762 2738 in

2167 2786 2370 2842 saeculo
2395 2798 2663 2851 essemus,
2692 2783 2819 2854 quid
2848 2782 2993 2836 aliud
3023 2796 3305 2852 ageremus
3327 2796 3485 2850 quam
3513 2779 3764 2834 volvere.

2167 2895 2288 2934 mnr
2316 2877 2371 2934 in
2401 2877 2556 2933 malis
2588 2876 2812 2942 nostris,
2845 2887 2900 2930 et
2943 2873 3152 2928 animas
3183 2882 3394 2927 nostras
3423 2871 3760 2942 qnoridianis

2169 2970 2502 3024 violaremus
2542 2966 2804 3034 maculis,
2848 2965 3176 3035 quotidianis
3205 2964 3622 3042 confoderemur
3650 2963 3766 3018 vul-

2169 3061 2431 3118 ueribus?
2470 3069 2526 3117 et
2557 3062 2651 3121 ita,
2699 3071 2758 3113 ut
2803 3074 2904 3114 nec
2928 3060 3272 3114 sentiremus.
3300 3057 3472 3112 Habet
3492 3057 3636 3113 enim
3661 3056 3767 3111 hoc

2171 3152 2357 3208 infelix
2403 3150 2748 3207 consuetudo
2807 3149 3094 3221 peccandi,
3129 3159 3188 3204 ut
3230 3158 3487 3220 quantum
3535 3148 3769 3218 amplius

487 3258 630 3300 cum.
662 3243 799 3310 Quid
830 3243 988 3313 igitur
1018 3243 1111 3299 illo
1139 3253 1382 3311 tempore
1401 3244 1596 3298 facturi
1615 3257 1824 3308 sumus,
1852 3240 2067 3311 quando
2093 3245 2143 3308 C
2174 3248 2400 3316 quisque
2451 3244 2776 3315 peccaverit,
2801 3254 2952 3298 tanto
2980 3244 3155 3297 minus
3206 3254 3423 3313 peccata
3459 3243 3577 3314 ipsa
3610 3243 3769 3297 intel-

489 3345 678 3390 contra
724 3334 845 3390 illos
899 3332 1144 3392 cuuciﬁxi
1169 3335 1382 3390 Domini
1411 3334 1607 3388 livores
1646 3342 1785 3387 notae
1825 3343 2076 3401 peccato-

490 3441 610 3482 rum
643 3433 950 3490 nostrorum
989 3439 1053 3480 ac
1099 3425 1326 3480 maculae
1370 3424 1652 3479 libidinum
1684 3423 2072 3493 proferentur?

493 3520 601 3571 Aut
628 3530 738 3585 quo
761 3524 922 3584 putas
950 3515 1101 3578 vultu
1127 3515 1382 3586 respiciet
1411 3515 1713 3585 redemptio
1744 3524 1926 3570 nostra
1952 3531 2074 3584 per-

492 3609 752 3670 ditionem
776 3608 1044 3666 nostram?
1069 3607 1242 3665 Tanto
1261 3609 1514 3678 graviora
1539 3619 1700 3663 erunt
1727 3609 1959 3664 humana
1981 3609 2077 3665 de-

489 3703 640 3770 licta,
669 3712 871 3772 quanto
887 3701 1089 3772 maiora
1108 3717 1170 3758 se
1185 3702 1546 3760 ostenderunt
1569 3701 1754 3756 divina
1779 3702 2070 3758 beneﬁcia.

495 3795 802 3862 verendum
841 3806 921 3852 est
948 3805 1124 3858 autem
1172 3811 1240 3851 ne
1267 3796 1411 3850 illam
1443 3809 1628 3850 vocem
1651 3795 2078 3851 resurrectionis

496 3890 730 3958 pretiosa
754 3890 928 3946 crucis
952 3887 1174 3958 vestigia
1195 3896 1580 3958 protestantem
1602 3929 1616 3953 ,
1661 3887 1827 3944 etiam
1857 3888 1911 3943 in
1935 3887 2080 3959 judi-

498 3983 582 4037 cio
612 3997 711 4038 suo
736 3981 804 4037 ad
834 3995 959 4036 vasa
983 3981 1277 4051 iniquitatis
1306 3983 1618 4050 prolaturus
1645 3989 1808 4052 atque
1837 3981 2080 4036 dicturus

497 4075 606 4132 sit:
639 4074 784 4145 lnfer
825 4076 1045 4146 digitum
1083 4083 1229 4130 tuum
1257 4074 1380 4142 huc,
1425 4083 1472 4129 et
1499 4075 1614 4129 vide
1642 4091 1827 4128 manus
1842 4090 2002 4141 meas,
2031 4077 2084 4130 ἐι

499 4166 630 4233 afer
659 4183 870 4230 manum
898 4175 1062 4234 tum,
1101 4167 1396 4224 amitte-in
1413 4166 1556 4224 latus
1581 4183 1747 4224 meum
1777 4165 1960 4240 (Joan.
1979 4182 2080 4234 xx,

500 4257 616 4326 27),
643 4267 697 4313 et
723 4272 956 4327 agnosce
980 4273 1096 4326 qua
1116 4272 1220 4329 pro
1241 4265 1370 4313 teet
1395 4273 1424 4312 a
1455 4267 1530 4327 te,
1553 4257 1802 4328 impietas
1824 4259 2080 4328 humana,

499 4348 836 4418 pertulerim.
870 4347 962 4404 Illa
993 4348 1174 4418 utique
1203 4350 1479 4405 clarorum
1517 4351 1670 4420 signa
1693 4349 1850 4405 bonis
1881 4349 2083 4404 saluta-

503 4441 605 4506 ria,
635 4441 789 4496 malis
807 4441 1092 4505 terribilia,
1123 4457 1242 4511 qua:
1272 4457 1443 4511 usque
1470 4442 1537 4496 ad
1590 4441 1734 4498 diem
1767 4442 1948 4512 iudicii
1977 4455 2084 4496 non

504 4532 756 4604 delentur
775 4575 793 4602 ,
823 4535 938 4596 sine
976 4535 1141 4593 dubio
1167 4535 1472 4604 obiicienda
1519 4545 1842 4603 servantur;
1874 4546 1928 4592 et
1958 4536 2086 4605 quid

2176 3339 2329 3410 ligat,
2354 3346 2411 3395 et
2431 3347 2581 3394 tanto
2613 3337 2728 3406 plus
2758 3353 2878 3392 eum
2909 3354 3136 3408 peccare
3165 3337 3396 3394 delectet
3425 3356 3439 3392 :
3473 3348 3531 3392 ut
3551 3337 3770 3392 eveniat

2177 3431 2334 3497 illud,
2376 3431 2520 3501 quod
2562 3430 2826 3502 propheta
2873 3430 3249 3500 peccatoribus
3277 3431 3510 3485 clamat:
3547 3428 3672 3483 Non
3699 3438 3771 3494 est

2181 3525 2322 3580 Deus
2364 3523 2550 3596 [Forte
2579 3520 2853 3595 Dominus]
2890 3525 2944 3577 in
2991 3534 3263 3596 conspectu
3291 3526 3422 3598 ejus,
3463 3522 3770 3592 auferuntur

2171 3617 2477 3690 judiciatua
2504 3615 2686 3680 afaeie
2701 3616 2861 3684 ipsius
2891 3612 3008 3686 (Ps.
3032 3630 3107 3682 lx,
3129 3614 3262 3686 26);
3297 3617 3499 3670 etenim
3552 3613 3769 3686 quando

2181 3710 2423 3778 subrepit
2477 3707 2735 3776 peccandi
2777 3707 3104 3772 delectatio,
3155 3710 3334 3762 statim
3377 3707 3542 3762 futuri
3585 3705 3770 3776 iudicii

2179 3800 2320 3857 diem
2362 3800 2644 3856 abscondit
2698 3800 2921 3856 oblivio.
2968 3799 3288 3854 Econtrario
3347 3809 3529 3853 autem
3571 3805 3768 3868 quanto

2182 3894 2409 3964 quisque
2432 3893 2714 3950 sollicitior
2741 3893 2883 3948 circa
2909 3907 2969 3947 se
2997 3891 3181 3958 fuerit,
3216 3902 3366 3946 tanto
3409 3891 3530 3962 plus
3559 3891 3766 3960 metuit,

2182 3991 2322 4044 sicut
2367 3989 2441 4043 ait
2473 3987 2750 4056 Scriptura
2776 4004 2792 4041 :
2818 3987 3039 4055 Sapiens
3070 3986 3292 4040 timendo
3323 3986 3552 4040 declinat
3580 4002 3614 4038 a
3640 3983 3768 4046 malo

2185 4078 2355 4150 (Eccl.
2381 4095 2418 4148 ι,
2447 4081 2562 4150 16).
2603 4079 2837 4150 Sapiens
2866 4094 2994 4150 ergo
3018 4093 3233 4147 semper
3274 4078 3323 4132 in
3356 4076 3770 4146 compunctione

2183 4183 2238 4229 et
2259 4187 2473 4244 semper
2514 4173 2566 4226 in
2597 4181 2741 4228 metu
2782 4181 2865 4228 est
2892 4190 2904 4224 :
2931 4181 3004 4238 et,
3028 4181 3084 4226 ut
3113 4173 3178 4226 de
3209 4171 3498 4240 praeteritis
3541 4169 3770 4238 suspirat

2187 4268 2362 4331 malis,
2398 4269 2469 4321 ita
2499 4267 2566 4322 de
2612 4266 2804 4321 futuris
2845 4266 3097 4336 periculis
3139 4263 3384 4338 pervigili
3416 4261 3768 4318 sollicitudine

2189 4359 2582 4422 contremiscit,
2605 4358 2694 4428 qui
2719 4359 2785 4413 de
2816 4359 3104 4427 prmteritis
3133 4358 3321 4411 anxius
3351 4367 3456 4422 est,
3508 4356 3564 4411 id
3594 4369 3768 4422 secum

2188 4451 2385 4521 cogitat
2409 4465 2471 4504 ac
2493 4450 2748 4516 revolvit,
2774 4465 2841 4504 ne
2872 4449 3011 4504 forte
3043 4463 3230 4518 parum
3267 4447 3555 4504 deﬂeverit
3585 4457 3766 4516 prate-

2189 4543 2325 4608 rita;
2360 4557 2427 4596 ne
2456 4540 2592 4596 forte
2617 4541 2850 4595 nondum
2882 4541 3203 4597 satisfecerit
3232 4555 3328 4610 pro
3358 4541 3657 4596 innumeris
3686 4538 3767 4596 όθα

504 4636 628 4699 post
652 4629 767 4684 bac
789 4629 1053 4700 sequitur,
1079 4628 1184 4685 nisi
1209 4629 1341 4684 illud
1366 4630 1744 4699 interpositum
1773 4631 1916 4684 inter
1935 4631 2086 4684 vivos
2117 4636 2166 4697 D
2194 4633 2318 4687 bitis
2347 4633 2488 4698 suis;
2522 4648 2590 4688 ne
2613 4633 2750 4688 forte
2775 4635 2946 4702 magis
2971 4634 3036 4688 ad
3060 4643 3274 4688 veteres
3297 4633 3615 4704 iniquitates
3644 4645 3766 4685 nova

505 4733 571 4776 ac
621 4730 862 4780 mortuos
899 4721 1373 4794 expavescendum
1415 4722 1603 4790 chaos,
1635 4729 1948 4791 vastumque
1971 4721 2086 4776 dis-

504 4811 712 4871 crimen
749 4814 986 4870 exclusat
1033 4830 1065 4870 a
1110 4824 1299 4870 natura
1335 4815 1628 4870 viventium
1670 4813 1909 4869 tenebrae
1937 4822 2088 4870 exte-

507 4903 702 4972 riores,
753 4905 887 4962 dura
911 4907 1182 4976 separatio
1210 4921 1242 4962 a
1262 4906 1408 4962 dulci
1453 4907 1648 4961 intuitu
1671 4916 2002 4972 sanctorum,
2031 4915 2090 4963 et

513 5010 545 5050 a
577 4995 843 5054 societate
867 4996 1103 5054 ﬁdelium
1149 4993 1332 5071 [Forte
1363 4995 1622 5070 felicium]
1654 5012 1670 5052 :
1698 5007 1754 5054 et
1783 4996 2092 5054 econtrario

511 5089 654 5144 inter
690 5087 1065 5161 lacrymabiles
1105 5090 1338 5160 gemitus
1380 5089 1734 5160 planctusque
1768 5089 2087 5160 lugentium,

509 5180 802 5250 collegium
847 5179 1004 5236 triste
1032 5181 1372 5248 miserorum,
1413 5188 1469 5236 et
1493 5197 1523 5236 a
1546 5181 1700 5236 beata
1730 5181 1904 5252 patria
1929 5189 2090 5237 aeter-

509 5286 635 5326 num
669 5272 960 5328 teterrima
988 5271 1166 5329 noctis
1197 5271 1450 5328 exsilium
1473 5272 1498 5325 ἲ
1521 5272 1693 5340 Quam
1738 5273 1960 5342 lugubre
1991 5272 2097 5327 erit

509 5365 710 5420 homini
761 5363 932 5420 Deum
959 5363 1166 5431 videre,
1197 5377 1253 5421 et
1292 5365 1541 5434 perdere,
1589 5376 1646 5421 et
1669 5377 1796 5423 ante
1834 5367 1989 5436 pretii
2012 5366 2097 5422 sui

510 5457 688 5524 perire
729 5456 1114 5525 conspectum!
1157 5458 1226 5513 Et
1255 5457 1397 5524 ideo,
1422 5458 1730 5513 charissimi
1755 5502 1772 5527 ,
1806 5457 1932 5524 ista,
1965 5459 2094 5513 dum

516 5556 731 5618 tempus
753 5557 862 5617 est,
910 5549 1234 5621 cogitantes,
1262 5551 1340 5605 ita
1372 5551 1642 5607 indefesso
1669 5550 1848 5606 studio
1877 5551 2092 5606 labore-

513 5652 633 5694 mus
657 5680 670 5704 ,
701 5648 763 5694 ut
808 5640 950 5709 quod
979 5641 1136 5700 nobis
1160 5642 1392 5699 contulit
1416 5643 1710 5714 judicatus,
1745 5644 2011 5713 integrum
2039 5643 2096 5699 in

518 5731 673 5788 nobis
691 5732 930 5792 inveniat
949 5733 1307 5794 iudicaturus.

2187 4725 2596 4794 superposnerit
2626 4723 2886 4791 vulnera;
2921 4740 2987 4779 ne
3017 4739 3182 4794 super
3220 4725 3468 4795 antiquas
3499 4724 3766 4785 conscien-

2189 4816 2279 4870 tiae
2317 4815 2556 4870 maculas
2601 4817 2838 4871 recentia
2876 4815 3052 4871 adhuc
3091 4816 3319 4871 crimina
3347 4814 3699 4882 impresserit,
3719 4820 3766 4866 et

2188 4910 2626 4966 conversationis
2649 4925 2847 4964 nomen
2875 4909 2940 4964 ad
2967 4907 3457 4975 hocassumpserit,
3486 4917 3544 4960 ut
3570 4904 3764 4976 gravius

2192 4999 2293 5054 sub
2328 5014 2484 5054 sacra
2531 4997 2868 5068 professione
2907 4996 3266 5067 delinqueret.
3317 4996 3595 5066 Aliquanti
3633 4992 3762 5049 sufﬁ-

2191 5105 2317 5146 cere
2361 5091 2519 5146 nobis
2571 5098 2838 5159 putamus,
2893 5088 3034 5158 quod
3063 5088 3131 5142 ad
3171 5097 3446 5143 secretum
3477 5086 3624 5142 istud
3649 5101 3760 5142 con-

2195 5183 2530 5248 scendimus,
2580 5182 2723 5251 quod
2778 5183 2956 5235 locum
3005 5180 3354 5248 habitumque
3407 5179 3758 5246 mutavimus,

2194 5276 2337 5347 quod
2375 5276 2462 5330 hic
2496 5275 2882 5345 aliquantulum
2910 5275 3166 5341 temporis
3197 5273 3453 5335 viximus,
3484 5286 3633 5346 spem
3661 5284 3760 5326 om-

2200 5383 2321 5424 nem
2353 5369 2406 5422 in
2451 5382 2713 5422 annorum
2749 5380 2973 5422 numero
2998 5367 3349 5421 collocantes.
3379 5365 3460 5421 Ac
3489 5365 3568 5420 sic
3598 5360 3758 5434 perni-

2199 5460 2347 5514 ciosa
2374 5460 2736 5527 nosmetipsos
2752 5459 3100 5529 persuasione
3118 5457 3390 5523 fallentes,
3421 5467 3762 5528 putamusnos

2202 5554 2270 5610 de
2295 5553 2546 5608 omnibus
2577 5552 2774 5608 debitis
2804 5553 3152 5621 transegisse,
3186 5559 3433 5621 putamus
3475 5549 3614 5620 quod
3641 5545 3762 5608 mall.

2200 5656 2386 5702 nostra
2414 5645 2590 5714 spatio
2634 5647 2897 5716 temporis
2937 5645 3250 5700 evanuerint
3279 5654 3375 5703 :et
3423 5642 3550 5716 quia
3576 5642 3658 5696 illa
3672 5651 3762 5704 nos

2203 5740 2352 5795 obliti
2383 5753 2594 5808 sumus,
2623 5739 2894 5796 credimus
2915 5738 3055 5809 quod
3084 5737 3152 5794 de
3192 5736 3453 5793 memoria
3477 5733 3668 5790 divina
3693 5740 3761 5792 σθ’

2207 5836 2450 5891 veritatis
2499 5837 2678 5905 elapsa
2735 5837 2860 5890 sint.
2912 5835 3016 5890 Sed
3059 5848 3164 5887 non
3213 5833 3280 5886 ita
3312 5827 3624 5886 est.0mnia
3642 5813 3759 5900 apd

2197 5947 2402 5987 δι”-³⁷
