4024 6336
1723 343 2050 404 ΗοιιιιιιλΕ.

3416 345 3525 410 ωδ

251 469 397 525 illum
441 467 689 532 collecta,
746 466 926 521 omnia
955 464 1096 536 apud
1133 464 1284 520 illum
1301 463 1538 533 reposita
1561 473 1725 534 atque
1751 460 1829 516 si-
1855 467 1905 522 Α
1929 459 2155 516 timebat
2199 457 2459 515 incurrit?
2485 457 2578 517 Sic
2604 473 2704 515 nos
2746 461 2958 516 etiamsi
3003 473 3194 533 magna
3241 477 3364 534 pars
3396 466 3524 523 vita

251 569 405 630 gnata
429 570 574 616 stitit.
624 558 920 615 Audiamus
969 558 1095 628 quid
1123 558 1252 613 dicit
1289 557 1382 612 ille
1421 557 1514 627 qui
1563 571 1686 610 cum
1716 556 1835 624 ipso

251 653 461 708 diabolo
507 667 668 707 manu
697 652 765 706 ad
809 667 1026 706 manum
1058 650 1312 720 singulari
1346 649 1642 703 certamine
1670 648 1833 702 dimi.

250 744 421 810 cabat,
472 744 659 799 beatus
689 743 792 797 Job
823 760 834 796 :
864 741 1099 816 Siynasli
1138 741 1287 813 quasi
1318 742 1372 794 in
1402 739 1607 794 sacculo
1627 748 1834 810 peccata

251 853 357 890 mea
415 833 536 907 (Job
587 851 698 902 xxv,
734 834 865 904 l7);
918 844 970 889 et
1004 821 1204 888 iterum
1247 835 1361 901 ipse
1408 832 1670 886 Dominus
1709 830 1829 884 ait:

253 929 439 984 Nonne
458 931 567 984 hare
595 931 810 984 collecta
855 938 996 995 sunt,
1039 935 1087 981 et
1110 927 1312 997 signata
1341 925 1394 978 in
1426 924 1679 978 thesauris
1709 923 1833 976 meis

252 1019 430 1091 (Deut.
482 1035 661 1086 sunt,
713 1018 842 1090 54)?
887 1020 1002 1073 Non
1037 1027 1282 1087 putemus
1311 1026 1419 1069 tam
1448 1015 1606 1070 facile
1629 1013 1834 1069 remitti

251 1127 410 1182 posse
441 1114 619 1168 musta
639 1113 810 1168 sane!
841 1112 1093 1177 crimina,
1145 1120 1197 1167 et
1225 1109 1495 1180 profundo
1525 1109 1748 1164 vulnere
1769 1107 1833 1160 in

250 1205 445 1262 animae
479 1205 652 1274 ipsius
681 1205 942 1274 impressa
995 1203 1317 1258 visceribus.
1365 1201 1537 1256 Multo
1559 1215 1703 1268 opus
1749 1208 1835 1253 est

251 1297 400 1360 ﬂetu,
435 1299 606 1354 multo
635 1299 870 1369 gemitu,
919 1298 1090 1353 multo
1113 1297 1306 1352 dolore
1333 1294 1604 1350 cordis'sd
1639 1309 1834 1349 sanan-

251 1388 350 1442 dos
401 1388 572 1456 ipsius
622 1388 802 1443 cordis
842 1387 1078 1443 dolores.
1128 1387 1262 1442 Tota
1294 1386 1712 1441 incumbendum
1751 1393 1835 1439 est

249 1479 474 1548 spiritus
511 1478 857 1543 contritione,
913 1487 972 1532 ut
1016 1488 1223 1532 vetusta
1275 1476 1415 1531 mala
1446 1486 1717 1544 tamquam
1743 1489 1835 1530 sa-

248 1569 397 1638 gitta:
423 1570 671 1640 quzedam
699 1573 769 1626 de
795 1571 1124 1626 conscientia
1153 1568 1514 1625 debellentur.
1540 1567 1654 1622 Non
1681 1567 1834 1621 suill-

249 1664 321 1720 cit
367 1664 596 1718 ultumis
643 1664 798 1719 labiis
824 1664 1044 1720 dicere:
1077 1663 1298 1718 Peccavi
1323 1705 1338 1729 ,
1385 1676 1562 1732 parce,
1594 1660 1830 1716 remitte.

250 1756 467 1812 EtSaul
495 1757 730 1820 dicebat,
757 1758 958 1824 peccavi
983 1755 1027 1830 (l
1066 1757 1194 1827 Reg.
1228 1771 1374 1819 xxvi,
1421 1753 1516 1826 2i)
1557 1753 1696 1810 :sed
1723 1769 1830 1808 non

1939 552 2098 606 istius
2141 567 2398 622 prospere
2423 552 2672 610 videatur
2707 553 2872 609 fuisse
2909 562 3196 623 transacta,
3246 571 3350 611 non
3395 557 3525 616 ideo

1937 643 2186 698 ﬁduciam
2219 658 2642 714 praestaremus,
2665 659 2792 700 cum
2821 644 3001 701 adhuc
3043 647 3344 716 periculum
3391 653 3525 719 pars

1935 745 2180 792 extrema
2217 737 2472 793 minetur.
2501 738 2637 806 Quis
2675 739 2728 792 in
2776 739 2892 794 acie
2931 739 3159 809 positus,
3197 752 3322 796 ante
3363 741 3524 798 linem

1936 829 2268 898 certaminis,
2303 838 2396 884 aut
2439 839 2564 886 ante
2593 830 2835 887 victoriae
2865 833 3210 889 securitatem
3248 849 3396 890 arma
3427 837 3526 892 de-

1939 922 2137 992 ponat?
2166 923 2339 978 Nemo
2383 939 2516 994 ergo
2545 939 2794 981 securum
2835 926 3034 983 debere
3062 943 3184 984 esse
3212 943 3272 984 se
3295 930 3522 999 iudicet,

1937 1025 2226 1084 antequam
2265 1015 2334 1070 ad
2367 1014 2530 1072 finem
2559 1017 2703 1073 felici
2729 1021 3191 1076 consummatione
3221 1024 3524 1092 perveniat.

1936 1106 2048 1163 Nec
2070 1107 2172 1162 hoc
2194 1108 2348 1162 nobis
2369 1108 2626 1166 sufﬁcere
2654 1119 2901 1179 putemus
2922 1113 2988 1167 ad
3020 1113 3238 1183 plenam
3265 1117 3522 1178 salutem.

1937 1201 2080 1270 quod
2113 1203 2256 1258 inter
2283 1217 2471 1257 servos
2502 1203 2598 1259 Dei
2627 1204 2714 1259 vel
2739 1203 3070 1262 habitatione
3094 1223 3404 1279 censemur,
3437 1209 3524 1266 vel

1936 1295 2159 1349 nomine
2183 1303 2594 1364 computamur:
2637 1296 2782 1366 quod
2813 1297 2868 1351 in
2914 1298 3090 1354 insula
3113 1300 3316 1368 vivere,
3364 1312 3525 1372 atque
3564 1316 3568 1324 '

1937 1384 2078 1441 inter
2100 1386 2396 1441 monachos
2426 1387 2629 1456 pollere
2647 1387 2949 1444 videamur.
2972 1389 3183 1444 Clamat
3205 1392 3347 1445 enim
3371 1394 3525 1449 nobis

1939 1476 2085 1532 Deus
2117 1487 2301 1534 noster
2329 1496 2345 1533 :
2379 1478 2503 1532 Non
2543 1491 2712 1533 omnes
2755 1482 2843 1551 qui
2881 1482 3057 1535 dicunt
3087 1481 3212 1536 mihi
3232 1499 3251 1537 :
3282 1482 3524 1554 Domine,

1936 1567 2178 1637 Domine,
2195 1571 2460 1624 intrabunt
2488 1572 2539 1625 ia
2557 1587 2772 1644 regnum
2797 1574 3039 1628 calorum
3065 1573 3282 1644 (Matth.
3299 1577 3524 1649 vu,21).

1938 1658 2050 1713 Hoc
2075 1661 2277 1729 quare?
2307 1661 2442 1726 Quia
2483 1679 2586 1715 non
2617 1664 2878 1718 auditores
2915 1663 3042 1736 legis
3061 1667 3197 1736 justi
3230 1679 3347 1722 sunt
3389 1671 3527 1737 apud

1943 1752 2124 1818 Deum,
2154 1753 2245 1806 sed
2275 1753 2494 1822 factores
2527 1753 2653 1824 legis
2684 1756 3108 1825 justiﬁcabuntur
3127 1756 3335 1828 (Iacob.
3361 1775 3398 1825 ι,
3425 1760 3525 1826 22;

249 1847 486 1913 obtinuit
517 1848 663 1902 illam
713 1850 920 1903 veniam
957 1863 1118 1918 quam
1167 1848 1335 1902 David
1364 1862 1464 1902 una
1495 1845 1831 1916 paenitentiae
1856 1854 1911 1912 ’Β
1938 1843 2092 1898 Rom.
2124 1858 2182 1912 ιι,
2218 1844 2330 1916 l5).
2357 1845 2518 1900 Unde
2555 1848 2717 1902 etiam
2757 1848 2802 1902 si
2838 1848 2978 1904 bene
3011 1850 3261 1918 viximus,
3313 1867 3528 1908 cursum

250 1953 382 1994 voce
403 1941 728 2017 promeruit.
783 1941 844 1995 Et
873 1941 974 1995 hoc
991 1940 1208 2010 quare?
1254 1941 1389 2006 Quia
1437 1939 1833 2001 confessionem

249 2031 396 2086 illam
423 2033 566 2087 nuda
596 2033 766 2102 magis
793 2033 953 2088 verba
983 2049 1141 2103 quam
1162 2033 1274 2088 veri
1304 2033 1536 2104 gemitus
1566 2047 1834 2101 expmneo

247 2120 398 2176 bant.
429 2121 564 2190 Quia
579 2139 692 2178 anon
718 2126 1100 2194 compensabat
1131 2124 1551 2194 magnitudinem
1584 2123 1834 2180 criminis

247 2213 371 2269 lata
425 2214 725 2272 bumiliatio
752 2217 1127 2288 supplicantis.
1161 2219 1276 2273 Non
1307 2219 1410 2273 levi
1453 2218 1726 2288 agendum
1752 2226 1836 2273 est

245 2308 607 2374 contritione,
649 2320 706 2365 ttt
743 2311 921 2365 debita
958 2311 1045 2366 illa
1080 2312 1414 2366 redimantur
1451 2312 1646 2380 quibus
1687 2324 1833 2365 mors

246 2407 450 2455 acterna
472 2400 726 2468 debetur;
742 2417 842 2458 nec
873 2404 1178 2459 transitoria
1204 2419 1342 2472 Opus
1357 2402 1831 2458 ests-.itisfactione

244 2504 346 2560 pro
365 2490 639 2546 malisillis
663 2503 883 2561 propter
903 2509 1025 2564 qua:
1060 2504 1275 2561 paratus
1303 2506 1386 2549 est
1417 2493 1556 2563 ignis
1572 2502 1831 2548 aeternus.

245 2579 298 2634 Si
331 2583 580 2638 volumus
601 2584 907 2654 intelligere
934 2602 1092 2654 quam
1107 2601 1300 2656 graves
1327 2587 1468 2656 apud
1482 2601 1542 2642 se
1565 2586 1729 2642 faciat
1746 2587 1833 2657 ju-

244 2675 352 2730 dex
384 2686 570 2733 noster
599 2678 880 2734 hominum
909 2681 1118 2748 culpas,
1148 2679 1503 2747 respiciamus
1523 2679 1590 2733 ad
1621 2695 1831 2749 plenas.

243 2768 518 2834 Quantum
545 2773 690 2825 enim
717 2787 855 2826 nunc
878 2773 1087 2842 patiens
1115 2781 1202 2828 est
1221 2771 1363 2828 Deus
1394 2781 1580 2828 uoster
1616 2773 1670 2826 in
1711 2786 1828 2827 sus-

244 2862 486 2918 titteudis
516 2863 728 2920 delictis
741 2867 964 2929 nostris,
991 2875 1098 2919 tam
1113 2881 1333 2921 severus
1347 2867 1449 2921 erit
1463 2866 1515 2920 in
1537 2866 1834 2920 discutient-

243 2953 362 3021 dis;
380 2963 437 3010 et
454 2956 588 3010 sicut
622 2957 1054 3014 intestimabilem
1073 2959 1282 3026 paravit
1302 2956 1466 3026 justis
1481 2957 1733 3025 gloriam,
1763 2956 1832 3012 ita

243 3043 681 3103 inaestimabilem
701 3051 908 3117 paravit
923 3049 1180 3116 improbis
1196 3063 1430 3118 pmnam.
1464 3047 1609 3118 Ergo
1631 3048 1836 3117 suppli-

242 3141 458 3196 ciorum
486 3142 840 3198 acerbitatem
873 3145 1181 3198 econtrario
1210 3144 1279 3199 de
1315 3145 1660 3212 praemiorum
1690 3144 1835 3213 ipso-

1940 1948 2185 1992 nostrum
2207 1937 2503 1993 stabilita-te
2523 1950 2578 1993 et
2595 1941 3004 2008 perseverantia
3029 1943 3414 1999 commodare
3434 1945 3530 2000 de-

1937 2031 2151 2093 bemus,
2173 2031 2372 2086 inloco
2393 2033 2700 2088 vocationis
2723 2043 2923 2088 nostrae
2951 2034 3292 2104 persistendo
3321 2046 3375 2092 et
3405 2052 3529 2106 pro-

1939 2123 2190 2178 ﬁciendo.
2229 2124 2368 2179 Verte
2413 2125 2559 2192 dico,
2590 2128 2801 2181 etiarnsi
2853 2128 2938 2182 hic
2967 2127 3154 2198 viginti
3188 2137 3281 2183 aut
3311 2130 3528 2200 triginta

1938 2231 2111 2271 annos
2132 2216 2362 2271 Domino
2389 2216 2867 2286 inpendissems,
2900 2217 2992 2272 cui
3018 2218 3206 2288 utique
3231 2228 3404 2274 totum
3433 2236 3528 2276 no-

1939 2306 2140 2362 scimus
2169 2306 2279 2380 [Αι.
2315 2324 2412 2363 nos
2440 2307 2685 2380 scimus],
2719 2308 2920 2364 debere
2946 2309 3091 2380 quod
3124 2311 3369 2375 vivimus,
3394 2321 3449 2366 et
3472 2319 3531 2366 ut

1938 2401 2072 2456 Satis
2099 2416 2298 2455 annum
2337 2416 2498 2456 unum
2537 2416 2819 2470 ageremus
2852 2402 2906 2455 in
2955 2403 3175 2470 saeculo,
3229 2401 3528 2458 inaestima-

1938 2491 2051 2548 bile
2074 2503 2245 2556 esset,
2273 2502 2531 2563 quantnm
2554 2508 2651 2547 nos
2675 2492 2745 2549 de
2763 2501 2979 2548 aeterna:
3002 2494 3128 2548 vitae
3149 2493 3362 2563 gaudiis
3389 2493 3532 2549 frau-

1938 2583 2214 2641 daremus.
2241 2585 2374 2652 Quia
2399 2601 2523 2654 spes
2546 2595 2747 2640 nostra:
2769 2601 2958 2641 omnes
2979 2587 3028 2640 in
3059 2587 3531 2643 consummatione

1937 2688 2102 2747 atque
2155 2681 2207 2732 in
2259 2680 2364 2736 line
2408 2678 2732 2734 consistunt.
2783 2679 2920 2746 Quid
2971 2677 3098 2733 mihi
3145 2687 3369 2750 prosunt
3419 2678 3528 2751 [ΑΙ.

1938 2769 2226 2842 proderit],
2273 2771 2319 2823 si
2373 2771 2501 2824 mihi
2551 2781 2670 2825 sata
2722 2770 3005 2825 viridantia
3055 2773 3108 2825 in
3146 2770 3329 2825 herbis
3378 2785 3530 2841 spem

1939 2866 2132 2918 messis
2160 2862 2470 2928 ostendant,
2501 2873 2556 2918 et
2585 2877 2672 2918 me
2699 2863 2798 2917 sub
2825 2862 2941 2931 ipso
2970 2861 3124 2919 falsis
3153 2871 3395 2932 tempore
3441 2877 3532 2916 su-

1938 2953 2048 3008 bita
2071 2954 2158 3009 vel
2181 2955 2328 3009 aeris
2358 2953 2701 3024 intemperie,
2727 2956 2811 3010 vel
2846 2955 3147 3024 pluviarum
3178 2953 3531 3011 inundatione

1939 3045 2252 3115 decipiant?
2273 3047 2412 3113 Quid
2444 3046 2572 3102 mihi
2600 3046 2868 3118 proderit,
2889 3047 2936 3101 si
2953 3049 3110 3104 vinea
3137 3062 3290 3118 spem
3315 3063 3532 3103 omnem

1940 3138 1993 3193 in
2035 3138 2168 3195 tione
2199 3140 2497 3210 promittat,
2529 3149 2584 3195 et
2624 3140 2711 3196 vel
2739 3139 2975 3196 ferarum
3017 3140 3269 3207 incursio,
3312 3141 3400 3194 vel
3439 3155 3530 3194 va-

243 3246 371 3288 rum
399 3234 764 3304 magnitudine
791 3235 1123 3305 colligamus.
1149 3236 1284 3303 Quia
1303 3234 1401 3306 qui
1423 3236 1836 3290 novitremune-
1857 3242 1910 3307 ρ
1938 3231 2096 3287 stitas
2138 3232 2416 3302 grandinis
2460 3247 2609 3302 spem
2637 3247 2853 3288 omnem
2896 3233 2950 3286 in
3006 3233 3528 3288 consummationem

242 3338 376 3382 rare
399 3326 616 3394 merita,
649 3327 794 3382 novit
825 3330 1014 3396 punire
1042 3327 1258 3382 delicta.
1297 3327 1662 3383 Saluberrima
1702 3343 1834 3397 ergo

243 3427 352 3487 est,
387 3432 451 3473 ac
477 3419 708 3474 multum
751 3421 1056 3476 necessaria
1100 3419 1264 3474 futuri
1289 3419 1476 3489 judicii
1505 3422 1836 3487 recordatio,

245 3510 659 3578 praeteritorum
682 3512 1148 3578 commemoratio,
1175 3511 1260 3566 vel
1290 3511 1590 3581 deploratio
1611 3512 1838 3567 delicto-

245 3616 398 3656 rum.
431 3602 585 3672 Quod
615 3604 662 3658 si
693 3603 812 3673 quis
849 3613 933 3658 est
960 3605 1049 3674 qui
1082 3604 1182 3660 sibi
1217 3605 1290 3660 de
1334 3606 1624 3676 praeteritis
1654 3607 1837 3662 illaesa;

243 3693 380 3748 vitae
431 3695 638 3750 meritis
681 3695 1008 3761 blandiatur,
1058 3707 1113 3752 et
1158 3697 1337 3753 adhuc
1390 3699 1730 3756 innocentem
1777 3714 1837 3755 se

244 3788 518 3844 transisse
547 3797 692 3857 putet
723 3790 786 3845 ad
814 3790 1031 3846 Domini
1049 3793 1390 3857 servitutem,
1413 3805 1471 3848 ct
1499 3795 1620 3850 ideo
1640 3811 1700 3850 se
1717 3809 1838 3850 cre-

243 3879 393 3934 didit
435 3880 636 3936 debere
671 3897 790 3936 csse
817 3897 1088 3950 securum,
1124 3885 1222 3939 iste
1251 3885 1367 3939 talis
1392 3888 1643 3956 respiciat
1677 3903 1838 3956 quam

243 3971 448 4028 incerti
475 3984 528 4028 et
547 3990 706 4044 quam
731 3975 919 4031 lubrici
949 3977 1059 4030 sint
1087 3976 1263 4033 exitus
1290 3981 1432 4040 vita),
1468 3977 1535 4033 dc
1565 3997 1669 4047 qua
1706 3981 1841 4034 dicio

243 4073 376 4119 tur:
404 4064 490 4118 Ne
508 4066 794 4122 laudaveris
825 4068 1077 4120 hominem
1100 4069 1152 4121 in
1175 4069 1279 4122 vita
1298 4085 1392 4122 sua
1417 4067 1608 4139 (Eccli.
1630 4087 1702 4136 XI,
1721 4073 1837 4140 50);

246 4167 305 4212 et
332 4173 463 4214 cum
495 4158 597 4216 hoc
619 4161 892 4230 prospexit
915 4160 1097 4233 [Forte
1119 4161 1502 4233 prospexerit],
1536 4164 1746 4220 etiamsi
1771 4165 1840 4221 de

244 4251 539 4319 praeterito
559 4258 711 4318 putat
729 4265 788 4304 se
809 4266 916 4307 non
940 4251 1140 4307 habere
1166 4252 1307 4322 quod
1338 4253 1537 4324 lugeat,
1564 4255 1631 4309 de
1663 4255 1839 4310 futuro

243 4341 499 4398 inveniet
531 4342 727 4399 habere
753 4347 900 4411 quod
950 4346 1154 4400 timeat.
1183 4344 1352 4400 Nemo
1383 4362 1510 4416 ergo
1552 4347 1618 4402 de
1651 4358 1840 4414 praete.

243 4435 380 4489 ritis
402 4448 626 4491 securus
649 4437 741 4490 sit.
764 4436 918 4491 Tanti
947 4436 1122 4506 laquei
1145 4438 1344 4506 objecti
1368 4447 1495 4493 sunt
1522 4448 1646 4493 ante
1677 4441 1844 4508 pedes

241 4525 454 4582 anima:
502 4537 723 4594 nostrae,
767 4536 874 4582 tam
923 4529 1189 4585 innumeri
1225 4532 1407 4585 hostes
1453 4530 1745 4586 observant
1787 4543 1847 4588 et

1943 3324 2240 3379 subducat?
2265 3324 2499 3395 Ideoque
2527 3323 2702 3379 omnis
2737 3325 3088 3394 prosperitas,
3122 3339 3208 3378 om
3223 3324 3418 3394 nisque
3452 3325 3533 3378 la-

1940 3417 2130 3474 borum
2176 3415 2229 3470 in
2267 3415 2373 3472 fine
2397 3417 2667 3471 consistit.
2709 3413 2842 3470 Cum
2874 3424 3053 3471 autem
3101 3415 3205 3471 illis
3233 3415 3527 3470 dolendum

1940 3512 2018 3566 sit
2061 3510 2155 3581 qui
2205 3510 2331 3565 hine
2379 3521 2500 3579 post
2549 3511 2718 3565 multa
2767 3509 3011 3565 laborum
3059 3510 3352 3578 stipendia,
3406 3520 3532 3580 post

1940 3603 2273 3674 aliquantum
2299 3617 2567 3658 annorum
2595 3601 2922 3673 profectum,
2950 3602 3221 3673 aliquibus
3245 3603 3533 3659 desideriis

1941 3695 2351 3761 abstrahuntur,
2381 3696 2508 3765 quid
2537 3695 2605 3752 de
2637 3695 2743 3751 illis
2783 3697 2890 3750 erit
2923 3696 3015 3766 qui
3048 3695 3134 3750 hic
3163 3706 3395 3766 quatuor
3435 3708 3530 3751 aut

1943 3791 2179 3861 quinque
2205 3805 2374 3845 annos
2403 3789 2774 3859 longissimum
2818 3798 3030 3858 tempus
3057 3791 3309 3854 credunt,
3340 3799 3396 3844 et
3415 3803 3532 3843 om-

1944 3897 2068 3936 nem
2097 3883 2318 3951 reliquas
2349 3882 2476 3937 vita:
2507 3890 2736 3936 tractum
2764 3881 2814 3934 in
2847 3881 3030 3936 saculi
3063 3883 3301 3935 vanitate
3328 3895 3528 3934 consu-

1945 3973 2132 4027 munt?
2173 3972 2308 4027 Dum
2351 3973 2512 4028 etiam
2550 3987 2726 4028 annus
2755 3972 2937 4027 saeculi
2967 3972 3185 4027 labores
3213 3982 3428 4027 nostros
3477 3973 3528 4026 in

1946 4047 2132 4121 eremo
2178 4067 2472 4135 acquisitos
2521 4067 2594 4121 ita
2628 4067 2798 4137 possit
2845 4066 3150 4131 absumere,
3194 4067 3463 4136 quomodo
3485 4069 3531 4122 si

1947 4175 2095 4214 mare
2143 4174 2393 4228 magnum
2439 4161 2814 4227 parvissimum
2853 4159 2988 4212 intra
3029 4173 3088 4212 se
3112 4157 3341 4211 rivulum
3391 4159 3534 4212 reci-

1947 4251 2050 4320 piat
2085 4260 2141 4306 et
2166 4251 2474 4316 absorbent,
2497 4262 2658 4320 atque
2685 4252 2735 4305 ei
2761 4264 2863 4306 nec
2886 4264 3085 4305 nomen
3115 4250 3402 4320 relinquat.
3430 4250 3534 4304 Ne-

1899 4390 1904 4394 .
1948 4344 2062 4398 scio
2089 4344 2155 4396 ad
2177 4359 2295 4412 qua:
2317 4343 2460 4398 lucra
2493 4345 2722 4398 velimus
2747 4342 2800 4397 in
2829 4343 2922 4398 illo
2950 4343 3148 4398 saeculo
3170 4342 3373 4398 vivere.
3401 4342 3531 4398 Nam

1947 4451 2071 4492 cum
2094 4435 2182 4489 hic
2203 4436 2404 4503 grande
2426 4444 2642 4504 putetur
2666 4435 2922 4490 damnum
2941 4449 3045 4491 non
3067 4435 3307 4506 quotidie
3332 4435 3533 4506 aliquid

1950 4526 2292 4596 acquiri,illic
2315 4525 2541 4595 grandis
2578 4537 2816 4595 quaestus
2853 4540 2974 4582 esse
3006 4526 3276 4596 putandus
3311 4538 3414 4594 est,
3447 4529 3536 4584 vel

241 4619 572 4675 custodiunt
599 4621 702 4676 iter
745 4630 1011 4687 nostrum,
1058 4632 1219 4677 tanta:
1239 4622 1411 4678 fovete
1447 4632 1502 4678 et
1533 4633 1678 4678 tanta
1713 4640 1844 4693 pm-
1870 4618 2212 4693 Dacquisita
2263 4635 2369 4672 non
2423 4618 2686 4685 perdere:
2731 4618 2844 4686 ubi,
2879 4619 3115 4688 inquam,
3161 4634 3328 4690 grave
3371 4621 3538 4677 detri-

240 4719 438 4781 rupta,
470 4719 633 4768 tanta:
660 4728 838 4770 rerum
861 4713 1203 4769 difficultates
1231 4714 1552 4783 itttcrjncettl.
1582 4718 1722 4772 inter
1743 4732 1843 4773 nos

242 4813 302 4860 et
347 4804 515 4862 finem
547 4815 826 4871 nostrum;
860 4808 944 4862 via
976 4807 1109 4873 ipsa,
1138 4823 1255 4877 qua:
1283 4824 1375 4876 per
1417 4825 1474 4862 se
1505 4818 1653 4864 artta
1681 4818 1846 4880 atque

239 4896 427 4951 ardua
458 4904 563 4965 est,
598 4897 761 4954 tantis
797 4898 1114 4966 spiritalium
1148 4897 1415 4953 latronum
1464 4899 1674 4955 insidiis
1702 4900 1846 4957 obsi-

241 4988 440 5055 detur,
473 4997 653 5046 tantos
681 5005 778 5046 nos
809 4991 1058 5060 scopulos
1090 5001 1371 5063 tantosque
1401 4996 1591 5050 lluctus
1617 4996 1846 5052 transire

239 5095 487 5137 necesse
515 5090 601 5137 est
622 5091 676 5136 et
704 5081 908 5152 videre,
942 5095 1225 5153 antequam
1251 5085 1543 5140 anchoram
1573 5096 1760 5156 optato
1791 5088 1843 5142 in

239 5173 442 5230 littore
470 5173 816 5241 collocemus,
851 5182 905 5228 et
938 5183 1183 5242 putamus
1216 5191 1313 5230 nos
1343 5175 1410 5229 dc
1441 5179 1727 5244 prteteritis
1749 5177 1843 5232 de-

237 5266 392 5321 bere
414 5281 537 5322 esse
563 5281 806 5332 securos,
839 5277 892 5322 et
910 5267 1026 5322 sine
1054 5266 1361 5336 quotidiana
1387 5282 1536 5332 cura,
1570 5269 1685 5322 sine
1712 5284 1843 5337 quo-

239 5356 467 5412 tidiano
513 5357 706 5412 timore
754 5365 808 5413 et
837 5367 1070 5413 tremore
1099 5358 1240 5412 diem
1275 5369 1514 5412 nostrum
1551 5361 1846 5430 transigere

236 5449 498 5506 debere!
527 5450 659 5517 Quis
690 5449 958 5504 transiens
996 5465 1159 5518 super
1185 5449 1411 5518 alicujus
1438 5450 1700 5518 profunda
1750 5450 1848 5506 llu-

231 5541 422 5597 minis
452 5557 545 5611 per
585 5543 867 5598 arctissimi
896 5543 1072 5610 pontis
1103 5543 1398 5612 angustius,
1434 5542 1644 5595 etiamsi
1678 5542 1846 5610 majo-

232 5650 372 5688 rem
403 5644 608 5703 partem
638 5635 899 5690 inoffenso
932 5635 1284 5689 transmiserit
1309 5635 1464 5703 pede,
1492 5635 1601 5704 jam
1633 5635 1842 5704 pericu-

232 5723 368 5781 lum
396 5728 629 5781 evasisse
664 5742 722 5781 se
749 5725 953 5790 credat,
987 5741 1107 5779 cum
1148 5725 1196 5777 in
1231 5723 1404 5779 ultimi
1438 5726 1613 5791 pontis
1640 5727 1834 5797 spatio,

225 5812 294 5881 Si
314 5801 604 5890 paululum
637 5815 944 5873 titubaverit
966 5831 1148 5872 casum
1183 5831 1345 5886 quem
1375 5817 1426 5872 in
1456 5817 1634 5874 medio
1666 5821 1841 5887 spatia

919 5949 997 5966 Md

1952 4719 2189 4764 mentum
2229 4709 2488 4776 creditur,
2530 4726 2635 4764 non
2667 4709 2904 4780 quotidie
2951 4711 3232 4780 proiicere,
3288 4712 3360 4767 ibi
3409 4727 3540 4769 vero

1951 4815 2163 4856 summa
2196 4802 2365 4856 virtus
2392 4812 2473 4857 est
2506 4816 2611 4856 non
2656 4803 2853 4871 perire.
2889 4801 3120 4873 Ideoque
3163 4804 3207 4859 si
3251 4803 3427 4860 adhuc
3457 4813 3536 4860 te-

1953 4908 2086 4950 nues
2113 4908 2176 4947 ac
2207 4908 2472 4962 pauperes
2513 4907 2722 4959 sumus,
2754 4893 2843 4949 hic
2869 4893 3073 4964 aliquid
3098 4897 3357 4965 consequi
3391 4897 3538 4949 labo-

1954 5000 2151 5040 remus.
2195 4985 2256 5042 Si
2288 5000 2416 5041 vcro
2456 4986 2660 5056 aliquid
2709 4989 2983 5043 consecuti
3029 5002 3236 5053 sumus,
3267 4987 3356 5043 hic
3405 4989 3537 5043 illud

1952 5095 2172 5151 servare
2200 5094 2471 5135 curemus.
2507 5079 2618 5133 Hoc
2649 5080 2824 5136 solum
2856 5081 3012 5137 nobis
3054 5081 3109 5136 in
3155 5080 3538 5150 compendium

1953 5177 2057 5225 crLt
2087 5184 2142 5227 et
2166 5172 2444 5242 gaudium,
2472 5173 2616 5242 quod
2648 5173 2735 5228 hic
2784 5174 3011 5228 Domino
3041 5173 3355 5228 vixerimus.
3388 5171 3541 5228 Ideo-

1953 5279 2056 5330 quc
2104 5265 2354 5331 quamdiu
2387 5263 2476 5318 hic
2519 5267 2885 5330 consiStimus,
2933 5267 2985 5318 in
3024 5264 3251 5317 arbitrio
3279 5273 3379 5329 est,
3415 5279 3539 5320 cum

1954 5354 2085 5408 Veiis
2127 5355 2192 5408 ad
2223 5356 2476 5410 saeculum
2505 5355 2801 5411 declinare.
2829 5353 2962 5409 Cum
3002 5370 3126 5410 vero
3155 5353 3536 5422 declinaveris,

1951 5447 2060 5517 jam
2091 5446 2310 5501 difﬁcile
2332 5463 2394 5502 ac
2419 5463 2555 5517 pene
2587 5447 2915 5517 impossibile
2939 5447 3042 5501 erit
3075 5445 3141 5501 ad
3167 5447 3343 5502 locum
3379 5447 3542 5504 istum

1957 5540 2041 5594 vel
2075 5540 2401 5610 cogitatione
2442 5541 2733 5610 respicere.
2759 5539 2911 5605 Quod
2943 5540 2986 5593 si
3015 5539 3212 5608 aliquis
3235 5539 3360 5595 ideo
3381 5556 3541 5597 secu-

1956 5650 2073 5688 rum
2107 5650 2165 5689 se
2199 5644 2348 5704 putat
2371 5635 2438 5689 de
2469 5634 2570 5688 hoc
2601 5634 2719 5688 loco
2742 5633 3032 5702 aliquando
3057 5649 3217 5702 posse
3236 5634 3542 5700 discedere,

1954 5729 2206 5795 quoniam
2237 5729 2322 5780 hic
2351 5727 2490 5780 bene
2530 5726 2847 5784 cucurrerit.
2888 5725 3030 5794 quod
3081 5725 3169 5781 hic
3208 5726 3433 5782 multum
3469 5729 3542 5780 la-

1953 5818 2263 5882 boraverit,
2320 5820 2406 5873 hic
2455 5817 2578 5872 talis
2625 5817 2730 5872 hoc
2763 5821 2871 5885 agit
2897 5857 2913 5885 ,
2957 5817 3231 5887 quomodo
3257 5819 3307 5874 si
3346 5817 3546 5886 aliquis
