4024 6336
441 392 548 459 8η

1441 395 1498 452 S.
1540 393 1865 452 EUL‘HERII
1905 391 2385 452 LUGDUNENSIS
2421 392 2723 449 EPISCOPI

3628 396 3734 456 868

437 522 720 572 oneratam
749 509 1018 564 mercibus
1048 521 1236 561 navem
1266 505 1334 559 de
1382 516 1536 574 partu
1570 505 1768 572 solvat,
1809 515 1863 560 et
1894 515 2030 559 tem-
2061 507 2107 565 Α
2137 503 2343 558 iissimo
2372 506 2491 561 sinu
2528 505 2825 574 quamlibet
2851 505 3151 575 negligens,
3195 506 3489 572 quamlibet
3516 507 3733 575 tepidus

439 606 738 680 pestatibns
777 605 970 668 tradat,
1001 610 1055 655 et
1100 601 1166 652 ad
1198 599 1447 668 seopnl..s
1475 609 1636 669 atque
1663 600 1727 652 ad
1765 615 1892 654 saxa
1931 600 2031 656 de.

437 708 708 770 torqueat.
761 697 974 763 Quanto
1023 693 1193 762 magis
1252 691 1431 761 itaque
1482 692 1827 754 laboramus.
1877 701 2031 748 tanto

435 794 712 847 cautiores
750 802 871 842 eSse
918 785 1197 840 debemus.
1235 782 1652 838 Proticientibus
1699 784 1842 837 enim
1896 783 2027 836 insi-

407 850 613 938 Idiatur
643 880 914 944 inimicus,
944 887 995 931 et
1032 875 1118 929 tibi
1154 873 1301 928 videt
1327 875 1559 943 aliquam
1588 890 1763 944 spem,
1794 875 2026 944 aliquam

392 974 682 1043 .lzratiam,
719 973 787 1028 ibi
821 985 1093 1040 tamquam
1141 970 1225 1023 leo
1267 968 1484 1040 rugiens
1511 979 1567 1025 et
1594 970 1920 1024 circumiens
1958 967 2026 1022 ad
2076 1041 2079 1044 ν

403 1055 802 1141 finvadendunt
826 1064 1059 1135 prtedatn
1093 1074 1237 1118 totus
1263 1061 1520 1117 incumbit
1540 1078 1555 1127 ;
1575 1069 1629 1116 et
1655 1061 1772 1114 ideo
1799 1063 1921 1130 quia
1942 1059 2028 1114 hic

403 1219 406 1222 ,
431 1159 623 1228 positis
656 1172 851 1210 nocere
880 1172 983 1208 non
1011 1155 1289 1223 prmvalet,
1320 1155 1436 1207 vult
1461 1155 1671 1223 aliquos
1696 1155 1874 1207 minus
1900 1168 2028 1206 cau-

431 1263 516 1306 tos
563 1266 658 1318 per
687 1249 1043 1318 cogitationes
1088 1261 1150 1300 ac
1183 1263 1277 1315 per
1317 1245 1561 1300 diversas
1595 1244 1921 1300 tentationes
1958 1260 2025 1298 ex

429 1343 535 1400 hoc.
559 1345 677 1399 loco
700 1339 1119 1410 quodammodo,
1149 1337 1300 1409 quasi
1323 1351 1476 1394 estra
1495 1347 1673 1393 castra
1705 1336 2022 1406 producere,

429 1448 484 1492 et
513 1436 663 1506 quasi
697 1437 762 1488 de
795 1432 1153 1488 munitissima
1188 1447 1312 1486 arce
1357 1432 1651 1500 deponere,
1700 1439 1900 1484 etcum
1931 1428 2026 1486 de-

429 1529 709 1599 posuerit,
756 1528 901 1582 velat
945 1527 1014 1580 de
1055 1525 1176 1579 loco
1222 1527 1502 1593 superiore
1553 1521 1844 1591 conﬂigere
1895 1541 1910 1580 :
1966 1531 2027 1576 ut

428 1623 640 1679 etiamsi
683 1637 872 1675 navem
908 1634 1015 1672 non
1055 1618 1201 1672 valet
1245 1631 1331 1672 me
1363 1632 1509 1686 gere,
1544 1616 1734 1670 saltent
1764 1631 1828 1670 ex
1859 1614 2026 1669 detti-

429 1717 625 1770 mentis
674 1725 726 1770 et
759 1715 993 1778 damnis,
1026 1727 1144 1782 qua!
1175 1711 1455 1764 abundant
1501 1711 1550 1762 itt
1581 1710 1800 1774 sarculo,
1831 1709 2023 1776 jucun-

428 1809 706 1863 dissitnam
746 1805 981 1876 [ll‘il‘tiaill
1025 1804 1248 1858 referat.
1282 1801 1542 1856 lntttiittet
1585 1802 1814 1872 primum
1849 1801 2024 1854 inten-

2135 613 2242 651 non
2274 599 2325 651 itt
2361 615 2583 653 vacuum
2612 600 2872 660 cucurrit,
2900 600 2989 668 qui
3017 597 3082 652 ad
3113 598 3350 668 palmam
3381 614 3733 657 consumma-

2135 691 2300 748 tionis
2325 691 2730 764 pcrseverando
2761 691 3088 761 pervenerit.

2725 826 3010 885 ilOMlLlA
3051 824 3120 884 VI

2728 941 2810 998 Ad
2836 943 3132 998 monachos.

2202 1061 2282 1116 Ad
2330 1061 2432 1115 hoc
2471 1060 2538 1114 ad
2571 1060 2734 1114 istum
2782 1058 2960 1114 locum
2991 1060 3366 1123 convenimus.
3416 1060 3632 1128 fratres,
3668 1073 3730 1119 ut

2130 1152 2360 1207 Domino
2400 1165 2586 1209 nostro
2612 1166 2803 1206 vacare
2832 1151 3122 1218 possimus,
3156 1169 3264 1207 non
3293 1153 3378 1208 his
3405 1155 3566 1210 rebus
3603 1156 3729 1226 qui-

2131 1246 2230 1302 bus
2282 1256 2467 1302 noster
2511 1246 2810 1301 delectatur
2857 1244 3129 1300 inimicus.
3181 1245 3401 1301 Certum
3451 1257 3537 1302 est
3578 1249 3729 1318 quod

2127 1341 2343 1412 quando
2368 1357 2429 1396 ea
2459 1357 2580 1412 qttte
2601 1341 2666 1395 ad
2699 1340 2955 1394 smcuium
2987 1339 3256 1409 pertinent
3288 1340 3563 1410 loquimur
3583 1382 3598 1404 ,
3630 1350 3730 1396 aut

2129 1435 2309 1489 nimiis
2335 1434 2854 1488 tnttrtnttrationibtts
2874 1443 2928 1487 et
2955 1432 3436 1487 obtrectationibus
3456 1446 3555 1487 nos
3578 1447 3729 1488 mor-

2128 1526 2341 1594 dentns,
2377 1528 2466 1582 ille
2498 1527 2656 1582 Itoras
2681 1536 2897 1580 nostras
2929 1524 3038 1580 lico
3063 1524 3332 1589 subtrahi,
3371 1538 3423 1580 et
3455 1525 3557 1580 sibi
3589 1539 3730 1595 ενα-

2127 1619 2218 1673 det
2249 1620 2484 1691 arqniri.
2519 1619 2657 1686 Quid
2693 1620 2912 1689 prodest
2941 1619 3083 1688 quod
3115 1634 3215 1674 nos
3244 1618 3496 1687 pretiosis
3523 1622 3610 1689 ἴε
3636 1619 3731 1674 liis

2129 1710 2510 1778 laboribtt~qtte
2560 1712 2900 1777 conﬁt-intus,
2951 1721 3007 1766 et
3047 1728 3109 1764 ea
3159 1727 3277 1778 quze
3306 1711 3541 1768 maxime
3583 1711 3732 1769 Deul

2127 1817 2312 1860 noster
2350 1804 2626 1859 desiderat
2671 1820 2777 1859 non
2825 1803 3122 1859 habemus?
3153 1804 3257 1859 hoc
3294 1815 3401 1869 est,
3443 1820 3541 1860 cor
3571 1823 3735 1861 mun-

428 1904 603 1958 tiones
643 1902 905 1964 diverSas,
951 1897 1320 1969 indignitates,
1353 1897 1764 1950 animositates:
1811 1905 1868 1948 ttt
1895 1893 2022 1948 dum
2059 1891 2100 1950 Β
2131 1897 2257 1952 dttm
2311 1909 2363 1952 et
2416 1897 2648 1952 Lberum
2698 1901 2768 1949 ab
2810 1897 2926 1952 istis
2973 1897 3216 1951 minutiis
3245 1898 3728 1968 ttegligentiarttm:

427 1996 590 2050 homo
617 1994 760 2065 quod
793 1992 960 2047 semel
989 1990 1297 2054 desrinavit,
1331 1999 1492 2056 atque
1523 1988 1574 2040 itt
1617 1988 1801 2041 lurore
1831 1987 2025 2041 delini-

427 2089 531 2150 vit,
564 2085 786 2153 implere
813 2081 1123 2146 contendit,
1173 2096 1280 2135 non
1312 2082 1512 2149 cogitet
1539 2079 1796 2133 damnum
1839 2094 2020 2145 suum,

425 2195 533 2233 non
558 2177 808 2247 re~p3eiat
837 2175 903 2229 ad
934 2175 1176 2236 ruinam;
1210 2183 1263 2227 et
1293 2187 1414 2228 cutn
1447 2173 1596 2226 illum
1629 2170 1740 2243 [ΑΙ.
1779 2169 1896 2244 illo]
1929 2171 2028 2227 de-

427 2273 693 2342 posuerit,
727 2281 852 2324 tttttc
881 2270 932 2323 in
967 2269 1137 2322 nihilo
1174 2269 1283 2337 jam
1318 2269 1492 2322 futura
1528 2267 1807 2336 pmttitudo
1837 2282 2026 2322 succe—

425 2365 527 2420 dit.
562 2367 656 2421 llic
685 2379 890 2430 Slillllts,
922 2373 974 2418 et
1011 2363 1108 2417 toti
1144 2377 1248 2416 non
1277 2377 1483 2415 sumtis.
1534 2365 1639 2416 Aut
1667 2363 1810 2415 enini
1841 2361 2025 2415 cordis

425 2457 845 2526 cngitationibus
884 2454 1045 2509 variis
1094 2463 1146 2509 et
1200 2453 1462 2523 improbis
1507 2465 1672 2523 atque
1724 2455 2024 2508 inboneSIis

428 2551 718 2621 agitamttr.
752 2559 841 2601 aut
885 2547 1165 2602 venenatis
1198 2547 1393 2617 lingua:
1434 2546 1626 2616 gladiis
1657 2547 2025 2613 vulnerantur,

429 2658 526 2709 pro
554 2640 793 2695 minimis
821 2650 873 2694 et
905 2640 1238 2708 parvissimis
1266 2639 1427 2694 rebus
1457 2639 1909 2703 scandalizantes,
1943 2637 2025 2692 in-

429 2734 635 2788 terdum
667 2735 827 2787 etiam
860 2732 1024 2803 (quod
1050 2731 1372 2786 monachum
1403 2748 1509 2784 tton
1533 2732 1714 2800 decet)
1746 2732 1798 2785 iit
1824 2732 1948 2785 lites
1970 2740 2027 2786 et

425 2827 595 2895 jnrgia
615 2835 1049 2894 prorumpentes,
1068 2824 1340 2878 interdum
1365 2823 1754 2893 professionem
1781 2834 2022 2878 ιιοειιδεηιι

425 2918 626 2984 Γιιεξιιιςυ
657 2917 1091 2986 transgressione
1115 2917 1399 2982 violamns,
1433 2918 1633 2969 lurtum
1663 2917 1861 2970 inferre
1891 2932 2026 2986 pra:-

426 3009 639 3079 ‘positis,
668 3011 832 3063 itttttto
863 3010 1148 3064 animabus
1181 3011 1378 3063 nustris
1405 3012 1507 3064 sub
1549 3010 1641 3063 Dei
1675 3011 1846 3064 oculis
1875 3025 2025 3064 com-

429 3102 648 3156 mittere
697 3118 800 3156 non
858 3103 1106 3156 timentes
1158 3120 1168 3155 :
1212 3102 1352 3171 qttod
1403 3117 1564 3170 agere
1605 3103 1705 3156 sub
1737 3102 2024 3172 prmseutia

427 3193 838 3263 priepositorntn
883 3209 1152 3255 verentur,
1201 3195 1303 3249 sub
1350 3194 1446 3249 Dei
1475 3194 1650 3250 oculis
1680 3197 2024 3252 eotnmittere

424 3303 532 3340 non
566 3288 853 3351 timemus;
909 3304 1012 3340 non
1044 3287 1282 3342 contenti
1313 3302 1498 3341 sumus
1541 3291 1884 3355 necessariis,
1924 3291 2020 3345 sed
2048 3280 2094 3341 C

431 3395 650 3433 rursum
695 3393 789 3448 per
827 3379 1006 3432 cordis
1045 3388 1286 3446 teporem
1312 3379 1736 3450 abundantiam,
1782 3399 1940 3452 quam
1973 3385 2024 3438 in

425 3473 626 3525 smcnlo
669 3473 1044 3542 relinquimus,
1088 3473 1482 3529 desideramus.
1537 3475 1694 3531 Unde
1741 3494 1845 3531 non
1895 3481 2026 3534 satis

429 3567 810 3638 prodestqnod
834 3587 860 3620 ει
888 3569 1042 3623 nobis
1073 3571 1503 3639 qualescumque
1529 3571 1812 3629 facultates
1839 3575 2028 3630 esciu-

425 3661 622 3727 simus,
656 3663 870 3730 qu:tndo
898 3663 1027 3732 ipsa:
1054 3665 1104 3716 itt
1139 3664 1296 3718 nobis
1325 3664 1644 3718 resederunt
1675 3668 2020 3732 cupiditates.

425 3754 554 3809 Inde
586 3763 669 3809 est
695 3756 834 3825 quod
861 3757 1128 3810 interdum
1167 3756 1235 3812 de
1259 3757 1421 3811 rebus
1449 3758 1786 3827 parvissimis
1816 3761 2022 3817 excita-

426 3865 568 3914 mur,
597 3859 652 3904 et
691 3865 787 3919 pro
814 3851 1000 3905 vilium
1042 3867 1223 3906 rerum
1257 3852 1500 3921 appetitu
1533 3852 1819 3907 vili~simas
1850 3854 2026 3910 inten-

427 3946 598 3996 tiones
632 3957 932 3996 movemus.
991 3944 1102 3996 lioe
1145 3944 1356 4012 quare?
1385 3945 1518 4009 Quia
1569 3944 1696 3999 licet
1738 3947 2025 4016 reliqueri-

425 4049 545 4088 mus
576 4035 627 4088 iit
675 4037 834 4088 rebus
864 4037 1135 4089 esteriora
1170 4035 1332 4100 bona,
1375 4036 1551 4089 adhuc
1584 4045 1760 4090 tamen
1809 4037 1862 4091 in
1907 4052 2025 4092 cor-
2063 4102 2080 4118 .

427 4127 587 4180 dibus
627 4128 763 4181 mala
810 4129 1063 4181 interiora
1097 4128 1422 4193 retinemus;
1473 4138 1527 4182 et
1560 4128 1700 4183 inter
1734 4128 1854 4184 haec
1882 4144 2021 4198 quo-

424 4220 588 4274 modo
616 4221 850 4274 exsultat
877 4221 1224 4276 adversarius
1252 4231 1457 4286 noster,
1491 4221 1707 4289 quando
1740 4238 1838 4276 nos
1873 4223 2025 4277 videt

425 4315 490 4368 ad
536 4315 637 4368 hoc
669 4320 896 4368 maxima
929 4315 1344 4384 contempsisse,
1388 4325 1447 4368 ιιι
1495 4314 1545 4367 io
1579 4314 1815 4369 ntittitnis
1841 4315 2024 4370 defor-

422 4413 564 4463 mius
597 4409 972 4464 vinceremur?
995 4408 1224 4478 Ideoque
1255 4425 1316 4464 ea
1347 4424 1468 4478 qum.
1493 4409 1624 4463 toris
1655 4411 1832 4476 posita
1864 4418 2023 4463 etant

420 4503 689 4572 abjecisse
729 4504 799 4557 nil
835 4503 1080 4570 prodest,
1110 4503 1214 4557 nisi
1247 4505 1408 4558 etiam
1433 4519 1520 4567 ea,
1543 4519 1662 4573 qure
1689 4503 1831 4556 intus
1856 4503 2024 4572 ipf-ius

423 4610 618 4648 anima:
651 4594 949 4648 visceribus
995 4595 1365 4660 aditherttttt,
1406 4595 1665 4650 radicitus
1695 4597 2021 4652 evellmtur.

422 4685 581 4742 Unde
611 4697 666 4740 et
706 4689 994 4755 Apostolus
1037 4702 1142 4740 non
1187 4688 1343 4751 dixit,
1387 4703 1576 4740 aurum
1606 4687 1689 4742 vel
1737 4703 2020 4757 :trgen'utn
2056 4663 2107 4723 θ

421 4779 579 4831 radix
605 4789 676 4831 est
705 4781 931 4830 omnium
959 4781 1233 4845 malorum,
1266 4781 1358 4833 sed
1397 4781 1568 4849 magis
1597 4781 1856 4851 cupiditas
1888 4781 2022 4834 diei—

421 4873 610 4923 tiaram
637 4869 680 4942 (1
724 4869 854 4923 Tim.
888 4886 961 4936 vi,
1007 4871 1126 4943 20);
1166 4882 1219 4926 et
1251 4888 1356 4927 non
1383 4874 1557 4928 solum
1589 4873 1807 4936 divites,
1847 4878 1939 4929 sed
1968 4886 2023 4930 et

419 4965 506 5034 qui
538 4966 711 5017 volunt
739 4965 918 5017 divites
942 4965 1076 5033 fieri,
1105 4967 1332 5019 incidere
1361 4967 1410 5018 in
1436 4965 1678 5034 laqueum
1703 4978 1753 5022 et
1776 4968 2022 5021 tentorio.

419 5075 534 5111 item
568 5057 609 5128 (i
657 5056 788 5113 Tim.
823 5073 896 5121 τι,
928 5057 1007 5128 9).
1047 5058 1184 5128 lirgo
1223 5058 1518 5127 Apostolus
1561 5077 1668 5116 non
1699 5063 1873 5114 solum
1921 5061 2019 5116 Ita-

421 5151 635 5216 bcotes,
671 5151 763 5204 sed
795 5150 966 5217 ipsam
1016 5151 1245 5205 habendi
1282 5154 1624 5220 persequitur
1652 5155 2015 5208 voluntatem.

421 5242 656 5314 ideoque
687 5245 817 5297 niltil
851 5244 1063 5312 proiicit
1105 5245 1265 5298 homo
1293 5246 1646 5316 relinquendo
1686 5249 1828 5317 quod
1867 5259 2020 5302 extra

423 5353 482 5388 se
511 5348 590 5391 est
621 5337 726 5409 [AL
754 5336 962 5410 habet],
993 5341 1080 5406 qui
1109 5338 1237 5392 vitia
1271 5339 1408 5392 intra
1441 5355 1499 5394 se
1528 5349 1694 5395 tenet.
1726 5342 1908 5411 Itaque
1941 5343 2023 5412 (ut

417 5429 578 5500 dixi),
624 5434 844 5495 fratres,
889 5432 975 5487 hic
1006 5447 1212 5498 sumus,
1247 5442 1302 5487 et
1336 5436 1428 5487 toti
1460 5449 1565 5488 nun
1595 5450 1814 5502 sumus;
1848 5447 1902 5491 et
1928 5438 2017 5507 qui

417 5521 559 5578 intra
586 5541 773 5581 muros
803 5527 956 5594 ι)οείιί
989 5527 1074 5582 vix
1107 5528 1435 5591 resistimus,
1466 5528 1518 5581 in
1547 5530 1749 5582 StI‘Ctlit)
1774 5531 2013 5596 expositi

418 5620 546 5688 quid
580 5621 867 5676 iaciemus?
898 5621 1144 5690 Qualiter
1173 5633 1318 5676 stare
1347 5631 1604 5691 poterunt
1629 5624 1678 5676 in
1713 5624 1899 5690 ﬂuctu,
1932 5632 2016 5678 at-

418 5727 524 5780 que
563 5711 616 5765 itt
665 5713 783 5778 ipso
807 5714 1212 5768 eoilttctantittm
1248 5723 1624 5783 tempestatum
1670 5715 1891 5783 impetu,
1922 5717 2012 5787 qtti

419 5810 530 5855 tam
585 5805 817 5870 graviter
873 5805 1245 5872 periclitantur
1311 5807 1362 5861 itt
1425 5807 1615 5875 portu?
1668 5805 1901 5878 Idqutte
1959 5811 2013 5866 in

421 5900 680 5979 quantum
707 5907 1014 5964 possumus,
1057 5899 1277 5956 stabiles
1311 5899 1497 5972 simus,
1536 5900 1586 5954 in
1623 5899 1724 5957 hoc
1753 5901 2015 5974 tranquil-

2130 2003 2266 2058 quos
2291 1987 2380 2058 qui
2414 2006 2517 2041 non
2547 1988 2800 2043 observat
2829 1988 3084 2059 paulatim
3110 1988 3316 2055 deﬂuit,
3348 2001 3398 2044 et
3423 1989 3488 2043 ad
3522 1989 3730 2060 majora

2130 2081 2449 2150 prolabitur.
2485 2080 2616 2136 illud
2653 2097 2784 2152 ergo
2839 2081 3105 2153 imprimis
3149 2081 3350 2136 habere
3389 2082 3728 2149 Studeamus,

2130 2173 2272 2244 quod
2301 2174 2353 2227 in
2386 2174 2542 2230 nobis
2566 2174 2825 2228 Dominus
2851 2184 3037 2228 noster
3062 2182 3362 2238 exspecmt,
3394 2173 3446 2227 id
3469 2183 3578 2239 est,
3605 2187 3730 2229 sua-

2131 2284 2250 2322 vem
2283 2269 2679 2335 benignumque
2703 2283 3032 2332 sermonem,
3070 2278 3305 2323 mentem
3339 2268 3408 2322 ab
3435 2269 3587 2324 muni
3617 2284 3734 2323 ma-

2131 2361 2350 2424 ledicm,
2381 2361 2450 2414 ab
2475 2361 2623 2415 omni
2648 2360 2850 2414 malitia
2884 2361 3130 2425 liberam,
3158 2369 3210 2414 et
3230 2361 3482 2415 (levitatis
3509 2361 3595 2416 bis
3620 2360 3734 2430 qui—

2130 2456 2232 2510 hus
2262 2456 2492 2526 Spiritus
2532 2466 2753 2510 sanctus
2799 2454 3120 2518 oilenditur,
3171 2453 3496 2517 humilitati,
3529 2453 3730 2522 quieti,

2130 2548 2384 2604 charitati
2414 2564 2633 2617 operam
2657 2549 2846 2604 dantes
2870 2545 2976 2619 [ΑΙ.
2995 2543 3265 2618 dantem]:
3297 2548 3411 2600 lta-c
3433 2557 3560 2601 sunt
3593 2561 3736 2617 prte-

2131 2643 2286 2710 cipua
2337 2641 2625 2709 sacriﬁcia,
2681 2639 2796 2694 Ita-c
2849 2640 3060 2708 pinguia
3111 2638 3446 2702 holocausta,
3500 2652 3624 2706 qum
3675 2635 3736 2693 in

2129 2744 2425 2803 Conspectu
2475 2732 2685 2787 Domini
2728 2733 2779 2786 in
2809 2732 3031 2785 odorem
3082 2731 3365 2784 suavitatis
3400 2727 3731 2796 ascendunt,

2132 2826 2236 2882 hoc
2261 2827 2424 2882 etiam
2467 2826 2702 2880 maxime
2740 2823 3075 2887 Studeamus,
3108 2832 3167 2876 ut
3203 2822 3291 2876 illa
3317 2838 3439 2892 qua:
3470 2822 3524 2875 in
3554 2822 3733 2875 hono-

2130 2937 2248 2979 rem
2278 2922 2485 2976 Domini
2509 2922 2677 2975 nostri
2703 2922 2936 2988 agimus,
2958 2933 3080 2971 cum
3105 2917 3256 2972 claro
3277 2931 3501 2986 agamus
3524 2914 3733 2981 animo,

2133 3034 2256 3074 eum
2291 3017 2410 3072 lidei
2443 3015 2661 3086 gaudio,
2697 3025 2751 3069 et
2779 3029 2902 3068 cum
2935 3012 3077 3067 bono
3106 3026 3170 3068 ac
3198 3011 3407 3066 devota:
3437 3008 3735 3064 voluntatis

2131 3113 2348 3168 all‘ectu.
2369 3109 2639 3180 Quidquid
2665 3125 2795 3164 vero
2819 3107 2968 3161 inviti
2997 3117 3157 3172 atque
3179 3105 3444 3174 compulsi
3477 3102 3734 3167 facimus,

2131 3206 2448 3260 noverimus
2479 3218 2579 3257 nos
2609 3218 2674 3257 ex
2706 3217 2772 3256 eo
2801 3217 2909 3255 non
2938 3197 3113 3254 solum
3149 3197 3354 3252 nullum
3387 3195 3591 3250 habere
3621 3193 3737 3249 fru-

2127 3311 2298 3362 ctum,
2329 3299 2422 3353 sed
2454 3297 2744 3350 maximum
2782 3295 3059 3348 incurrere
3098 3291 3486 3346 detrimentum
3515 3307 3528 3342 :
3565 3287 3739 3342 facia-

2133 3410 2250 3448 mus
2279 3391 2511 3463 aliquem
2541 3387 2646 3460 [ΑΙ.
2674 3385 2864 3459 alicut]
2895 3387 3009 3440 viro
3040 3383 3248 3449 potenti
3278 3378 3738 3450 oltseqttiumsol-

2129 3504 2278 3554 vere,
2321 3485 2463 3556 quod
2518 3485 2701 3553 utique
2739 3483 3053 3549 superiores
3092 3492 3340 3550 persona:
3377 3491 3406 3530 a
3438 3473 3737 3529 clientibus

2129 3581 2239 3635 suis
2288 3589 2603 3646 exspectare
2629 3583 3030 3631 consueverunt
3059 3590 3071 3626 :
3122 3585 3301 3626 nonne
3329 3571 3372 3623 si
3407 3583 3505 3622 nos
3538 3564 3738 3620 viderit

2130 3673 2295 3727 homo
2325 3671 2415 3727 ille
2443 3669 2688 3725 debitum
2719 3667 2822 3721 sibi
2852 3665 3091 3720 officium
3138 3665 3306 3716 invito
3332 3671 3494 3729 atque
3517 3667 3738 3713 extorto

2129 3767 2332 3831 animo,
2365 3765 2528 3820 etiam
2554 3778 2677 3817 cttm
2705 3761 2938 3830 quodam
2984 3757 3247 3814 exhibere
3276 3754 3515 3818 fa~tidio,
3553 3766 3739 3807 nonne

2129 3861 2301 3929 magis
2329 3859 2432 3913 sibi
2466 3858 2662 3914 factam
2704 3855 2973 3926 judicaret
2999 3852 3107 3925 [ΑΙ.
3137 3847 3422 3922 indicaret]
3455 3847 3732 3918 injuriam,

2127 3966 2182 4010 et
2221 3953 2550 4009 eshottorari
2585 3967 2646 4007 se
2673 3950 3019 4019 potittsqtt-ttn
3049 3945 3223 4001 excoli
3257 3944 3656 4014 ρτοιιιιηοίιτνι.
3682 3951 3737 3996 et

2128 4047 2396 4113 ejusmodt
2427 4045 2719 4115 negligenti
2749 4053 2911 4110 atque
2953 4041 3212 4095 indevoto
3255 4036 3519 4092 olfensam
3549 4034 3736 4102 petius

2127 4140 2377 4196 crederet
2424 4152 2545 4193 esse
2588 4134 2932 4190 referendam
2969 4147 3130 4202 quam
3178 4127 3444 4200 gratiam?
3494 4126 3552 4182 Si
3603 4139 3736 4196 ergo

2129 4233 2311 4286 cultus
2340 4238 2500 4295 atque
2527 4229 2699 4282 honor
2728 4225 2962 4281 hominis
2991 4223 3361 4284 ductionem,
3388 4219 3575 4280 iidem,
3601 4217 3738 4272 hila-

2129 4325 2344 4379 ritatem
2380 4325 2628 4391 requirit,
2659 4321 2731 4375 ibi
2773 4321 2958 4388 utique
2985 4317 3253 4373 interdum
3304 4315 3499 4371 melior
3528 4325 3610 4370 est
3645 4313 3734 4370 ille

2131 4432 2160 4471 a
2204 4433 2312 4486 quo
2352 4417 2531 4472 cultus
2577 4416 2695 4486 ipse
2734 4414 3044 4479 exhibetur,
3068 4428 3227 4482 quant
3259 4411 3348 4466 ille
3376 4411 3470 4480 qtti
3511 4409 3730 4474 colitur,

2131 4510 2224 4564 ubi
2256 4510 2460 4564 nttllttm
2492 4508 2722 4563 fructum
2747 4505 3065 4561 oliiciosi'as
3087 4505 3198 4571 ipsa
3225 4505 3605 4571 consequitur,
3636 4500 3732 4558 sed

2131 4602 2234 4656 hoc
2262 4602 2438 4656 solum
2470 4600 2680 4656 fruetus
2702 4607 2806 4663 est,
2838 4599 2881 4652 si
2916 4607 3189 4654 mereatur
3215 4605 3503 4660 susceptos
3527 4595 3726 4650 vocari.

2131 4699 2344 4764 Quanto
2368 4696 2538 4763 magis
2562 4710 2661 4750 nos
2689 4696 2742 4748 in
2773 4693 2981 4748 honore
3009 4693 3097 4746 itei
3129 4691 3299 4745 nostri
3320 4690 3626 4745 observare
3647 4689 3728 4744 de-

2131 4793 2343 4855 bemus,
2370 4806 2436 4845 ne
2463 4790 2532 4844 ad
2556 4788 2814 4857 obsequia
2846 4787 2967 4855 ejus
2997 4785 3235 4841 indcvoti
3259 4795 3422 4852 atque
3440 4781 3725 4851 compulsi,

2129 4901 2199 4940 ne
2219 4886 2428 4951 tristes,
2450 4897 2518 4938 ne
2548 4881 2742 4952 ingrati
2777 4880 3035 4948 invitique
3065 4879 3366 4938 veniamus,
3420 4885 3614 4930 etnon
3647 4889 3727 4928 re-

2129 4979 2323 5044 spiciat
2353 4979 2492 5032 Deus
2515 4976 2580 5027 ad
2613 4988 2836 5028 munera
2865 4987 2986 5039 qua:
3018 4969 3309 5040 n--gligenti
3340 4984 3403 5020 ac
3431 4969 3523 5023 vili
3553 4967 3728 5022 animo

2129 5069 2472 5124 offeruntur?
2512 5066 2628 5121 Non
2672 5067 2817 5120 enim
2853 5064 3078 5128 homini,
3129 5063 3224 5116 sed
3257 5059 3332 5116 illi
3381 5064 3562 5130 potius
3601 5059 3727 5114 ﬁdes

2127 5171 2310 5216 nostra
2344 5161 2670 5216 servituram
2701 5173 2758 5212 se
2794 5172 2915 5211 esse
2956 5156 3228 5225 promisit.
3257 5155 3345 5208 ctti
3389 5153 3457 5206 ad
3500 5164 3724 5208 mortem

2126 5272 2299 5327 usque
2324 5255 2554 5319 servire,
2587 5254 2670 5308 vri
2695 5253 2867 5321 ipsam
2893 5250 3223 5320 impendisse
3245 5249 3508 5309 animam.
3541 5261 3724 5315 parum

2127 5347 2291 5402 debet
2313 5346 2508 5410 videri;
2531 5344 2687 5414 cujus
2705 5358 2764 5399 se
2792 5341 3067 5412 obsequiis
3089 5353 3252 5410 atque
3269 5340 3551 5396 bent-liciis
3567 5339 3724 5395 etiam

2129 5441 2228 5509 ipsi
2260 5440 2434 5509 angeli
2468 5438 2707 5508 impares
2737 5437 3088 5492 confitentur.
3110 5435 3205 5488 (lui
3241 5446 3578 5502 postremum
3610 5445 3724 5487 eum

2130 5542 2302 5586 tuttmt
2333 5531 2620 5598 debeatur,
2666 5529 2796 5583 nihil
2831 5541 3007 5583 tamen
3039 5527 3208 5596 gratis
3233 5526 3489 5592 solvitur,
3516 5525 3612 5580 sed
3643 5538 3725 5581 re-

2127 5627 2561 5682 munerationem
2584 5623 2738 5694 quasi
2757 5626 2874 5693 ipse
2896 5621 3134 5677 vicissim
3179 5619 3393 5674 debitor
3416 5618 3590 5674 factus
3613 5615 3724 5674 red-

2124 5719 2226 5782 dit,
2255 5735 2354 5790 pro
2383 5717 2726 5772 exsnltttiunc
2756 5716 3092 5778 tiehitoruitt,
3143 5723 3194 5768 et
3247 5728 3344 5781 pro
3373 5712 3593 5776 exiguis
3627 5710 3721 5764 ill-

2127 5827 2311 5864 mettsa
2345 5810 2612 5865 re5titttet.
2641 5809 2745 5863 Pro
2769 5808 2866 5863 hac
2894 5810 3037 5864 enim
3061 5806 3258 5862 misera
3288 5807 3419 5874 vita,
3448 5815 3503 5861 et
3532 5799 3720 5860 iaborlv

2126 5903 2228 5968 bus
2253 5913 2308 5961 et
2347 5901 2624 5960 doloribus
2656 5901 2834 5972 plena.
2869 5900 2921 5958 in
2952 5914 3056 5976 qua
3091 5908 3146 5955 et
3168 5914 3299 5956 usus
3331 5898 3515 5958 brevis
3539 5903 3644 5964 est.
3667 5899 3718 5960 et

3416 6029 3447 6038 Ἠ
3499 6027 3516 6032 ..
