4024 6336
413 361 510 420 ΒΜ

1415 350 1473 407 S.
1513 345 1840 406 EUCHERII
1878 343 2352 404 LUGDUNENSIS
2389 342 2688 402 EPISCOPI

3571 345 3680 404 852

413 476 606 545 gimur,
638 479 896 543 quantum
925 466 1107 530 video,
1142 463 1449 520 inimicitias
1474 472 1664 518 contra
1703 470 1994 530 utrumque
2018 465 2076 524 Α
2097 460 2229 516 dere
2258 476 2364 516 non
2395 462 2692 517 valeamus.
2726 461 2770 517 0
2799 475 2959 532 quam
2988 459 3302 533 frequenter
3329 463 3679 532 iudicationis

413 565 755 632 suscipimus.
786 561 1016 616 Tantum
1043 558 1202 614 nobis
1229 557 1432 612 laboris
1457 555 1742 610 indicimus
1764 562 1991 624 propter

412 657 666 718 animam,
688 661 744 708 et
761 651 895 707 nihil
921 650 1279 721 impendimus
1315 646 1480 703 studii
1509 649 1652 702 circa
1679 646 1852 716 ipsam
1875 642 1994 700 ani-

414 763 576 801 mam.
601 743 984 802 lnterdiximus
1005 742 1163 798 nobis
1184 741 1427 796 diversas
1450 739 1638 795 saeculi
1665 738 1990 808 voluptates,

414 841 588 896 varios
628 837 939 892 deliciarum
993 849 1248 903 sapores,
1296 835 1352 888 in
1389 832 1584 902 quibus
1629 842 1748 887 erat
1789 829 1991 900 aliquid

414 928 765 998 iucunditatis
785 937 945 997 atque
977 925 1314 991 dulcedinis;
1345 934 1398 980 et
1422 938 1562 979 nunc
1590 921 1860 980 abstinere
1883 937 1992 998 non

413 1037 698 1092 possumus
723 1036 752 1074 a
779 1020 1054 1090 superbia,
1091 1019 1159 1074 ab
1195 1019 1311 1085 ira,
1353 1019 1420 1074 ab
1463 1016 1676 1072 invidias
1717 1015 1995 1071 venenatis

415 1115 776 1182 passionibus,
813 1111 1084 1183 inquibus
1114 1111 1246 1166 nihil
1289 1121 1396 1176 est,
1417 1111 1522 1166 nisi
1550 1108 1805 1180 quidquid
1843 1124 1994 1164 aina-

416 1207 666 1261 ritudinis
693 1215 852 1274 atque
873 1205 1118 1260 rancoris
1143 1215 1252 1259 est.
1273 1204 1500 1272 Propter
1518 1216 1756 1257 amorem
1780 1199 1997 1257 Domini

415 1301 584 1355 nostri
615 1301 681 1354 ad
713 1299 1099 1369 relinquendos
1139 1299 1330 1352 dulces
1372 1295 1677 1351 aﬂectuset
1705 1294 1868 1350 chara
1918 1293 1998 1363 pi-

417 1407 588 1462 gnora
623 1391 903 1447 fortissimi
935 1392 1168 1457 fuimus,
1192 1389 1608 1458 iucundissimos
1631 1387 1995 1457 plissimorum

418 1486 597 1538 vultus
621 1491 910 1553 parentum
938 1485 1094 1553 quasi
1125 1482 1428 1538 odissemus
1446 1523 1461 1548 ,
1494 1481 1565 1535 ita
1590 1481 1844 1551 fugimus.
1874 1479 1999 1535 Bel-

419 1575 531 1630 lum
558 1576 958 1645 quodammodo
982 1576 1163 1646 pietati
1196 1576 1293 1643 ipsi
1327 1575 1636 1642 indiximus,
1679 1584 1743 1630 et
1767 1589 1907 1630 nunc
1930 1575 1999 1630 ad

419 1667 765 1722 declinandas
807 1667 1180 1738 negligentias,
1215 1667 1281 1721 ad
1321 1666 1672 1736 expugnanda
1727 1666 1996 1722 levissim

419 1760 541 1832 [AL
585 1757 886 1829 lenissima]
913 1759 1040 1814 vitia
1083 1758 1278 1814 infirmi
1321 1774 1385 1814 ac
1429 1759 1647 1814 desides
1687 1772 1898 1813 sumus.
1941 1758 1996 1813 In

419 1852 718 1906 abdicanda
748 1854 931 1907 saeculi
973 1853 1314 1922 iucunditate
1348 1863 1452 1906 tam
1501 1868 1692 1922 magna
1734 1852 1998 1922 prtemisi-

420 1960 560 2005 mus,
593 1957 645 1999 et
671 1961 808 2000 nunc
833 1946 1178 2013 maledicere,
1207 1947 1534 2010 obtrectare,
1566 1945 1768 2002 moveri
1811 1955 2000 2002 contra

420 2037 566 2101 viiia,
603 2038 822 2103 insuper
843 2047 896 2091 et
927 2039 978 2091 in
1012 2039 1284 2092 hominem
1311 2039 1494 2106 irasci,
1540 2047 1594 2093 et
1623 2038 1998 2105 scandalizari,

421 2129 536 2183 bzcc
579 2129 795 2183 vincere
824 2129 1177 2197 impossibile,
1208 2144 1272 2183 ac
1313 2144 1471 2198 supra
1518 2129 1806 2184 humanam
1839 2140 1996 2198 puta-

421 2237 540 2275 mus
563 2237 684 2278 esse
709 2224 988 2278 virtutem.
1019 2224 1122 2279 Sed
1153 2224 1298 2294 quod
1321 2238 1466 2278 nunc
1494 2224 1548 2278 in
1587 2224 1886 2279 minoribus
1911 2239 2000 2280 cc-

421 2316 616 2385 dimus,
659 2332 754 2385 per
792 2317 918 2370 vitia
948 2327 1128 2371 nostra
1176 2316 1276 2384 ipsi
1317 2331 1424 2371 non
1453 2331 1790 2372 accusamus.
1824 2316 1998 2372 Doce-

425 2422 545 2461 mus
576 2408 718 2461 enim
749 2408 890 2475 quod
924 2406 1181 2477 quidquid
1220 2421 1362 2461 nunc
1389 2408 1617 2476 agimus,
1665 2423 1768 2461 non
1800 2407 2002 2477 impos-

423 2500 702 2554 sibilitatis
742 2509 844 2562 est,
879 2499 975 2555 sed
1009 2500 1230 2570 teporis.
1265 2499 1520 2570 Ideoque,
1569 2499 1786 2565 fratres,
1829 2500 2002 2569 respi-

422 2593 628 2646 ciamus
659 2591 730 2645 ad
765 2591 920 2646 fidem
952 2591 1094 2647 illam
1148 2592 1521 2662 lerveremque
1563 2607 1670 2662 quo
1705 2593 1998 2660 cepimus,

425 2693 479 2738 et
507 2684 572 2737 ad
604 2684 901 2739 ornandum
931 2685 1359 2739 Conversatiouis
1399 2687 1596 2739 nostra:
1625 2699 1781 2738 usum
1810 2685 2000 2738 saltem

423 2775 490 2830 de
520 2777 830 2845 primordiis
859 2777 1057 2831 nostris
1091 2791 1365 2831 sumamus
1393 2776 1700 2845 exemplum
1727 2795 1739 2829 :
1765 2777 1809 2831 si
1855 2777 1995 2846 peri-

422 2867 664 2922 culosum
693 2877 778 2924 est
807 2883 910 2923 non
941 2869 1181 2939 quotidie
1219 2869 1421 2938 aliquid
1470 2869 1769 2934 addidisse,
1801 2878 2002 2940 quanto

423 2961 778 3030 periculosius
801 2971 884 3016 est
904 2963 1066 3017 etiam
1096 2963 1162 3015 ab
1185 2961 1353 3016 initiis
1379 2963 1705 3016 recessisse?
1736 2960 1883 3030 Opus
1921 2970 2004 3016 est

422 3068 551 3124 ergo
582 3063 639 3108 ut
681 3055 1016 3124 corporalem
1066 3055 1305 3109 laborem
1352 3055 1612 3124 spiritalis
1667 3055 1892 3117 fructus,
1948 3054 2000 3108 id

422 3155 525 3212 est,
549 3161 758 3202 morum
781 3147 1087 3206 emendatio
1109 3147 1482 3216 subsequatur.
1509 3145 1644 3199 Vitia
1665 3161 1784 3215 qua:
1804 3154 2006 3199 utrum-

2095 551 2319 619 malum,
2366 553 2620 609 vanitatis
2658 567 2724 608 ac
2757 553 3035 624 iactantiae
3083 555 3358 620 morbum,
3405 556 3534 612 dum
3576 573 3684 614 non

2095 643 2384 708 sentimus,
2412 644 2732 700 incurrimus
2755 647 2770 699 l
2798 646 2969 712 Quam
2993 645 3306 717 frequenter
3333 647 3553 702 invidiae
3573 650 3682 718 spi-

2096 733 2202 788 ritu
2229 734 2529 799 adurimur,
2568 735 2649 790 vel
2677 736 2976 792 inhonestis
3004 747 3167 807 atque
3193 737 3450 794 obscenis
3475 740 3683 809 cogita-

2095 823 2332 880 tionibus
2362 825 2415 878 in
2451 827 2565 894 ipso
2596 841 2718 882 esse
2744 827 3147 898 confundimur,
3175 837 3232 885 et
3275 829 3685 900 perceptionem

2097 915 2336 971 vulneris
2365 917 2544 972 nullus
2573 919 2817 987 sequitur
2864 934 3056 976 sensus
3097 921 3323 986 doloris,
3355 921 3508 977 nulla
3553 935 3687 978 con-

2097 1007 2243 1064 tritio
2284 1011 2745 1079 compunctionis!
2776 1012 2879 1067 Sed
2921 1012 3048 1083 quid
3079 1029 3179 1084 ego
3213 1015 3280 1070 de
3325 1015 3410 1070 his
3455 1015 3686 1071 occultis

2097 1100 2309 1170 loquor,
2340 1117 2460 1171 qua:
2486 1103 2796 1172 serpentino
2829 1107 3058 1174 quodam
3091 1105 3242 1174 lapsu
3266 1107 3333 1162 ad
3366 1109 3539 1176 ipsam
3572 1108 3686 1164 ani-

2097 1207 2238 1252 mam
2264 1205 2629 1263 penetrantes,
2667 1207 2940 1252 venenato
2961 1198 3176 1254 nescios
3199 1208 3256 1256 et
3276 1200 3494 1270 ignaros
3519 1201 3686 1258 dente

2097 1286 2438 1356 percutiunt?
2478 1289 2677 1358 apertis
2724 1289 2992 1345 interdum
3021 1305 3050 1343 a
3076 1291 3365 1360 nobisipsis
3400 1293 3688 1349 seandalo-

2098 1395 2216 1436 rum
2263 1379 2420 1435 bellis
2464 1381 2798 1447 collidimur,
2846 1381 3332 1438 obtrectationibus
3361 1398 3428 1438 ac
3458 1383 3687 1454 malelo-

2099 1475 2240 1544 quiis
2269 1474 2462 1544 linguae
2489 1483 2710 1537 nostra,
2745 1474 2893 1530 velut
2915 1476 3133 1544 proprio
3155 1490 3415 1531 mucrone
3441 1476 3686 1532 confodi-

2101 1583 2242 1634 [ηπ.
2266 1583 2386 1624 cum
2420 1568 2566 1624 vitiis
2597 1569 2869 1626 interdum
2901 1569 3064 1624 etiam
3089 1568 3143 1622 in
3173 1569 3492 1640 praapositos
3520 1570 3686 1626 illatis

2100 1660 2383 1725 violamur,
2415 1668 2472 1716 et
2486 1661 2551 1738 .in
2598 1675 2782 1720 eorum
2815 1661 3027 1730 injuriis
3070 1660 3248 1731 ipsum
3276 1661 3686 1732 quodammodo

2099 1750 2372 1808 Christum
2402 1751 2687 1806 Dominum
2708 1752 3131 1822 colaphisamus,
3154 1753 3245 1823 qui
3268 1752 3404 1808 dixit
3430 1771 3444 1806 :
3472 1753 3576 1822 Qui
3598 1771 3689 1810 vos

2029 1847 2074 1907 Β
2101 1845 2316 1915 spernit,
2342 1861 2421 1898 me
2443 1846 2640 1912 spernit
2670 1843 2832 1914 (Luc.
2864 1861 2920 1911 x,
2952 1844 3019 1900 16
3038 1845 3094 1915 );
3121 1855 3176 1900 et
3201 1845 3386 1901 nullus
3407 1845 3691 1903 conscien-

2102 1935 2191 1990 tim
2220 1937 2524 2006 scrupulus,
2557 1937 2701 1992 nulla
2729 1939 3159 2004 compunctionis
3183 1938 3451 1995 medicina
3491 1940 3688 1996 subse-

2098 2029 2297 2099 quitur.
2349 2031 2455 2087 Sed
2497 2031 2624 2099 quid
2669 2031 2721 2086 in
2765 2033 2921 2087 nobis
2968 2033 3287 2088 medicinam
3347 2035 3690 2102 pmnitentiar

2098 2137 2282 2192 quaero
2310 2123 2427 2195 [AL
2455 2124 2784 2193 ptenitentia:
2812 2127 3041 2195 gemitus
3071 2125 3325 2200 quem]?
3363 2130 3571 2186 utinam
3611 2129 3692 2186 in-

2103 2215 2312 2274 tardum
2339 2224 2463 2285 post
2503 2227 2770 2286 speratam
2799 2220 3012 2276 veniam
3041 2236 3148 2276 non
3177 2221 3534 2290 pmniteatur!
3579 2225 3691 2278 uti-

2101 2320 2223 2360 nam
2241 2323 2347 2361 non
2373 2307 2661 2376 paeniteret
2686 2310 2978 2376 humiliari,
3006 2327 3143 2382 quos
3166 2329 3273 2369 non
3299 2316 3522 2383 poenitet
3544 2331 3688 2386 prae-

2100 2397 2303 2452 veniri!
2336 2397 2681 2468 Respondeat
2719 2403 2849 2458 mihi
2891 2403 2979 2458 illa
3009 2405 3185 2459 anima
3227 2422 3347 2476 qute
3401 2420 3686 2478 peccatum

2102 2505 2257 2544 suum
2303 2493 2616 2548 confusione
2644 2494 2918 2550 mortifera
2948 2497 2998 2549 in
3025 2509 3319 2566 conspectu
3343 2498 3567 2554 fratrum
3600 2502 3684 2556 sic

2103 2598 2398 2652 agnoscere
2427 2587 2660 2652 erubuit,
2695 2590 2962 2656 quomodo
3006 2589 3177 2644 vitare
3219 2591 3522 2658 debuisset,
3550 2595 3684 2664 quid

2103 2673 2268 2732 faciet
2307 2692 2428 2731 cum
2460 2688 2585 2734 ante
2613 2680 2845 2735 tribunal
2876 2681 3136 2747 divinum,
3171 2698 3290 2738 cum
3318 2696 3446 2740 ante
3477 2684 3592 2758 [AL
3631 2697 3692 2743 et

2103 2767 2260 2840 ante]
2289 2769 2529 2826 caelestis
2556 2771 2760 2828 militia:
2792 2773 2949 2828 fuerit
2977 2785 3298 2844 praescntata
3337 2780 3689 2834 consessum!

2105 2859 2239 2914 Cum
2273 2863 2398 2917 hinc
2423 2872 2585 2931 atque
2616 2865 2740 2919 inde
2771 2864 2921 2935 quasi
2951 2866 3268 2936 quibusdam
3322 2867 3691 2926 vehementis-

2105 2951 2256 3008 simis
2303 2954 2530 3008 testibus
2563 2956 2739 3025 urgeri
2780 2957 3027 3026 cmperit,
3055 2957 3327 3013 veteribus
3353 2943 3690 3017 circumdata

2107 3044 2282 3106 malis,
2327 3060 2446 3114 quae
2478 3061 2573 3116 per
2604 3046 2916 3102 humilitatis
2944 3057 2998 3102 et
3037 3050 3466 3120 compunctionis
3511 3067 3692 3108 reme-

2105 3134 2252 3190 dium
2295 3151 2486 3191 curare
2532 3138 2722 3204 noluit,
2765 3139 2890 3193 dum
2941 3140 3159 3206 licebat,
3210 3157 3332 3212 quae
3381 3144 3693 3212 praepositis

422 3253 526 3308 que
551 3237 819 3294 hominem
866 3239 1153 3308 impetuut,
1188 3239 1608 3308 uniuscujusque
1655 3237 1843 3292 labore
1883 3239 2001 3291 vin-
2027 3222 2071 3283 C
2103 3227 2470 3283 subtrahendo
2494 3243 2653 3299 atque
2678 3232 2905 3286 celando
2926 3241 3132 3288 interno
3162 3235 3398 3288 examini
3427 3246 3592 3306 atque
3621 3254 3693 3291 ze-

422 3329 591 3384 cenda
622 3339 746 3383 sunt
787 3341 947 3399 atque
987 3331 1367 3400 expugnanda.
1402 3328 1594 3383 Parum
1640 3329 1859 3398 prodest
1885 3345 2004 3383 car-

421 3421 508 3474 nis
545 3420 821 3483 contritio,
853 3421 900 3474 si
932 3435 1037 3475 non
1070 3421 1329 3476 habeatur
1369 3421 1548 3475 cordis
1591 3421 1899 3476 sollicitudo
1947 3431 2004 3477 et

421 3513 618 3565 mentis
644 3511 889 3566 intentio.
911 3511 1062 3576 Quod
1086 3512 1130 3563 si
1154 3512 1329 3566 solum
1358 3511 1563 3567 laboret
1579 3527 1794 3580 corpus,
1819 3522 1873 3567 et
1895 3513 1998 3582 spi-

418 3605 557 3657 ritus
587 3611 774 3658 noster
803 3593 1084 3673 repugnet.
1113 3603 1239 3674 quid
1273 3603 1493 3673 prodest
1517 3606 1796 3673 passiones
1824 3606 2000 3674 impu-

418 3697 571 3767 gnari
597 3711 627 3750 a
657 3696 872 3761 famula,
905 3713 1023 3766 quae
1054 3713 1240 3766 pacem
1272 3699 1618 3752 inveniuntur
1646 3699 1847 3755 habere
1873 3714 1996 3754 cum

420 3787 673 3844 domina?
708 3789 840 3843 Nam
867 3789 1038 3844 levius
1066 3798 1172 3855 est,
1201 3789 1245 3842 si
1279 3789 1547 3843 interdum
1585 3803 1712 3844 caro
1759 3789 1871 3844 sola
1900 3790 1998 3844 im-

419 3879 835 3949 sugnstionibus
858 3879 1284 3950 quibuscumque
1315 3889 1564 3944 vexetur,
1609 3880 1759 3935 verbi
1787 3883 1957 3952 gratia
1980 3923 1994 3947 ,

424 3975 458 4019 ιώ
489 3972 921 4040 concupiscentia
948 3973 1102 4042 gula
1142 3987 1204 4034 ac
1228 3973 1457 4028 luxuria:
1499 3971 1703 4028 aculeis
1735 3973 1999 4042 inquiete-

416 4073 520 4121 tur.
559 4064 700 4119 Fieri
733 4066 890 4119 enim
925 4073 1102 4133 potest
1141 4073 1201 4118 ut
1230 4065 1295 4119 ad
1326 4079 1487 4119 omne
1517 4063 1636 4136 [AL
1673 4064 1739 4119 ad
1770 4064 1996 4135 animae]

416 4173 522 4214 non
569 4158 849 4227 perveniat
884 4158 1202 4227 periculum,
1233 4158 1280 4213 si
1312 4173 1462 4212 mens
1493 4168 1714 4229 respuat
1752 4160 1999 4230 volupta-

416 4258 546 4306 tem.
595 4249 826 4318 Quodsi
853 4249 1297 4326 concupiscentia.
1336 4253 1536 4320 peccati
1570 4268 1749 4308 arcem
1801 4256 1996 4308 mentis

419 4342 681 4408 obtineat,
721 4343 864 4412 quidi
895 4342 1032 4397 mihi
1058 4342 1298 4412 prodest,
1327 4342 1372 4396 si
1409 4342 1647 4397 nondum
1697 4344 1997 4400 maculatus

419 4433 666 4489 videatur
702 4434 938 4489 exterior
967 4433 1459 4507 [homoimsliore
1485 4437 1566 4490 sui
1599 4447 1750 4505 parte
1775 4437 1996 4492 vitiata?

416 4523 472 4580 Si
499 4525 640 4579 enim
669 4524 894 4580 interior
917 4528 1089 4580 victus
1110 4536 1216 4593 est,
1236 4526 1346 4595 iam
1373 4536 1596 4597 uterque
1622 4528 1866 4597 captivus
1888 4538 1988 4584 est.

414 4613 553 4684 Quid
585 4616 822 4684 prodest,
854 4618 900 4670 si
923 4627 1072 4672 extra
1101 4618 1374 4672 civitatem
1405 4634 1660 4687 geramus
1686 4620 1910 4685 bellum,
1941 4630 1996 4677 et

412 4707 558 4760 intus
589 4707 853 4775 patiamur
896 4709 1200 4764 excidium?
1241 4709 1476 4782 Ideoque
1508 4712 1554 4766 si
1583 4728 1669 4768 me
1699 4712 1768 4767 de
1801 4714 1996 4783 vigiliis

412 4807 771 4854 revertentem
799 4798 1177 4857 inobedientiae
1201 4804 1400 4872 passio,
1424 4803 1721 4874 si-spiritus
1753 4805 1992 4871 invidiae,

412 4891 459 4946 si
487 4891 826 4946 consuetudo
865 4893 1275 4949 obtrectationis
1311 4897 1576 4964 excipiat,
1622 4897 1664 4952 si
1713 4897 1779 4952 ad
1821 4905 1996 4954 trans-

409 4982 742 5053 gressionem
769 4985 966 5054 regular
997 4989 1344 5055 praesumptio
1376 4986 1576 5042 furtiva
1615 4988 1898 5053 sollicitet,
1936 4998 1992 5046 et

409 5075 454 5130 si
494 5075 700 5130 zisania
731 5076 912 5131 tritico
940 5077 1153 5143 miscui,
1195 5079 1336 5149 quod
1367 5080 1588 5136 videbar
1628 5095 1990 5151 congregasse

407 5168 658 5238 disponi,
685 5184 849 5236 spem
867 5171 1273 5226 messisavibus
1299 5174 1530 5243 ferisque
1558 5173 1777 5228 donavi.
1807 5172 1884 5227 Ac
1911 5174 1990 5228 sic

407 5274 517 5313 uno
573 5270 847 5315 momento
901 5261 1140 5316 laborem
1208 5263 1374 5318 tctius
1449 5264 1626 5318 noctis
1677 5263 1881 5328 effudi,
1939 5273 1994 5320 ot

410 5353 553 5421 quod
605 5352 757 5423 peius
797 5365 901 5418 est,
954 5370 1053 5410 nec
1093 5355 1344 5411 effudisse
1392 5373 1479 5413 me
1533 5359 1702 5414 sensi.
1744 5359 1868 5413 llaec
1911 5369 1994 5414 est

309 5440 326 5462 ’
409 5445 553 5499 enim
587 5445 946 5513 spiritualium
993 5448 1260 5503 bonorum
1292 5449 1462 5516 ratio,
1511 5458 1569 5506 ut
1610 5465 1732 5504 cum
1764 5450 1891 5523 [Αι.
1941 5459 1995 5505 et

411 5535 572 5610 cum]
601 5556 662 5595 ea
705 5555 920 5596 summo
958 5543 1142 5599 labore
1184 5553 1395 5599 constet
1421 5546 1648 5613 acquiri,
1691 5553 1796 5598 tam
1838 5544 1994 5599 facile

409 5643 656 5702 pereant,
685 5642 744 5688 ut
766 5635 856 5689 vix
888 5635 1058 5703 possit
1083 5636 1304 5706 intelligi
1335 5658 1348 5690 z
1375 5646 1430 5691 et
1462 5637 1585 5690 inde
1610 5645 1695 5690 est
1724 5637 1865 5703 quod
1895 5649 1993 5689 nos

305 5748 315 5804 ξ
408 5727 679 5781 interdum
706 5738 923 5782 sanctos
963 5737 1238 5796 putamus,
1271 5730 1391 5798 quia
1426 5730 1573 5782 lucra
1611 5728 1679 5783 de
1717 5728 1992 5783 laboribus

305 5812 327 5831 ⁸
410 5819 778 5878 restimamus.
811 5829 862 5873 et
888 5819 1206 5874 detrimenta
1257 5822 1640 5890 subsequentia
1685 5821 1990 5891 deprehen-

313 6075 456 6143 ’Ἃ

2108 3331 2264 3376 terno
2311 3323 2476 3391 iudici
2537 3325 2740 3394 integra
2808 3326 3100 3380 reservavit
3149 3325 3265 3398 [AL
3321 3329 3694 3395 reservabit].

2107 3412 2336 3483 Ideoque
2365 3415 2457 3484 qui
2478 3415 2662 3486 culpas
2691 3425 2745 3471 et
2766 3417 3139 3487 negligentias,
3168 3419 3332 3474 etiam
3355 3435 3474 3489 qua:
3504 3435 3692 3488 parra

2103 3507 2478 3574 mstimantur,
2528 3511 2776 3576 praesenti
2815 3509 2980 3565 deﬂet
3031 3519 3195 3580 atque
3237 3512 3463 3581 exponit
3503 3523 3687 3580 reatu,

2104 3601 2313 3654 noverit
2343 3615 2401 3654 se
2429 3599 2498 3655 de
2525 3601 2792 3669 supplicio
2821 3612 3030 3657 aeterno
3058 3603 3206 3657 brevi
3236 3603 3517 3660 transiisse
3545 3621 3691 3660 com-

2103 3690 2515 3760 pendio.ltaque
2533 3695 2576 3746 si
2604 3692 2850 3761 cupimus
2878 3704 2935 3748 ut
2962 3709 3057 3749 nos
3077 3711 3414 3764 nequaquam
3440 3695 3590 3751 fallat
3610 3705 3691 3751 at.-

2101 3800 2206 3855 que
2230 3785 2461 3854 decipiat
2486 3786 2872 3841 sollicitissima
2902 3788 3080 3843 carnis
3109 3789 3344 3852 vanitas,
3374 3799 3428 3843 et
3459 3801 3689 3844 secreta:

2102 3879 2509 3948 inhonestaque
2531 3881 2873 3948 cngitationis
2903 3879 3231 3946 obscenitas,
3260 3881 3440 3934 tacita:
3487 3883 3690 3935 mentis

2101 3972 2369 4042 voluptas,
2396 3972 2596 4028 incauti
2626 3973 2804 4028 cordis
2833 3973 3084 4039 impietas
3109 3988 3125 4037 ;
3159 3972 3306 4041 prius
3329 3987 3392 4026 ea
3423 3987 3547 4041 qua:
3575 3988 3689 4027 ma-

2102 4067 2290 4121 nifesta
2313 4077 2455 4131 sunt,
2491 4067 2668 4130 idest,
2704 4068 2840 4133 gulae
2870 4065 3162 4135 appetitus,
3213 4066 3309 4120 ira:
3356 4076 3558 4133 motus,
3591 4047 3694 4120 su-’

2102 4161 2302 4229 perbim
2329 4160 2582 4229 impetus,
2612 4160 3072 4215 contradictiones
3110 4158 3361 4221 tumidas,
3407 4160 3689 4215 obtrecta-

2100 4253 2276 4309 tiones
2302 4255 2572 4322 improbas
2600 4271 2627 4306 a
2662 4254 2900 4308 moribus
2947 4254 3143 4308 nostris
3183 4253 3434 4308 excidere
3463 4253 3684 4311 festiue-

2100 4359 2238 4402 Inus.
2271 4346 2550 4413 Quomodo
2571 4347 2716 4402 enim
2743 4347 3040 4415 prmvidcre
3068 4347 3364 4415 poterimus
3392 4347 3683 4402 irrsecreto

2099 4437 2332 4503 hostem,
2355 4438 2402 4493 si
2431 4438 2518 4493 hic
2544 4441 2714 4493 vitare
2741 4437 2860 4509 [AL
2890 4439 2937 4494 si
2964 4437 3198 4510 evitare]
3227 4454 3332 4494 non
3357 4439 3682 4494 valuerimus

2098 4515 2284 4597 aperta
2301 4531 2687 4600 congressione
2704 4540 3026 4599 pugnantem
3041 4530 3063 4583 τ
3082 4530 3333 4601 Ideoque,
3353 4530 3679 4596 charissimi,

2102 4621 2289 4676 militia
2322 4629 2504 4674 nostra
2534 4621 2632 4676 hoc
2660 4638 2687 4674 a
2727 4622 2885 4676 nobis
2923 4622 3182 4692 requirit,
3233 4630 3293 4676 ut
3344 4638 3450 4678 non
3496 4632 3681 4678 contra

2101 4713 2258 4781 alios,
2292 4713 2387 4768 sed
2434 4725 2619 4769 contra
2664 4717 3026 4783 nosmetipsos
3070 4715 3310 4785 quotidie
3338 4713 3678 4780 dimicemus,

2099 4804 2469 4860 «universos
2500 4806 2686 4860 hostes
2716 4815 2932 4860 nostros
2959 4805 3011 4859 in
3043 4805 3448 4872 nobismetipsis
3485 4805 3681 4876 iugiter

2103 4905 2511 4965 persequentes,
2545 4898 2780 4966 palmam
2811 4897 3072 4965 spiritalis
3101 4896 3361 4967 triumphi
3395 4911 3424 4951 a
3457 4897 3679 4952 Domino

2094 5001 2491 5056 consequamur
2522 4999 2613 5044 :et
2640 4988 2862 5059 quidem
2885 4989 3150 5060 quamdiu
3168 4990 3238 5048 ad
3262 4989 3532 5048 mundum
3564 5005 3679 5059 per-

2098 5081 2435 5148 tinebsmus,
2489 5083 2598 5137 illis
2643 5083 2853 5137 actibus
2891 5098 2956 5137 ac
3002 5083 3236 5153 negotiis
3281 5083 3587 5149 militante,
3632 5083 3682 5136 in

2095 5179 2290 5249 quibus
2341 5193 2481 5232 nunc
2531 5178 2928 5243 erubescimus,
2969 5185 3097 5232 tunc
3136 5176 3296 5232 nobis
3337 5176 3681 5231 adversarius

2097 5286 2204 5326 non
2225 5270 2496 5332 obstabat,
2529 5270 2693 5324 immo
2720 5271 2884 5324 etiam
2931 5269 3326 5334 consentiebat,
3372 5269 3500 5338 quia
3543 5269 3680 5324 circa

2097 5364 2458 5418 miserabilem
2486 5373 2541 5418 et
2563 5362 3009 5432 perditam-vitam
3041 5372 3280 5418 nostram
3308 5377 3416 5416 non
3448 5362 3680 5418 invenie-

2096 5455 2190 5509 but.
2221 5457 2272 5508 in
2303 5471 2410 5524 quo
2437 5471 2589 5510 suam
2618 5468 2896 5510 exerceret
2925 5455 3202 5510 invidiam.
3233 5455 3587 5510 Delectabant
3616 5454 3677 5509 il-

2101 5548 2208 5601 lum
2240 5557 2421 5601 nostra
2453 5563 2640 5616 Opera,
2675 5548 3016 5602 sufﬁciebant
3045 5547 3122 5602 illi
3153 5563 3248 5617 per
3280 5563 3340 5603 se
3368 5558 3552 5602 nostra
3579 5546 3679 5602 cri-

2097 5641 2263 5695 mina.
2309 5642 2439 5707 Quis
2483 5642 2625 5695 enim
2657 5640 2913 5709 suscipiat
2961 5641 3163 5696 bellum
3191 5655 3317 5696 cum
3347 5639 3520 5696 milite
3545 5637 3680 5694 suo?

2097 5730 2228 5796 Quis
2261 5734 2388 5786 velit
2433 5733 2750 5803 impugnare
2782 5732 3084 5803 subiectura
3132 5734 3323 5790 suum?
3353 5736 3523 5803 Supra
3567 5743 3677 5786 om—

2099 5838 2222 5878 nem
2268 5824 2635 5879 iufclicitatem
2683 5839 2792 5880 erat
2845 5827 2954 5881 vit‘a
3002 5828 3151 5882 illius
3196 5828 3281 5881 cui
3337 5841 3533 5882 nocere
3574 5835 3672 5881 non
