4024 6336
321 419 424 478 853

1784 433 2112 494 HOMILUE.

3491 447 3597 506 εει

317 535 637 634 dignabatur
661 538 930 595 inimicus.
950 542 1158 598 Atvero
1180 560 1322 600 nunc
1347 556 1628 618 p0stquam
1655 551 1897 621 volnpta-
1927 553 2243 616 Adicentes
2276 559 2408 613 illud
2440 578 2451 613 :
2483 559 2758 615 Peccatum
2785 577 2949 615 meum
2985 577 3076 634 ego
3107 575 3350 634 agnosco,
3395 575 3440 618 et
3471 567 3598 619 deli-

316 629 459 686 tibns
504 630 650 686 illius
691 635 1138 703 renuntiavimus,
1186 638 1331 694 videt
1371 641 1610 698 cultores
1658 659 1789 699 suos
1835 645 1904 700 ad

313 721 553 780 auctoris
588 725 805 794 pristini
843 727 1050 784 redisse
1097 731 1434 799 famulatum,
1473 733 1618 790 videt
1659 735 1714 791 in
1744 736 1905 793 nobis

311 817 713 888 quodammodo
741 821 885 876 idola
929 839 1022 878 sua
1052 824 1101 879 in
1137 827 1231 881 Dei
1268 829 1467 898 templa
1510 831 1732 899 mutari,
1762 832 1906 888 fren-

313 908 470 978 dens,
499 921 555 967 et
576 919 848 982 tamquam
872 914 958 970 leo
983 916 1439 986 rugiens,.omnes
1469 922 1698 977 nocendi
1726 922 1905 979 aditus

313 1003 541 1075 pervigil
564 1005 847 1062 insidiator
873 1008 1119 1078 exitlorat
1149 1009 1204 1084 (ι
1237 1009 1375 1066 Petr.
1397 1014 1486 1083 v),
1509 1013 1693 1087 dirigit
1715 1025 1904 1073 contra

311 1113 415 1154 nos
437 1098 705 1155 visionum
735 1104 904 1166 acies,
935 1103 1204 1160 exhibens
1232 1119 1416 1161 secum
1447 1115 1656 1177 septem
1683 1110 1906 1180 spiritus

240 1187 250 1194 ’
310 1192 602 1261 nequiores
631 1208 710 1262 se,
739 1191 786 1248 si
814 1191 956 1250 forte
982 1193 1201 1250 domum
1248 1205 1486 1253 nostram
1533 1201 1905 1271 spiritualibus

309 1283 474 1341 bonis
516 1287 752 1342 inveniat
782 1302 1002 1344 vacuam
1036 1303 1101 1346 ac
1137 1301 1442 1360 vacantem,
1483 1305 1537 1349 et
1579 1310 1702 1350 cum
1735 1295 1904 1352 turbis

307 1379 428 1434 suis
452 1393 572 1435 eam
599 1382 776 1436 valeat
803 1397 1097 1453 occupare;
1132 1392 1191 1439 ut
1217 1385 1318 1441 sibi
1351 1385 1471 1461 [AL
1499 1403 1565 1444 ac
1589 1385 1726 1462 sibi]
1753 1389 1806 1444 in
1839 1404 1902 1444 ea

310 1472 606 1540 praemissis
637 1473 787 1529 vitiis
822 1476 978 1544 quasi
1005 1477 1346 1546 quibusdam.
1371 1480 1726 1537 metatoribus
1767 1497 1902 1552 prte-

309 1572 462 1630 paret
511 1565 869 1623 mansionem.
921 1571 1095 1638 Atque
1145 1570 1300 1641 ideo,
1352 1571 1694 1644 cbarissimi,
1750 1576 1901 1631 mille

305 1653 499 1739 contra
532 1672 632 1712 nos
659 1660 889 1715 nocendi
916 1672 1109 1718 versat
1126 1664 1362 1735 ingenia.
1387 1665 1644 1722 Juniores
1663 1684 1904 1740 quosque

306 1745 416 1819 [AL
455 1749 690 1823 quoque]
713 1763 766 1807 et
784 1741 1120 1824 insipientes,
1142 1758 1224 1812 vel
1260 1758 1658 1834 indecoris‘ﬂl.
1685 1762 1904 1818 indede-

306 1842 550 1915 corosis]
577 1847 714 1913 gula:
748 1847 1129 1905 blandimentis
1172 1859 1422 1921 attentat,
1453 1854 1540 1909 vel
1561 1854 1764 1910 aculeis
1794 1872 1910 1919 nonv

2007 653 2146 700 ctum
2171 665 2338 704 meum
2359 659 2541 706 contra
2567 669 2643 706 me
2668 663 2744 707 est
2772 668 2970 724 semper
2996 655 3012 721 (
3038 653 3128 710 Ps.
3160 657 3244 727 ιι).
3276 657 3468 712 Scelus
3493 668 3596 723 est,

2007 741 2148 808 quod
2183 743 2453 799 interdum
2485 745 2643 800 nobis
2673 745 2810 801 levia
2839 761 2903 801 ac
2944 748 3068 803 vilia
3098 747 3225 805 facit
3256 762 3472 818 peccata
3503 768 3600 806 no-

2007 845 2118 892 stra
2152 836 2264 906 ipsa
2296 836 2632 892 consuetudo
2666 837 2948 904 peccandi,
2981 855 3102 895 cum
3147 851 3355 897 certum
3397 844 3467 898 sit
3503 861 3601 898 nos

2007 932 2146 987 sicut
2172 929 2240 985 de
2272 931 2509 984 minimis
2538 931 2697 986 bonis
2723 933 2934 1004 augeri,
2967 933 3037 987 ita
3061 935 3127 990 de
3151 936 3389 990 minimis
3421 938 3592 1007 negli-

2006 1023 2200 1093 gentiis
2240 1021 2439 1076 debere
2479 1024 2792 1092 compungi.
2843 1025 2956 1080 Non
3000 1036 3084 1082 est
3115 1028 3255 1083 enim
3307 1031 3590 1086 minimum

2007 1117 2132 1172 vitia
2173 1115 2224 1168 in
2273 1114 2384 1169 vita
2435 1114 2713 1169 hominum
2747 1115 2863 1188 [AL
2914 1117 3056 1171 intra
3095 1118 3220 1174 vitia
3274 1119 3590 1193 hominum]

2005 1209 2280 1280 negligere
2310 1208 2555 1264 minima.
2590 1208 2786 1264 Nescio
2801 1209 2870 1264 de
2897 1211 3091 1278 quibus
3117 1211 3325 1268 delictis
3355 1215 3587 1270 debeant

2003 1316 2125 1359 esse
2153 1303 2351 1369 seciiri,
2375 1303 2537 1358 etiam
2563 1301 2632 1358 de
2660 1303 2896 1372 peccatis
2922 1303 3242 1374 ignorantize
3285 1306 3583 1374 judicandi,

2004 1411 2069 1454 ac
2101 1396 2372 1452 rationem
2405 1396 2472 1451 de
2501 1395 3068 1452 otiosissermonibus
3107 1409 3168 1452 ac
3197 1399 3263 1454 de
3302 1401 3583 1470 cogitatio-

2007 1488 2166 1543 nibus
2181 1487 2462 1544 reddituri.
2483 1486 2679 1544 Nescio
2694 1504 2816 1559 quae
2835 1489 3068 1545 debeant
3083 1489 3274 1546 delicta
3292 1491 3582 1561 negligere,

2005 1579 2298 1650 dei-quibus
2323 1591 2377 1634 et
2403 1580 2519 1650 ipse
2554 1579 2814 1635 Dominus
2859 1595 2988 1636 cum
3012 1581 3241 1650 quadam
3273 1582 3589 1638 definitione

2006 1673 2242 1728 declarat
2267 1689 2281 1724 :
2310 1670 2475 1726 Amm
2513 1673 2628 1726 dico
2666 1673 2827 1739 nobis,
2853 1674 2897 1728 si
2925 1674 3041 1744 quis
3069 1673 3254 1728 dimetit
3297 1675 3446 1743 fratri
3469 1691 3582 1741 suo,

2005 1764 2196 1834 Fatue,
2223 1766 2464 1838 γεωργεῖ
2490 1767 2622 1836 ignis
2649 1766 2876 1834 (Matth.
2907 1783 2960 1833 v,
2990 1766 3112 1838 92).
3146 1768 3274 1832 Quis
3301 1767 3443 1824 inter
3473 1772 3587 1825 haec

2006 1858 2168 1914 ullam
2199 1872 2426 1929 sperare
2469 1858 2855 1928 indulgentiam
2893 1859 3112 1929 posset?
3140 1859 3242 1914 nisi
3274 1874 3432 1930 quam
3464 1879 3586 1931 pro-

307 1934 564 1992 edomitze
593 1941 772 1996 carnis
798 1941 1097 2013 impugnat,
1123 1945 1167 2000 si
1190 1948 1363 2015 possit
1383 1961 1569 2004 eorum
1595 1963 1787 2004 sensus
1814 1951 1896 2005 vel
1931 1953 1976 2012 Β
2003 1951 2159 2006 clivis
2183 1961 2267 2005 est
2296 1950 2456 2005 homo
2486 1951 2551 2005 ad
2587 1951 3028 2020 delinquendum,
3075 1963 3181 2006 tam
3209 1954 3586 2009 misericordia

309 2027 570 2085 honestas
608 2034 962 2102 cogitationes
1017 2037 1281 2105 polluere,
1333 2048 1388 2095 et
1428 2041 1717 2111 ignobilem
1771 2041 1896 2115 [AL

307 2119 582 2195 nobilem]
607 2125 932 2194 triumphum
961 2127 1029 2183 de
1052 2129 1316 2185 castitatis
1344 2131 1566 2187 vulnere
1597 2145 1894 2203 reportare.

305 2205 561 2268 Heliores
598 2231 726 2270 vero
758 2233 1000 2288 quosque
1030 2235 1092 2274 ac
1119 2222 1384 2287 seniores,
1414 2237 1510 2291 per
1537 2223 1787 2279 elationis
1837 2239 1899 2279 ac

303 2307 580 2376 iactantia:
625 2310 848 2376 malum,
903 2312 1149 2386 proiectu
1179 2315 1296 2384 ipso
1325 2330 1387 2370 ac
1420 2317 1626 2372 meritis
1669 2317 1896 2388 propriis

305 2415 616 2471 crpugnare
637 2411 892 2464 conatur;
923 2416 980 2459 ut
999 2405 1125 2460 dum
1150 2415 1416 2475 tempora,
1439 2407 1570 2463 dum
1599 2411 1788 2464 merita
1815 2411 1896 2465 in-

302 2493 473 2560 gerit,.
500 2509 594 2560 per
625 2495 1108 2552 immundissimam
1157 2498 1469 2568 vanitatem,
1523 2501 1890 2557 humilitatem

303 2585 484 2640 cordis
507 2587 753 2653 excidat;
785 2598 859 2653 et,
893 2591 1034 2659 quod
1063 2590 1427 2657 periculosum
1450 2606 1554 2661 εει,
1587 2595 1640 2649 in
1665 2609 1894 2665 conspe-

305 2687 392 2735 ctu
423 2681 518 2735 Dei
553 2681 652 2736 sibi
695 2684 968 2758 hominem
999 2683 1212 2753 placere
1243 2685 1562 2754 persuadeat
1595 2687 1716 2759 [AL
1767 2705 1890 2757 per-

303 2771 559 2844 suadet].
583 2774 701 2829 Jam
735 2791 862 2831 vero
887 2777 1018 2830 illud
1048 2793 1340 2834 commune
1380 2795 1441 2833 ac
1481 2781 1743 2835 familiare
1773 2797 1890 2836 ma-

304 2864 411 2918 lum
438 2877 544 2932 est,
583 2868 726 2937 quod
756 2877 930 2924 armat
965 2881 1152 2924 contra
1185 2886 1286 2927 nos
1308 2871 1504 2941 lingua:
1535 2882 1736 2928 nostrae
1781 2874 1893 2944 gla-

300 2957 464 3023 dios,
512 2960 654 3027 quod
707 2961 904 3014 irarum
941 2960 1239 3016 inflammat
1281 2963 1547 3018 stimulos.
1595 2963 1782 3033 Atque
1820 2965 1890 3018 ita

299 3051 534 3105 diversis
567 3055 907 3122 passionihus
937 3056 1168 3110 inebriat
1194 3067 1452 3126 mentem,
1479 3067 1534 3111 ut
1558 3059 1774 3128 quando
1799 3068 1892 3114 aut

295 3145 606 3212 irascimur,
639 3159 729 3204 aut
772 3151 1132 3206 obtrectamus
1154 3193 1178 3216 ,.
1203 3158 1298 3205 aut
1326 3150 1718 3220 maledicimus,
1770 3151 1889 3207 aliis

295 3257 500 3299 nocere
527 3244 832 3299 credamus.
865 3246 970 3299 Sed
1002 3262 1104 3300 non
1139 3245 1212 3298 ita
1247 3252 1354 3310 est,
1387 3244 1722 3312 cbarissimi;
1760 3260 1884 3300 nam

2006 2044 2214 2100 Domini
2256 2045 2428 2099 nostri
2456 2043 2610 2100 dives
2639 2053 2785 2100 esset
2811 2044 2879 2098 ad
2923 2045 3350 2100 remittendum?
3399 2047 3587 2117 Respi-

2002 2137 2208 2191 ciamus
2235 2152 2385 2205 ergo,
2421 2138 2633 2203 fratres,
2666 2136 3000 2190 vocationem
3048 2147 3310 2202 nostr-am,
3341 2138 3585 2195 ambule-

2003 2246 2130 2287 mus
2152 2232 2206 2286 in
2239 2230 2560 2299 humilitate,
2594 2230 2649 2284 in
2676 2230 2821 2283 omni
2853 2229 3138 2298 patientia,
3171 2231 3221 2284 in
3257 2233 3405 2286 omni
3436 2249 3582 2288 man-

1999 2322 2307 2378 suetudine.
2359 2322 2627 2376 Ponamns
2671 2321 2750 2374 ori
2802 2329 2987 2374 nostro
3038 2321 3373 2389 custodiam;
3425 2324 3582 2378 timor

2001 2414 2160 2470 futuri
2198 2412 2394 2483 judicii
2432 2412 2643 2482 mitiget
2687 2411 3048 2478 iracundiam;
3106 2413 3361 2482 cogitatio
3409 2415 3580 2470 ultimi

1998 2508 2101 2564 diei
2134 2507 2347 2579 frangat
2389 2505 2720 2577 superbiam.
2772 2506 3082 2575 Cogitemus
3117 2506 3211 2573 qui
3257 2508 3428 2563 luctus
3477 2509 3580 2564 erit

1999 2601 2287 2672 negligenti
2335 2601 2534 2655 animae
2577 2615 2642 2654 ex
2674 2598 2775 2652 hoc
2817 2613 3045 2667 corpore
3091 2599 3412 2665 discedenti,
3460 2615 3580 2667 qua

1996 2692 2278 2761 angustiae,
2307 2705 2428 2760 qua).
2453 2689 2648 2760 caligo,
2676 2704 2796 2759 qua
2822 2689 3085 2754 tenebrae,
3112 2704 3232 2742 cum
3267 2705 3331 2743 ex
3365 2691 3456 2744 illo
3480 2689 3578 2744 ad-

1996 2783 2359 2839 versariorum
2404 2795 2630 2838 numero
2661 2781 2828 2850 prima
2871 2795 3158 2834 occurrere
3200 2785 3418 2848 cmperit
3451 2796 3581 2836 con-

1994 2873 2218 2930 scientia
2259 2874 2488 2929 diversis
2532 2874 2880 2944 circumiecta
2911 2873 3252 2929 criminibus.
3288 2875 3403 2944 Ipsa
3435 2876 3577 2932 enim

1995 2968 2495 3024 remotis-omnibus
2525 2967 2954 3048 probationibus,
2989 2969 3102 3036 ipsa
3134 2970 3577 3039 ingerendaocuo

1992 3059 2060 3115 lis
2092 3060 2310 3126 nostris,
2350 3068 2409 3115 ut
2453 3075 2550 3114 nos
2576 3071 2629 3114 et
2656 3059 2943 3113 convincat
2969 3060 3236 3130 probatio,
3270 3071 3323 3115 et
3352 3061 3580 3118 coniun-

1991 3151 2084 3205 dat
2109 3151 2327 3220 agnitio.
2363 3149 2478 3204 Non
2527 3149 2622 3203 ulli
2647 3147 2761 3222 [AL
2802 3164 2907 3203 non
2941 3148 3044 3219 ibi]
3079 3150 3258 3204 licebit
3288 3151 3371 3206 vel
3401 3153 3580 3206 celare

1991 3241 2213 3312 aliquid,
2239 3243 2322 3297 vel
2348 3257 2567 3312 negare,
2599 3241 2689 3296 ubi
2722 3256 2826 3296 non
2854 3241 2921 3296 de
2950 3241 3106 3310 longe
3128 3242 3362 3308 aliunde,
3395 3244 3486 3297 sed
3511 3245 3580 3302 de

294 3334 724 3404 uniuscujusque
753 3336 863 3390 vitii
897 3337 1094 3390 malum
1127 3337 1182 3391 in
1203 3351 1361 3392 suum
1401 3336 1672 3392 redundat
1700 3348 1886 3392 aucto-
1916 3333 1962 3396 C
1994 3337 2136 3392 intus
2159 3350 2512 3406 processurus
2534 3343 2618 3390 est
2637 3344 2923 3389 accusator
2945 3345 2998 3389 et
3022 3335 3192 3390 testis.
3217 3336 3578 3402 Quamobrem

293 3443 434 3482 rem.
470 3427 633 3484 Suam
668 3429 902 3498 linguam
936 3429 1267 3498 maliloquus
1303 3429 1555 3497 maculat,
1599 3442 1755 3483 suum
1797 3443 1891 3486 cor

290 3509 635 3576 obtrectator
671 3523 971 3587 exulcerat,
1009 3537 1122 3576 suae
1152 3523 1349 3576 mentis
1381 3521 1562 3576 lumen
1601 3521 1890 3577 iracundus

290 3613 556 3677 obcmcat,
582 3629 732 3686 suam
756 3616 989 3667 animam
1017 3612 1228 3668 invidus
1253 3625 1465 3667 veneno
1492 3610 1682 3667 livoris
1703 3627 1890 3680 aSper-

293 3706 391 3774 git.
430 3706 487 3762 in
517 3721 620 3774 quo
656 3707 786 3760 illud
826 3720 1037 3775 quoque
1079 3703 1382 3759 Salomonis
1428 3704 1726 3773 impletur:
1755 3703 1884 3771 Fili,

290 3799 338 3852 si
362 3799 528 3852 malus
559 3800 740 3870 fueris,
768 3798 907 3852 solus
932 3800 1137 3853 hauriet
1160 3797 1581 3869 mala(Prov.|x,
1611 3797 1702 3868 12)
1720 3840 1732 3853 .
1760 3799 1888 3855 Inde

289 3907 426 3961 ergo
451 3896 651 3960 evenit,
679 3880 1041 3960 dilectissimi,
1072 3895 1214 3948 sicut
1246 3894 1386 3959 dixi,
1417 3894 1560 3962 quod
1590 3908 1686 3947 nos
1718 3895 1883 3948 inter-

290 3987 423 4041 dum
447 3985 744 4041 deteriores
768 4002 889 4041 esse
913 3987 1172 4041 sentimus
1195 4002 1352 4056 quam
1375 3985 1425 4039 in
1443 3985 1644 4040 saeculo
1663 3983 1883 4052 fuimus,

290 4077 419 4145 quia
461 4077 528 4131 ad
568 4078 764 4132 malum
799 4078 848 4131 in
885 4077 1266 4132 colluctatione
1318 4078 1626 4132 incentores
1672 4092 1880 4145 sumus,

288 4169 418 4238 quia
463 4168 624 4236 hosti,
657 4184 816 4238 quem
850 4170 960 4240 ipsa
1011 4169 1427 4224 conversatione
1475 4170 1883 4237 procuravimus

295 4262 426 4334 [AL
456 4262 894 4332 provocavimus‘]
913 4305 926 4327 ,
962 4265 1013 4318 in
1039 4263 1216 4318 medio
1247 4265 1540 4318 certan'iine
1570 4277 1761 4318 manus
1787 4263 1884 4318 da-

291 4371 440 4411 mus.
484 4357 594 4412 Nec
637 4357 688 4410 in
723 4360 931 4414 fervore
963 4373 1068 4427 quo
1115 4359 1382 4427 ccepimus
1427 4371 1878 4424 perseveramus,

287 4449 387 4503 sed
421 4449 725 4503 debellante
759 4457 947 4517 tepore
967 4449 1388 4505 succumbimus.
1413 4447 1643 4519 Ideoque
1674 4450 1882 4519 magnis

286 4540 499 4596 viribus
524 4541 919 4596 defendendum
941 4550 1025 4597 est
1051 4555 1259 4611 magna:
1282 4556 1478 4596 nomen
1503 4540 1875 4612 professionis.

285 4633 514 4688 Multum
545 4634 792 4704 estquod
833 4636 898 4688 ad
929 4650 1172 4689 eremum
1218 4635 1484 4690 veniendo
1530 4636 1878 4704 promisimus

1995 3439 2052 3485 ut
2082 3431 2317 3484 futuram
2365 3429 2510 3483 i!lam
2539 3427 2914 3482 confusionem
2943 3441 3005 3480 ex
3040 3432 3308 3496 praesenti,
3339 3444 3458 3498 qua:
3496 3430 3578 3484 in-

1995 3533 2076 3579 ter
2123 3523 2374 3578 homines
2415 3523 2639 3576 evenire
2668 3521 2827 3586 solet,
2873 3520 3190 3576 confusione
3226 3522 3578 3590 conjiciamus

1993 3612 2110 3687 [AL
2139 3610 2560 3685 conjiciamur],
2589 3613 2888 3683 cogitemus
2914 3612 3148 3668 si-alicui
3173 3623 3413 3668 nostrum
3438 3615 3578 3670 inter

1993 3723 2091 3762 nos
2119 3708 2485 3777 objicerentur
2516 3705 2713 3762 delicta
2741 3715 2797 3760 et
2825 3706 3040 3761 occulta
3068 3721 3185 3772 sua,
3231 3708 3576 3777 quemadmo~

1990 3798 2119 3854 dum
2147 3807 2202 3854 et
2227 3799 2376 3853 cordi
2405 3798 2736 3854 intrinsecus
2759 3807 2882 3851 nota
2913 3808 3058 3863 sunt,
3087 3813 3216 3853 vere
3243 3799 3389 3862 dico,
3423 3815 3574 3856 com-

1955 3953 1958 3956 ,
1991 3906 2181 3947 munes
2210 3894 2448 3946 omnium
2479 3891 2662 3944 vultus
2697 3889 2838 3944 ferre
2883 3904 2989 3943 non
3022 3900 3233 3959 posset;
3263 3901 3313 3944 et
3343 3890 3467 3959 quid
3501 3891 3573 3946 fa-

1990 3983 2094 4038 ciet
2129 3982 2311 4037 infelix
2338 3985 2516 4036 anima
2549 3981 2764 4052 quando
2795 3996 2916 4035 cum
2949 3981 3252 4050 opprobriis
3279 3991 3333 4034 et
3361 3981 3572 4036 foedita-

1991 4079 2132 4134 tibus
2155 4080 2267 4134 suis
2290 4079 2601 4149 angelorum
2626 4077 2786 4133 fuerit
2811 4077 3192 4146 conspectibus
3224 4077 3572 4145 praesentata‘l

1988 4172 2056 4227 At
2077 4189 2204 4226 vero
2238 4171 2324 4226 illa
2354 4173 2530 4225 anima
2552 4188 2668 4239 qua:
2696 4171 2831 4226 bene
2851 4185 3068 4226 cursum
3094 4185 3250 4224 suum
3279 4169 3566 4234 direxerit,

1985 4281 2105 4336 qua:
2133 4263 2348 4318 Christo
2380 4265 2430 4317 in
2460 4262 2764 4318 senioribus
2805 4263 2916 4316 suis
2945 4261 3418 4329 obtemperaverit,
3451 4275 3569 4328 qua:

1981 4355 2376 4425 professionem
2402 4371 2553 4410 suam
2581 4371 2677 4425 per
2702 4356 2881 4409 omnia
2911 4352 3242 4417 custodierit,
3277 4369 3382 4408 non
3416 4355 3569 4416 time-

1983 4449 2064 4504 bit
2090 4451 2288 4503 ultima:
2315 4448 2459 4504 illius
2492 4449 2641 4503 hora:
2672 4448 3088 4512 necessitatem;
3135 4449 3283 4500 exire
3314 4447 3378 4498 de
3412 4445 3567 4514 hujus

1983 4542 2228 4612 corporis
2278 4541 2585 4596 habitacqu
2635 4541 2704 4594 ita
2760 4538 2863 4595 sibi
2906 4539 3206 4605 videbitur,
3254 4539 3404 4608 quasi
3446 4549 3568 4606 post

1984 4634 2172 4703 longas
2201 4633 2437 4688 carceris
2461 4632 2712 4687 tenebras
2741 4630 3068 4701 producatur
3092 4631 3157 4684 ad
3188 4632 3378 4695 lucem,
3412 4632 3564 4698 quasi

286 4725 425 4792 Deo,
472 4727 762 4796 quamlibet
796 4728 960 4780 multa
1011 4732 1117 4782 sint
1165 4743 1284 4798 quae
1336 4743 1618 4795 Speramus
1661 4744 1689 4780 a
1743 4728 1872 4782 Deo.
1907 4717 1958 4778 D
1982 4729 2050 4783 de
2079 4729 2255 4797 aliquo
2281 4724 2667 4780 obscurissime
2693 4738 2854 4790 specu
2886 4724 2936 4776 in
2959 4723 3133 4776 aulam
3159 4724 3359 4791 regiam
3392 4723 3564 4779 intro-

289 4815 522 4886 ldeoque
551 4817 897 4874 discutiamus
924 4832 1142 4874 omnem
1173 4819 1441 4881 inertiam,
1472 4834 1687 4874 omnem
1716 4820 1875 4875 lassi-

288 4910 528 4965 tudinem
557 4910 775 4972 mentis.
809 4921 862 4964 et
892 4913 1178 4980 pretiosam
1212 4912 1455 4966 militiam
1485 4912 1720 4979 pretioso
1745 4927 1873 4982 aga-

287 5018 408 5058 mus
449 5002 663 5059 aﬂ'ectu.
705 5002 824 5074 Non
864 5013 1242 5074 exspectemus
1269 5004 1336 5059 ad
1365 5005 1626 5076 obsequia
1663 5008 1871 5060 Domini

287 5098 458 5150 nostri
510 5096 975 5152 mercenariorum
1003 5110 1068 5150 ac
1091 5111 1370 5152 servorum
1403 5114 1556 5152 more
1581 5098 1831 5166 compelli
1857 5140 1869 5158 ,

289 5204 465 5258 neque
495 5173 733 5268 contenti
780 5189 949 5266 simus
981 5197 1039 5243 ut
1072 5188 1210 5244 alius
1239 5205 1270 5246 a
1299 5190 1458 5248 nobis
1487 5190 1665 5262 exigat
1712 5190 1873 5259 quid-

287 5281 416 5350 quid
446 5283 510 5336 ad
537 5285 765 5338 salutem
789 5292 843 5336 et
865 5281 1086 5353 gloriam
1113 5291 1364 5338 nostram
1381 5281 1653 5352 pertinere
1679 5297 1878 5353 cogno-

287 5377 513 5432 scimus.
554 5375 692 5432 Ante
724 5378 903 5431 omnia
954 5391 1243 5432 caveamus
1272 5376 1498 5444 utquod
1528 5377 1687 5432 nobis
1717 5392 1876 5447 agere

287 5486 516 5528 necesse
546 5480 648 5534 est,
680 5487 784 5526 non
824 5485 1044 5540 agamus
1076 5470 1252 5525 inviti.
1287 5470 1552 5538 Necante
1578 5486 1716 5541 opus
1744 5485 1874 5524 con-

288 5561 639 5628 tradicamus,
672 5577 768 5616 nec
791 5563 840 5616 in
865 5577 1028 5632 opere
1056 5577 1471 5627 murmunemus,
1506 5578 1606 5615 nec
1627 5562 1781 5616 nobis
1806 5562 1873 5618 de

285 5661 662 5710 consummato
691 5669 854 5722 Opere
903 5655 1227 5723 placeamus,
1264 5655 1403 5708 male
1448 5654 1759 5708 blandiente
1783 5655 1865 5722 ja-

287 5747 511 5802 ctantia.
542 5744 682 5800 Ante
708 5747 911 5815 omnia,
968 5747 1180 5808 fratres,
1230 5748 1461 5801 sollicito
1501 5748 1680 5801 cordis
1719 5748 1873 5802 oculo

288 5839 640 5910 negligentias
669 5849 880 5893 nostras
905 5840 1144 5909 quotidie
1168 5840 1542 5902 discutiamus,
1561 5855 1754 5907 casqnc
1774 5855 1870 5891 no-

292 5933 375 5988 bis
398 5930 642 5988 discusso
665 5932 866 6000 teporis
890 5931 1072 5986 nubilo
1101 5941 1224 5986 ante
1249 5933 1430 5986 oculos
1457 5933 1865 5999 constituamus,

1977 4822 2226 4886 ducatur,
2257 4819 2407 4890 quasi
2447 4816 2514 4870 de
2541 4815 2658 4869 lacu
2686 4813 2917 4869 miserim
2945 4823 2997 4868 ct
3026 4813 3093 4866 de
3124 4813 3236 4868 luto
3266 4814 3413 4867 furcis
3442 4816 3563 4871 abs-

1978 4920 2174 4977 tracta,
2228 4908 2487 4981 speciosis
2545 4923 2604 4961 ac
2661 4907 2958 4972 Splendidis
2995 4908 3246 4961 vestibus.
3278 4909 3560 4975 induatur,

1978 5014 2136 5072 atque
2185 5004 2323 5056 inter
2363 5000 2557 5054 ﬂorum
2600 5009 2652 5051 et
2693 5009 2990 5051 aromatum
3043 4999 3372 5068 suavitatem
3411 5000 3560 5053 miris

1975 5095 2266 5151 reficienda
2313 5094 2570 5148 odoribus
2617 5093 2935 5146 collocetur.
2989 5091 3356 5147 Recordemur
3401 5109 3557 5160 quam

1973 5190 2210 5258 iucunda
2236 5190 2307 5243 sit
2331 5188 2503 5258 quies,
2536 5202 2691 5260 quam
2720 5186 3052 5257 delcctabilis
3080 5188 3405 5254 repausatio,
3438 5199 3560 5256 post

1978 5299 2040 5340 se
2059 5285 2358 5352 depositum
2382 5280 2518 5335 alien
2522 5282 2608 5349 jus
2623 5280 2921 5350 gravissimi
2942 5280 3121 5332 oneris
3143 5278 3361 5332 fascem.
3388 5280 3555 5344 Quam

1979 5375 2135 5430 dulce
2164 5375 2236 5428 sit
2277 5383 2397 5441 post
2425 5373 2596 5442 longa:
2625 5370 2954 5438 captivitatis
2993 5381 3211 5422 catenas
3245 5369 3306 5420 ad
3337 5370 3555 5424 charani

1980 5467 2204 5536 patriam
2235 5475 2548 5534 recuperata
2571 5465 2819 5519 libertate
2852 5476 3141 5515 remeasse.
3172 5463 3338 5526 Quam
3369 5463 3558 5528 pretio

1960 5575 2097 5618 .sum
2132 5561 2224 5626 sit,
2257 5570 2380 5628 post
2413 5559 2596 5612 multa:
2625 5553 2980 5623 navigationis
3031 5554 3271 5619 pericula
3317 5554 3383 5608 ad
3411 5561 3561 5621 opta-

1981 5667 2086 5708 tam
2121 5665 2340 5721 terram,
2375 5663 2534 5720 atque
2564 5650 2630 5704 ad
2663 5659 2873 5717 portum
2921 5646 3332 5700 desiderabilem
3367 5661 3558 5714 perve-

1980 5748 2142 5800 nisse.
2176 5747 2345 5813 Atque
2369 5759 2431 5797 ex
2461 5742 2544 5796 his
2569 5740 2884 5809 colligamus
2912 5750 2962 5794 et
2987 5753 3377 5809 cognoscamus
3400 5753 3559 5807 quam

1973 5839 2268 5907 jucundum
2302 5837 2400 5891 erit
2450 5835 2648 5890 comite
2693 5833 2832 5888 bona
2876 5833 3208 5888 conscientia
3237 5831 3303 5884 ad
3335 5845 3458 5883 vera
3507 5836 3560 5882 et

1978 5931 2147 5983 solida
2180 5930 2392 5998 gaudia,
2425 5936 2583 5994 atque
2627 5926 2688 5979 ad
2722 5926 3037 5995 angelorum
3069 5923 3305 5978 transire
3333 5933 3559 5976 consor-
