4024 6336
469 309 578 390 tss'

1469 321 1526 378 S.
1569 317 1897 377 EUCllEltll
1941 315 2421 376 LUGDUNI‘ZNSIS
2458 313 2768 372 EPISCOPI

470 445 576 510 tia.
608 450 665 499 et
697 442 764 499 ad
788 441 933 499 illam
967 440 1134 495 vitam
1176 437 1547 503 conscendere
1594 438 1680 493 tibi
1728 437 1860 492 nulli
1907 448 2065 493 erunt
2094 445 2141 500 Α
2170 438 2187 505 (
2212 435 2376 491 Prov.
2405 452 2482 500 ts.
2516 435 2649 506 12);
2685 451 2838 491 suam
2885 437 3121 508 linguam
3154 435 3474 506 maliloquns
3502 434 3761 503 macu'at,

471 541 705 596 labores.
723 537 851 591 nulli
870 535 1107 597 dolores,
1125 533 1268 588 nulla
1286 533 1499 598 damna,
1528 532 1670 587 nulla
1692 531 2055 597 incommoda,

468 642 520 686 et
544 631 688 700 quod
732 644 890 696 supra
922 643 1082 682 omne
1112 627 1308 680 bonum
1337 635 1442 688 est,
1471 626 1610 680 nulla
1665 635 1919 696 peccata;
1963 624 2058 679 sed

471 734 676 778 aeterna
740 722 1083 786 innocentia,
1129 719 1379 775 inviolata
1440 718 1681 789 jiistitia,
1736 719 2058 774 inconcussa

473 815 737 869 securitas
766 830 829 868 ac
858 812 1184 882 sempiterna
1218 812 1465 867 felicitas.

1056 945 1340 1002 HOMIUA
1381 943 1471 1000 IX.

1071 1062 1152 1115 Ad
1183 1060 1480 1117 monachos.

554 1180 734 1236 Videte
780 1181 1093 1234 vocationem
1136 1189 1382 1243 restrain,
1431 1183 1621 1248 fratres
1659 1177 1961 1234 cliarissimi
1997 1177 2064 1250 (1

477 1273 596 1329 Cor.
633 1288 669 1334 t.
699 1274 767 1329 ἐϋ
789 1277 824 1334 ).
855 1271 1048 1325 Venire
1067 1274 1131 1325 ad
1161 1288 1400 1326 eremiim
1429 1286 1638 1326 summa
1665 1272 1921 1341 perfectio
1944 1284 2062 1337 est;

479 1384 584 1421 non
621 1367 854 1434 perfecte
878 1366 928 1419 iii
961 1382 1146 1419 eremo
1183 1368 1382 1430 vivere,
1417 1380 1626 1418 summa
1654 1366 1930 1420 damnatio
1952 1374 2058 1419 est.

477 1460 613 1528 Quid
645 1459 884 1528 pfl’dtlsi,
909 1459 951 1512 si
977 1461 1026 1512 lit
1053 1459 1170 1512 luco
1198 1459 1349 1524 quies
1379 1467 1649 1516 teneatur.
1674 1469 1728 1514 et
1751 1458 2066 1529 inqiiietiido

479 1554 532 1608 iii
563 1554 726 1608 corde
756 1544 1038 1609 versetur?
1065 1554 1118 1609 Si
1149 1555 1196 1607 iii
1231 1554 1561 1608 habitatione
1589 1553 1864 1606 silentium
1895 1552 1987 1616 sit,
2012 1563 2068 1608 ct

481 1648 533 1701 in
585 1647 976 1701 habitatoribus
1025 1647 1277 1700 vitiorum
1323 1647 1604 1710 tumultus,
1654 1654 1709 1700 et
1755 1645 2067 1701 collucmtio

480 1740 825 1810 passmniiin?
853 1740 911 1795 Si
957 1741 1222 1793 exteriora
1258 1747 1440 1792 tio-tra
1481 1739 1750 1792 serenitas
1781 1748 1978 1803 teneat,
2012 1748 2067 1794 et

2164 544 2318 584 suum
2347 545 2446 583 cur
2472 531 2810 585 obtrecmtor
2850 531 3152 592 exulcerat,
3198 542 3308 582 sua:
3346 527 3544 583 mentis
3580 527 3765 583 lumen

2161 622 2451 680 iracundiis
2478 623 2745 688 obczecat,
2775 638 2928 677 suam
2960 621 3178 676 invidus
3197 622 3434 675 animam
3458 621 3609 676 velut
3630 635 3764 690 qua-

2162 715 2286 771 dam
2337 715 2584 784 rubigine
2627 713 2892 785 pestifero
2940 716 3113 772 livore
3159 714 3494 785 c0rrumpit,
3538 723 3593 768 et
3630 713 3768 769 sicut

2163 812 2491 868 exulceratis
2526 811 2841 880 parentibus
2885 819 3184 866 nascuntur
3225 809 3447 876 vipera,
3489 807 3653 868 sicut.
3685 809 3767 862 in-

2164 921 2349 976 quam,
2369 905 2516 960 nasci
2542 905 2744 974 viperei
2775 902 2917 958 fetus
2939 902 3201 972 disruptis
3223 911 3450 956 matrum
3467 899 3767 954 visceribus

2165 1007 2518 1059 asseruntur;
2568 997 2638 1050 ita
2690 996 2922 1051 humana
2984 994 3291 1065 pra'cordia
3335 992 3468 1064 ipsis
3517 992 3770 1061 primitus

2165 1102 2300 1159 quas
2330 1089 2683 1158 conceperint
2715 1086 3058 1158 passionibus
3103 1086 3493 1142 dilacerantur.
3538 1081 3657 1149 Illa,
3691 1084 3772 1138 iii-

2166 1196 2350 1252 qitam,
2376 1181 2697 1252 prmcordia,
2723 1182 2791 1236 de
2823 1183 3022 1252 quibus
3044 1181 3297 1235 vitiorum
3326 1179 3608 1250 generatio
3649 1192 3771 1232 ser-

2169 1274 2385 1342 pentina
2419 1272 2708 1344 profertur,
2752 1274 2864 1342 ipsa
2898 1274 3146 1342 primitus
3193 1284 3536 1326 monstruosa
3569 1279 3766 1339 partus

2170 1365 2288 1440 [ΑΙ.
2314 1384 2342 1420 ti
2368 1365 2556 1438 partu]
2582 1366 2911 1422 fecunditate
2935 1366 3226 1421 violantur.
3253 1364 3330 1420 De
3349 1365 3440 1419 tali
3461 1373 3619 1434 partu
3641 1363 3774 1418 dicit

2170 1475 2351 1516 seruio
2372 1461 2588 1515 divinus
2617 1479 2628 1514 :
2658 1459 2792 1514 Ecce
2812 1461 3035 1531 parturit
3058 1459 3390 1529 iniustitiam,
3416 1459 3650 1530 conci-pit
3673 1458 3771 1512 do-

2170 1553 2352 1618 lorem,
2384 1562 2430 1605 et
2472 1553 2666 1621 peperit
2697 1553 3043 1624 iniquitatem.
3073 1552 3405 1607 Convertettir
3450 1552 3605 1605 dolor
3649 1553 3767 1623 ejus

2171 1645 2224 1698 in
2267 1655 2422 1714 caput
2461 1649 2597 1717 ejus,
2631 1654 2678 1698 et
2708 1645 2761 1698 iii
2790 1647 3028 1700 verticem
3059 1645 3219 1712 ipsius
3246 1645 3492 1714 iniquitas
3538 1647 3653 1716 ejus
3681 1642 3773 1696 de-

2171 1735 2379 1790 scettdet
2419 1737 2436 1807 (
2460 1735 2552 1790 Ps.
2587 1753 2659 1791 vit
2677 1736 2716 1806 ).
2745 1735 2839 1792 llis
2867 1739 3048 1806 itaque
3075 1736 3294 1800 auditis,
3320 1745 3522 1790 nostra
3541 1745 3595 1788 ut
3613 1749 3774 1806 oporo

480 1834 736 1886 interiora
769 1832 1094 1898 tempestas?
1121 1831 1158 1887 S
1182 1834 1367 1885 deuius
1393 1845 1564 1883 annos
1588 1841 1825 1894 nostros,
1856 1839 1910 1884 et
1933 1839 2069 1885 tcm-
2102 1839 2148 1899 Β
2177 1838 2251 1886 tet
2275 1833 2416 1886 circa
2444 1846 2542 1886 vos
2579 1831 2843 1886 ferventis
2870 1832 3152 1886 cliaritatis
3181 1831 3395 1885 animus
3428 1845 3528 1901 pro
3552 1830 3771 1900 aliquo-

481 1935 675 1992 putum
729 1925 928 1991 Spatia,
982 1923 1179 1992 quibus
1233 1939 1374 1977 nunc
1434 1922 1692 1985 vivimus,
1751 1934 2068 1991 suppittare.

480 2014 599 2070 Non
635 2030 686 2071 te
715 2017 889 2080 fallat,
930 2031 1257 2085 quicumque
1291 2016 1382 2068 il'e
1427 2030 1520 2077 es,
1557 2029 1816 2069 numerus
1862 2015 2071 2068 dierum

479 2125 617 2179 quos
654 2110 738 2164 liie
771 2110 959 2163 relicm
1003 2110 1361 2176 corporaliter
1406 2111 1608 2162 siculo
1653 2109 2060 2175 consumpsisti.

480 2203 636 2259 Illum
661 2212 865 2256 tantum
895 2203 1034 2256 diem
1069 2204 1269 2256 vixisse
1295 2212 1345 2256 te
1366 2211 1644 2272 computa,
1675 2203 1726 2256 in
1754 2219 1860 2273 quo
1885 2205 2073 2259 volun-

482 2303 619 2348 tates
649 2294 896 2362 proprias
922 2294 1224 2362 abiiegzisti,
1259 2295 1310 2348 in
1335 2311 1441 2364 quo
1476 2296 1630 2348 malis
1659 2296 1948 2351 desideriis
1979 2312 2071 2352 re-

479 2386 685 2439 stitisti.
713 2386 880 2450 Quem
914 2385 1032 2441 sine
1070 2388 1170 2439 nlla
1203 2389 1400 2456 regula:
1434 2390 1866 2457 transgressione
1913 2389 2073 2445 duxi-

481 2481 570 2543 sti,
602 2480 753 2532 illum
787 2481 928 2534 diem
961 2481 1161 2535 vixisse
1193 2493 1243 2536 te
1273 2492 1550 2549 computa;
1582 2500 1742 2554 quem
1777 2500 1884 2539 non
1918 2487 2074 2541 mali-

484 2570 579 2639 tia,
609 2586 714 2624 non
750 2571 975 2636 invidia,
1008 2587 1111 2624 non
1144 2575 1392 2640 superbia
1429 2575 1878 2642 ciitntuaculavit;
1909 2594 2070 2646 quem

485 2675 590 2715 iion
617 2662 908 2725 mendacii,
943 2681 1047 2716 nnii
1082 2664 1302 2733 perjurii
1332 2667 1488 2735 culpa
1520 2669 1805 2735 respersit;
1829 2671 1918 2740 qui
1951 2686 2076 2739 pec-

482 2767 605 2810 cato
635 2773 740 2812 non
771 2759 956 2824 cessit,
993 2761 1081 2830 qui
1111 2760 1325 2814 diabolo
1366 2762 1699 2832 repugnavit.
1743 2763 1895 2817 llliitii
1930 2764 2071 2820 diem

484 2849 688 2904 vixisse
724 2861 774 2904 te
811 2863 1087 2919 computa,
1111 2854 1201 2922 qui
1233 2852 1482 2922 puritatis
1511 2863 1566 2908 et
1592 2864 1793 2909 Sancta:
1840 2857 2071 2912 medita-

485 2939 651 2994 tionis
674 2941 859 2995 lialiuit
882 2942 1077 3005 lucem,
1102 2959 1258 3013 quem
1286 2960 1390 2998 non
1414 2947 1760 3001 conveisatio
1787 2947 2076 3005 tenebrosa

487 3036 716 3088 mutavit
750 3037 799 3087 iit
836 3048 1068 3090 noctem.
1096 3035 1275 3102 llliiiii,
1307 3036 1548 3104 inpiam,
1586 3040 1728 3093 diem
1765 3041 1973 3110 applica
2006 3042 2075 3096 ad

482 3127 650 3182 vitam
684 3137 851 3192 tuam,
884 3131 1037 3199 cujus
1086 3145 1214 3184 usus
1248 3132 1490 3200 pervenit
1524 3133 1588 3184 ad
1628 3135 1864 3186 animam
1906 3142 2073 3188 tuam.

2177 1940 2296 1978 rum
2327 1924 2664 1994 negligentiis
2689 1924 2849 1992 longo
2870 1924 3214 1979 cruciabatur
3233 1923 3443 1976 dolore.
3465 1920 3608 1993 [Sed
3635 1935 3774 1989 prte-

2178 2016 2344 2071 misso
2372 2013 2597 2085 all’eciii]
2621 2025 2676 2071 et
2710 2015 2981 2086 aliquibus
3011 2015 3293 2070 cxonerati
3339 2013 3572 2083 pectoris
3619 2013 3772 2069 csti-

2177 2109 2278 2164 bus
2309 2111 2680 2180 prmcipimus,
2712 2110 3090 2176 admonemus,
3121 2119 3284 2176 atque
3332 2107 3492 2162 etiam
3543 2122 3645 2162 vos
3677 2123 3775 2177 pro

2178 2203 2331 2258 vobis
2361 2204 2444 2271 (si
2491 2213 2669 2258 tamen
2719 2202 2970 2256 allectum
3022 2199 3387 2270 pra-cipientis
3429 2198 3618 2254 audire
3669 2215 3777 2256 non

2177 2293 2580 2364 dedigneuiini)
2604 2295 2975 2358 obsecramus,
3011 2302 3067 2348 ut
3103 2291 3172 2348 de
3200 2293 3408 2361 reliquit
3435 2292 3778 2361 corrigamus

2178 2405 2378 2453 mores,
2409 2388 2759 2460 negligentias
2786 2389 3163 2453 emenilemus,
3197 2404 3266 2444 ne
3289 2387 3395 2443 liuc
3423 2386 3776 2458 postmodum

2179 2499 2286 2538 non
2314 2499 2434 2536 cum
2461 2482 2654 2551 lingua:
2679 2497 2740 2535 ac
2767 2480 3035 2536 sermonis
3065 2480 3239 2547 virga,
3271 2480 3363 2534 sed
3386 2495 3512 2534 cum
3545 2479 3632 2534 his
3656 2494 3779 2536 ver-

2177 2574 2400 2630 beribus
2451 2589 2570 2643 qua:
2626 2572 2888 2627 obdurata
2935 2569 3062 2646 [ΑΙ.
3120 2567 3418 2642 obturata]
3466 2571 3780 2641 deposcunt

2182 2667 2368 2731 corda,
2396 2666 2697 2721 veniamus.
2734 2665 3023 2719 Elaborate
3048 2665 3227 2736 potius
3256 2663 3515 2732 deinceps
3544 2673 3601 2719 nt
3633 2666 3779 2721 inter

2178 2773 2276 2815 vos
2309 2759 2428 2833 [ΑΙ.
2460 2757 2590 2828 nos]
2631 2757 2981 2813 cententione
3014 2756 3268 2811 laudabili
3297 2772 3359 2811 ac
3389 2757 3618 2814 meliore
3657 2768 3779 2814 tan-

2181 2854 2302 2908 dem
2345 2853 2691 2908 :ciutilatiOne
2735 2850 2981 2906 certetis.
3008 2848 3091 2905 Sit
3127 2850 3499 2921 unusiluisque
3532 2859 3781 2908 vestrum

2183 2944 2298 3020 [ΑΙ.
2347 2947 2434 3017 qui
2475 2941 2745 3015 vestrum}
2775 2944 2826 2997 in
2858 2958 3023 3013 opere
3071 2942 3169 2998 Dei
3216 2942 3542 3013 promptior,
3566 2944 3629 2997 in
3657 2958 3780 2997 ora-

2181 3039 2329 3094 tione
2363 3037 2480 3110 [.41.
2520 3038 2641 3108 quis
2672 3037 2724 3090 iii
2754 3033 3034 3108 oratiniie]
3073 3034 3388 3103 ferventior,
3437 3037 3490 3090 in
3542 3034 3784 3093 lectione

2182 3131 2484 3196 sollicitior,
2519 3131 2569 3185 in
2607 3130 2855 3186 castitate
2891 3129 2963 3184 sit
2993 3129 3202 3198 putior,
3231 3130 3284 3183 in
3323 3128 3623 3184 sobrietate
3657 3143 3784 3198 par-

485 3221 736 3276 Siilemiis
767 3223 932 3276 etiam
967 3222 1123 3277 nobis
1150 3223 1219 3278 de
1249 3224 1614 3294 corporalium
1661 3225 1986 3293 jrjiinioriim
2014 3241 2077 3282 ac
2106 3228 2150 3290 C
2181 3223 2315 3290 cior,
2352 3224 2403 3277 in
2437 3224 2795 3294 lat-rymzirum
2838 3223 3087 3291 largitate
3129 3221 3426 3290 profusior,
3463 3221 3517 3275 iii
3548 3234 3786 3290 corpore

483 3314 778 3368 visibilium
825 3315 1130 3384 vigiliarum
1179 3315 1497 3372 assiduitate
1546 3317 1800 3382 blandiri,
1837 3319 1923 3384 qui
1958 3328 2078 3387 pOst

484 3406 694 3475 vigilias
720 3421 782 3462 ac
811 3405 878 3459 de
907 3407 1038 3474 ἰιιείς
1070 3407 1206 3461 forte
1256 3407 1452 3477 vigiliis
1502 3408 1567 3462 ad
1618 3409 2074 3477 obtrectationis,

487 3499 552 3552 ad
575 3499 941 3562 verbositatis,
965 3499 1032 3553 ad
1055 3502 1496 3556 iiiurmiirationis
1521 3503 1720 3556 malum
1745 3504 2074 3571 egredimur.

488 3588 694 3664 [Nam]
716 3591 807 3659 qui
835 3606 896 3644 se
920 3591 989 3646 de
1013 3591 1181 3646 eliorn
1211 3590 1328 3665 [ΑΙ.
1355 3592 1425 3648 ile
1451 3591 1613 3666 cura]
1643 3595 1986 3664 psallentium
2009 3597 2077 3653 ad

487 3684 970 3739 commessatiunes
1006 3686 1349 3751 inhonestus,
1399 3687 1800 3757 bibitionesqiie
1826 3689 2074 3760 furtivas,

490 3792 596 3832 non
628 3778 802 3832 solum
832 3778 1120 3832 damnabili
1164 3779 1615 3851 transgressione,
1664 3783 1758 3835 sed
1793 3781 1951 3837 etiam
1983 3785 2076 3838 ab-

488 3869 768 3924 ominabili
795 3869 1000 3925 vilitate
1030 3870 1303 3935 subducit,
1324 3872 1491 3925 multo
1522 3881 1669 3928 esset
1701 3873 1889 3938 levius,
1916 3874 1959 3929 si
1987 3891 2080 3929 so-

487 3960 718 4016 brietate
740 3961 1055 4017 dominante
1082 3963 1364 4018 dormiret.
1391 3964 1491 4033 Qui
1518 3965 1773 4034 jejunaiis
1793 3981 2077 4024 oneratum

488 4066 544 4112 et
591 4069 978 4126 prmgravatum
1009 4065 1193 4126 pectus
1241 4059 1551 4121 iracundiae.
1590 4070 1645 4114 et
1695 4062 2078 4131 indignationis

490 4149 819 4205 distentione
865 4149 1207 4216 circumfert;
1255 4151 1344 4219 qui
1383 4166 1412 4204 a
1451 4152 1576 4206 vino
1624 4153 1883 4218 abstinet,
1931 4164 1986 4208 et
2025 4155 2077 4210 iit

489 4242 744 4298 sensibus
783 4243 898 4298 suis
942 4257 1128 4297 amara
1179 4242 1467 4297 discordia:
1503 4244 1766 4299 ebrietate
1796 4247 2070 4312 turbatur;

487 4337 603 4408 qui,
637 4336 878 4408 inquam,
911 4337 963 4393 in
995 4336 1268 4393 exteriore
1300 4336 1580 4392 salutifera
1611 4339 1924 4406 poculorum
1959 4352 2081 4410 par-

487 4430 650 4484 citate
681 4445 742 4484 se
789 4438 1046 4496 macerat,
1079 4438 1134 4484 et
1163 4429 1389 4484 interior
1435 4444 1531 4484 eor
1575 4431 1693 4497 ejus
1742 4431 2076 4486 mortiferum

490 4521 607 4596 [ΑΙ.
632 4530 688 4575 et
716 4521 941 4576 interior
973 4519 1352 4594 mortiferum]
1381 4522 1529 4575 virus
1577 4522 1821 4577 odiorum
1855 4522 2080 4578 visceri-

2190 3318 2496 3386 lioncstior,
2530 3317 2582 3371 iti
2610 3316 2776 3373 corde
2806 3317 3107 3382 sincerior;
3137 3317 3259 3390 [ΑΙ.
3294 3315 3448 3388 quis]
3475 3316 3529 3371 in
3575 3317 3654 3371 ira
3683 3317 3789 3372 mi-

2184 3412 2311 3481 tior,
2345 3411 2397 3466 iit
2431 3411 2846 3466 mansuetudine
2873 3413 3226 3476 moderatior,
3258 3410 3309 3466 in
3341 3414 3450 3466 risu
3479 3412 3685 3478 rarior,
3728 3412 3784 3468 in

2182 3504 2606 3572 compunctione
2638 3503 2956 3567 ferventior,
2986 3505 3038 3556 in
3067 3504 3334 3573 gravitate
3380 3502 3687 3566 fundatior,
3728 3503 3782 3558 in

2181 3597 2447 3651 cliaritate
2475 3595 2788 3664 jucundior.
2834 3593 2901 3649 Et
2936 3595 3057 3650 ideo
3082 3595 3181 3665 ipsi
3222 3596 3589 3664 nosmetipsos
3615 3597 3781 3650 casti-

2183 3705 2391 3762 gemus,
2424 3689 2665 3760 quotidie
2713 3687 2814 3756 ipsi
2857 3689 3136 3742 nubiscuin
3181 3687 3446 3743 rationem
3495 3687 3565 3741 de
3601 3688 3785 3755 quoti-

2183 3783 2339 3837 diana
2371 3782 2786 3835 conversatione
2828 3779 3108 3836 faciamus.
3155 3781 3479 3851 Alloqiiatur
3516 3794 3580 3835 se
3612 3779 3666 3834 in
3700 3794 3785 3835 se-

2185 3873 2349 3929 cretis
2388 3872 2568 3928 cordis
2596 3885 2933 3942 unaqu:rque
2967 3869 3148 3926 anima
3181 3881 3235 3926 et
3263 3871 3407 3925 dicat
3435 3886 3450 3926 :
3487 3869 3784 3926 Videamus

2185 3966 2228 4019 si
2262 3965 2405 4020 liiinc
2433 3965 2574 4017 diem
2604 3963 2722 4016 sine
2755 3971 3001 4032 percato,
3032 3963 3147 4016 sine
3181 3961 3415 4026 invidia,
3449 3961 3571 4017 sine
3601 3961 3785 4019 obtre-

2183 4059 2419 4113 ctatione
2441 4075 2503 4111 ac
2538 4059 2968 4113 murmuratione
2997 4056 3257 4126 transegi.
3289 4055 3584 4110 Videamus
3609 4057 3656 4111 si
3690 4055 3785 4109 lto-

2185 4151 2269 4204 die
2300 4151 2499 4222 aliquid
2530 4153 2672 4221 quid
2703 4151 2769 4206 ad
2803 4148 3102 4220 profectum
3136 4163 3340 4214 meum,
3369 4147 3513 4218 quod
3546 4147 3613 4201 ad
3654 4146 3783 4202 ιιιᾶί-

2184 4243 2492 4299 ϐοτιιῑοιιιειιι
2533 4246 2764 4299 alinruni
2806 4243 3123 4312 pertineret,
3163 4248 3420 4310 operatus
3455 4255 3600 4294 sum.
3649 4238 3784 4295 Puto

2183 4336 2326 4403 quod
2353 4336 2513 4388 Iiuilie
2538 4335 2688 4388 illiitii
2716 4333 3063 4404 incipientem
3081 4331 3325 4388 dcstruxi
3349 4347 3365 4397 ;
3392 4330 3558 4387 hodie
3581 4331 3781 4389 seniori

2186 4443 2308 4482 meo
2354 4428 2671 4484 iiiobediens
2716 4427 2820 4492 fui,
2875 4426 3135 4482 mentitus
3176 4440 3330 4491 sum,
3382 4424 3629 4493 pcjitravi
3661 4424 3774 4496 [ιιι.

2183 4520 2449 4590 perjnravi
2469 4518 2488 4592 ]
2509 4561 2521 4582 ,
2551 4519 2628 4573 ira
2649 4521 2734 4574 vel
2763 4519 2886 4589 gula
2915 4518 3089 4573 virttis
3107 4532 3264 4583 sum;
3297 4517 3420 4588 plus
3445 4517 3611 4571 hodie
3638 4517 3770 4582 risi;

488 4615 589 4669 bus
617 4611 829 4668 infectis
863 4612 877 4685 l
905 4613 989 4667 Al.
1022 4613 1227 4668 viseera
1256 4613 1513 4686 infectus]
1543 4625 1772 4676 eructat.
1809 4633 1988 4672 nonne
2018 4619 2072 4672 in
2104 4623 2151 4683 υ
2183 4614 2300 4680 plus
2340 4613 2459 4666 cibo
2489 4627 2552 4666 ac
2593 4611 2764 4681 potui,
2799 4611 2915 4681 plus
2946 4611 3061 4666 otio
3100 4626 3164 4666 ac
3194 4625 3389 4666 somno
3418 4625 3582 4677 quam
3611 4624 3767 4680 quem

485 4719 547 4760 se
584 4704 927 4774 propheticas
956 4718 1116 4760 voces
1158 4702 1317 4774 dirigi
1363 4704 1475 4773 jam
1515 4709 1678 4759 etiam
1723 4706 1775 4760 in
1817 4709 2077 4774 praesenti

485 4799 594 4854 vita
622 4795 1020 4866 prmdamnattts
1063 4797 1314 4867 intelligit
1337 4814 1350 4849 :
1382 4795 1497 4850 Non
1521 4801 1623 4851 tale
1639 4798 1902 4868 jejunium
1925 4800 2075 4866 elegi,

487 4889 613 4942 dicit
665 4887 913 4943 Dominus
957 4887 1119 4960 (lsoi.
1170 4905 1318 4952 Lvut,
1358 4887 1457 4958 5);
1490 4890 1573 4944 vel
1608 4890 1734 4944 illud
1761 4908 1773 4943 :
1798 4888 1885 4944 Ea:
1934 4893 2079 4946 rinea

486 4984 622 5038 enim
652 4981 1018 5049 Sodomorum,
1047 4983 1192 5037 vinea
1215 4989 1410 5047 eorum,
1455 4993 1502 5037 et
1534 4984 1656 5038 vites
1685 5001 1861 5038 eorum
1889 5001 1954 5040 ea:
1973 4983 2081 5041 Go-

489 5077 717 5131 morrha.
752 5074 861 5132 Utta
891 5091 1086 5140 eorum,
1119 5093 1214 5130 uua
1244 5075 1410 5146 fellis,
1439 5086 1485 5130 et
1509 5077 1684 5131 botrus
1710 5076 2078 5132 amaritudinis

484 5171 539 5221 in
570 5167 695 5239 ipsis
721 5166 742 5236 (
772 5165 929 5222 Deut.
963 5182 1040 5231 Ill,
1072 5165 1180 5236 2)?
1213 5169 1285 5222 Ita
1316 5177 1495 5224 autem
1528 5168 1797 5224 interdum
1829 5168 2076 5224 diabolus

485 5274 610 5313 cum
638 5257 933 5314 adverterit
963 5260 1194 5314 animam
1223 5258 1328 5316 ﬁde
1365 5276 1613 5323 vacuam,
1648 5276 1702 5316 et
1732 5260 1830 5316 Dei
1881 5261 2078 5316 timore

487 5350 769 5412 nudatam,
797 5350 870 5405 ita
899 5350 1130 5406 diversis
1155 5352 1499 5422 passionibus
1531 5353 1760 5406 inebriat
1789 5362 2025 5409 mentem
2056 5396 2073 5420 ,

485 5452 542 5495 ut
573 5440 788 5511 quando
816 5453 910 5495 aut
936 5441 1310 5498 maledicimus
1331 5486 1347 5508 ,
1381 5454 1474 5498 aut
1521 5443 1826 5511 irascimur,
1861 5453 1951 5500 aut
1981 5445 2078 5500 ob-

484 5541 801 5595 trectainiis,
825 5533 1040 5602 quando
1065 5534 1179 5588 lucc
1205 5535 1430 5604 agimus,
1464 5535 1584 5587 aliis
1607 5549 1705 5587 nos
1731 5549 1930 5591 nocere
1957 5549 2079 5590 cre-

485 5626 695 5679 damus.
749 5624 856 5679 Sed
891 5638 994 5677 ti0tt
1041 5626 1112 5679 ita
1161 5635 1260 5681 est.
1299 5626 1432 5681 Nam
1486 5627 1906 5695 uniuscujusque
1959 5625 2074 5681 vitii

486 5717 686 5771 malum
717 5717 769 5769 iii
797 5731 952 5770 suum
979 5719 1212 5771 recurrit
1237 5728 1538 5786 auctorem,
1567 5721 1709 5773 sicut
1731 5719 1860 5773 dicit
1892 5735 2073 5774 sermo

487 5808 907 5876 divitiustiti,
953 5811 997 5865 si
1046 5811 1211 5865 malus
1257 5814 1447 5880 fueris,
1500 5814 1638 5870 salus
1685 5813 1888 5872 luxuries
1935 5814 2073 5872 male

2180 4703 2410 4759 decebat
2455 4703 2682 4769 indulsi;
2719 4706 2899 4758 minus
2940 4703 3067 4774 legi,
3098 4704 3277 4759 minus
3318 4705 3469 4760 oravi
3495 4719 3658 4773 quam
3687 4702 3776 4759 de-

2180 4797 2294 4852 bui.
2340 4797 2472 4866 Quis
2501 4797 2632 4852 milii
2665 4797 2855 4854 reddet
2886 4798 3032 4853 liunc
3075 4798 3243 4859 diem.
3275 4813 3434 4868 quem
3485 4798 3680 4855 fabulis
3721 4799 3770 4854 in

2181 4892 2335 4943 vanis
2367 4889 2622 4958 perdidi?
2650 4889 2730 4945 Ac
2755 4891 2854 4954 sic,
2886 4886 3104 4956 fratres,
3129 4890 3200 4945 de
3220 4889 3475 4946 omnibus
3499 4892 3773 4962 negligen-

2182 4980 2274 5034 tiis
2323 4981 2523 5037 nostris
2555 4995 2982 5052 compungamur
3011 4982 3066 5039 in
3094 4982 3367 5039 cubilibus
3396 4983 3529 5057 (Ps.
3579 4982 3686 5055 tv),
3722 4983 3770 5038 id

2183 5082 2288 5138 est,
2320 5074 2371 5127 in
2402 5073 2657 5129 cordibus
2686 5075 2887 5129 nostris
2917 5090 2930 5128 :
2957 5075 3002 5129 si
3031 5074 3106 5130 ita
3132 5075 3377 5147 egeritis,
3427 5091 3529 5131 nos
3557 5078 3772 5148 quidem

2187 5166 2256 5221 de
2297 5164 2545 5238 profectu
2592 5177 2774 5223 veStro
2821 5165 3270 5242 laztabimur[dl.
3307 5167 3770 5241 la-tilicabimur].

2187 5260 2282 5315 sed
2314 5275 2410 5314 vos
2432 5260 2498 5316 de
2525 5261 2784 5331 acquisita
2807 5261 2982 5317 salute
3007 5263 3338 5332 gaudebitis,
3368 5279 3470 5319 nos
3498 5263 3654 5319 vobis
3684 5277 3774 5330 pro

2186 5351 2378 5407 salutis
2408 5361 2606 5407 vestra:
2645 5351 3006 5422 acquisitione
3049 5353 3315 5410 subdetis.
3375 5355 3550 5412 Donet
3599 5369 3773 5412 autem

2186 5445 2330 5500 illius
2357 5446 2551 5515 pietas,
2578 5455 2640 5500 ut
2669 5446 2740 5500 ita
2767 5445 2836 5502 de
2862 5461 3120 5503 sermone
3149 5456 3336 5503 nostro
3368 5449 3690 5516 proﬁciatis,
3722 5458 3776 5504 ut

2186 5552 2285 5592 nos
2313 5540 2550 5594 vicissim
2583 5540 2781 5594 vestris
2816 5540 3025 5595 meritis
3067 5540 3356 5611 adjtivetis,
3411 5543 3675 5609 nobisque
3723 5544 3771 5597 in

2185 5636 2437 5701 prmsenti
2470 5632 2645 5706 [vita]
2677 5645 3058 5692 ornamentum
3090 5636 3234 5706 sitis,
3263 5647 3317 5695 ct
3361 5639 3416 5695 itt
3449 5636 3626 5695 futura
3657 5635 3766 5713 [ΑΙ.

2183 5725 2239 5780 iii
2265 5725 2484 5799 futuro]
2518 5728 2852 5800 praesidium.
