  <div class='ocr_page' id='page_1' title='image "/cluster/home/n/w/nwhite01/storage/ocr_20150623/50/hvd.32044015471550/433.png"; bbox 0 0 4024 6336; ppageno 0'>
   <div class='ocr_carea' id='block_1_1' title="bbox 606 433 712 501">
    <p class='ocr_par' dir='ltr' id='par_1_1' title="bbox 606 433 712 501">
     <span class='ocr_line' id='line_1_1' title="bbox 606 433 712 501; baseline 0.009 -1"><span class='ocrx_word' id='word_1_1' title='bbox 606 433 712 501; x_wconf 61' lang='grc' dir='ltr'><strong>πθ</strong></span> 
     </span>
    </p>
   </div>
   <div class='ocr_carea' id='block_1_2' title="bbox 1595 439 2877 528">
    <p class='ocr_par' dir='ltr' id='par_1_2' title="bbox 1595 439 2877 528">
     <span class='ocr_line' id='line_1_2' title="bbox 1595 439 2877 528; baseline -0.003 -27"><span class='ocrx_word' id='word_1_2' title='bbox 1595 445 1654 502; x_wconf 83' lang='grc'><strong>8.</strong></span> <span class='ocrx_word' id='word_1_3' title='bbox 1696 442 2017 501; x_wconf 80' lang='lat' dir='ltr'><strong>EUCHERII</strong></span> <span class='ocrx_word' id='word_1_4' title='bbox 2057 439 2533 528; x_wconf 73' lang='lat' dir='ltr'><strong>LUCDUNENSIS</strong></span> <span class='ocrx_word' id='word_1_5' title='bbox 2575 441 2877 499; x_wconf 87' lang='lat' dir='ltr'><strong>EPISCOPI</strong></span> 
     </span>
    </p>
   </div>
   <div class='ocr_carea' id='block_1_3' title="bbox 3757 440 3850 496">
    <p class='ocr_par' dir='ltr' id='par_1_3' title="bbox 3757 440 3850 496">
     <span class='ocr_line' id='line_1_3' title="bbox 3757 440 3850 496; baseline 0 0"><span class='ocrx_word' id='word_1_6' title='bbox 3757 440 3850 496; x_wconf 75' lang='lat'><strong>860</strong></span> 
     </span>
    </p>
   </div>
   <div class='ocr_carea' id='block_1_4' title="bbox 604 555 3849 629">
    <p class='ocr_par' dir='ltr' id='par_1_4' title="bbox 604 555 3849 629">
     <span class='ocr_line' id='line_1_4' title="bbox 604 555 3849 629; baseline -0.001 -13"><span class='ocrx_word' id='word_1_7' title='bbox 604 560 822 626; x_wconf 61' lang='lat' dir='ltr'><strong>secter;</strong></span> <span class='ocrx_word' id='word_1_8' title='bbox 864 559 954 616; x_wconf 87' lang='lat' dir='ltr'><strong>ubi</strong></span> <span class='ocrx_word' id='word_1_9' title='bbox 982 560 1290 617; x_wconf 73' lang='lat' dir='ltr'><strong>ihdttm&#39;enta</strong></span> <span class='ocrx_word' id='word_1_10' title='bbox 1318 563 1507 617; x_wconf 85' lang='lat' dir='ltr'><strong>merita</strong></span> <span class='ocrx_word' id='word_1_11' title='bbox 1531 569 1709 624; x_wconf 90' lang='lat' dir='ltr'><strong>erunt,</strong></span> <span class='ocrx_word' id='word_1_12' title='bbox 1735 559 1872 614; x_wconf 92' lang='lat' dir='ltr'><strong>sicut</strong></span> <span class='ocrx_word' id='word_1_13' title='bbox 1894 558 2020 613; x_wconf 80' lang='lat' dir='ltr'><strong>dicit</strong></span> <span class='ocrx_word' id='word_1_14' title='bbox 2043 557 2172 628; x_wconf 68' lang='lat' dir='ltr'><strong>[D&#39;o-</strong></span> <span class='ocrx_word' id='word_1_15' title='bbox 2199 557 2252 616; x_wconf 75' lang='grc' dir='ltr'><strong>Δ</strong></span> <span class='ocrx_word' id='word_1_16' title='bbox 2279 555 2520 622; x_wconf 82' lang='lat' dir='ltr'><strong>Herode,</strong></span> <span class='ocrx_word' id='word_1_17' title='bbox 2562 559 2688 612; x_wconf 94' lang='lat' dir='ltr'><strong>dum</strong></span> <span class='ocrx_word' id='word_1_18' title='bbox 2725 558 2999 613; x_wconf 77' lang='lat' dir='ltr'><strong>ChriStum</strong></span> <span class='ocrx_word' id='word_1_19' title='bbox 3021 560 3378 629; x_wconf 73' lang='lat' dir='ltr'><strong>persequitur,</strong></span> <span class='ocrx_word' id='word_1_20' title='bbox 3421 558 3586 613; x_wconf 83' lang='lat' dir='ltr'><strong>millia</strong></span> <span class='ocrx_word' id='word_1_21' title='bbox 3627 557 3849 615; x_wconf 83' lang='lat' dir='ltr'><strong>felicium</strong></span> 
     </span>
    </p>
   </div>
   <div class='ocr_carea' id='block_1_5' title="bbox 606 639 2182 732">
    <p class='ocr_par' dir='ltr' id='par_1_5' title="bbox 606 639 2182 732">
     <span class='ocr_line' id='line_1_5' title="bbox 606 639 2182 732; baseline -0.001 -20"><span class='ocrx_word' id='word_1_22' title='bbox 606 644 833 729; x_wconf 78' lang='lat' dir='ltr'><strong>mihusz‘l</strong></span> <span class='ocrx_word' id='word_1_23' title='bbox 865 639 1464 732; x_wconf 59' lang='lat' dir='ltr'><strong>funbjusti&#39;fulyeﬁunt;</strong></span> <span class='ocrx_word' id='word_1_24' title='bbox 1515 642 1804 712; x_wconf 57' lang='lat' dir='ltr'><strong>et&#39;iterum</strong></span> <span class='ocrx_word' id='word_1_25' title='bbox 1841 675 1854 711; x_wconf 90' lang='lat'><strong>:</strong></span> <span class='ocrx_word' id='word_1_26' title='bbox 1883 655 2182 711; x_wconf 73' lang='lat' dir='ltr'><strong>Sacerdotes</strong></span> 
     </span>
    </p>
   </div>
   <div class='ocr_carea' id='block_1_6' title="bbox 604 744 2185 825">
    <p class='ocr_par' dir='ltr' id='par_1_6' title="bbox 604 744 2185 825">
     <span class='ocr_line' id='line_1_6' title="bbox 604 744 2185 825; baseline -0.001 -19"><span class='ocrx_word' id='word_1_27' title='bbox 604 747 688 806; x_wconf 69' lang='lat' dir='ltr'><strong>tui&quot;</strong></span> <span class='ocrx_word' id='word_1_28' title='bbox 702 744 980 806; x_wconf 65' lang='lat' dir='ltr'><strong>induantur</strong></span> <span class='ocrx_word' id='word_1_29' title='bbox 999 751 1404 825; x_wconf 58' lang='lat' dir='ltr'><strong>jii&#39;s‘titikzm&#39;ws.</strong></span> <span class='ocrx_word' id='word_1_30' title='bbox 1428 751 1647 822; x_wconf 72' lang='lat' dir='ltr'><strong>exul);</strong></span> <span class='ocrx_word' id='word_1_31' title='bbox 1696 751 1776 806; x_wconf 88' lang='lat' dir='ltr'><strong>vel</strong></span> <span class='ocrx_word' id='word_1_32' title='bbox 1811 750 1978 805; x_wconf 90' lang='lat' dir='ltr'><strong>illud:</strong></span> <span class='ocrx_word' id='word_1_33' title='bbox 2011 747 2185 804; x_wconf 74' lang='lat' dir='ltr'><strong>Astitit</strong></span> 
     </span>
    </p>
   </div>
   <div class='ocr_carea' id='block_1_7' title="bbox 603 827 2183 915">
    <p class='ocr_par' dir='ltr' id='par_1_7' title="bbox 603 827 2183 915">
     <span class='ocr_line' id='line_1_7' title="bbox 603 827 2183 915; baseline -0.001 -18"><span class='ocrx_word' id='word_1_34' title='bbox 603 841 783 910; x_wconf 67' lang='lat' dir='ltr'><strong>regina</strong></span> <span class='ocrx_word' id='word_1_35' title='bbox 821 861 853 898; x_wconf 80' lang='grc' dir='ltr'><em>α</em></span> <span class='ocrx_word' id='word_1_36' title='bbox 900 844 1092 899; x_wconf 72' lang='lat' dir='ltr'><strong>dextris</strong></span> <span class='ocrx_word' id='word_1_37' title='bbox 1133 843 1234 898; x_wconf 74' lang='lat' dir='ltr'><strong>tuis</strong></span> <span class='ocrx_word' id='word_1_38' title='bbox 1266 847 1318 897; x_wconf 86' lang='lat' dir='ltr'><strong>in</strong></span> <span class='ocrx_word' id='word_1_39' title='bbox 1349 845 1530 898; x_wconf 75' lang='lat' dir='ltr'><strong>vestitu</strong></span> <span class='ocrx_word' id='word_1_40' title='bbox 1553 827 1801 897; x_wconf 78' lang='lat' dir='ltr'><strong>deaurato</strong></span> <span class='ocrx_word' id='word_1_41' title='bbox 1829 841 1946 915; x_wconf 80' lang='lat' dir='ltr'><strong>(Ps.</strong></span> <span class='ocrx_word' id='word_1_42' title='bbox 1993 841 2183 909; x_wconf 83' lang='lat' dir='ltr'><strong>xuv)?</strong></span> 
     </span>
    </p>
   </div>
   <div class='ocr_carea' id='block_1_8' title="bbox 605 932 2184 1004">
    <p class='ocr_par' dir='ltr' id='par_1_8' title="bbox 605 932 2184 1004">
     <span class='ocr_line' id='line_1_8' title="bbox 605 932 2184 1004; baseline -0.001 -16"><span class='ocrx_word' id='word_1_43' title='bbox 605 932 707 988; x_wconf 85' lang='lat' dir='ltr'><strong>Ubi</strong></span> <span class='ocrx_word' id='word_1_44' title='bbox 739 936 866 1003; x_wconf 82' lang='lat' dir='ltr'><strong>ergo</strong></span> <span class='ocrx_word' id='word_1_45' title='bbox 895 943 992 1004; x_wconf 87' lang='lat' dir='ltr'><strong>pro</strong></span> <span class='ocrx_word' id='word_1_46' title='bbox 1017 943 1321 989; x_wconf 86' lang='lat' dir='ltr'><strong>sanctorum</strong></span> <span class='ocrx_word' id='word_1_47' title='bbox 1353 950 1637 1002; x_wconf 86' lang='lat' dir='ltr'><strong>corporum</strong></span> <span class='ocrx_word' id='word_1_48' title='bbox 1682 935 1858 988; x_wconf 91' lang='lat' dir='ltr'><strong>tunica</strong></span> <span class='ocrx_word' id='word_1_49' title='bbox 1897 934 1984 987; x_wconf 87' lang='lat' dir='ltr'><strong>lux</strong></span> <span class='ocrx_word' id='word_1_50' title='bbox 2016 932 2184 987; x_wconf 88' lang='lat' dir='ltr'><strong>reful-</strong></span> 
     </span>
    </p>
   </div>
   <div class='ocr_carea' id='block_1_9' title="bbox 604 1021 2184 1094">
    <p class='ocr_par' dir='ltr' id='par_1_9' title="bbox 604 1021 2184 1094">
     <span class='ocr_line' id='line_1_9' title="bbox 604 1021 2184 1094; baseline 0.002 -17"><span class='ocrx_word' id='word_1_51' title='bbox 604 1023 751 1092; x_wconf 82' lang='lat' dir='ltr'><strong>gebit</strong></span> <span class='ocrx_word' id='word_1_52' title='bbox 798 1029 1019 1090; x_wconf 69' lang='lat' dir='ltr'><strong>aeterna,</strong></span> <span class='ocrx_word' id='word_1_53' title='bbox 1069 1027 1138 1079; x_wconf 89' lang='lat' dir='ltr'><strong>ih‘i</strong></span> <span class='ocrx_word' id='word_1_54' title='bbox 1187 1027 1410 1079; x_wconf 85' lang='lat' dir='ltr'><strong>vestitus</strong></span> <span class='ocrx_word' id='word_1_55' title='bbox 1461 1027 1747 1094; x_wconf 86' lang='lat' dir='ltr'><strong>numquam</strong></span> <span class='ocrx_word' id='word_1_56' title='bbox 1799 1021 1922 1079; x_wconf 91' lang='lat' dir='ltr'><strong>ullis</strong></span> <span class='ocrx_word' id='word_1_57' title='bbox 1969 1024 2184 1080; x_wconf 71' lang='lat' dir='ltr'><strong>smeu‘iis</strong></span> 
     </span>
    </p>
   </div>
   <div class='ocr_carea' id='block_1_10' title="bbox 606 1114 2184 1185">
    <p class='ocr_par' dir='ltr' id='par_1_10' title="bbox 606 1114 2184 1185">
     <span class='ocr_line' id='line_1_10' title="bbox 606 1114 2184 1185; baseline 0.001 -18"><span class='ocrx_word' id='word_1_58' title='bbox 606 1114 882 1170; x_wconf 72' lang='lat' dir='ltr'><strong>eruendus</strong></span> <span class='ocrx_word' id='word_1_59' title='bbox 925 1119 1271 1171; x_wconf 74' lang='lat' dir='ltr'><strong>conVert&#39;etur</strong></span> <span class='ocrx_word' id='word_1_60' title='bbox 1322 1118 1372 1169; x_wconf 92' lang='lat' dir='ltr'><strong>in</strong></span> <span class='ocrx_word' id='word_1_61' title='bbox 1424 1129 1639 1185; x_wconf 91' lang='lat' dir='ltr'><strong>corpus,</strong></span> <span class='ocrx_word' id='word_1_62' title='bbox 1692 1117 1760 1170; x_wconf 87' lang='lat' dir='ltr'><strong>ibi</strong></span> <span class='ocrx_word' id='word_1_63' title='bbox 1812 1115 2184 1169; x_wconf 78' lang='lat' dir='ltr'><strong>indumentum</strong></span> 
     </span>
    </p>
   </div>
   <div class='ocr_carea' id='block_1_11' title="bbox 607 1203 2182 1279">
    <p class='ocr_par' dir='ltr' id='par_1_11' title="bbox 607 1203 2182 1279">
     <span class='ocr_line' id='line_1_11' title="bbox 607 1203 2182 1279; baseline 0 -18"><span class='ocrx_word' id='word_1_64' title='bbox 607 1209 864 1263; x_wconf 59' lang='lat' dir='ltr'><strong>transibit</strong></span> <span class='ocrx_word' id='word_1_65' title='bbox 887 1209 1265 1279; x_wconf 67' lang='lat' dir='ltr'><strong>ih‘praamluni&#39;,</strong></span> <span class='ocrx_word' id='word_1_66' title='bbox 1291 1207 1626 1276; x_wconf 82' lang='lat' dir='ltr'><strong>ibl&#39;angetica</strong></span> <span class='ocrx_word' id='word_1_67' title='bbox 1657 1207 1742 1260; x_wconf 91' lang='lat' dir='ltr'><strong>illa</strong></span> <span class='ocrx_word' id='word_1_68' title='bbox 1775 1207 1909 1260; x_wconf 81' lang='lat' dir='ltr'><strong>stola</strong></span> <span class='ocrx_word' id='word_1_69' title='bbox 1939 1220 2044 1260; x_wconf 89' lang='lat' dir='ltr'><strong>non</strong></span> <span class='ocrx_word' id='word_1_70' title='bbox 2071 1203 2182 1276; x_wconf 71' lang='lat' dir='ltr'><strong>Iani</strong></span> 
     </span>
    </p>
   </div>
   <div class='ocr_carea' id='block_1_12' title="bbox 604 1295 2186 1370">
    <p class='ocr_par' dir='ltr' id='par_1_12' title="bbox 604 1295 2186 1370">
     <span class='ocr_line' id='line_1_12' title="bbox 604 1295 2186 1370; baseline -0.003 -14"><span class='ocrx_word' id='word_1_71' title='bbox 604 1302 710 1356; x_wconf 80' lang='lat' dir='ltr'><strong>erit</strong></span> <span class='ocrx_word' id='word_1_72' title='bbox 734 1299 981 1368; x_wconf 72' lang='lat' dir='ltr'><strong>amictus,</strong></span> <span class='ocrx_word' id='word_1_73' title='bbox 1007 1317 1110 1356; x_wconf 90' lang='lat' dir='ltr'><strong>non</strong></span> <span class='ocrx_word' id='word_1_74' title='bbox 1131 1302 1238 1370; x_wconf 78' lang='lat' dir='ltr'><strong>ja‘m</strong></span> <span class='ocrx_word' id='word_1_75' title='bbox 1262 1303 1361 1356; x_wconf 86' lang='lat' dir='ltr'><strong>erit</strong></span> <span class='ocrx_word' id='word_1_76' title='bbox 1387 1302 1618 1368; x_wconf 85' lang='lat' dir='ltr'><strong>habitus,</strong></span> <span class='ocrx_word' id='word_1_77' title='bbox 1653 1295 1757 1356; x_wconf 86' lang='lat' dir='ltr'><strong>sed</strong></span> <span class='ocrx_word' id='word_1_78' title='bbox 1779 1310 1987 1354; x_wconf 88' lang='lat' dir='ltr'><strong>natura.</strong></span> <span class='ocrx_word' id='word_1_79' title='bbox 2019 1299 2186 1353; x_wconf 87' lang='lat' dir='ltr'><strong>Num-</strong></span> 
     </span>
    </p>
   </div>
   <div class='ocr_carea' id='block_1_13' title="bbox 605 1393 2183 1468">
    <p class='ocr_par' dir='ltr' id='par_1_13' title="bbox 605 1393 2183 1468">
     <span class='ocr_line' id='line_1_13' title="bbox 605 1393 2183 1468; baseline -0.003 -17"><span class='ocrx_word' id='word_1_80' title='bbox 605 1395 732 1468; x_wconf 67' lang='lat' dir='ltr'><strong>q‘uid</strong></span> <span class='ocrx_word' id='word_1_81' title='bbox 777 1393 846 1452; x_wconf 87' lang='lat' dir='ltr'><strong>ibi</strong></span> <span class='ocrx_word' id='word_1_82' title='bbox 874 1397 986 1467; x_wconf 77' lang='lat' dir='ltr'><strong>jam</strong></span> <span class='ocrx_word' id='word_1_83' title='bbox 1028 1397 1221 1451; x_wconf 84' lang='lat' dir='ltr'><strong>avarus</strong></span> <span class='ocrx_word' id='word_1_84' title='bbox 1268 1397 1357 1449; x_wconf 82' lang='lat' dir='ltr'><strong>aut</strong></span> <span class='ocrx_word' id='word_1_85' title='bbox 1397 1404 1554 1450; x_wconf 81' lang='lat' dir='ltr'><strong>tenax</strong></span> <span class='ocrx_word' id='word_1_86' title='bbox 1596 1395 1662 1450; x_wconf 92' lang='lat' dir='ltr'><strong>de</strong></span> <span class='ocrx_word' id='word_1_87' title='bbox 1708 1393 2035 1448; x_wconf 82' lang='lat' dir='ltr'><strong>abundantia</strong></span> <span class='ocrx_word' id='word_1_88' title='bbox 2085 1407 2183 1447; x_wconf 89' lang='lat' dir='ltr'><strong>sua</strong></span> 
     </span>
    </p>
   </div>
   <div class='ocr_carea' id='block_1_14' title="bbox 608 1486 2181 1560">
    <p class='ocr_par' dir='ltr' id='par_1_14' title="bbox 608 1486 2181 1560">
     <span class='ocr_line' id='line_1_14' title="bbox 608 1486 2181 1560; baseline -0.004 -14"><span class='ocrx_word' id='word_1_89' title='bbox 608 1492 931 1547; x_wconf 74' lang='lat' dir='ltr'><strong>benefacere</strong></span> <span class='ocrx_word' id='word_1_90' title='bbox 978 1491 1129 1544; x_wconf 83' lang='lat' dir='ltr'><strong>alteri</strong></span> <span class='ocrx_word' id='word_1_91' title='bbox 1164 1493 1379 1560; x_wconf 87' lang='lat' dir='ltr'><strong>poterit,</strong></span> <span class='ocrx_word' id='word_1_92' title='bbox 1413 1487 1502 1543; x_wconf 81' lang='lat' dir='ltr'><strong>ubi</strong></span> <span class='ocrx_word' id='word_1_93' title='bbox 1533 1503 1600 1543; x_wconf 90' lang='lat' dir='ltr'><strong>ne</strong></span> <span class='ocrx_word' id='word_1_94' title='bbox 1631 1489 1731 1541; x_wconf 87' lang='lat' dir='ltr'><strong>sibi</strong></span> <span class='ocrx_word' id='word_1_95' title='bbox 1765 1486 1982 1557; x_wconf 87' lang='lat' dir='ltr'><strong>quidem</strong></span> <span class='ocrx_word' id='word_1_96' title='bbox 2017 1499 2181 1539; x_wconf 90' lang='lat' dir='ltr'><strong>unam</strong></span> 
     </span>
    </p>
   </div>
   <div class='ocr_carea' id='block_1_15' title="bbox 601 1579 2184 1654">
    <p class='ocr_par' dir='ltr' id='par_1_15' title="bbox 601 1579 2184 1654">
     <span class='ocr_line' id='line_1_15' title="bbox 601 1579 2184 1654; baseline -0.002 -18"><span class='ocrx_word' id='word_1_97' title='bbox 601 1583 802 1654; x_wconf 82' lang='lat' dir='ltr'><strong>guttam</strong></span> <span class='ocrx_word' id='word_1_98' title='bbox 829 1584 881 1636; x_wconf 93' lang='lat' dir='ltr'><strong>in</strong></span> <span class='ocrx_word' id='word_1_99' title='bbox 914 1581 1088 1638; x_wconf 90' lang='lat' dir='ltr'><strong>medio</strong></span> <span class='ocrx_word' id='word_1_100' title='bbox 1111 1583 1282 1653; x_wconf 89' lang='lat' dir='ltr'><strong>stagni</strong></span> <span class='ocrx_word' id='word_1_101' title='bbox 1327 1583 1604 1636; x_wconf 65' lang='lat' dir='ltr'><strong>aestuantis</strong></span> <span class='ocrx_word' id='word_1_102' title='bbox 1631 1581 1882 1635; x_wconf 85' lang='lat' dir='ltr'><strong>voluntas</strong></span> <span class='ocrx_word' id='word_1_103' title='bbox 1903 1579 2184 1634; x_wconf 72' lang='lat' dir='ltr'><strong>inveniet?</strong></span> 
     </span>
    </p>
   </div>
   <div class='ocr_carea' id='block_1_16' title="bbox 603 1667 2183 1745">
    <p class='ocr_par' dir='ltr' id='par_1_16' title="bbox 603 1667 2183 1745">
     <span class='ocr_line' id='line_1_16' title="bbox 603 1667 2183 1745; baseline -0.003 -14"><span class='ocrx_word' id='word_1_104' title='bbox 603 1667 740 1731; x_wconf 75' lang='lat' dir='ltr'><strong>Nihil</strong></span> <span class='ocrx_word' id='word_1_105' title='bbox 782 1680 925 1732; x_wconf 90' lang='lat' dir='ltr'><strong>enim</strong></span> <span class='ocrx_word' id='word_1_106' title='bbox 967 1692 1146 1731; x_wconf 88' lang='lat' dir='ltr'><strong>secum</strong></span> <span class='ocrx_word' id='word_1_107' title='bbox 1175 1677 1240 1730; x_wconf 92' lang='lat' dir='ltr'><strong>de</strong></span> <span class='ocrx_word' id='word_1_108' title='bbox 1264 1677 1345 1730; x_wconf 89' lang='lat' dir='ltr'><strong>his</strong></span> <span class='ocrx_word' id='word_1_109' title='bbox 1371 1689 1491 1745; x_wconf 74' lang='lat' dir='ltr'><strong>qua:</strong></span> <span class='ocrx_word' id='word_1_110' title='bbox 1519 1674 1732 1744; x_wconf 90' lang='lat' dir='ltr'><strong>propria</strong></span> <span class='ocrx_word' id='word_1_111' title='bbox 1759 1673 1960 1728; x_wconf 79' lang='lat' dir='ltr'><strong>habere</strong></span> <span class='ocrx_word' id='word_1_112' title='bbox 1987 1687 2045 1726; x_wconf 90' lang='lat' dir='ltr'><strong>se</strong></span> <span class='ocrx_word' id='word_1_113' title='bbox 2067 1687 2183 1727; x_wconf 85' lang='lat' dir='ltr'><strong>cre-</strong></span> 
     </span>
    </p>
   </div>
   <div class='ocr_carea' id='block_1_17' title="bbox 603 1763 2181 1841">
    <p class='ocr_par' dir='ltr' id='par_1_17' title="bbox 603 1763 2181 1841">
     <span class='ocr_line' id='line_1_17' title="bbox 603 1763 2181 1841; baseline -0.004 -17"><span class='ocrx_word' id='word_1_114' title='bbox 603 1768 758 1840; x_wconf 80' lang='lat' dir='ltr'><strong>didit,</strong></span> <span class='ocrx_word' id='word_1_115' title='bbox 782 1779 1087 1841; x_wconf 89' lang='lat' dir='ltr'><strong>portaturus</strong></span> <span class='ocrx_word' id='word_1_116' title='bbox 1116 1780 1197 1825; x_wconf 88' lang='lat' dir='ltr'><strong>est</strong></span> <span class='ocrx_word' id='word_1_117' title='bbox 1217 1769 1381 1841; x_wconf 87' lang='lat' dir='ltr'><strong>(sicut</strong></span> <span class='ocrx_word' id='word_1_118' title='bbox 1411 1769 1542 1823; x_wconf 80' lang='lat' dir='ltr'><strong>dixit</strong></span> <span class='ocrx_word' id='word_1_119' title='bbox 1561 1764 1875 1837; x_wconf 80' lang='lat' dir='ltr'><strong>propheta):</strong></span> <span class='ocrx_word' id='word_1_120' title='bbox 1905 1763 2028 1820; x_wconf 87' lang='lat' dir='ltr'><strong>Non</strong></span> <span class='ocrx_word' id='word_1_121' title='bbox 2049 1767 2181 1818; x_wconf 86' lang='lat' dir='ltr'><strong>enim</strong></span> 
     </span>
    </p>
   </div>
   <div class='ocr_carea' id='block_1_18' title="bbox 604 1857 2182 1930">
    <p class='ocr_par' dir='ltr' id='par_1_18' title="bbox 604 1857 2182 1930">
     <span class='ocr_line' id='line_1_18' title="bbox 604 1857 2182 1930; baseline -0.003 -16"><span class='ocrx_word' id='word_1_122' title='bbox 604 1871 721 1914; x_wconf 79' lang='lat' dir='ltr'><strong>cum</strong></span> <span class='ocrx_word' id='word_1_123' title='bbox 765 1864 1029 1928; x_wconf 81' lang='lat' dir='ltr'><strong>morietur,</strong></span> <span class='ocrx_word' id='word_1_124' title='bbox 1063 1862 1277 1930; x_wconf 82' lang='lat' dir='ltr'><strong>accipiet</strong></span> <span class='ocrx_word' id='word_1_125' title='bbox 1321 1863 1513 1929; x_wconf 84' lang='lat' dir='ltr'><strong>omnia,</strong></span> <span class='ocrx_word' id='word_1_126' title='bbox 1545 1877 1705 1929; x_wconf 87' lang='lat' dir='ltr'><strong>neque</strong></span> <span class='ocrx_word' id='word_1_127' title='bbox 1732 1859 1884 1914; x_wconf 83' lang='lat' dir='ltr'><strong>simul</strong></span> <span class='ocrx_word' id='word_1_128' title='bbox 1912 1857 2182 1913; x_wconf 76' lang='lat' dir='ltr'><strong>descendet</strong></span> 
     </span>
    </p>
   </div>
   <div class='ocr_carea' id='block_1_19' title="bbox 2286 650 3852 721">
    <p class='ocr_par' dir='ltr' id='par_1_19' title="bbox 2286 650 3852 721">
     <span class='ocr_line' id='line_1_19' title="bbox 2286 650 3852 721; baseline 0.002 -17"><span class='ocrx_word' id='word_1_129' title='bbox 2286 650 2552 704; x_wconf 79' lang='lat' dir='ltr'><strong>exstincta</strong></span> <span class='ocrx_word' id='word_1_130' title='bbox 2595 664 2719 705; x_wconf 90' lang='lat' dir='ltr'><strong>esse</strong></span> <span class='ocrx_word' id='word_1_131' title='bbox 2751 653 3062 720; x_wconf 86' lang='lat' dir='ltr'><strong>puerorum,</strong></span> <span class='ocrx_word' id='word_1_132' title='bbox 3095 651 3311 706; x_wconf 89' lang='lat' dir='ltr'><strong>dicente</strong></span> <span class='ocrx_word' id='word_1_133' title='bbox 3340 651 3602 721; x_wconf 82' lang='lat' dir='ltr'><strong>propheta</strong></span> <span class='ocrx_word' id='word_1_134' title='bbox 3629 669 3642 704; x_wconf 94' lang='lat'><strong>:</strong></span> <span class='ocrx_word' id='word_1_135' title='bbox 3669 652 3852 708; x_wconf 73' lang='lat' dir='ltr'><strong>Rachel</strong></span> 
     </span>
    </p>
   </div>
   <div class='ocr_carea' id='block_1_20' title="bbox 2285 737 3853 816">
    <p class='ocr_par' dir='ltr' id='par_1_20' title="bbox 2285 737 3853 816">
     <span class='ocr_line' id='line_1_20' title="bbox 2285 737 3853 816; baseline 0.003 -22"><span class='ocrx_word' id='word_1_136' title='bbox 2285 737 2496 811; x_wconf 77' lang='lat' dir='ltr'><strong>plorans</strong></span> <span class='ocrx_word' id='word_1_137' title='bbox 2547 743 2682 811; x_wconf 70' lang='lat' dir='ltr'><strong>ﬁlios</strong></span> <span class='ocrx_word' id='word_1_138' title='bbox 2737 747 2897 810; x_wconf 79' lang='lat' dir='ltr'><strong>suos,</strong></span> <span class='ocrx_word' id='word_1_139' title='bbox 2957 749 3003 798; x_wconf 92' lang='lat' dir='ltr'><strong>et</strong></span> <span class='ocrx_word' id='word_1_140' title='bbox 3057 743 3225 798; x_wconf 85' lang='lat' dir='ltr'><strong>noluit</strong></span> <span class='ocrx_word' id='word_1_141' title='bbox 3280 745 3540 799; x_wconf 87' lang='lat' dir='ltr'><strong>consolari</strong></span> <span class='ocrx_word' id='word_1_142' title='bbox 3585 745 3711 816; x_wconf 77' lang='lat' dir='ltr'><strong>quia</strong></span> <span class='ocrx_word' id='word_1_143' title='bbox 3765 764 3853 799; x_wconf 86' lang='lat' dir='ltr'><strong>non</strong></span> 
     </span>
    </p>
   </div>
   <div class='ocr_carea' id='block_1_21' title="bbox 2285 831 3852 907">
    <p class='ocr_par' dir='ltr' id='par_1_21' title="bbox 2285 831 3852 907">
     <span class='ocr_line' id='line_1_21' title="bbox 2285 831 3852 907; baseline 0.005 -21"><span class='ocrx_word' id='word_1_144' title='bbox 2285 833 2401 887; x_wconf 83' lang='lat' dir='ltr'><strong>sunt</strong></span> <span class='ocrx_word' id='word_1_145' title='bbox 2438 831 2575 904; x_wconf 76' lang='lat' dir='ltr'><strong>(Jcr.</strong></span> <span class='ocrx_word' id='word_1_146' title='bbox 2618 847 2767 899; x_wconf 65' lang='grc' dir='ltr'>χχχι,</span> <span class='ocrx_word' id='word_1_147' title='bbox 2811 835 2907 901; x_wconf 70' lang='grc'><strong>15;</strong></span> <span class='ocrx_word' id='word_1_148' title='bbox 2949 833 3139 890; x_wconf 66' lang='lat' dir='ltr'><strong>lauit.</strong></span> <span class='ocrx_word' id='word_1_149' title='bbox 3179 851 3240 905; x_wconf 81' lang='lat' dir='ltr'><strong>tt,</strong></span> <span class='ocrx_word' id='word_1_150' title='bbox 3286 837 3397 907; x_wconf 81' lang='grc'><strong>18).</strong></span> <span class='ocrx_word' id='word_1_151' title='bbox 3437 837 3511 894; x_wconf 86' lang='lat' dir='ltr'><strong>ita</strong></span> <span class='ocrx_word' id='word_1_152' title='bbox 3551 838 3672 894; x_wconf 65' lang='lat' dir='ltr'><strong>haec</strong></span> <span class='ocrx_word' id='word_1_153' title='bbox 3709 837 3852 894; x_wconf 83' lang='lat' dir='ltr'><strong>beata</strong></span> 
     </span>
    </p>
   </div>
   <div class='ocr_carea' id='block_1_22' title="bbox 2287 921 3854 999">
    <p class='ocr_par' dir='ltr' id='par_1_22' title="bbox 2287 921 3854 999">
     <span class='ocr_line' id='line_1_22' title="bbox 2287 921 3854 999; baseline 0.007 -23"><span class='ocrx_word' id='word_1_154' title='bbox 2287 937 2503 993; x_wconf 90' lang='lat' dir='ltr'><strong>parens,</strong></span> <span class='ocrx_word' id='word_1_155' title='bbox 2537 936 2591 981; x_wconf 92' lang='lat' dir='ltr'><strong>et</strong></span> <span class='ocrx_word' id='word_1_156' title='bbox 2622 928 3029 998; x_wconf 87' lang='lat' dir='ltr'><strong>triumphalium</strong></span> <span class='ocrx_word' id='word_1_157' title='bbox 3065 927 3294 986; x_wconf 87' lang='lat' dir='ltr'><strong>illustris</strong></span> <span class='ocrx_word' id='word_1_158' title='bbox 3323 932 3492 999; x_wconf 81' lang='lat' dir='ltr'><strong>patria</strong></span> <span class='ocrx_word' id='word_1_159' title='bbox 3522 921 3854 999; x_wconf 72' lang='lat' dir='ltr'><strong>bellatorum,</strong></span> 
     </span>
    </p>
   </div>
   <div class='ocr_carea' id='block_1_23' title="bbox 2286 1018 3853 1087">
    <p class='ocr_par' dir='ltr' id='par_1_23' title="bbox 2286 1018 3853 1087">
     <span class='ocr_line' id='line_1_23' title="bbox 2286 1018 3853 1087; baseline 0.006 -20"><span class='ocrx_word' id='word_1_160' title='bbox 2286 1021 2552 1069; x_wconf 88' lang='lat' dir='ltr'><strong>tantorum</strong></span> <span class='ocrx_word' id='word_1_161' title='bbox 2593 1018 2750 1072; x_wconf 86' lang='lat' dir='ltr'><strong>dives</strong></span> <span class='ocrx_word' id='word_1_162' title='bbox 2793 1019 3079 1087; x_wconf 81' lang='lat' dir='ltr'><strong>pignorum</strong></span> <span class='ocrx_word' id='word_1_163' title='bbox 3122 1021 3370 1086; x_wconf 87' lang='lat' dir='ltr'><strong>meritis,</strong></span> <span class='ocrx_word' id='word_1_164' title='bbox 3418 1023 3522 1078; x_wconf 82' lang='lat' dir='ltr'><strong>etsi</strong></span> <span class='ocrx_word' id='word_1_165' title='bbox 3561 1021 3642 1076; x_wconf 63' lang='lat' dir='ltr'><strong>ad&#39;</strong></span> <span class='ocrx_word' id='word_1_166' title='bbox 3672 1036 3853 1076; x_wconf 85' lang='lat' dir='ltr'><strong>monu-</strong></span> 
     </span>
    </p>
   </div>
   <div class='ocr_carea' id='block_1_24' title="bbox 2286 1109 3856 1180">
    <p class='ocr_par' dir='ltr' id='par_1_24' title="bbox 2286 1109 3856 1180">
     <span class='ocr_line' id='line_1_24' title="bbox 2286 1109 3856 1180; baseline 0.008 -22"><span class='ocrx_word' id='word_1_167' title='bbox 2286 1109 2525 1159; x_wconf 88' lang='lat' dir='ltr'><strong>mentum</strong></span> <span class='ocrx_word' id='word_1_168' title='bbox 2566 1109 2739 1163; x_wconf 89' lang='lat' dir='ltr'><strong>oculis</strong></span> <span class='ocrx_word' id='word_1_169' title='bbox 2778 1109 3175 1179; x_wconf 90' lang='lat' dir='ltr'><strong>inspicientium</strong></span> <span class='ocrx_word' id='word_1_170' title='bbox 3225 1114 3406 1167; x_wconf 86' lang='lat' dir='ltr'><strong>orbari</strong></span> <span class='ocrx_word' id='word_1_171' title='bbox 3459 1115 3571 1168; x_wconf 88' lang='lat' dir='ltr'><strong>visa</strong></span> <span class='ocrx_word' id='word_1_172' title='bbox 3612 1123 3720 1180; x_wconf 90' lang='lat' dir='ltr'><strong>est,</strong></span> <span class='ocrx_word' id='word_1_173' title='bbox 3776 1129 3856 1170; x_wconf 83' lang='lat' dir='ltr'><strong>ne-</strong></span> 
     </span>
    </p>
   </div>
   <div class='ocr_carea' id='block_1_25' title="bbox 2287 1202 3855 1276">
    <p class='ocr_par' dir='ltr' id='par_1_25' title="bbox 2287 1202 3855 1276">
     <span class='ocr_line' id='line_1_25' title="bbox 2287 1202 3855 1276; baseline 0.008 -26"><span class='ocrx_word' id='word_1_174' title='bbox 2287 1207 2549 1268; x_wconf 76' lang='lat' dir='ltr'><strong>qanuam</strong></span> <span class='ocrx_word' id='word_1_175' title='bbox 2593 1209 2771 1256; x_wconf 90' lang='lat' dir='ltr'><strong>tamen</strong></span> <span class='ocrx_word' id='word_1_176' title='bbox 2811 1202 3012 1272; x_wconf 79' lang='lat' dir='ltr'><strong>indiget</strong></span> <span class='ocrx_word' id='word_1_177' title='bbox 3051 1205 3342 1275; x_wconf 90' lang='lat' dir='ltr'><strong>consolari,</strong></span> <span class='ocrx_word' id='word_1_178' title='bbox 3385 1221 3485 1262; x_wconf 90' lang='lat' dir='ltr'><strong>nec</strong></span> <span class='ocrx_word' id='word_1_179' title='bbox 3520 1205 3855 1276; x_wconf 66' lang='lat' dir='ltr'><strong>plorat’iilios</strong></span> 
     </span>
    </p>
   </div>
   <div class='ocr_carea' id='block_1_26' title="bbox 2285 1296 3856 1368">
    <p class='ocr_par' dir='ltr' id='par_1_26' title="bbox 2285 1296 3856 1368">
     <span class='ocr_line' id='line_1_26' title="bbox 2285 1296 3856 1368; baseline 0.006 -22"><span class='ocrx_word' id='word_1_180' title='bbox 2285 1305 2412 1347; x_wconf 91' lang='lat' dir='ltr'><strong>suos</strong></span> <span class='ocrx_word' id='word_1_181' title='bbox 2444 1312 2456 1348; x_wconf 93' lang='lat'><strong>:</strong></span> <span class='ocrx_word' id='word_1_182' title='bbox 2493 1296 2613 1363; x_wconf 85' lang='lat' dir='ltr'><strong>quia</strong></span> <span class='ocrx_word' id='word_1_183' title='bbox 2659 1297 2709 1349; x_wconf 92' lang='lat' dir='ltr'><strong>in</strong></span> <span class='ocrx_word' id='word_1_184' title='bbox 2741 1296 2988 1352; x_wconf 89' lang='lat' dir='ltr'><strong>videndis</strong></span> <span class='ocrx_word' id='word_1_185' title='bbox 3027 1297 3261 1354; x_wconf 89' lang='lat' dir='ltr'><strong>luctibus</strong></span> <span class='ocrx_word' id='word_1_186' title='bbox 3299 1300 3424 1354; x_wconf 87' lang='lat' dir='ltr'><strong>dum</strong></span> <span class='ocrx_word' id='word_1_187' title='bbox 3465 1300 3749 1368; x_wconf 75' lang='lat' dir='ltr'><strong>perderet,</strong></span> <span class='ocrx_word' id='word_1_188' title='bbox 3780 1314 3856 1356; x_wconf 87' lang='lat' dir='ltr'><strong>ac-</strong></span> 
     </span>
    </p>
   </div>
   <div class='ocr_carea' id='block_1_27' title="bbox 2233 1380 3857 1458">
    <p class='ocr_par' dir='ltr' id='par_1_27' title="bbox 2233 1380 3857 1458">
     <span class='ocr_line' id='line_1_27' title="bbox 2233 1380 3857 1458; baseline 0.008 -23"><span class='ocrx_word' id='word_1_189' title='bbox 2233 1383 2238 1386; x_wconf 86' lang='grc'><em>’</em></span> <span class='ocrx_word' id='word_1_190' title='bbox 2286 1385 2524 1455; x_wconf 85' lang='lat' dir='ltr'><strong>quisivit.</strong></span> <span class='ocrx_word' id='word_1_191' title='bbox 2557 1386 2910 1443; x_wconf 86' lang='lat' dir='ltr'><strong>Fiducialiter</strong></span> <span class='ocrx_word' id='word_1_192' title='bbox 2943 1380 3090 1446; x_wconf 86' lang='lat' dir='ltr'><strong>inter</strong></span> <span class='ocrx_word' id='word_1_193' title='bbox 3129 1385 3244 1446; x_wconf 62' lang='lat' dir='ltr'><strong>haec</strong></span> <span class='ocrx_word' id='word_1_194' title='bbox 3284 1400 3485 1458; x_wconf 82' lang='lat' dir='ltr'><strong>tecum,</strong></span> <span class='ocrx_word' id='word_1_195' title='bbox 3526 1406 3561 1447; x_wconf 93' lang='lat' dir='ltr'><strong>o</strong></span> <span class='ocrx_word' id='word_1_196' title='bbox 3587 1380 3857 1448; x_wconf 69' lang='lat' dir='ltr'><strong>Bethleem</strong></span> 
     </span>
    </p>
   </div>
   <div class='ocr_carea' id='block_1_28' title="bbox 2287 1477 3857 1551">
    <p class='ocr_par' dir='ltr' id='par_1_28' title="bbox 2287 1477 3857 1551">
     <span class='ocr_line' id='line_1_28' title="bbox 2287 1477 3857 1551; baseline 0.004 -21"><span class='ocrx_word' id='word_1_197' title='bbox 2287 1484 2430 1530; x_wconf 89' lang='lat' dir='ltr'><strong>terra</strong></span> <span class='ocrx_word' id='word_1_198' title='bbox 2479 1477 2614 1531; x_wconf 85' lang='lat' dir='ltr'><strong>Juda</strong></span> <span class='ocrx_word' id='word_1_199' title='bbox 2664 1479 2821 1548; x_wconf 67' lang='lat' dir='ltr'><strong>(qum</strong></span> <span class='ocrx_word' id='word_1_200' title='bbox 2867 1479 3100 1536; x_wconf 81' lang='lat' dir='ltr'><strong>Herodis</strong></span> <span class='ocrx_word' id='word_1_201' title='bbox 3139 1482 3527 1536; x_wconf 81' lang='lat' dir='ltr'><strong>immanitatem</strong></span> <span class='ocrx_word' id='word_1_202' title='bbox 3579 1483 3857 1551; x_wconf 70' lang='lat' dir='ltr'><strong>puerorum</strong></span> 
     </span>
    </p>
   </div>
   <div class='ocr_carea' id='block_1_29' title="bbox 2286 1568 3860 1644">
    <p class='ocr_par' dir='ltr' id='par_1_29' title="bbox 2286 1568 3860 1644">
     <span class='ocr_line' id='line_1_29' title="bbox 2286 1568 3860 1644; baseline 0.005 -22"><span class='ocrx_word' id='word_1_203' title='bbox 2286 1568 2648 1624; x_wconf 83' lang='lat' dir='ltr'><strong>e’xstinctione</strong></span> <span class='ocrx_word' id='word_1_204' title='bbox 2698 1581 2957 1639; x_wconf 87' lang='lat' dir='ltr'><strong>perpessa</strong></span> <span class='ocrx_word' id='word_1_205' title='bbox 3009 1585 3098 1636; x_wconf 87' lang='lat' dir='ltr'><strong>es;</strong></span> <span class='ocrx_word' id='word_1_206' title='bbox 3153 1589 3273 1642; x_wconf 75' lang='lat' dir='ltr'><strong>qua:</strong></span> <span class='ocrx_word' id='word_1_207' title='bbox 3323 1573 3425 1629; x_wconf 87' lang='lat' dir='ltr'><strong>sub</strong></span> <span class='ocrx_word' id='word_1_208' title='bbox 3475 1590 3583 1628; x_wconf 92' lang='lat' dir='ltr'><strong>uno</strong></span> <span class='ocrx_word' id='word_1_209' title='bbox 3620 1583 3860 1644; x_wconf 82' lang='lat' dir='ltr'><strong>tempore</strong></span> 
     </span>
    </p>
   </div>
   <div class='ocr_carea' id='block_1_30' title="bbox 2287 1661 3861 1731">
    <p class='ocr_par' dir='ltr' id='par_1_30' title="bbox 2287 1661 3861 1731">
     <span class='ocr_line' id='line_1_30' title="bbox 2287 1661 3861 1731; baseline 0.004 -17"><span class='ocrx_word' id='word_1_210' title='bbox 2287 1661 2624 1715; x_wconf 84' lang='lat' dir='ltr'><strong>candidatam</strong></span> <span class='ocrx_word' id='word_1_211' title='bbox 2678 1662 2891 1731; x_wconf 84' lang='lat' dir='ltr'><strong>plebem</strong></span> <span class='ocrx_word' id='word_1_212' title='bbox 2942 1661 3175 1718; x_wconf 87' lang='lat' dir='ltr'><strong>imbellis</strong></span> <span class='ocrx_word' id='word_1_213' title='bbox 3224 1663 3463 1719; x_wconf 58' lang='lat' dir='ltr'><strong>infantia;</strong></span> <span class='ocrx_word' id='word_1_214' title='bbox 3511 1665 3636 1720; x_wconf 86' lang='lat' dir='ltr'><strong>Deo</strong></span> <span class='ocrx_word' id='word_1_215' title='bbox 3678 1661 3861 1720; x_wconf 75' lang='lat' dir='ltr'><strong>onem</strong></span> 
     </span>
    </p>
   </div>
   <div class='ocr_carea' id='block_1_31' title="bbox 2290 1751 3862 1827">
    <p class='ocr_par' dir='ltr' id='par_1_31' title="bbox 2290 1751 3862 1827">
     <span class='ocr_line' id='line_1_31' title="bbox 2290 1751 3862 1827; baseline 0.003 -21"><span class='ocrx_word' id='word_1_216' title='bbox 2290 1754 2597 1818; x_wconf 86' lang='lat' dir='ltr'><strong>meruisti);</strong></span> <span class='ocrx_word' id='word_1_217' title='bbox 2625 1751 2806 1820; x_wconf 48' lang='lat' dir='ltr'><strong>digne,</strong></span> <span class='ocrx_word' id='word_1_218' title='bbox 2839 1754 3082 1822; x_wconf 66' lang='lat' dir='ltr'><strong>inquam,</strong></span> <span class='ocrx_word' id='word_1_219' title='bbox 3115 1765 3314 1821; x_wconf 73' lang='lat' dir='ltr'><strong>tecum,</strong></span> <span class='ocrx_word' id='word_1_220' title='bbox 3347 1774 3379 1807; x_wconf 76' lang='grc' dir='ltr'>υ</span> <span class='ocrx_word' id='word_1_221' title='bbox 3403 1752 3862 1827; x_wconf 62' lang='lat' dir='ltr'><strong>BethleemJlugo</strong></span> 
     </span>
    </p>
   </div>
   <div class='ocr_carea' id='block_1_32' title="bbox 2290 1844 3862 1914">
    <p class='ocr_par' dir='ltr' id='par_1_32' title="bbox 2290 1844 3862 1914">
     <span class='ocr_line' id='line_1_32' title="bbox 2290 1844 3862 1914; baseline 0.004 -17"><span class='ocrx_word' id='word_1_222' title='bbox 2290 1844 2466 1898; x_wconf 88' lang='lat' dir='ltr'><strong>dunus</strong></span> <span class='ocrx_word' id='word_1_223' title='bbox 2515 1853 2699 1899; x_wconf 88' lang='lat' dir='ltr'><strong>noster</strong></span> <span class='ocrx_word' id='word_1_224' title='bbox 2738 1845 2997 1911; x_wconf 79' lang='lat' dir='ltr'><strong>certaret,</strong></span> <span class='ocrx_word' id='word_1_225' title='bbox 3034 1845 3098 1901; x_wconf 81' lang='lat' dir='ltr'><strong>et’</strong></span> <span class='ocrx_word' id='word_1_226' title='bbox 3117 1860 3278 1914; x_wconf 90' lang='lat' dir='ltr'><strong>super</strong></span> <span class='ocrx_word' id='word_1_227' title='bbox 3315 1846 3511 1901; x_wconf 85' lang='lat' dir='ltr'><strong>divinis</strong></span> <span class='ocrx_word' id='word_1_228' title='bbox 3540 1847 3693 1902; x_wconf 89' lang='lat' dir='ltr'><strong>circa</strong></span> <span class='ocrx_word' id='word_1_229' title='bbox 3727 1858 3862 1902; x_wconf 78' lang='lat' dir='ltr'><strong>utra-</strong></span> 
     </span>
    </p>
   </div>
   <div class='ocr_carea' id='block_1_33' title="bbox 604 1935 3862 2025">
    <p class='ocr_par' dir='ltr' id='par_1_33' title="bbox 604 1935 3862 2025">
     <span class='ocr_line' id='line_1_33' title="bbox 604 1935 3862 2025; baseline -0.003 -20"><span class='ocrx_word' id='word_1_230' title='bbox 604 1963 719 2007; x_wconf 84' lang='lat' dir='ltr'><strong>cum</strong></span> <span class='ocrx_word' id='word_1_231' title='bbox 746 1970 808 2008; x_wconf 90' lang='lat' dir='ltr'><strong>eo</strong></span> <span class='ocrx_word' id='word_1_232' title='bbox 827 1953 994 2025; x_wconf 83' lang='lat' dir='ltr'><strong>gloria</strong></span> <span class='ocrx_word' id='word_1_233' title='bbox 1025 1955 1205 2007; x_wconf 87' lang='lat' dir='ltr'><strong>domus</strong></span> <span class='ocrx_word' id='word_1_234' title='bbox 1227 1956 1336 2025; x_wconf 83' lang='lat' dir='ltr'><strong>ejus</strong></span> <span class='ocrx_word' id='word_1_235' title='bbox 1366 1950 1481 2022; x_wconf 88' lang='lat' dir='ltr'><strong>(Ps.</strong></span> <span class='ocrx_word' id='word_1_236' title='bbox 1519 1965 1705 2016; x_wconf 73' lang='lat' dir='ltr'><strong>xnvm,</strong></span> <span class='ocrx_word' id='word_1_237' title='bbox 1757 1950 1868 2020; x_wconf 78' lang='lat'><strong>18),</strong></span> <span class='ocrx_word' id='word_1_238' title='bbox 1899 1947 2182 2003; x_wconf 83' lang='lat' dir='ltr'><strong>auditurus</strong></span> <span class='ocrx_word' id='word_1_239' title='bbox 2210 1935 2262 1997; x_wconf 87' lang='grc' dir='ltr'><strong>Β</strong></span> <span class='ocrx_word' id='word_1_240' title='bbox 2287 1955 2389 2009; x_wconf 87' lang='lat' dir='ltr'><strong>que</strong></span> <span class='ocrx_word' id='word_1_241' title='bbox 2417 1941 2701 1996; x_wconf 82' lang='lat' dir='ltr'><strong>beneﬂciis</strong></span> <span class='ocrx_word' id='word_1_242' title='bbox 2733 1939 2886 1994; x_wconf 86' lang='lat' dir='ltr'><strong>velut</strong></span> <span class='ocrx_word' id='word_1_243' title='bbox 2909 1941 3110 1994; x_wconf 91' lang='lat' dir='ltr'><strong>collato</strong></span> <span class='ocrx_word' id='word_1_244' title='bbox 3148 1948 3324 1996; x_wconf 86' lang='lat' dir='ltr'><strong>tecum</strong></span> <span class='ocrx_word' id='word_1_245' title='bbox 3355 1953 3613 1996; x_wconf 87' lang='lat' dir='ltr'><strong>sermone</strong></span> <span class='ocrx_word' id='word_1_246' title='bbox 3643 1949 3862 1996; x_wconf 83' lang='lat' dir='ltr'><strong>conten-</strong></span> 
     </span>
    </p>
   </div>
   <div class='ocr_carea' id='block_1_34' title="bbox 607 2039 2183 2113">
    <p class='ocr_par' dir='ltr' id='par_1_34' title="bbox 607 2039 2183 2113">
     <span class='ocr_line' id='line_1_34' title="bbox 607 2039 2183 2113; baseline -0.004 -15"><span class='ocrx_word' id='word_1_247' title='bbox 607 2045 746 2100; x_wconf 87' lang='lat' dir='ltr'><strong>inter</strong></span> <span class='ocrx_word' id='word_1_248' title='bbox 767 2045 976 2101; x_wconf 78' lang='lat' dir='ltr'><strong>defessa</strong></span> <span class='ocrx_word' id='word_1_249' title='bbox 1012 2045 1266 2113; x_wconf 85' lang='lat' dir='ltr'><strong>supplicia</strong></span> <span class='ocrx_word' id='word_1_250' title='bbox 1292 2063 1305 2098; x_wconf 92' lang='lat'><strong>:</strong></span> <span class='ocrx_word' id='word_1_251' title='bbox 1343 2041 1544 2098; x_wconf 80' lang='lat' dir='ltr'><strong>Esurivi</strong></span> <span class='ocrx_word' id='word_1_252' title='bbox 1567 2085 1580 2106; x_wconf 92' lang='lat'><strong>,</strong></span> <span class='ocrx_word' id='word_1_253' title='bbox 1611 2054 1657 2096; x_wconf 82' lang='lat' dir='ltr'><strong>et</strong></span> <span class='ocrx_word' id='word_1_254' title='bbox 1687 2057 1787 2096; x_wconf 85' lang='lat' dir='ltr'><strong>non</strong></span> <span class='ocrx_word' id='word_1_255' title='bbox 1814 2041 2026 2095; x_wconf 86' lang='lat' dir='ltr'><strong>dedistis</strong></span> <span class='ocrx_word' id='word_1_256' title='bbox 2056 2039 2183 2093; x_wconf 81' lang='lat' dir='ltr'><strong>mihi</strong></span> 
     </span>
    </p>
   </div>
   <div class='ocr_carea' id='block_1_35' title="bbox 605 2127 2178 2203">
    <p class='ocr_par' dir='ltr' id='par_1_35' title="bbox 605 2127 2178 2203">
     <span class='ocr_line' id='line_1_35' title="bbox 605 2127 2178 2203; baseline -0.003 -13"><span class='ocrx_word' id='word_1_257' title='bbox 605 2138 946 2203; x_wconf 79' lang='lat' dir='ltr'><strong>manducare;</strong></span> <span class='ocrx_word' id='word_1_258' title='bbox 972 2138 1126 2202; x_wconf 85' lang='lat' dir='ltr'><strong>sitivi,</strong></span> <span class='ocrx_word' id='word_1_259' title='bbox 1158 2147 1328 2189; x_wconf 87' lang='lat' dir='ltr'><strong>etnon</strong></span> <span class='ocrx_word' id='word_1_260' title='bbox 1359 2135 1570 2189; x_wconf 75' lang='lat' dir='ltr'><strong>dedistis</strong></span> <span class='ocrx_word' id='word_1_261' title='bbox 1610 2135 1734 2186; x_wconf 87' lang='lat' dir='ltr'><strong>mihi</strong></span> <span class='ocrx_word' id='word_1_262' title='bbox 1777 2133 1942 2186; x_wconf 80' lang='lat' dir='ltr'><strong>bibere</strong></span> <span class='ocrx_word' id='word_1_263' title='bbox 1965 2127 2178 2199; x_wconf 69' lang='lat' dir='ltr'><strong>(Matth.</strong></span> 
     </span>
    </p>
   </div>
   <div class='ocr_carea' id='block_1_36' title="bbox 603 2223 2182 2299">
    <p class='ocr_par' dir='ltr' id='par_1_36' title="bbox 603 2223 2182 2299">
     <span class='ocr_line' id='line_1_36' title="bbox 603 2223 2182 2299; baseline -0.003 -17"><span class='ocrx_word' id='word_1_264' title='bbox 603 2227 760 2299; x_wconf 83' lang='lat' dir='ltr'><strong>xxv).</strong></span> <span class='ocrx_word' id='word_1_265' title='bbox 806 2226 1174 2298; x_wconf 84' lang='lat' dir='ltr'><strong>intelligamus</strong></span> <span class='ocrx_word' id='word_1_266' title='bbox 1212 2227 1338 2297; x_wconf 89' lang='lat' dir='ltr'><strong>quid</strong></span> <span class='ocrx_word' id='word_1_267' title='bbox 1384 2223 1743 2280; x_wconf 70' lang='lat' dir='ltr'><strong>d’amn‘ationis</strong></span> <span class='ocrx_word' id='word_1_268' title='bbox 1789 2224 1893 2280; x_wconf 88' lang='lat' dir='ltr'><strong>erit</strong></span> <span class='ocrx_word' id='word_1_269' title='bbox 1920 2225 2182 2294; x_wconf 86' lang='lat' dir='ltr'><strong>spoliasse</strong></span> 
     </span>
    </p>
   </div>
   <div class='ocr_carea' id='block_1_37' title="bbox 603 2316 2179 2389">
    <p class='ocr_par' dir='ltr' id='par_1_37' title="bbox 603 2316 2179 2389">
     <span class='ocr_line' id='line_1_37' title="bbox 603 2316 2179 2389; baseline -0.003 -16"><span class='ocrx_word' id='word_1_270' title='bbox 603 2331 890 2388; x_wconf 88' lang='lat' dir='ltr'><strong>pauperem</strong></span> <span class='ocrx_word' id='word_1_271' title='bbox 919 2360 933 2385; x_wconf 92' lang='lat'><strong>,</strong></span> <span class='ocrx_word' id='word_1_272' title='bbox 964 2327 1120 2389; x_wconf 88' lang='lat' dir='ltr'><strong>quem</strong></span> <span class='ocrx_word' id='word_1_273' title='bbox 1161 2333 1426 2372; x_wconf 90' lang='lat' dir='ltr'><strong>summum</strong></span> <span class='ocrx_word' id='word_1_274' title='bbox 1468 2319 1672 2372; x_wconf 87' lang='lat' dir='ltr'><strong>crimen</strong></span> <span class='ocrx_word' id='word_1_275' title='bbox 1701 2327 1785 2370; x_wconf 88' lang='lat' dir='ltr'><strong>est</strong></span> <span class='ocrx_word' id='word_1_276' title='bbox 1810 2330 1917 2369; x_wconf 93' lang='lat' dir='ltr'><strong>non</strong></span> <span class='ocrx_word' id='word_1_277' title='bbox 1947 2316 2179 2384; x_wconf 88' lang='lat' dir='ltr'><strong>pavisse.</strong></span> 
     </span>
    </p>
   </div>
   <div class='ocr_carea' id='block_1_38' title="bbox 605 2408 2180 2481">
    <p class='ocr_par' dir='ltr' id='par_1_38' title="bbox 605 2408 2180 2481">
     <span class='ocr_line' id='line_1_38' title="bbox 605 2408 2180 2481; baseline -0.001 -18"><span class='ocrx_word' id='word_1_278' title='bbox 605 2408 736 2464; x_wconf 79' lang='lat' dir='ltr'><strong>liuic</strong></span> <span class='ocrx_word' id='word_1_279' title='bbox 773 2423 901 2480; x_wconf 90' lang='lat' dir='ltr'><strong>ergo</strong></span> <span class='ocrx_word' id='word_1_280' title='bbox 927 2413 1014 2481; x_wconf 85' lang='lat' dir='ltr'><strong>qui</strong></span> <span class='ocrx_word' id='word_1_281' title='bbox 1051 2418 1265 2465; x_wconf 84' lang='lat' dir='ltr'><strong>tenuem</strong></span> <span class='ocrx_word' id='word_1_282' title='bbox 1297 2420 1455 2480; x_wconf 88' lang='lat' dir='ltr'><strong>atque</strong></span> <span class='ocrx_word' id='word_1_283' title='bbox 1480 2425 1707 2480; x_wconf 86' lang='lat' dir='ltr'><strong>egenum</strong></span> <span class='ocrx_word' id='word_1_284' title='bbox 1737 2411 1856 2464; x_wconf 88' lang='lat' dir='ltr'><strong>sine</strong></span> <span class='ocrx_word' id='word_1_285' title='bbox 1884 2410 1986 2463; x_wconf 90' lang='lat' dir='ltr'><strong>ulla</strong></span> <span class='ocrx_word' id='word_1_286' title='bbox 2017 2408 2180 2462; x_wconf 86' lang='lat' dir='ltr'><strong>futuri</strong></span> 
     </span>
    </p>
   </div>
   <div class='ocr_carea' id='block_1_39' title="bbox 601 2501 2180 2574">
    <p class='ocr_par' dir='ltr' id='par_1_39' title="bbox 601 2501 2180 2574">
     <span class='ocr_line' id='line_1_39' title="bbox 601 2501 2180 2574; baseline -0.001 -16"><span class='ocrx_word' id='word_1_287' title='bbox 601 2503 784 2574; x_wconf 71' lang='lat' dir='ltr'><strong>iudicii</strong></span> <span class='ocrx_word' id='word_1_288' title='bbox 807 2505 1238 2560; x_wconf 86' lang='lat' dir='ltr'><strong>consideratione</strong></span> <span class='ocrx_word' id='word_1_289' title='bbox 1267 2519 1406 2558; x_wconf 91' lang='lat' dir='ltr'><strong>nunc</strong></span> <span class='ocrx_word' id='word_1_290' title='bbox 1426 2503 1757 2572; x_wconf 85' lang='lat' dir='ltr'><strong>comprimit,</strong></span> <span class='ocrx_word' id='word_1_291' title='bbox 1793 2501 1938 2569; x_wconf 89' lang='lat' dir='ltr'><strong>huic,</strong></span> <span class='ocrx_word' id='word_1_292' title='bbox 1962 2503 2180 2571; x_wconf 83' lang='lat' dir='ltr'><strong>inquam</strong></span> 
     </span>
    </p>
   </div>
   <div class='ocr_carea' id='block_1_40' title="bbox 602 2594 2181 2666">
    <p class='ocr_par' dir='ltr' id='par_1_40' title="bbox 602 2594 2181 2666">
     <span class='ocr_line' id='line_1_40' title="bbox 602 2594 2181 2666; baseline -0.003 -17"><span class='ocrx_word' id='word_1_293' title='bbox 602 2595 763 2664; x_wconf 83' lang='lat' dir='ltr'><strong>(sicut</strong></span> <span class='ocrx_word' id='word_1_294' title='bbox 789 2597 1002 2666; x_wconf 82' lang='lat' dir='ltr'><strong>quidam</strong></span> <span class='ocrx_word' id='word_1_295' title='bbox 1027 2596 1205 2665; x_wconf 89' lang='lat' dir='ltr'><strong>dixit),</strong></span> <span class='ocrx_word' id='word_1_296' title='bbox 1231 2596 1471 2649; x_wconf 80' lang='lat' dir='ltr'><strong>Adveniet</strong></span> <span class='ocrx_word' id='word_1_297' title='bbox 1497 2605 1714 2661; x_wconf 81' lang='lat' dir='ltr'><strong>tempus,</strong></span> <span class='ocrx_word' id='word_1_298' title='bbox 1736 2610 1853 2647; x_wconf 89' lang='lat' dir='ltr'><strong>cum</strong></span> <span class='ocrx_word' id='word_1_299' title='bbox 1875 2594 2126 2661; x_wconf 83' lang='lat' dir='ltr'><strong>aptaverit</strong></span> <span class='ocrx_word' id='word_1_300' title='bbox 2148 2609 2181 2645; x_wconf 88' lang='lat' dir='ltr'><strong>a</strong></span> 
     </span>
    </p>
   </div>
   <div class='ocr_carea' id='block_1_41' title="bbox 601 2685 2181 2760">
    <p class='ocr_par' dir='ltr' id='par_1_41' title="bbox 601 2685 2181 2760">
     <span class='ocr_line' id='line_1_41' title="bbox 601 2685 2181 2760; baseline -0.001 -21"><span class='ocrx_word' id='word_1_301' title='bbox 601 2702 652 2740; x_wconf 86' lang='lat' dir='ltr'><strong>se</strong></span> <span class='ocrx_word' id='word_1_302' title='bbox 679 2687 836 2756; x_wconf 80' lang='lat' dir='ltr'><strong>fuisse</strong></span> <span class='ocrx_word' id='word_1_303' title='bbox 875 2689 1123 2742; x_wconf 86' lang='lat' dir='ltr'><strong>intactum</strong></span> <span class='ocrx_word' id='word_1_304' title='bbox 1147 2703 1435 2760; x_wconf 84' lang='lat' dir='ltr'><strong>pauperem,</strong></span> <span class='ocrx_word' id='word_1_305' title='bbox 1487 2695 1533 2740; x_wconf 87' lang='lat' dir='ltr'><strong>et</strong></span> <span class='ocrx_word' id='word_1_306' title='bbox 1578 2701 1680 2739; x_wconf 89' lang='lat' dir='ltr'><strong>non</strong></span> <span class='ocrx_word' id='word_1_307' title='bbox 1720 2685 1998 2754; x_wconf 84' lang='lat' dir='ltr'><strong>spoliatum</strong></span> <span class='ocrx_word' id='word_1_308' title='bbox 2034 2700 2181 2754; x_wconf 86' lang='lat' dir='ltr'><strong>quem</strong></span> 
     </span>
    </p>
   </div>
   <div class='ocr_carea' id='block_1_42' title="bbox 601 2775 2181 2848">
    <p class='ocr_par' dir='ltr' id='par_1_42' title="bbox 601 2775 2181 2848">
     <span class='ocr_line' id='line_1_42' title="bbox 601 2775 2181 2848; baseline -0.001 -17"><span class='ocrx_word' id='word_1_309' title='bbox 601 2777 817 2843; x_wconf 84' lang='lat' dir='ltr'><strong>oderat;</strong></span> <span class='ocrx_word' id='word_1_310' title='bbox 847 2787 901 2833; x_wconf 89' lang='lat' dir='ltr'><strong>et</strong></span> <span class='ocrx_word' id='word_1_311' title='bbox 922 2793 1079 2848; x_wconf 91' lang='lat' dir='ltr'><strong>quam</strong></span> <span class='ocrx_word' id='word_1_312' title='bbox 1100 2779 1210 2848; x_wconf 85' lang='lat' dir='ltr'><strong>jam</strong></span> <span class='ocrx_word' id='word_1_313' title='bbox 1237 2777 1585 2833; x_wconf 89' lang='lat' dir='ltr'><strong>intolerabilis</strong></span> <span class='ocrx_word' id='word_1_314' title='bbox 1613 2776 1766 2830; x_wconf 92' lang='lat' dir='ltr'><strong>dolor</strong></span> <span class='ocrx_word' id='word_1_315' title='bbox 1794 2778 1897 2830; x_wconf 92' lang='lat' dir='ltr'><strong>erit</strong></span> <span class='ocrx_word' id='word_1_316' title='bbox 1919 2816 1935 2842; x_wconf 90' lang='lat'><strong>,</strong></span> <span class='ocrx_word' id='word_1_317' title='bbox 1980 2777 2024 2830; x_wconf 90' lang='lat' dir='ltr'><strong>si</strong></span> <span class='ocrx_word' id='word_1_318' title='bbox 2057 2775 2181 2830; x_wconf 92' lang='lat' dir='ltr'><strong>inde</strong></span> 
     </span>
    </p>
   </div>
   <div class='ocr_carea' id='block_1_43' title="bbox 602 2863 2180 2940">
    <p class='ocr_par' dir='ltr' id='par_1_43' title="bbox 602 2863 2180 2940">
     <span class='ocr_line' id='line_1_43' title="bbox 602 2863 2180 2940; baseline -0.003 -15"><span class='ocrx_word' id='word_1_319' title='bbox 602 2871 882 2940; x_wconf 86' lang='lat' dir='ltr'><strong>quisquam</strong></span> <span class='ocrx_word' id='word_1_320' title='bbox 907 2885 1096 2925; x_wconf 87' lang='lat' dir='ltr'><strong>causas</strong></span> <span class='ocrx_word' id='word_1_321' title='bbox 1126 2870 1316 2924; x_wconf 88' lang='lat' dir='ltr'><strong>mortis</strong></span> <span class='ocrx_word' id='word_1_322' title='bbox 1347 2870 1589 2923; x_wconf 87' lang='lat' dir='ltr'><strong>incurrat</strong></span> <span class='ocrx_word' id='word_1_323' title='bbox 1614 2908 1629 2934; x_wconf 93' lang='lat'><strong>,</strong></span> <span class='ocrx_word' id='word_1_324' title='bbox 1661 2866 1806 2920; x_wconf 90' lang='lat' dir='ltr'><strong>unde</strong></span> <span class='ocrx_word' id='word_1_325' title='bbox 1836 2865 1960 2920; x_wconf 69' lang='lat' dir='ltr'><strong>vita:</strong></span> <span class='ocrx_word' id='word_1_326' title='bbox 1988 2863 2180 2936; x_wconf 83' lang='lat' dir='ltr'><strong>gaudia</strong></span> 
     </span>
    </p>
   </div>
   <div class='ocr_carea' id='block_1_44' title="bbox 600 2958 2174 3031">
    <p class='ocr_par' dir='ltr' id='par_1_44' title="bbox 600 2958 2174 3031">
     <span class='ocr_line' id='line_1_44' title="bbox 600 2958 2174 3031; baseline -0.003 -17"><span class='ocrx_word' id='word_1_327' title='bbox 600 2975 917 3031; x_wconf 85' lang='lat' dir='ltr'><strong>comparare</strong></span> <span class='ocrx_word' id='word_1_328' title='bbox 939 2961 1241 3030; x_wconf 75' lang='lat' dir='ltr'><strong>potuisset?</strong></span> <span class='ocrx_word' id='word_1_329' title='bbox 1275 2958 1396 3014; x_wconf 82' lang='lat' dir='ltr'><strong>Noli</strong></span> <span class='ocrx_word' id='word_1_330' title='bbox 1435 2974 1563 3030; x_wconf 91' lang='lat' dir='ltr'><strong>ergo</strong></span> <span class='ocrx_word' id='word_1_331' title='bbox 1604 2959 1885 3026; x_wconf 89' lang='lat' dir='ltr'><strong>despicere</strong></span> <span class='ocrx_word' id='word_1_332' title='bbox 1926 2959 2174 3025; x_wconf 88' lang='lat' dir='ltr'><strong>inopem,</strong></span> 
     </span>
    </p>
   </div>
   <div class='ocr_carea' id='block_1_45' title="bbox 599 3051 2181 3125">
    <p class='ocr_par' dir='ltr' id='par_1_45' title="bbox 599 3051 2181 3125">
     <span class='ocr_line' id='line_1_45' title="bbox 599 3051 2181 3125; baseline -0.004 -17"><span class='ocrx_word' id='word_1_333' title='bbox 599 3054 829 3125; x_wconf 89' lang='lat' dir='ltr'><strong>quicum</strong></span> <span class='ocrx_word' id='word_1_334' title='bbox 851 3054 966 3109; x_wconf 85' lang='lat' dir='ltr'><strong>sibi</strong></span> <span class='ocrx_word' id='word_1_335' title='bbox 988 3069 1190 3122; x_wconf 86' lang='lat' dir='ltr'><strong>pauper</strong></span> <span class='ocrx_word' id='word_1_336' title='bbox 1209 3055 1301 3119; x_wconf 86' lang='lat' dir='ltr'><strong>sit,</strong></span> <span class='ocrx_word' id='word_1_337' title='bbox 1334 3053 1511 3109; x_wconf 88' lang='lat' dir='ltr'><strong>facere</strong></span> <span class='ocrx_word' id='word_1_338' title='bbox 1540 3061 1589 3106; x_wconf 91' lang='lat' dir='ltr'><strong>te</strong></span> <span class='ocrx_word' id='word_1_339' title='bbox 1610 3051 1828 3106; x_wconf 90' lang='lat' dir='ltr'><strong>divitem</strong></span> <span class='ocrx_word' id='word_1_340' title='bbox 1855 3058 2064 3120; x_wconf 89' lang='lat' dir='ltr'><strong>potest:</strong></span> <span class='ocrx_word' id='word_1_341' title='bbox 2095 3064 2181 3102; x_wconf 90' lang='lat' dir='ltr'><strong>ra-</strong></span> 
     </span>
    </p>
   </div>
   <div class='ocr_carea' id='block_1_46' title="bbox 599 3141 2173 3216">
    <p class='ocr_par' dir='ltr' id='par_1_46' title="bbox 599 3141 2173 3216">
     <span class='ocr_line' id='line_1_46' title="bbox 599 3141 2173 3216; baseline -0.003 -16"><span class='ocrx_word' id='word_1_342' title='bbox 599 3145 806 3214; x_wconf 89' lang='lat' dir='ltr'><strong>piamus</strong></span> <span class='ocrx_word' id='word_1_343' title='bbox 835 3159 963 3216; x_wconf 89' lang='lat' dir='ltr'><strong>ergo</strong></span> <span class='ocrx_word' id='word_1_344' title='bbox 983 3146 1049 3201; x_wconf 91' lang='lat' dir='ltr'><strong>de</strong></span> <span class='ocrx_word' id='word_1_345' title='bbox 1074 3145 1327 3216; x_wconf 84' lang='lat' dir='ltr'><strong>praesenti</strong></span> <span class='ocrx_word' id='word_1_346' title='bbox 1349 3145 1547 3200; x_wconf 68' lang='lat' dir='ltr'><strong>saeculo</strong></span> <span class='ocrx_word' id='word_1_347' title='bbox 1567 3185 1583 3212; x_wconf 96' lang='lat'><strong>,</strong></span> <span class='ocrx_word' id='word_1_348' title='bbox 1609 3142 1839 3198; x_wconf 79' lang='lat' dir='ltr'><strong>ferventi</strong></span> <span class='ocrx_word' id='word_1_349' title='bbox 1866 3141 2173 3208; x_wconf 84' lang='lat' dir='ltr'><strong>devotione,</strong></span> 
     </span>
    </p>
   </div>
   <div class='ocr_carea' id='block_1_47' title="bbox 601 3235 2179 3307">
    <p class='ocr_par' dir='ltr' id='par_1_47' title="bbox 601 3235 2179 3307">
     <span class='ocr_line' id='line_1_47' title="bbox 601 3235 2179 3307; baseline -0.003 -16"><span class='ocrx_word' id='word_1_350' title='bbox 601 3238 741 3307; x_wconf 86' lang='lat' dir='ltr'><strong>quod</strong></span> <span class='ocrx_word' id='word_1_351' title='bbox 775 3253 1077 3307; x_wconf 87' lang='lat' dir='ltr'><strong>possumus.</strong></span> <span class='ocrx_word' id='word_1_352' title='bbox 1110 3236 1230 3294; x_wconf 90' lang='lat' dir='ltr'><strong>Cito</strong></span> <span class='ocrx_word' id='word_1_353' title='bbox 1275 3245 1561 3294; x_wconf 85' lang='lat' dir='ltr'><strong>transeunt</strong></span> <span class='ocrx_word' id='word_1_354' title='bbox 1588 3235 1704 3291; x_wconf 90' lang='lat' dir='ltr'><strong>dies</strong></span> <span class='ocrx_word' id='word_1_355' title='bbox 1731 3235 1923 3301; x_wconf 89' lang='lat' dir='ltr'><strong>nostri,</strong></span> <span class='ocrx_word' id='word_1_356' title='bbox 1976 3235 2179 3288; x_wconf 88' lang='lat' dir='ltr'><strong>utinam</strong></span> 
     </span>
    </p>
   </div>
   <div class='ocr_carea' id='block_1_48' title="bbox 2285 2033 3866 2106">
    <p class='ocr_par' dir='ltr' id='par_1_48' title="bbox 2285 2033 3866 2106">
     <span class='ocr_line' id='line_1_48' title="bbox 2285 2033 3866 2106; baseline -0.001 -16"><span class='ocrx_word' id='word_1_357' title='bbox 2285 2035 2462 2101; x_wconf 90' lang='lat' dir='ltr'><strong>deret,</strong></span> <span class='ocrx_word' id='word_1_358' title='bbox 2496 2035 2565 2088; x_wconf 89' lang='lat' dir='ltr'><strong>ita</strong></span> <span class='ocrx_word' id='word_1_359' title='bbox 2593 2033 2778 2088; x_wconf 89' lang='lat' dir='ltr'><strong>dicens</strong></span> <span class='ocrx_word' id='word_1_360' title='bbox 2805 2051 2816 2086; x_wconf 92' lang='lat'><strong>:</strong></span> <span class='ocrx_word' id='word_1_361' title='bbox 2841 2034 2885 2089; x_wconf 93' lang='grc' dir='ltr'><strong>Ο</strong></span> <span class='ocrx_word' id='word_1_362' title='bbox 2909 2033 3214 2100; x_wconf 85' lang='lat' dir='ltr'><strong>Bethleem,</strong></span> <span class='ocrx_word' id='word_1_363' title='bbox 3248 2038 3299 2088; x_wconf 91' lang='lat' dir='ltr'><strong>in</strong></span> <span class='ocrx_word' id='word_1_364' title='bbox 3327 2041 3621 2106; x_wconf 87' lang='lat' dir='ltr'><strong>martyrum</strong></span> <span class='ocrx_word' id='word_1_365' title='bbox 3659 2045 3866 2090; x_wconf 86' lang='lat' dir='ltr'><strong>nostro-</strong></span> 
     </span>
    </p>
   </div>
   <div class='ocr_carea' id='block_1_49' title="bbox 2286 2127 3865 2199">
    <p class='ocr_par' dir='ltr' id='par_1_49' title="bbox 2286 2127 3865 2199">
     <span class='ocr_line' id='line_1_49' title="bbox 2286 2127 3865 2199; baseline 0.001 -17"><span class='ocrx_word' id='word_1_366' title='bbox 2286 2145 2402 2182; x_wconf 87' lang='lat' dir='ltr'><strong>rum</strong></span> <span class='ocrx_word' id='word_1_367' title='bbox 2431 2127 2598 2182; x_wconf 79' lang='lat' dir='ltr'><strong>titulis</strong></span> <span class='ocrx_word' id='word_1_368' title='bbox 2625 2137 2678 2182; x_wconf 93' lang='lat' dir='ltr'><strong>tu</strong></span> <span class='ocrx_word' id='word_1_369' title='bbox 2708 2127 2936 2183; x_wconf 77' lang='lat' dir='ltr'><strong>numero</strong></span> <span class='ocrx_word' id='word_1_370' title='bbox 2965 2129 3190 2182; x_wconf 88' lang='lat' dir='ltr'><strong>fortasse</strong></span> <span class='ocrx_word' id='word_1_371' title='bbox 3218 2129 3522 2197; x_wconf 68' lang='lat' dir='ltr'><strong>praecedes;</strong></span> <span class='ocrx_word' id='word_1_372' title='bbox 3549 2143 3653 2199; x_wconf 85' lang='lat' dir='ltr'><strong>ego</strong></span> <span class='ocrx_word' id='word_1_373' title='bbox 3685 2129 3865 2184; x_wconf 87' lang='lat' dir='ltr'><strong>merito</strong></span> 
     </span>
    </p>
   </div>
   <div class='ocr_carea' id='block_1_50' title="bbox 2288 2219 3866 2287">
    <p class='ocr_par' dir='ltr' id='par_1_50' title="bbox 2288 2219 3866 2287">
     <span class='ocr_line' id='line_1_50' title="bbox 2288 2219 3866 2287; baseline 0.002 -13"><span class='ocrx_word' id='word_1_374' title='bbox 2288 2220 2340 2274; x_wconf 92' lang='lat' dir='ltr'><strong>in</strong></span> <span class='ocrx_word' id='word_1_375' title='bbox 2386 2221 2491 2274; x_wconf 92' lang='lat' dir='ltr'><strong>tuis</strong></span> <span class='ocrx_word' id='word_1_376' title='bbox 2534 2221 2840 2275; x_wconf 78' lang='lat' dir='ltr'><strong>interieCtio</strong></span> <span class='ocrx_word' id='word_1_377' title='bbox 2880 2219 2984 2287; x_wconf 91' lang='lat' dir='ltr'><strong>fui,</strong></span> <span class='ocrx_word' id='word_1_378' title='bbox 3026 2220 3298 2275; x_wconf 81' lang='lat' dir='ltr'><strong>confessio</strong></span> <span class='ocrx_word' id='word_1_379' title='bbox 3336 2236 3440 2274; x_wconf 91' lang='lat' dir='ltr'><strong>non</strong></span> <span class='ocrx_word' id='word_1_380' title='bbox 3483 2221 3590 2286; x_wconf 80' lang='lat' dir='ltr'><strong>lui;</strong></span> <span class='ocrx_word' id='word_1_381' title='bbox 3639 2220 3698 2274; x_wconf 90' lang='lat' dir='ltr'><strong>in</strong></span> <span class='ocrx_word' id='word_1_382' title='bbox 3741 2223 3866 2277; x_wconf 87' lang='lat' dir='ltr'><strong>meis</strong></span> 
     </span>
    </p>
   </div>
   <div class='ocr_carea' id='block_1_51' title="bbox 2287 2311 3866 2382">
    <p class='ocr_par' dir='ltr' id='par_1_51' title="bbox 2287 2311 3866 2382">
     <span class='ocr_line' id='line_1_51' title="bbox 2287 2311 3866 2382; baseline 0.002 -17"><span class='ocrx_word' id='word_1_383' title='bbox 2287 2311 2599 2365; x_wconf 84' lang='lat' dir='ltr'><strong>colluctatio</strong></span> <span class='ocrx_word' id='word_1_384' title='bbox 2641 2312 2930 2380; x_wconf 83' lang='lat' dir='ltr'><strong>passionis,</strong></span> <span class='ocrx_word' id='word_1_385' title='bbox 2974 2313 3025 2366; x_wconf 92' lang='lat' dir='ltr'><strong>in</strong></span> <span class='ocrx_word' id='word_1_386' title='bbox 3068 2313 3172 2366; x_wconf 88' lang='lat' dir='ltr'><strong>tuis</strong></span> <span class='ocrx_word' id='word_1_387' title='bbox 3211 2313 3324 2366; x_wconf 89' lang='lat' dir='ltr'><strong>sola</strong></span> <span class='ocrx_word' id='word_1_388' title='bbox 3354 2311 3454 2366; x_wconf 90' lang='lat' dir='ltr'><strong>fuit</strong></span> <span class='ocrx_word' id='word_1_389' title='bbox 3484 2312 3866 2382; x_wconf 83' lang='lat' dir='ltr'><strong>opportunitas</strong></span> 
     </span>
    </p>
   </div>
   <div class='ocr_carea' id='block_1_52' title="bbox 2284 2401 3863 2471">
    <p class='ocr_par' dir='ltr' id='par_1_52' title="bbox 2284 2401 3863 2471">
     <span class='ocr_line' id='line_1_52' title="bbox 2284 2401 3863 2471; baseline 0.001 -16"><span class='ocrx_word' id='word_1_390' title='bbox 2284 2411 2339 2456; x_wconf 91' lang='lat' dir='ltr'><strong>et</strong></span> <span class='ocrx_word' id='word_1_391' title='bbox 2375 2403 2588 2456; x_wconf 89' lang='lat' dir='ltr'><strong>occasio</strong></span> <span class='ocrx_word' id='word_1_392' title='bbox 2620 2401 2928 2467; x_wconf 85' lang='lat' dir='ltr'><strong>felicitatis;</strong></span> <span class='ocrx_word' id='word_1_393' title='bbox 2971 2413 3023 2457; x_wconf 87' lang='lat' dir='ltr'><strong>te</strong></span> <span class='ocrx_word' id='word_1_394' title='bbox 3048 2402 3222 2458; x_wconf 90' lang='lat' dir='ltr'><strong>exitus</strong></span> <span class='ocrx_word' id='word_1_395' title='bbox 3250 2401 3440 2458; x_wconf 83' lang='lat' dir='ltr'><strong>ditavit</strong></span> <span class='ocrx_word' id='word_1_396' title='bbox 3470 2403 3863 2471; x_wconf 80' lang='lat' dir='ltr'><strong>benedictione,</strong></span> 
     </span>
    </p>
   </div>
   <div class='ocr_carea' id='block_1_53' title="bbox 2286 2495 3867 2566">
    <p class='ocr_par' dir='ltr' id='par_1_53' title="bbox 2286 2495 3867 2566">
     <span class='ocr_line' id='line_1_53' title="bbox 2286 2495 3867 2566; baseline 0.001 -16"><span class='ocrx_word' id='word_1_397' title='bbox 2286 2509 2373 2551; x_wconf 89' lang='lat' dir='ltr'><strong>me</strong></span> <span class='ocrx_word' id='word_1_398' title='bbox 2414 2500 2611 2560; x_wconf 85' lang='lat' dir='ltr'><strong>virtus;</strong></span> <span class='ocrx_word' id='word_1_399' title='bbox 2665 2505 2719 2549; x_wconf 93' lang='lat' dir='ltr'><strong>tu</strong></span> <span class='ocrx_word' id='word_1_400' title='bbox 2757 2497 2808 2550; x_wconf 92' lang='lat' dir='ltr'><strong>in</strong></span> <span class='ocrx_word' id='word_1_401' title='bbox 2834 2495 3094 2564; x_wconf 82' lang='lat' dir='ltr'><strong>sanguine</strong></span> <span class='ocrx_word' id='word_1_402' title='bbox 3134 2497 3476 2565; x_wconf 76' lang='lat' dir='ltr'><strong>parvulorum</strong></span> <span class='ocrx_word' id='word_1_403' title='bbox 3526 2497 3754 2566; x_wconf 90' lang='lat' dir='ltr'><strong>potuisti</strong></span> <span class='ocrx_word' id='word_1_404' title='bbox 3797 2499 3867 2552; x_wconf 86' lang='lat' dir='ltr'><strong>vi-</strong></span> 
     </span>
    </p>
   </div>
   <div class='ocr_carea' id='block_1_54' title="bbox 2283 2587 3866 2658">
    <p class='ocr_par' dir='ltr' id='par_1_54' title="bbox 2283 2587 3866 2658">
     <span class='ocr_line' id='line_1_54' title="bbox 2283 2587 3866 2658; baseline 0.004 -18"><span class='ocrx_word' id='word_1_405' title='bbox 2283 2587 2410 2642; x_wconf 90' lang='lat' dir='ltr'><strong>dere</strong></span> <span class='ocrx_word' id='word_1_406' title='bbox 2442 2597 2752 2656; x_wconf 86' lang='lat' dir='ltr'><strong>pereuntes,</strong></span> <span class='ocrx_word' id='word_1_407' title='bbox 2787 2603 2892 2641; x_wconf 90' lang='lat' dir='ltr'><strong>non</strong></span> <span class='ocrx_word' id='word_1_408' title='bbox 2942 2588 3163 2656; x_wconf 87' lang='lat' dir='ltr'><strong>potuisti</strong></span> <span class='ocrx_word' id='word_1_409' title='bbox 3208 2597 3526 2658; x_wconf 88' lang='lat' dir='ltr'><strong>exspectare</strong></span> <span class='ocrx_word' id='word_1_410' title='bbox 3561 2591 3866 2656; x_wconf 73' lang='lat' dir='ltr'><strong>certantes;</strong></span> 
     </span>
    </p>
   </div>
   <div class='ocr_carea' id='block_1_55' title="bbox 2285 2681 3868 2753">
    <p class='ocr_par' dir='ltr' id='par_1_55' title="bbox 2285 2681 3868 2753">
     <span class='ocr_line' id='line_1_55' title="bbox 2285 2681 3868 2753; baseline 0.004 -21"><span class='ocrx_word' id='word_1_411' title='bbox 2285 2687 2336 2732; x_wconf 90' lang='lat' dir='ltr'><strong>te</strong></span> <span class='ocrx_word' id='word_1_412' title='bbox 2393 2681 2679 2734; x_wconf 89' lang='lat' dir='ltr'><strong>coronavit</strong></span> <span class='ocrx_word' id='word_1_413' title='bbox 2743 2681 3047 2734; x_wconf 89' lang='lat' dir='ltr'><strong>innocentia</strong></span> <span class='ocrx_word' id='word_1_414' title='bbox 3111 2681 3492 2751; x_wconf 87' lang='lat' dir='ltr'><strong>morientium,</strong></span> <span class='ocrx_word' id='word_1_415' title='bbox 3554 2697 3644 2738; x_wconf 91' lang='lat' dir='ltr'><strong>me</strong></span> <span class='ocrx_word' id='word_1_416' title='bbox 3701 2684 3868 2753; x_wconf 87' lang='lat' dir='ltr'><strong>gloria</strong></span> 
     </span>
    </p>
   </div>
   <div class='ocr_carea' id='block_1_56' title="bbox 2284 2773 3867 2845">
    <p class='ocr_par' dir='ltr' id='par_1_56' title="bbox 2284 2773 3867 2845">
     <span class='ocr_line' id='line_1_56' title="bbox 2284 2773 3867 2845; baseline 0.004 -20"><span class='ocrx_word' id='word_1_417' title='bbox 2284 2773 2750 2841; x_wconf 89' lang='lat' dir='ltr'><strong>triumphantum;</strong></span> <span class='ocrx_word' id='word_1_418' title='bbox 2818 2774 2891 2830; x_wconf 91' lang='lat' dir='ltr'><strong>tui</strong></span> <span class='ocrx_word' id='word_1_419' title='bbox 2942 2776 2993 2828; x_wconf 94' lang='lat' dir='ltr'><strong>in</strong></span> <span class='ocrx_word' id='word_1_420' title='bbox 3044 2776 3323 2843; x_wconf 63' lang='lat' dir='ltr'><strong>praemium</strong></span> <span class='ocrx_word' id='word_1_421' title='bbox 3375 2775 3536 2845; x_wconf 84' lang='lat' dir='ltr'><strong>regni‘</strong></span> <span class='ocrx_word' id='word_1_422' title='bbox 3575 2779 3697 2830; x_wconf 88' lang='lat' dir='ltr'><strong>sine</strong></span> <span class='ocrx_word' id='word_1_423' title='bbox 3741 2791 3867 2832; x_wconf 87' lang='lat' dir='ltr'><strong>con-</strong></span> 
     </span>
    </p>
   </div>
   <div class='ocr_carea' id='block_1_57' title="bbox 2281 2865 3869 2937">
    <p class='ocr_par' dir='ltr' id='par_1_57' title="bbox 2281 2865 3869 2937">
     <span class='ocr_line' id='line_1_57' title="bbox 2281 2865 3869 2937; baseline 0.004 -19"><span class='ocrx_word' id='word_1_424' title='bbox 2281 2865 2506 2919; x_wconf 89' lang='lat' dir='ltr'><strong>scientia</strong></span> <span class='ocrx_word' id='word_1_425' title='bbox 2551 2880 2847 2936; x_wconf 82' lang='lat' dir='ltr'><strong>pervenere</strong></span> <span class='ocrx_word' id='word_1_426' title='bbox 2895 2867 3161 2937; x_wconf 81' lang='lat' dir='ltr'><strong>martyrii,</strong></span> <span class='ocrx_word' id='word_1_427' title='bbox 3203 2867 3308 2922; x_wconf 89' lang='lat' dir='ltr'><strong>mei</strong></span> <span class='ocrx_word' id='word_1_428' title='bbox 3334 2877 3507 2922; x_wconf 90' lang='lat' dir='ltr'><strong>autem</strong></span> <span class='ocrx_word' id='word_1_429' title='bbox 3539 2867 3869 2926; x_wconf 83' lang='lat' dir='ltr'><strong>cruciatibus</strong></span> 
     </span>
    </p>
   </div>
   <div class='ocr_carea' id='block_1_58' title="bbox 2281 2954 3870 3030">
    <p class='ocr_par' dir='ltr' id='par_1_58' title="bbox 2281 2954 3870 3030">
     <span class='ocr_line' id='line_1_58' title="bbox 2281 2954 3870 3030; baseline 0.006 -23"><span class='ocrx_word' id='word_1_430' title='bbox 2281 2954 2501 3022; x_wconf 80' lang='lat' dir='ltr'><strong>afﬂicti,</strong></span> <span class='ocrx_word' id='word_1_431' title='bbox 2545 2956 2826 3026; x_wconf 87' lang='lat' dir='ltr'><strong>suppliciis</strong></span> <span class='ocrx_word' id='word_1_432' title='bbox 2871 2959 3157 3027; x_wconf 86' lang='lat' dir='ltr'><strong>explorati,</strong></span> <span class='ocrx_word' id='word_1_433' title='bbox 3191 2959 3348 3013; x_wconf 86' lang='lat' dir='ltr'><strong>saevis</strong></span> <span class='ocrx_word' id='word_1_434' title='bbox 3376 2959 3594 3030; x_wconf 84' lang='lat' dir='ltr'><strong>ignibus</strong></span> <span class='ocrx_word' id='word_1_435' title='bbox 3617 2959 3870 3016; x_wconf 77' lang='lat' dir='ltr'><strong>sacrificii</strong></span> 
     </span>
    </p>
   </div>
   <div class='ocr_carea' id='block_1_59' title="bbox 2282 3048 3870 3125">
    <p class='ocr_par' dir='ltr' id='par_1_59' title="bbox 2282 3048 3870 3125">
     <span class='ocr_line' id='line_1_59' title="bbox 2282 3048 3870 3125; baseline 0.005 -22"><span class='ocrx_word' id='word_1_436' title='bbox 2282 3063 2433 3104; x_wconf 90' lang='lat' dir='ltr'><strong>more</strong></span> <span class='ocrx_word' id='word_1_437' title='bbox 2459 3048 2688 3116; x_wconf 89' lang='lat' dir='ltr'><strong>decocti,</strong></span> <span class='ocrx_word' id='word_1_438' title='bbox 2715 3059 2939 3120; x_wconf 91' lang='lat' dir='ltr'><strong>quantas</strong></span> <span class='ocrx_word' id='word_1_439' title='bbox 2985 3060 3344 3122; x_wconf 88' lang='lat' dir='ltr'><strong>susceperunt</strong></span> <span class='ocrx_word' id='word_1_440' title='bbox 3383 3053 3435 3107; x_wconf 92' lang='lat' dir='ltr'><strong>in</strong></span> <span class='ocrx_word' id='word_1_441' title='bbox 3485 3061 3725 3123; x_wconf 82' lang='lat' dir='ltr'><strong>corpore</strong></span> <span class='ocrx_word' id='word_1_442' title='bbox 3765 3057 3870 3125; x_wconf 75' lang='lat' dir='ltr'><strong>pte-</strong></span> 
     </span>
    </p>
   </div>
   <div class='ocr_carea' id='block_1_60' title="bbox 2283 3141 3870 3213">
    <p class='ocr_par' dir='ltr' id='par_1_60' title="bbox 2283 3141 3870 3213">
     <span class='ocr_line' id='line_1_60' title="bbox 2283 3141 3870 3213; baseline 0.006 -21"><span class='ocrx_word' id='word_1_443' title='bbox 2283 3155 2401 3203; x_wconf 90' lang='lat' dir='ltr'><strong>nas,</strong></span> <span class='ocrx_word' id='word_1_444' title='bbox 2435 3150 2613 3196; x_wconf 86' lang='lat' dir='ltr'><strong>tantas</strong></span> <span class='ocrx_word' id='word_1_445' title='bbox 2643 3142 2696 3194; x_wconf 92' lang='lat' dir='ltr'><strong>in</strong></span> <span class='ocrx_word' id='word_1_446' title='bbox 2734 3141 2928 3211; x_wconf 90' lang='lat' dir='ltr'><strong>spiritu</strong></span> <span class='ocrx_word' id='word_1_447' title='bbox 2976 3151 3337 3213; x_wconf 88' lang='lat' dir='ltr'><strong>perceperunt</strong></span> <span class='ocrx_word' id='word_1_448' title='bbox 3385 3155 3649 3212; x_wconf 84' lang='lat' dir='ltr'><strong>coronas;</strong></span> <span class='ocrx_word' id='word_1_449' title='bbox 3707 3161 3774 3202; x_wconf 85' lang='lat' dir='ltr'><strong>ac</strong></span> <span class='ocrx_word' id='word_1_450' title='bbox 3799 3148 3870 3203; x_wconf 85' lang='lat' dir='ltr'><strong>sic</strong></span> 
     </span>
    </p>
   </div>
   <div class='ocr_carea' id='block_1_61' title="bbox 2283 3234 3870 3305">
    <p class='ocr_par' dir='ltr' id='par_1_61' title="bbox 2283 3234 3870 3305">
     <span class='ocr_line' id='line_1_61' title="bbox 2283 3234 3870 3305; baseline 0.003 -19"><span class='ocrx_word' id='word_1_451' title='bbox 2283 3235 2392 3300; x_wconf 88' lang='lat' dir='ltr'><strong>per</strong></span> <span class='ocrx_word' id='word_1_452' title='bbox 2434 3239 2828 3288; x_wconf 88' lang='lat' dir='ltr'><strong>tormentorum</strong></span> <span class='ocrx_word' id='word_1_453' title='bbox 2890 3234 3073 3303; x_wconf 81' lang='lat' dir='ltr'><strong>plagas</strong></span> <span class='ocrx_word' id='word_1_454' title='bbox 3125 3243 3180 3289; x_wconf 92' lang='lat' dir='ltr'><strong>et</strong></span> <span class='ocrx_word' id='word_1_455' title='bbox 3243 3236 3618 3305; x_wconf 87' lang='lat' dir='ltr'><strong>torquentium</strong></span> <span class='ocrx_word' id='word_1_456' title='bbox 3694 3249 3870 3292; x_wconf 83' lang='lat' dir='ltr'><strong>moras</strong></span> 
     </span>
    </p>
   </div>
   <div class='ocr_carea' id='block_1_62' title="bbox 605 3313 3868 3402">
    <p class='ocr_par' dir='ltr' id='par_1_62' title="bbox 605 3313 3868 3402">
     <span class='ocr_line' id='line_1_62' title="bbox 605 3313 3868 3402; baseline -0 -16"><span class='ocrx_word' id='word_1_457' title='bbox 605 3331 744 3386; x_wconf 88' lang='lat' dir='ltr'><strong>bene</strong></span> <span class='ocrx_word' id='word_1_458' title='bbox 781 3332 1098 3388; x_wconf 77' lang='lat' dir='ltr'><strong>transeant!</strong></span> <span class='ocrx_word' id='word_1_459' title='bbox 1131 3331 1418 3402; x_wconf 83' lang='lat' dir='ltr'><strong>Rapiamus</strong></span> <span class='ocrx_word' id='word_1_460' title='bbox 1461 3345 1590 3399; x_wconf 88' lang='lat' dir='ltr'><strong>ergo</strong></span> <span class='ocrx_word' id='word_1_461' title='bbox 1627 3328 1769 3399; x_wconf 93' lang='lat' dir='ltr'><strong>quod</strong></span> <span class='ocrx_word' id='word_1_462' title='bbox 1801 3342 2085 3398; x_wconf 89' lang='lat' dir='ltr'><strong>possnmus</strong></span> <span class='ocrx_word' id='word_1_463' title='bbox 2115 3328 2183 3384; x_wconf 90' lang='lat' dir='ltr'><strong>de</strong></span> <span class='ocrx_word' id='word_1_464' title='bbox 2209 3313 2438 3396; x_wconf 71' lang='lat' dir='ltr'><strong>C&#39;prius</strong></span> <span class='ocrx_word' id='word_1_465' title='bbox 2476 3327 2777 3383; x_wconf 89' lang='lat' dir='ltr'><strong>consecrati</strong></span> <span class='ocrx_word' id='word_1_466' title='bbox 2819 3336 2943 3380; x_wconf 88' lang='lat' dir='ltr'><strong>sunt</strong></span> <span class='ocrx_word' id='word_1_467' title='bbox 2979 3341 3138 3397; x_wconf 89' lang='lat' dir='ltr'><strong>quam</strong></span> <span class='ocrx_word' id='word_1_468' title='bbox 3181 3328 3474 3396; x_wconf 86' lang='lat' dir='ltr'><strong>perempti;</strong></span> <span class='ocrx_word' id='word_1_469' title='bbox 3521 3337 3582 3382; x_wconf 92' lang='lat' dir='ltr'><strong>tu</strong></span> <span class='ocrx_word' id='word_1_470' title='bbox 3628 3327 3868 3385; x_wconf 76' lang='lat' dir='ltr'><strong>obtulisti</strong></span> 
     </span>
    </p>
   </div>
   <div class='ocr_carea' id='block_1_63' title="bbox 601 3423 2184 3496">
    <p class='ocr_par' dir='ltr' id='par_1_63' title="bbox 601 3423 2184 3496">
     <span class='ocr_line' id='line_1_63' title="bbox 601 3423 2184 3496; baseline 0.001 -19"><span class='ocrx_word' id='word_1_471' title='bbox 601 3425 705 3480; x_wconf 86' lang='lat' dir='ltr'><strong>hoc</strong></span> <span class='ocrx_word' id='word_1_472' title='bbox 734 3426 954 3492; x_wconf 66' lang='lat' dir='ltr'><strong>saeculo,</strong></span> <span class='ocrx_word' id='word_1_473' title='bbox 1004 3427 1203 3495; x_wconf 88' lang='lat' dir='ltr'><strong>gratias</strong></span> <span class='ocrx_word' id='word_1_474' title='bbox 1246 3435 1467 3496; x_wconf 88' lang='lat' dir='ltr'><strong>agentes</strong></span> <span class='ocrx_word' id='word_1_475' title='bbox 1496 3424 1577 3479; x_wconf 92' lang='lat' dir='ltr'><strong>illi</strong></span> <span class='ocrx_word' id='word_1_476' title='bbox 1608 3426 1696 3493; x_wconf 92' lang='lat' dir='ltr'><strong>qui</strong></span> <span class='ocrx_word' id='word_1_477' title='bbox 1731 3425 1799 3478; x_wconf 89' lang='lat' dir='ltr'><strong>ita</strong></span> <span class='ocrx_word' id='word_1_478' title='bbox 1845 3423 2184 3492; x_wconf 88' lang='lat' dir='ltr'><strong>dispensavit</strong></span> 
     </span>
    </p>
   </div>
   <div class='ocr_carea' id='block_1_64' title="bbox 602 3516 2182 3586">
    <p class='ocr_par' dir='ltr' id='par_1_64' title="bbox 602 3516 2182 3586">
     <span class='ocr_line' id='line_1_64' title="bbox 602 3516 2182 3586; baseline 0.003 -19"><span class='ocrx_word' id='word_1_479' title='bbox 602 3525 884 3585; x_wconf 88' lang='lat' dir='ltr'><strong>utramque</strong></span> <span class='ocrx_word' id='word_1_480' title='bbox 913 3519 1074 3572; x_wconf 76' lang='lat' dir='ltr'><strong>vitam</strong></span> <span class='ocrx_word' id='word_1_481' title='bbox 1095 3557 1110 3584; x_wconf 93' lang='lat'><strong>,</strong></span> <span class='ocrx_word' id='word_1_482' title='bbox 1140 3527 1197 3572; x_wconf 93' lang='lat' dir='ltr'><strong>ut</strong></span> <span class='ocrx_word' id='word_1_483' title='bbox 1217 3518 1455 3572; x_wconf 91' lang='lat' dir='ltr'><strong>laborum</strong></span> <span class='ocrx_word' id='word_1_484' title='bbox 1477 3526 1530 3572; x_wconf 91' lang='lat' dir='ltr'><strong>et</strong></span> <span class='ocrx_word' id='word_1_485' title='bbox 1557 3531 1788 3586; x_wconf 89' lang='lat' dir='ltr'><strong>agonum</strong></span> <span class='ocrx_word' id='word_1_486' title='bbox 1814 3526 2051 3586; x_wconf 90' lang='lat' dir='ltr'><strong>tempora</strong></span> <span class='ocrx_word' id='word_1_487' title='bbox 2073 3516 2182 3571; x_wconf 89' lang='lat' dir='ltr'><strong>cito</strong></span> 
     </span>
    </p>
   </div>
   <div class='ocr_carea' id='block_1_65' title="bbox 603 3603 2182 3678">
    <p class='ocr_par' dir='ltr' id='par_1_65' title="bbox 603 3603 2182 3678">
     <span class='ocr_line' id='line_1_65' title="bbox 603 3603 2182 3678; baseline 0.003 -20"><span class='ocrx_word' id='word_1_488' title='bbox 603 3603 904 3673; x_wconf 87' lang='lat' dir='ltr'><strong>tinirentur,</strong></span> <span class='ocrx_word' id='word_1_489' title='bbox 934 3607 1195 3663; x_wconf 87' lang='lat' dir='ltr'><strong>honorum</strong></span> <span class='ocrx_word' id='word_1_490' title='bbox 1239 3623 1368 3663; x_wconf 88' lang='lat' dir='ltr'><strong>vero</strong></span> <span class='ocrx_word' id='word_1_491' title='bbox 1397 3617 1452 3664; x_wconf 92' lang='lat' dir='ltr'><strong>et</strong></span> <span class='ocrx_word' id='word_1_492' title='bbox 1480 3608 1820 3678; x_wconf 85' lang='lat' dir='ltr'><strong>praemiorum</strong></span> <span class='ocrx_word' id='word_1_493' title='bbox 1846 3607 2038 3678; x_wconf 84' lang='lat' dir='ltr'><strong>gaudia</strong></span> <span class='ocrx_word' id='word_1_494' title='bbox 2065 3607 2182 3663; x_wconf 86' lang='lat' dir='ltr'><strong>sine</strong></span> 
     </span>
    </p>
   </div>
   <div class='ocr_carea' id='block_1_66' title="bbox 601 3691 1009 3756">
    <p class='ocr_par' dir='ltr' id='par_1_66' title="bbox 601 3691 1009 3756">
     <span class='ocr_line' id='line_1_66' title="bbox 601 3691 1009 3756; baseline 0.007 -5"><span class='ocrx_word' id='word_1_495' title='bbox 601 3691 706 3754; x_wconf 71' lang='lat' dir='ltr'><strong>fine</strong></span> <span class='ocrx_word' id='word_1_496' title='bbox 733 3698 1009 3756; x_wconf 77' lang='lat' dir='ltr'><strong>durarent.</strong></span> 
     </span>
    </p>
   </div>
   <div class='ocr_carea' id='block_1_67' title="bbox 1239 3791 1541 3849">
    <p class='ocr_par' dir='ltr' id='par_1_67' title="bbox 1239 3791 1541 3849">
     <span class='ocr_line' id='line_1_67' title="bbox 1239 3791 1541 3849; baseline -0.007 -1"><span class='ocrx_word' id='word_1_497' title='bbox 1239 3791 1541 3849; x_wconf 76' lang='lat' dir='ltr'><strong>HOMILIA.</strong></span> 
     </span>
    </p>
   </div>
   <div class='ocr_carea' id='block_1_68' title="bbox 923 3881 1856 3952">
    <p class='ocr_par' dir='ltr' id='par_1_68' title="bbox 923 3881 1856 3952">
     <span class='ocr_line' id='line_1_68' title="bbox 923 3881 1856 3952; baseline 0 -16"><span class='ocrx_word' id='word_1_498' title='bbox 923 3882 999 3939; x_wconf 82' lang='lat' dir='ltr'><strong>De</strong></span> <span class='ocrx_word' id='word_1_499' title='bbox 1017 3893 1192 3939; x_wconf 85' lang='lat' dir='ltr'><strong>sancta</strong></span> <span class='ocrx_word' id='word_1_500' title='bbox 1216 3881 1478 3938; x_wconf 84' lang='lat' dir='ltr'><strong>Blandina</strong></span> <span class='ocrx_word' id='word_1_501' title='bbox 1503 3881 1856 3952; x_wconf 83' lang='lat' dir='ltr'><strong>Lugdunensi.</strong></span> 
     </span>
    </p>
   </div>
   <div class='ocr_carea' id='block_1_69' title="bbox 671 3975 2180 4049">
    <p class='ocr_par' dir='ltr' id='par_1_69' title="bbox 671 3975 2180 4049">
     <span class='ocr_line' id='line_1_69' title="bbox 671 3975 2180 4049; baseline 0.002 -19"><span class='ocrx_word' id='word_1_502' title='bbox 671 3975 893 4032; x_wconf 88' lang='lat' dir='ltr'><strong>Etiamsi</strong></span> <span class='ocrx_word' id='word_1_503' title='bbox 933 3978 1267 4049; x_wconf 82' lang='lat' dir='ltr'><strong>martyribus</strong></span> <span class='ocrx_word' id='word_1_504' title='bbox 1306 3978 1546 4048; x_wconf 85' lang='lat' dir='ltr'><strong>regionis</strong></span> <span class='ocrx_word' id='word_1_505' title='bbox 1583 3988 1855 4034; x_wconf 69' lang='lat' dir='ltr'><strong>extraneae</strong></span> <span class='ocrx_word' id='word_1_506' title='bbox 1897 3978 1982 4048; x_wconf 89' lang='lat' dir='ltr'><strong>pia</strong></span> <span class='ocrx_word' id='word_1_507' title='bbox 2023 3983 2180 4034; x_wconf 84' lang='lat' dir='ltr'><strong>votb-</strong></span> 
     </span>
    </p>
   </div>
   <div class='ocr_carea' id='block_1_70' title="bbox 597 4067 2172 4142">
    <p class='ocr_par' dir='ltr' id='par_1_70' title="bbox 597 4067 2172 4142">
     <span class='ocr_line' id='line_1_70' title="bbox 597 4067 2172 4142; baseline 0 -18"><span class='ocrx_word' id='word_1_508' title='bbox 597 4067 715 4124; x_wconf 83' lang='lat' dir='ltr'><strong>rttm</strong></span> <span class='ocrx_word' id='word_1_509' title='bbox 754 4069 941 4125; x_wconf 85' lang='lat' dir='ltr'><strong>debita</strong></span> <span class='ocrx_word' id='word_1_510' title='bbox 968 4070 1342 4136; x_wconf 78' lang='lat' dir='ltr'><strong>redderemus,</strong></span> <span class='ocrx_word' id='word_1_511' title='bbox 1377 4071 1612 4142; x_wconf 90' lang='lat' dir='ltr'><strong>propriis</strong></span> <span class='ocrx_word' id='word_1_512' title='bbox 1645 4071 1933 4126; x_wconf 75' lang='lat' dir='ltr'><strong>consulere</strong></span> <span class='ocrx_word' id='word_1_513' title='bbox 1962 4069 2172 4124; x_wconf 87' lang='lat' dir='ltr'><strong>utiiita-</strong></span> 
     </span>
    </p>
   </div>
   <div class='ocr_carea' id='block_1_71' title="bbox 597 4157 2178 4232">
    <p class='ocr_par' dir='ltr' id='par_1_71' title="bbox 597 4157 2178 4232">
     <span class='ocr_line' id='line_1_71' title="bbox 597 4157 2178 4232; baseline 0.002 -17"><span class='ocrx_word' id='word_1_514' title='bbox 597 4157 740 4216; x_wconf 79' lang='lat' dir='ltr'><strong>tibus</strong></span> <span class='ocrx_word' id='word_1_515' title='bbox 776 4169 832 4216; x_wconf 92' lang='lat' dir='ltr'><strong>et</strong></span> <span class='ocrx_word' id='word_1_516' title='bbox 867 4161 1167 4218; x_wconf 80' lang='lat' dir='ltr'><strong>commodis</strong></span> <span class='ocrx_word' id='word_1_517' title='bbox 1213 4163 1591 4232; x_wconf 90' lang='lat' dir='ltr'><strong>probaremur,</strong></span> <span class='ocrx_word' id='word_1_518' title='bbox 1641 4172 1866 4219; x_wconf 85' lang='lat' dir='ltr'><strong>nostros</strong></span> <span class='ocrx_word' id='word_1_519' title='bbox 1910 4177 2002 4218; x_wconf 92' lang='lat' dir='ltr'><strong>eos</strong></span> <span class='ocrx_word' id='word_1_520' title='bbox 2045 4157 2178 4218; x_wconf 70' lang='lat' dir='ltr'><strong>tid&#39;es</strong></span> 
     </span>
    </p>
   </div>
   <div class='ocr_carea' id='block_1_72' title="bbox 597 4255 2180 4327">
    <p class='ocr_par' dir='ltr' id='par_1_72' title="bbox 597 4255 2180 4327">
     <span class='ocr_line' id='line_1_72' title="bbox 597 4255 2180 4327; baseline 0.002 -17"><span class='ocrx_word' id='word_1_521' title='bbox 597 4255 820 4324; x_wconf 79' lang='lat' dir='ltr'><strong>faceret,</strong></span> <span class='ocrx_word' id='word_1_522' title='bbox 853 4267 906 4312; x_wconf 90' lang='lat' dir='ltr'><strong>et</strong></span> <span class='ocrx_word' id='word_1_523' title='bbox 943 4259 1171 4313; x_wconf 88' lang='lat' dir='ltr'><strong>remotis</strong></span> <span class='ocrx_word' id='word_1_524' title='bbox 1196 4258 1492 4327; x_wconf 85' lang='lat' dir='ltr'><strong>quamlibet</strong></span> <span class='ocrx_word' id='word_1_525' title='bbox 1517 4256 1745 4323; x_wconf 83' lang='lat' dir='ltr'><strong>finibus,</strong></span> <span class='ocrx_word' id='word_1_526' title='bbox 1775 4255 2180 4326; x_wconf 78' lang='lat' dir='ltr'><strong>Sperata‘nobis</strong></span> 
     </span>
    </p>
   </div>
   <div class='ocr_carea' id='block_1_73' title="bbox 599 4350 2180 4422">
    <p class='ocr_par' dir='ltr' id='par_1_73' title="bbox 599 4350 2180 4422">
     <span class='ocr_line' id='line_1_73' title="bbox 599 4350 2180 4422; baseline 0.002 -18"><span class='ocrx_word' id='word_1_527' title='bbox 599 4350 895 4417; x_wconf 87' lang='lat' dir='ltr'><strong>patrocinia</strong></span> <span class='ocrx_word' id='word_1_528' title='bbox 939 4357 1315 4422; x_wconf 75' lang='lat' dir='ltr'><strong>corrogarant.</strong></span> <span class='ocrx_word' id='word_1_529' title='bbox 1367 4350 1678 4407; x_wconf 86' lang='lat' dir='ltr'><strong>Studiorum</strong></span> <span class='ocrx_word' id='word_1_530' title='bbox 1729 4352 1996 4422; x_wconf 84' lang='lat' dir='ltr'><strong>siquidem</strong></span> <span class='ocrx_word' id='word_1_531' title='bbox 2053 4361 2180 4407; x_wconf 85' lang='lat' dir='ltr'><strong>sunt</strong></span> 
     </span>
    </p>
   </div>
   <div class='ocr_carea' id='block_1_74' title="bbox 599 4439 2174 4513">
    <p class='ocr_par' dir='ltr' id='par_1_74' title="bbox 599 4439 2174 4513">
     <span class='ocr_line' id='line_1_74' title="bbox 599 4439 2174 4513; baseline 0.003 -20"><span class='ocrx_word' id='word_1_532' title='bbox 599 4439 902 4511; x_wconf 74' lang='lat' dir='ltr'><strong>huiusmodi</strong></span> <span class='ocrx_word' id='word_1_533' title='bbox 939 4442 1230 4512; x_wconf 77' lang='lat' dir='ltr'><strong>suﬁragia,</strong></span> <span class='ocrx_word' id='word_1_534' title='bbox 1279 4455 1386 4497; x_wconf 91' lang='lat' dir='ltr'><strong>non</strong></span> <span class='ocrx_word' id='word_1_535' title='bbox 1425 4443 1665 4498; x_wconf 90' lang='lat' dir='ltr'><strong>locorum</strong></span> <span class='ocrx_word' id='word_1_536' title='bbox 1709 4461 1723 4497; x_wconf 94' lang='lat'><strong>:</strong></span> <span class='ocrx_word' id='word_1_537' title='bbox 1765 4444 1993 4512; x_wconf 86' lang='lat' dir='ltr'><strong>proinde</strong></span> <span class='ocrx_word' id='word_1_538' title='bbox 2033 4445 2174 4513; x_wconf 86' lang='lat' dir='ltr'><strong>apud</strong></span> 
     </span>
    </p>
   </div>
   <div class='ocr_carea' id='block_1_75' title="bbox 600 4523 2174 4603">
    <p class='ocr_par' dir='ltr' id='par_1_75' title="bbox 600 4523 2174 4603">
     <span class='ocr_line' id='line_1_75' title="bbox 600 4523 2174 4603; baseline 0.002 -17"><span class='ocrx_word' id='word_1_539' title='bbox 600 4533 923 4589; x_wconf 75' lang='lat' dir='ltr'><strong>domesticas</strong></span> <span class='ocrx_word' id='word_1_540' title='bbox 965 4534 1060 4588; x_wconf 84' lang='lat' dir='ltr'><strong>Dei</strong></span> <span class='ocrx_word' id='word_1_541' title='bbox 1098 4543 1306 4590; x_wconf 90' lang='lat' dir='ltr'><strong>tantum</strong></span> <span class='ocrx_word' id='word_1_542' title='bbox 1353 4533 1760 4589; x_wconf 87' lang='lat' dir='ltr'><strong>intercessionis</strong></span> <span class='ocrx_word' id='word_1_543' title='bbox 1813 4523 2174 4603; x_wconf 76' lang='lat' dir='ltr'><strong>promere&#39;ris,</strong></span> 
     </span>
    </p>
   </div>
   <div class='ocr_carea' id='block_1_76' title="bbox 595 4623 2198 4696">
    <p class='ocr_par' dir='ltr' id='par_1_76' title="bbox 595 4623 2198 4696">
     <span class='ocr_line' id='line_1_76' title="bbox 595 4623 2198 4696; baseline 0.004 -20"><span class='ocrx_word' id='word_1_544' title='bbox 595 4623 850 4692; x_wconf 73' lang='lat' dir='ltr'><strong>quantum</strong></span> <span class='ocrx_word' id='word_1_545' title='bbox 894 4625 1266 4680; x_wconf 85' lang='lat' dir='ltr'><strong>venerationis</strong></span> <span class='ocrx_word' id='word_1_546' title='bbox 1311 4625 1664 4694; x_wconf 87' lang='lat' dir='ltr'><strong>impenderis.</strong></span> <span class='ocrx_word' id='word_1_547' title='bbox 1713 4627 1944 4694; x_wconf 88' lang='lat' dir='ltr'><strong>Oportet</strong></span> <span class='ocrx_word' id='word_1_548' title='bbox 1993 4627 2198 4696; x_wconf 68' lang='lat' dir='ltr'><strong>itaque</strong></span> 
     </span>
    </p>
   </div>
   <div class='ocr_carea' id='block_1_77' title="bbox 2285 3420 3867 3491">
    <p class='ocr_par' dir='ltr' id='par_1_77' title="bbox 2285 3420 3867 3491">
     <span class='ocr_line' id='line_1_77' title="bbox 2285 3420 3867 3491; baseline 0.001 -17"><span class='ocrx_word' id='word_1_549' title='bbox 2285 3421 2443 3476; x_wconf 90' lang='lat' dir='ltr'><strong>annis</strong></span> <span class='ocrx_word' id='word_1_550' title='bbox 2482 3422 2759 3490; x_wconf 88' lang='lat' dir='ltr'><strong>parvulos,</strong></span> <span class='ocrx_word' id='word_1_551' title='bbox 2809 3434 2910 3491; x_wconf 91' lang='lat' dir='ltr'><strong>ego</strong></span> <span class='ocrx_word' id='word_1_552' title='bbox 2957 3420 3119 3475; x_wconf 90' lang='lat' dir='ltr'><strong>etiam</strong></span> <span class='ocrx_word' id='word_1_553' title='bbox 3171 3423 3383 3476; x_wconf 87' lang='lat' dir='ltr'><strong>meritis</strong></span> <span class='ocrx_word' id='word_1_554' title='bbox 3412 3427 3867 3478; x_wconf 71' lang='lat' dir='ltr'><strong>consummatos:</strong></span> 
     </span>
    </p>
   </div>
   <div class='ocr_carea' id='block_1_78' title="bbox 2283 3513 3871 3584">
    <p class='ocr_par' dir='ltr' id='par_1_78' title="bbox 2283 3513 3871 3584">
     <span class='ocr_line' id='line_1_78' title="bbox 2283 3513 3871 3584; baseline -0.001 -15"><span class='ocrx_word' id='word_1_555' title='bbox 2283 3529 2383 3584; x_wconf 87' lang='lat' dir='ltr'><strong>ego</strong></span> <span class='ocrx_word' id='word_1_556' title='bbox 2408 3513 2581 3568; x_wconf 90' lang='lat' dir='ltr'><strong>obtuli</strong></span> <span class='ocrx_word' id='word_1_557' title='bbox 2607 3515 2696 3584; x_wconf 89' lang='lat' dir='ltr'><strong>qui</strong></span> <span class='ocrx_word' id='word_1_558' title='bbox 2727 3528 2822 3583; x_wconf 90' lang='lat' dir='ltr'><strong>per</strong></span> <span class='ocrx_word' id='word_1_559' title='bbox 2867 3522 3134 3568; x_wconf 89' lang='lat' dir='ltr'><strong>tormenta</strong></span> <span class='ocrx_word' id='word_1_560' title='bbox 3165 3527 3261 3568; x_wconf 82' lang='lat' dir='ltr'><strong>sua</strong></span> <span class='ocrx_word' id='word_1_561' title='bbox 3295 3515 3596 3578; x_wconf 86' lang='lat' dir='ltr'><strong>vincerent,</strong></span> <span class='ocrx_word' id='word_1_562' title='bbox 3627 3527 3758 3568; x_wconf 86' lang='lat' dir='ltr'><strong>cum</strong></span> <span class='ocrx_word' id='word_1_563' title='bbox 3783 3517 3871 3584; x_wconf 69' lang='grc' dir='ltr'><strong>νε-</strong></span> 
     </span>
    </p>
   </div>
   <div class='ocr_carea' id='block_1_79' title="bbox 2285 3607 3866 3678">
    <p class='ocr_par' dir='ltr' id='par_1_79' title="bbox 2285 3607 3866 3678">
     <span class='ocr_line' id='line_1_79' title="bbox 2285 3607 3866 3678; baseline -0.001 -15"><span class='ocrx_word' id='word_1_564' title='bbox 2285 3609 2510 3664; x_wconf 88' lang='lat' dir='ltr'><strong>riclitari</strong></span> <span class='ocrx_word' id='word_1_565' title='bbox 2556 3610 2608 3662; x_wconf 95' lang='lat' dir='ltr'><strong>in</strong></span> <span class='ocrx_word' id='word_1_566' title='bbox 2641 3608 2746 3664; x_wconf 87' lang='lat' dir='ltr'><strong>iide</strong></span> <span class='ocrx_word' id='word_1_567' title='bbox 2779 3609 3107 3677; x_wconf 88' lang='lat' dir='ltr'><strong>potuissent;</strong></span> <span class='ocrx_word' id='word_1_568' title='bbox 3158 3617 3214 3662; x_wconf 87' lang='lat' dir='ltr'><strong>tn</strong></span> <span class='ocrx_word' id='word_1_569' title='bbox 3239 3608 3480 3662; x_wconf 88' lang='lat' dir='ltr'><strong>obtulisti</strong></span> <span class='ocrx_word' id='word_1_570' title='bbox 3511 3609 3602 3678; x_wconf 90' lang='lat' dir='ltr'><strong>qui</strong></span> <span class='ocrx_word' id='word_1_571' title='bbox 3635 3607 3866 3663; x_wconf 81' lang='lat' dir='ltr'><strong>fructum</strong></span> 
     </span>
    </p>
   </div>
   <div class='ocr_carea' id='block_1_80' title="bbox 2287 3703 3872 3774">
    <p class='ocr_par' dir='ltr' id='par_1_80' title="bbox 2287 3703 3872 3774">
     <span class='ocr_line' id='line_1_80' title="bbox 2287 3703 3872 3774; baseline 0.001 -17"><span class='ocrx_word' id='word_1_572' title='bbox 2287 3703 2559 3759; x_wconf 88' lang='lat' dir='ltr'><strong>moriendi</strong></span> <span class='ocrx_word' id='word_1_573' title='bbox 2596 3703 2794 3760; x_wconf 87' lang='lat' dir='ltr'><strong>habere</strong></span> <span class='ocrx_word' id='word_1_574' title='bbox 2824 3712 3067 3772; x_wconf 83' lang='lat' dir='ltr'><strong>possent,</strong></span> <span class='ocrx_word' id='word_1_575' title='bbox 3099 3703 3390 3772; x_wconf 89' lang='lat' dir='ltr'><strong>periculum</strong></span> <span class='ocrx_word' id='word_1_576' title='bbox 3421 3703 3654 3774; x_wconf 86' lang='lat' dir='ltr'><strong>negandi</strong></span> <span class='ocrx_word' id='word_1_577' title='bbox 3687 3703 3872 3758; x_wconf 77' lang='lat' dir='ltr'><strong>timere</strong></span> 
     </span>
    </p>
   </div>
   <div class='ocr_carea' id='block_1_81' title="bbox 2284 3795 3863 3868">
    <p class='ocr_par' dir='ltr' id='par_1_81' title="bbox 2284 3795 3863 3868">
     <span class='ocr_line' id='line_1_81' title="bbox 2284 3795 3863 3868; baseline -0.002 -16"><span class='ocrx_word' id='word_1_578' title='bbox 2284 3811 2390 3852; x_wconf 92' lang='lat' dir='ltr'><strong>non</strong></span> <span class='ocrx_word' id='word_1_579' title='bbox 2437 3806 2685 3868; x_wconf 88' lang='lat' dir='ltr'><strong>possent;</strong></span> <span class='ocrx_word' id='word_1_580' title='bbox 2733 3806 2789 3852; x_wconf 91' lang='lat' dir='ltr'><strong>tu</strong></span> <span class='ocrx_word' id='word_1_581' title='bbox 2836 3796 3078 3851; x_wconf 91' lang='lat' dir='ltr'><strong>obtulisti</strong></span> <span class='ocrx_word' id='word_1_582' title='bbox 3123 3796 3395 3850; x_wconf 82' lang='lat' dir='ltr'><strong>inﬁrmum</strong></span> <span class='ocrx_word' id='word_1_583' title='bbox 3441 3795 3744 3864; x_wconf 87' lang='lat' dir='ltr'><strong>populum,</strong></span> <span class='ocrx_word' id='word_1_584' title='bbox 3798 3809 3863 3849; x_wconf 86' lang='lat' dir='ltr'><strong>ne</strong></span> 
     </span>
    </p>
   </div>
   <div class='ocr_carea' id='block_1_82' title="bbox 2282 3889 3867 3961">
    <p class='ocr_par' dir='ltr' id='par_1_82' title="bbox 2282 3889 3867 3961">
     <span class='ocr_line' id='line_1_82' title="bbox 2282 3889 3867 3961; baseline -0.001 -15"><span class='ocrx_word' id='word_1_585' title='bbox 2282 3889 2561 3948; x_wconf 82' lang='lat' dir='ltr'><strong>Christum</strong></span> <span class='ocrx_word' id='word_1_586' title='bbox 2601 3892 2895 3961; x_wconf 86' lang='lat' dir='ltr'><strong>sacrilegus</strong></span> <span class='ocrx_word' id='word_1_587' title='bbox 2924 3890 3230 3947; x_wconf 90' lang='lat' dir='ltr'><strong>inveniret:</strong></span> <span class='ocrx_word' id='word_1_588' title='bbox 3262 3905 3361 3961; x_wconf 90' lang='lat' dir='ltr'><strong>ego</strong></span> <span class='ocrx_word' id='word_1_589' title='bbox 3387 3889 3560 3944; x_wconf 91' lang='lat' dir='ltr'><strong>obtuli</strong></span> <span class='ocrx_word' id='word_1_590' title='bbox 3592 3891 3867 3945; x_wconf 83' lang='lat' dir='ltr'><strong>robustum</strong></span> 
     </span>
    </p>
   </div>
   <div class='ocr_carea' id='block_1_83' title="bbox 2285 3982 3870 4056">
    <p class='ocr_par' dir='ltr' id='par_1_83' title="bbox 2285 3982 3870 4056">
     <span class='ocr_line' id='line_1_83' title="bbox 2285 3982 3870 4056; baseline -0.003 -16"><span class='ocrx_word' id='word_1_591' title='bbox 2285 4001 2569 4040; x_wconf 89' lang='lat' dir='ltr'><strong>numerum</strong></span> <span class='ocrx_word' id='word_1_592' title='bbox 2598 4026 2612 4049; x_wconf 95' lang='lat'><strong>,</strong></span> <span class='ocrx_word' id='word_1_593' title='bbox 2664 3985 2816 4056; x_wconf 84' lang='lat' dir='ltr'><strong>cujus</strong></span> <span class='ocrx_word' id='word_1_594' title='bbox 2859 3984 3113 4052; x_wconf 89' lang='lat' dir='ltr'><strong>exemplo</strong></span> <span class='ocrx_word' id='word_1_595' title='bbox 3151 3983 3315 4037; x_wconf 88' lang='lat' dir='ltr'><strong>etiam</strong></span> <span class='ocrx_word' id='word_1_596' title='bbox 3358 3982 3658 4052; x_wconf 86' lang='lat' dir='ltr'><strong>sacrilegos</strong></span> <span class='ocrx_word' id='word_1_597' title='bbox 3687 3983 3740 4037; x_wconf 89' lang='lat' dir='ltr'><strong>in</strong></span> <span class='ocrx_word' id='word_1_598' title='bbox 3769 3982 3870 4036; x_wconf 78' lang='lat' dir='ltr'><strong>sai-</strong></span> 
     </span>
    </p>
   </div>
   <div class='ocr_carea' id='block_1_84' title="bbox 2284 4074 3862 4150">
    <p class='ocr_par' dir='ltr' id='par_1_84' title="bbox 2284 4074 3862 4150">
     <span class='ocr_line' id='line_1_84' title="bbox 2284 4074 3862 4150; baseline -0.001 -20"><span class='ocrx_word' id='word_1_599' title='bbox 2284 4074 2476 4134; x_wconf 27' lang='lat' dir='ltr'><strong>vand‘is</strong></span> <span class='ocrx_word' id='word_1_600' title='bbox 2517 4085 2922 4150; x_wconf 84' lang='lat' dir='ltr'><strong>persecuturum</strong></span> <span class='ocrx_word' id='word_1_601' title='bbox 2953 4077 3212 4131; x_wconf 87' lang='lat' dir='ltr'><strong>ministris</strong></span> <span class='ocrx_word' id='word_1_602' title='bbox 3239 4074 3492 4131; x_wconf 86' lang='lat' dir='ltr'><strong>Christus</strong></span> <span class='ocrx_word' id='word_1_603' title='bbox 3531 4076 3862 4144; x_wconf 82' lang='lat' dir='ltr'><strong>acquireret.</strong></span> 
     </span>
    </p>
   </div>
   <div class='ocr_carea' id='block_1_85' title="bbox 2280 4166 3868 4238">
    <p class='ocr_par' dir='ltr' id='par_1_85' title="bbox 2280 4166 3868 4238">
     <span class='ocr_line' id='line_1_85' title="bbox 2280 4166 3868 4238; baseline -0.003 -13"><span class='ocrx_word' id='word_1_604' title='bbox 2280 4169 2565 4226; x_wconf 79' lang='lat' dir='ltr'><strong>Postremo</strong></span> <span class='ocrx_word' id='word_1_605' title='bbox 2614 4171 2768 4226; x_wconf 89' lang='lat' dir='ltr'><strong>beata</strong></span> <span class='ocrx_word' id='word_1_606' title='bbox 2821 4170 2907 4224; x_wconf 92' lang='lat' dir='ltr'><strong>illa</strong></span> <span class='ocrx_word' id='word_1_607' title='bbox 2956 4178 3132 4224; x_wconf 89' lang='lat' dir='ltr'><strong>morte</strong></span> <span class='ocrx_word' id='word_1_608' title='bbox 3172 4182 3277 4238; x_wconf 87' lang='lat' dir='ltr'><strong>qua</strong></span> <span class='ocrx_word' id='word_1_609' title='bbox 3329 4166 3577 4222; x_wconf 82' lang='lat' dir='ltr'><strong>Herodes</strong></span> <span class='ocrx_word' id='word_1_610' title='bbox 3628 4167 3757 4221; x_wconf 87' lang='lat' dir='ltr'><strong>dum</strong></span> <span class='ocrx_word' id='word_1_611' title='bbox 3786 4167 3868 4221; x_wconf 72' lang='lat' dir='ltr'><strong>sa-</strong></span> 
     </span>
    </p>
   </div>
   <div class='ocr_carea' id='block_1_86' title="bbox 2281 4259 3868 4333">
    <p class='ocr_par' dir='ltr' id='par_1_86' title="bbox 2281 4259 3868 4333">
     <span class='ocr_line' id='line_1_86' title="bbox 2281 4259 3868 4333; baseline -0.003 -15"><span class='ocrx_word' id='word_1_612' title='bbox 2281 4277 2434 4318; x_wconf 90' lang='lat' dir='ltr'><strong>crnm</strong></span> <span class='ocrx_word' id='word_1_613' title='bbox 2477 4279 2704 4333; x_wconf 90' lang='lat' dir='ltr'><strong>puerum</strong></span> <span class='ocrx_word' id='word_1_614' title='bbox 2749 4261 2942 4332; x_wconf 68' lang='lat' dir='ltr'><strong>quaarit</strong></span> <span class='ocrx_word' id='word_1_615' title='bbox 2972 4260 3173 4325; x_wconf 88' lang='lat' dir='ltr'><strong>solum,</strong></span> <span class='ocrx_word' id='word_1_616' title='bbox 3211 4267 3416 4314; x_wconf 84' lang='lat' dir='ltr'><strong>tantum</strong></span> <span class='ocrx_word' id='word_1_617' title='bbox 3448 4271 3652 4328; x_wconf 88' lang='lat' dir='ltr'><strong>pueros</strong></span> <span class='ocrx_word' id='word_1_618' title='bbox 3683 4259 3868 4314; x_wconf 83' lang='lat' dir='ltr'><strong>immo-</strong></span> 
     </span>
    </p>
   </div>
   <div class='ocr_carea' id='block_1_87' title="bbox 2281 4351 3868 4425">
    <p class='ocr_par' dir='ltr' id='par_1_87' title="bbox 2281 4351 3868 4425">
     <span class='ocr_line' id='line_1_87' title="bbox 2281 4351 3868 4425; baseline -0.004 -13"><span class='ocrx_word' id='word_1_619' title='bbox 2281 4357 2445 4423; x_wconf 90' lang='lat' dir='ltr'><strong>lavit;</strong></span> <span class='ocrx_word' id='word_1_620' title='bbox 2500 4355 2834 4425; x_wconf 87' lang='lat' dir='ltr'><strong>triumphum</strong></span> <span class='ocrx_word' id='word_1_621' title='bbox 2869 4365 3018 4408; x_wconf 92' lang='lat' dir='ltr'><strong>tuum</strong></span> <span class='ocrx_word' id='word_1_622' title='bbox 3046 4367 3213 4408; x_wconf 86' lang='lat' dir='ltr'><strong>sexus</strong></span> <span class='ocrx_word' id='word_1_623' title='bbox 3242 4365 3402 4419; x_wconf 86' lang='lat' dir='ltr'><strong>unus,</strong></span> <span class='ocrx_word' id='word_1_624' title='bbox 3434 4367 3620 4407; x_wconf 91' lang='lat' dir='ltr'><strong>meum</strong></span> <span class='ocrx_word' id='word_1_625' title='bbox 3651 4351 3868 4422; x_wconf 85' lang='lat' dir='ltr'><strong>uterque</strong></span> 
     </span>
    </p>
   </div>
   <div class='ocr_carea' id='block_1_88' title="bbox 2281 4433 3867 4518">
    <p class='ocr_par' dir='ltr' id='par_1_88' title="bbox 2281 4433 3867 4518">
     <span class='ocr_line' id='line_1_88' title="bbox 2281 4433 3867 4518; baseline -0.003 -16"><span class='ocrx_word' id='word_1_626' title='bbox 2281 4450 2583 4518; x_wconf 85' lang='lat' dir='ltr'><strong>promeruit</strong></span> <span class='ocrx_word' id='word_1_627' title='bbox 2628 4465 2642 4502; x_wconf 92' lang='lat'><strong>:</strong></span> <span class='ocrx_word' id='word_1_628' title='bbox 2692 4461 2806 4502; x_wconf 88' lang='lat' dir='ltr'><strong>mea</strong></span> <span class='ocrx_word' id='word_1_629' title='bbox 2837 4459 3014 4516; x_wconf 89' lang='lat' dir='ltr'><strong>pugna</strong></span> <span class='ocrx_word' id='word_1_630' title='bbox 3051 4444 3283 4514; x_wconf 80' lang='lat' dir='ltr'><strong>palmam</strong></span> <span class='ocrx_word' id='word_1_631' title='bbox 3314 4442 3383 4499; x_wconf 93' lang='lat' dir='ltr'><strong>de</strong></span> <span class='ocrx_word' id='word_1_632' title='bbox 3413 4441 3604 4498; x_wconf 90' lang='lat' dir='ltr'><strong>mundi</strong></span> <span class='ocrx_word' id='word_1_633' title='bbox 3632 4433 3867 4514; x_wconf 70' lang='lat' dir='ltr'><strong>principe</strong></span> 
     </span>
    </p>
   </div>
   <div class='ocr_carea' id='block_1_89' title="bbox 2281 4535 3866 4608">
    <p class='ocr_par' dir='ltr' id='par_1_89' title="bbox 2281 4535 3866 4608">
     <span class='ocr_line' id='line_1_89' title="bbox 2281 4535 3866 4608; baseline -0.005 -11"><span class='ocrx_word' id='word_1_634' title='bbox 2281 4543 2446 4597; x_wconf 91' lang='lat' dir='ltr'><strong>etiam</strong></span> <span class='ocrx_word' id='word_1_635' title='bbox 2485 4543 2538 4595; x_wconf 93' lang='lat' dir='ltr'><strong>in</strong></span> <span class='ocrx_word' id='word_1_636' title='bbox 2571 4539 2786 4596; x_wconf 84' lang='lat' dir='ltr'><strong>feminis</strong></span> <span class='ocrx_word' id='word_1_637' title='bbox 2817 4539 3130 4608; x_wconf 87' lang='lat' dir='ltr'><strong>reportavit.</strong></span> <span class='ocrx_word' id='word_1_638' title='bbox 3157 4537 3372 4592; x_wconf 86' lang='lat' dir='ltr'><strong>Chorus</strong></span> <span class='ocrx_word' id='word_1_639' title='bbox 3411 4552 3564 4592; x_wconf 82' lang='lat' dir='ltr'><strong>meus</strong></span> <span class='ocrx_word' id='word_1_640' title='bbox 3607 4535 3866 4607; x_wconf 71' lang='lat' dir='ltr'><strong>in‘puel‘is</strong></span> 
     </span>
    </p>
   </div>
   <div class='ocr_carea' id='block_1_90' title="bbox 2282 4630 3865 4701">
    <p class='ocr_par' dir='ltr' id='par_1_90' title="bbox 2282 4630 3865 4701">
     <span class='ocr_line' id='line_1_90' title="bbox 2282 4630 3865 4701; baseline -0.002 -14"><span class='ocrx_word' id='word_1_641' title='bbox 2282 4635 2600 4689; x_wconf 85' lang='lat' dir='ltr'><strong>innocentes</strong></span> <span class='ocrx_word' id='word_1_642' title='bbox 2636 4643 2756 4688; x_wconf 88' lang='lat' dir='ltr'><strong>tuos</strong></span> <span class='ocrx_word' id='word_1_643' title='bbox 2792 4631 2994 4687; x_wconf 89' lang='lat' dir='ltr'><strong>habere</strong></span> <span class='ocrx_word' id='word_1_644' title='bbox 3037 4630 3233 4701; x_wconf 90' lang='lat' dir='ltr'><strong>potuit,</strong></span> <span class='ocrx_word' id='word_1_645' title='bbox 3268 4630 3466 4685; x_wconf 90' lang='lat' dir='ltr'><strong>chorus</strong></span> <span class='ocrx_word' id='word_1_646' title='bbox 3497 4640 3625 4685; x_wconf 91' lang='lat' dir='ltr'><strong>tuus</strong></span> <span class='ocrx_word' id='word_1_647' title='bbox 3656 4630 3865 4685; x_wconf 56' lang='lat' dir='ltr'><strong>Blandi.</strong></span> 
     </span>
    </p>
   </div>
   <div class='ocr_carea' id='block_1_91' title="bbox 596 4692 3864 4792">
    <p class='ocr_par' dir='ltr' id='par_1_91' title="bbox 596 4692 3864 4792">
     <span class='ocr_line' id='line_1_91' title="bbox 596 4692 3864 4792; baseline 0.003 -27"><span class='ocrx_word' id='word_1_648' title='bbox 596 4724 651 4767; x_wconf 82' lang='lat' dir='ltr'><strong>nt</strong></span> <span class='ocrx_word' id='word_1_649' title='bbox 690 4716 893 4771; x_wconf 85' lang='lat' dir='ltr'><strong>alienos</strong></span> <span class='ocrx_word' id='word_1_650' title='bbox 930 4717 1112 4785; x_wconf 84' lang='lat' dir='ltr'><strong>potius</strong></span> <span class='ocrx_word' id='word_1_651' title='bbox 1149 4718 1312 4773; x_wconf 88' lang='lat' dir='ltr'><strong>nobis</strong></span> <span class='ocrx_word' id='word_1_652' title='bbox 1347 4717 1564 4773; x_wconf 90' lang='lat' dir='ltr'><strong>devotio</strong></span> <span class='ocrx_word' id='word_1_653' title='bbox 1590 4717 1844 4788; x_wconf 75' lang='lat' dir='ltr'><strong>rellgiosa</strong></span> <span class='ocrx_word' id='word_1_654' title='bbox 1887 4722 2169 4784; x_wconf 88' lang='lat' dir='ltr'><strong>conciliet,</strong></span> <span class='ocrx_word' id='word_1_655' title='bbox 2201 4692 2256 4752; x_wconf 70' lang='grc' dir='ltr'>υ</span> <span class='ocrx_word' id='word_1_656' title='bbox 2281 4740 2404 4779; x_wconf 91' lang='lat' dir='ltr'><strong>nam</strong></span> <span class='ocrx_word' id='word_1_657' title='bbox 2453 4739 2626 4778; x_wconf 88' lang='lat' dir='ltr'><strong>meam</strong></span> <span class='ocrx_word' id='word_1_658' title='bbox 2675 4723 2874 4778; x_wconf 86' lang='lat' dir='ltr'><strong>habere</strong></span> <span class='ocrx_word' id='word_1_659' title='bbox 2923 4692 3250 4792; x_wconf 46' lang='lat' dir='ltr'><strong>non-potuit.</strong></span> <span class='ocrx_word' id='word_1_660' title='bbox 3285 4721 3548 4777; x_wconf 69' lang='lat' dir='ltr'><strong>Przestitit</strong></span> <span class='ocrx_word' id='word_1_661' title='bbox 3591 4723 3734 4778; x_wconf 82' lang='lat' dir='ltr'><strong>inter</strong></span> <span class='ocrx_word' id='word_1_662' title='bbox 3767 4723 3864 4776; x_wconf 83' lang='lat' dir='ltr'><strong>ista</strong></span> 
     </span>
    </p>
   </div>
   <div class='ocr_carea' id='block_1_92' title="bbox 594 4801 2169 4881">
    <p class='ocr_par' dir='ltr' id='par_1_92' title="bbox 594 4801 2169 4881">
     <span class='ocr_line' id='line_1_92' title="bbox 594 4801 2169 4881; baseline 0.008 -27"><span class='ocrx_word' id='word_1_663' title='bbox 594 4813 754 4873; x_wconf 79' lang='lat' dir='ltr'><strong>quam</strong></span> <span class='ocrx_word' id='word_1_664' title='bbox 792 4801 931 4862; x_wconf 89' lang='lat' dir='ltr'><strong>forte</strong></span> <span class='ocrx_word' id='word_1_665' title='bbox 973 4809 1271 4878; x_wconf 79' lang='lat' dir='ltr'><strong>prepriosa</strong></span> <span class='ocrx_word' id='word_1_666' title='bbox 1311 4808 1470 4864; x_wconf 88' lang='lat' dir='ltr'><strong>nobis</strong></span> <span class='ocrx_word' id='word_1_667' title='bbox 1509 4809 1838 4880; x_wconf 87' lang='lat' dir='ltr'><strong>negligentia</strong></span> <span class='ocrx_word' id='word_1_668' title='bbox 1879 4811 2169 4881; x_wconf 82' lang='lat' dir='ltr'><strong>irreligiosi</strong></span> 
     </span>
    </p>
   </div>
   <div class='ocr_carea' id='block_1_93' title="bbox 595 4893 2171 4970">
    <p class='ocr_par' dir='ltr' id='par_1_93' title="bbox 595 4893 2171 4970">
     <span class='ocr_line' id='line_1_93' title="bbox 595 4893 2171 4970; baseline 0.003 -18"><span class='ocrx_word' id='word_1_669' title='bbox 595 4897 798 4967; x_wconf 76' lang='lat' dir='ltr'><strong>teporis</strong></span> <span class='ocrx_word' id='word_1_670' title='bbox 838 4898 1054 4954; x_wconf 89' lang='lat' dir='ltr'><strong>alienet.</strong></span> <span class='ocrx_word' id='word_1_671' title='bbox 1105 4899 1498 4970; x_wconf 77' lang='lat' dir='ltr'><strong>Agnescamus,</strong></span> <span class='ocrx_word' id='word_1_672' title='bbox 1546 4901 1878 4969; x_wconf 85' lang='lat' dir='ltr'><strong>charissimi,</strong></span> <span class='ocrx_word' id='word_1_673' title='bbox 1909 4905 2050 4957; x_wconf 82' lang='lat' dir='ltr'><strong>circa</strong></span> <span class='ocrx_word' id='word_1_674' title='bbox 2078 4893 2171 4957; x_wconf 63' lang='lat' dir='ltr'><strong>Ec.</strong></span> 
     </span>
    </p>
   </div>
   <div class='ocr_carea' id='block_1_94' title="bbox 593 4989 2168 5048">
    <p class='ocr_par' dir='ltr' id='par_1_94' title="bbox 593 4989 2168 5048">
     <span class='ocr_line' id='line_1_94' title="bbox 593 4989 2168 5048; baseline 0.004 -7"><span class='ocrx_word' id='word_1_675' title='bbox 593 4989 814 5046; x_wconf 70' lang='lat' dir='ltr'><strong>etesiam</strong></span> <span class='ocrx_word' id='word_1_676' title='bbox 864 4999 1104 5045; x_wconf 87' lang='lat' dir='ltr'><strong>nostram</strong></span> <span class='ocrx_word' id='word_1_677' title='bbox 1148 4992 1454 5047; x_wconf 87' lang='lat' dir='ltr'><strong>uberiorem</strong></span> <span class='ocrx_word' id='word_1_678' title='bbox 1517 4991 1831 5047; x_wconf 89' lang='lat' dir='ltr'><strong>divinorum</strong></span> <span class='ocrx_word' id='word_1_679' title='bbox 1885 5008 2168 5048; x_wconf 90' lang='lat' dir='ltr'><strong>munerum</strong></span> 
     </span>
    </p>
   </div>
   <div class='ocr_carea' id='block_1_95' title="bbox 594 5085 2168 5158">
    <p class='ocr_par' dir='ltr' id='par_1_95' title="bbox 594 5085 2168 5158">
     <span class='ocr_line' id='line_1_95' title="bbox 594 5085 2168 5158; baseline 0.003 -19"><span class='ocrx_word' id='word_1_680' title='bbox 594 5085 929 5156; x_wconf 77' lang='lat' dir='ltr'><strong>largitatem;</strong></span> <span class='ocrx_word' id='word_1_681' title='bbox 981 5085 1253 5140; x_wconf 81' lang='lat' dir='ltr'><strong>exsultant</strong></span> <span class='ocrx_word' id='word_1_682' title='bbox 1304 5087 1636 5156; x_wconf 90' lang='lat' dir='ltr'><strong>singularum</strong></span> <span class='ocrx_word' id='word_1_683' title='bbox 1693 5088 1904 5142; x_wconf 90' lang='lat' dir='ltr'><strong>urbium</strong></span> <span class='ocrx_word' id='word_1_684' title='bbox 1961 5087 2168 5158; x_wconf 83' lang='lat' dir='ltr'><strong>papuli,</strong></span> 
     </span>
    </p>
   </div>
   <div class='ocr_carea' id='block_1_96' title="bbox 590 5171 2180 5249">
    <p class='ocr_par' dir='ltr' id='par_1_96' title="bbox 590 5171 2180 5249">
     <span class='ocr_line' id='line_1_96' title="bbox 590 5171 2180 5249; baseline 0.004 -19"><span class='ocrx_word' id='word_1_685' title='bbox 590 5171 704 5230; x_wconf 57' lang='lat' dir='ltr'><strong>et’si‘</strong></span> <span class='ocrx_word' id='word_1_686' title='bbox 723 5175 894 5232; x_wconf 77' lang='lat' dir='ltr'><strong>unius</strong></span> <span class='ocrx_word' id='word_1_687' title='bbox 913 5175 1106 5231; x_wconf 85' lang='lat' dir='ltr'><strong>saltem</strong></span> <span class='ocrx_word' id='word_1_688' title='bbox 1133 5176 1388 5248; x_wconf 84' lang='lat' dir='ltr'><strong>martyris</strong></span> <span class='ocrx_word' id='word_1_689' title='bbox 1411 5179 1652 5249; x_wconf 88' lang='lat' dir='ltr'><strong>reliquiis</strong></span> <span class='ocrx_word' id='word_1_690' title='bbox 1684 5181 2024 5234; x_wconf 88' lang='lat' dir='ltr'><strong>muniantur:</strong></span> <span class='ocrx_word' id='word_1_691' title='bbox 2049 5193 2180 5236; x_wconf 85' lang='lat' dir='ltr'><strong>ecce</strong></span> 
     </span>
    </p>
   </div>
   <div class='ocr_carea' id='block_1_97' title="bbox 593 5269 2180 5340">
    <p class='ocr_par' dir='ltr' id='par_1_97' title="bbox 593 5269 2180 5340">
     <span class='ocr_line' id='line_1_97' title="bbox 593 5269 2180 5340; baseline 0.004 -19"><span class='ocrx_word' id='word_1_692' title='bbox 593 5269 689 5323; x_wconf 79' lang='lat' dir='ltr'><strong>n’os</strong></span> <span class='ocrx_word' id='word_1_693' title='bbox 734 5269 966 5338; x_wconf 77' lang='lat' dir='ltr'><strong>populos</strong></span> <span class='ocrx_word' id='word_1_694' title='bbox 1007 5278 1303 5340; x_wconf 87' lang='lat' dir='ltr'><strong>martyrum</strong></span> <span class='ocrx_word' id='word_1_695' title='bbox 1336 5271 1697 5339; x_wconf 88' lang='lat' dir='ltr'><strong>possidemus.</strong></span> <span class='ocrx_word' id='word_1_696' title='bbox 1747 5269 1989 5328; x_wconf 87' lang='lat' dir='ltr'><strong>Gaudeat</strong></span> <span class='ocrx_word' id='word_1_697' title='bbox 2036 5281 2180 5328; x_wconf 86' lang='lat' dir='ltr'><strong>terra</strong></span> 
     </span>
    </p>
   </div>
   <div class='ocr_carea' id='block_1_98' title="bbox 593 5363 2177 5435">
    <p class='ocr_par' dir='ltr' id='par_1_98' title="bbox 593 5363 2177 5435">
     <span class='ocr_line' id='line_1_98' title="bbox 593 5363 2177 5435; baseline 0.005 -22"><span class='ocrx_word' id='word_1_698' title='bbox 593 5369 801 5428; x_wconf 76' lang='lat' dir='ltr'><strong>imStra,</strong></span> <span class='ocrx_word' id='word_1_699' title='bbox 828 5363 1008 5418; x_wconf 89' lang='lat' dir='ltr'><strong>nutrix</strong></span> <span class='ocrx_word' id='word_1_700' title='bbox 1046 5364 1352 5420; x_wconf 68' lang='lat' dir='ltr'><strong>calestium</strong></span> <span class='ocrx_word' id='word_1_701' title='bbox 1395 5363 1647 5431; x_wconf 91' lang='lat' dir='ltr'><strong>militum,</strong></span> <span class='ocrx_word' id='word_1_702' title='bbox 1687 5375 1741 5421; x_wconf 91' lang='lat' dir='ltr'><strong>et</strong></span> <span class='ocrx_word' id='word_1_703' title='bbox 1780 5376 2048 5421; x_wconf 90' lang='lat' dir='ltr'><strong>tantarum</strong></span> <span class='ocrx_word' id='word_1_704' title='bbox 2080 5377 2177 5435; x_wconf 86' lang='lat' dir='ltr'><strong>pa-</strong></span> 
     </span>
    </p>
   </div>
   <div class='ocr_carea' id='block_1_99' title="bbox 592 5453 2171 5526">
    <p class='ocr_par' dir='ltr' id='par_1_99' title="bbox 592 5453 2171 5526">
     <span class='ocr_line' id='line_1_99' title="bbox 592 5453 2171 5526; baseline 0.006 -22"><span class='ocrx_word' id='word_1_705' title='bbox 592 5461 716 5506; x_wconf 83' lang='lat' dir='ltr'><strong>ic&#39;ns</strong></span> <span class='ocrx_word' id='word_1_706' title='bbox 761 5453 987 5509; x_wconf 88' lang='lat' dir='ltr'><strong>fecunda</strong></span> <span class='ocrx_word' id='word_1_707' title='bbox 1027 5457 1304 5510; x_wconf 88' lang='lat' dir='ltr'><strong>virtutum.</strong></span> <span class='ocrx_word' id='word_1_708' title='bbox 1361 5455 1500 5512; x_wconf 83' lang='lat' dir='ltr'><strong>Ecce</strong></span> <span class='ocrx_word' id='word_1_709' title='bbox 1552 5455 1807 5526; x_wconf 87' lang='lat' dir='ltr'><strong>profanus</strong></span> <span class='ocrx_word' id='word_1_710' title='bbox 1848 5459 2018 5513; x_wconf 90' lang='lat' dir='ltr'><strong>hostis</strong></span> <span class='ocrx_word' id='word_1_711' title='bbox 2071 5473 2171 5514; x_wconf 88' lang='lat' dir='ltr'><strong>ne-</strong></span> 
     </span>
    </p>
   </div>
   <div class='ocr_carea' id='block_1_100' title="bbox 590 5547 2171 5620">
    <p class='ocr_par' dir='ltr' id='par_1_100' title="bbox 590 5547 2171 5620">
     <span class='ocr_line' id='line_1_100' title="bbox 590 5547 2171 5620; baseline 0.006 -26"><span class='ocrx_word' id='word_1_712' title='bbox 590 5559 859 5615; x_wconf 74' lang='lat' dir='ltr'><strong>quaquam</strong></span> <span class='ocrx_word' id='word_1_713' title='bbox 898 5547 945 5600; x_wconf 87' lang='lat' dir='ltr'><strong>ei</strong></span> <span class='ocrx_word' id='word_1_714' title='bbox 985 5555 1193 5603; x_wconf 90' lang='lat' dir='ltr'><strong>tantum</strong></span> <span class='ocrx_word' id='word_1_715' title='bbox 1245 5550 1503 5618; x_wconf 87' lang='lat' dir='ltr'><strong>prodesse</strong></span> <span class='ocrx_word' id='word_1_716' title='bbox 1557 5551 1821 5619; x_wconf 81' lang='lat' dir='ltr'><strong>powisset</strong></span> <span class='ocrx_word' id='word_1_717' title='bbox 1869 5551 2171 5620; x_wconf 86' lang='lat' dir='ltr'><strong>obsequio,</strong></span> 
     </span>
    </p>
   </div>
   <div class='ocr_carea' id='block_1_101' title="bbox 575 5639 2176 5711">
    <p class='ocr_par' dir='ltr' id='par_1_101' title="bbox 575 5639 2176 5711">
     <span class='ocr_line' id='line_1_101' title="bbox 575 5639 2176 5711; baseline 0.002 -19"><span class='ocrx_word' id='word_1_718' title='bbox 575 5639 847 5708; x_wconf 77' lang='lat' dir='ltr'><strong>quantum</strong></span> <span class='ocrx_word' id='word_1_719' title='bbox 877 5639 1084 5710; x_wconf 89' lang='lat' dir='ltr'><strong>profuit</strong></span> <span class='ocrx_word' id='word_1_720' title='bbox 1103 5641 1300 5711; x_wconf 88' lang='lat' dir='ltr'><strong>gladio.</strong></span> <span class='ocrx_word' id='word_1_721' title='bbox 1326 5642 1463 5697; x_wconf 84' lang='lat' dir='ltr'><strong>Nam</strong></span> <span class='ocrx_word' id='word_1_722' title='bbox 1491 5644 1633 5698; x_wconf 91' lang='lat' dir='ltr'><strong>sicut</strong></span> <span class='ocrx_word' id='word_1_723' title='bbox 1663 5644 2021 5697; x_wconf 89' lang='lat' dir='ltr'><strong>sacratissimi</strong></span> <span class='ocrx_word' id='word_1_724' title='bbox 2046 5657 2176 5709; x_wconf 70' lang='lat' dir='ltr'><strong>prae-</strong></span> 
     </span>
    </p>
   </div>
   <div class='ocr_carea' id='block_1_102' title="bbox 590 5730 2172 5808">
    <p class='ocr_par' dir='ltr' id='par_1_102' title="bbox 590 5730 2172 5808">
     <span class='ocr_line' id='line_1_102' title="bbox 590 5730 2172 5808; baseline 0.004 -24"><span class='ocrx_word' id='word_1_725' title='bbox 590 5731 763 5786; x_wconf 88' lang='lat' dir='ltr'><strong>sentis</strong></span> <span class='ocrx_word' id='word_1_726' title='bbox 799 5730 908 5786; x_wconf 88' lang='lat' dir='ltr'><strong>diei</strong></span> <span class='ocrx_word' id='word_1_727' title='bbox 948 5734 1295 5789; x_wconf 80' lang='lat' dir='ltr'><strong>manifestam</strong></span> <span class='ocrx_word' id='word_1_728' title='bbox 1331 5734 1492 5802; x_wconf 81' lang='lat' dir='ltr'><strong>festa,</strong></span> <span class='ocrx_word' id='word_1_729' title='bbox 1530 5746 1791 5808; x_wconf 90' lang='lat' dir='ltr'><strong>quantum</strong></span> <span class='ocrx_word' id='word_1_730' title='bbox 1827 5742 2014 5790; x_wconf 86' lang='lat' dir='ltr'><strong>contra</strong></span> <span class='ocrx_word' id='word_1_731' title='bbox 2053 5749 2172 5790; x_wconf 90' lang='lat' dir='ltr'><strong>eam</strong></span> 
     </span>
    </p>
   </div>
   <div class='ocr_carea' id='block_1_103' title="bbox 591 5821 2173 5897">
    <p class='ocr_par' dir='ltr' id='par_1_103' title="bbox 591 5821 2173 5897">
     <span class='ocr_line' id='line_1_103' title="bbox 591 5821 2173 5897; baseline 0.006 -22"><span class='ocrx_word' id='word_1_732' title='bbox 591 5822 850 5889; x_wconf 84' lang='lat' dir='ltr'><strong>iniquitas</strong></span> <span class='ocrx_word' id='word_1_733' title='bbox 888 5821 1221 5888; x_wconf 89' lang='lat' dir='ltr'><strong>abundavit,</strong></span> <span class='ocrx_word' id='word_1_734' title='bbox 1270 5832 1479 5880; x_wconf 91' lang='lat' dir='ltr'><strong>tantum</strong></span> <span class='ocrx_word' id='word_1_735' title='bbox 1521 5829 1575 5881; x_wconf 92' lang='lat' dir='ltr'><strong>in</strong></span> <span class='ocrx_word' id='word_1_736' title='bbox 1614 5843 1675 5882; x_wconf 91' lang='lat' dir='ltr'><strong>ea</strong></span> <span class='ocrx_word' id='word_1_737' title='bbox 1714 5827 1899 5897; x_wconf 74' lang='lat' dir='ltr'><strong>gratia:</strong></span> <span class='ocrx_word' id='word_1_738' title='bbox 1941 5839 2079 5881; x_wconf 91' lang='lat' dir='ltr'><strong>nunc</strong></span> <span class='ocrx_word' id='word_1_739' title='bbox 2118 5839 2173 5884; x_wconf 91' lang='lat' dir='ltr'><strong>et</strong></span> 
     </span>
    </p>
   </div>
   <div class='ocr_carea' id='block_1_104' title="bbox 592 5907 2172 5987">
    <p class='ocr_par' dir='ltr' id='par_1_104' title="bbox 592 5907 2172 5987">
     <span class='ocr_line' id='line_1_104' title="bbox 592 5907 2172 5987; baseline 0.005 -20"><span class='ocrx_word' id='word_1_740' title='bbox 592 5907 985 5970; x_wconf 77' lang='lat' dir='ltr'><strong>benedictionis</strong></span> <span class='ocrx_word' id='word_1_741' title='bbox 1031 5917 1310 5971; x_wconf 77' lang='lat' dir='ltr'><strong>exuberat.</strong></span> <span class='ocrx_word' id='word_1_742' title='bbox 1359 5917 1614 5987; x_wconf 80' lang='lat' dir='ltr'><strong>Legimus</strong></span> <span class='ocrx_word' id='word_1_743' title='bbox 1668 5920 1725 5973; x_wconf 90' lang='lat' dir='ltr'><strong>in</strong></span> <span class='ocrx_word' id='word_1_744' title='bbox 1779 5919 2056 5974; x_wconf 87' lang='lat' dir='ltr'><strong>Bethleem</strong></span> <span class='ocrx_word' id='word_1_745' title='bbox 2105 5920 2172 5976; x_wconf 88' lang='lat' dir='ltr'><strong>ab</strong></span> 
     </span>
    </p>
   </div>
   <div class='ocr_carea' id='block_1_105' title="bbox 2280 4805 3862 4886">
    <p class='ocr_par' dir='ltr' id='par_1_105' title="bbox 2280 4805 3862 4886">
     <span class='ocr_line' id='line_1_105' title="bbox 2280 4805 3862 4886; baseline -0.003 -14"><span class='ocrx_word' id='word_1_746' title='bbox 2280 4817 2460 4872; x_wconf 89' lang='lat' dir='ltr'><strong>divina</strong></span> <span class='ocrx_word' id='word_1_747' title='bbox 2513 4815 2855 4886; x_wconf 87' lang='lat' dir='ltr'><strong>providentia</strong></span> <span class='ocrx_word' id='word_1_748' title='bbox 2883 4856 2899 4880; x_wconf 92' lang='lat'><strong>,</strong></span> <span class='ocrx_word' id='word_1_749' title='bbox 2951 4823 3009 4868; x_wconf 87' lang='lat' dir='ltr'><strong>ut</strong></span> <span class='ocrx_word' id='word_1_750' title='bbox 3059 4813 3111 4868; x_wconf 95' lang='lat' dir='ltr'><strong>in</strong></span> <span class='ocrx_word' id='word_1_751' title='bbox 3159 4815 3322 4867; x_wconf 89' lang='lat' dir='ltr'><strong>tantis</strong></span> <span class='ocrx_word' id='word_1_752' title='bbox 3367 4815 3556 4882; x_wconf 73' lang='lat' dir='ltr'><strong>patriae</strong></span> <span class='ocrx_word' id='word_1_753' title='bbox 3588 4805 3862 4868; x_wconf 78' lang='lat' dir='ltr'><strong>sacriﬁciis</strong></span> 
     </span>
    </p>
   </div>
   <div class='ocr_carea' id='block_1_106' title="bbox 2277 4905 3861 4980">
    <p class='ocr_par' dir='ltr' id='par_1_106' title="bbox 2277 4905 3861 4980">
     <span class='ocr_line' id='line_1_106' title="bbox 2277 4905 3861 4980; baseline -0.004 -15"><span class='ocrx_word' id='word_1_754' title='bbox 2277 4911 2441 4966; x_wconf 89' lang='lat' dir='ltr'><strong>etiam</strong></span> <span class='ocrx_word' id='word_1_755' title='bbox 2472 4908 2716 4980; x_wconf 84' lang='lat' dir='ltr'><strong>pontifex</strong></span> <span class='ocrx_word' id='word_1_756' title='bbox 2743 4923 2852 4963; x_wconf 92' lang='lat' dir='ltr'><strong>non</strong></span> <span class='ocrx_word' id='word_1_757' title='bbox 2875 4907 3114 4963; x_wconf 89' lang='lat' dir='ltr'><strong>deesset.</strong></span> <span class='ocrx_word' id='word_1_758' title='bbox 3143 4905 3370 4977; x_wconf 81' lang='lat' dir='ltr'><strong>Rapitur</strong></span> <span class='ocrx_word' id='word_1_759' title='bbox 3393 4905 3458 4961; x_wconf 89' lang='lat' dir='ltr'><strong>ad</strong></span> <span class='ocrx_word' id='word_1_760' title='bbox 3485 4906 3861 4976; x_wconf 67' lang='lat' dir='ltr'><strong>impiam&#39;qua-</strong></span> 
     </span>
    </p>
   </div>
   <div class='ocr_carea' id='block_1_107' title="bbox 2277 4997 3861 5070">
    <p class='ocr_par' dir='ltr' id='par_1_107' title="bbox 2277 4997 3861 5070">
     <span class='ocr_line' id='line_1_107' title="bbox 2277 4997 3861 5070; baseline -0.005 -13"><span class='ocrx_word' id='word_1_761' title='bbox 2277 5004 2510 5057; x_wconf 90' lang='lat' dir='ltr'><strong>stionem</strong></span> <span class='ocrx_word' id='word_1_762' title='bbox 2550 5001 2870 5070; x_wconf 72' lang='lat' dir='ltr'><strong>grandzevus</strong></span> <span class='ocrx_word' id='word_1_763' title='bbox 2912 5010 2966 5054; x_wconf 91' lang='lat' dir='ltr'><strong>et</strong></span> <span class='ocrx_word' id='word_1_764' title='bbox 3007 5000 3202 5070; x_wconf 86' lang='lat' dir='ltr'><strong>plenus</strong></span> <span class='ocrx_word' id='word_1_765' title='bbox 3227 4999 3436 5054; x_wconf 89' lang='lat' dir='ltr'><strong>dierum</strong></span> <span class='ocrx_word' id='word_1_766' title='bbox 3485 4998 3680 5053; x_wconf 85' lang='lat' dir='ltr'><strong>beatus</strong></span> <span class='ocrx_word' id='word_1_767' title='bbox 3711 4997 3861 5052; x_wconf 83' lang='lat' dir='ltr'><strong>Pater</strong></span> 
     </span>
    </p>
   </div>
   <div class='ocr_carea' id='block_1_108' title="bbox 2279 5091 3858 5160">
    <p class='ocr_par' dir='ltr' id='par_1_108' title="bbox 2279 5091 3858 5160">
     <span class='ocr_line' id='line_1_108' title="bbox 2279 5091 3858 5160; baseline -0.003 -12"><span class='ocrx_word' id='word_1_768' title='bbox 2279 5103 2464 5149; x_wconf 90' lang='lat' dir='ltr'><strong>noster</strong></span> <span class='ocrx_word' id='word_1_769' title='bbox 2493 5092 2726 5147; x_wconf 81' lang='lat' dir='ltr'><strong>Fucinus</strong></span> <span class='ocrx_word' id='word_1_770' title='bbox 2755 5091 3011 5147; x_wconf 68' lang='lat' dir='ltr'><strong>Ecclesia:</strong></span> <span class='ocrx_word' id='word_1_771' title='bbox 3050 5091 3212 5160; x_wconf 85' lang='lat' dir='ltr'><strong>hujus</strong></span> <span class='ocrx_word' id='word_1_772' title='bbox 3244 5091 3496 5156; x_wconf 87' lang='lat' dir='ltr'><strong>antistes,</strong></span> <span class='ocrx_word' id='word_1_773' title='bbox 3532 5099 3591 5146; x_wconf 88' lang='lat' dir='ltr'><strong>et</strong></span> <span class='ocrx_word' id='word_1_774' title='bbox 3619 5093 3716 5160; x_wconf 84' lang='lat' dir='ltr'><strong>pro</strong></span> <span class='ocrx_word' id='word_1_775' title='bbox 3737 5103 3858 5144; x_wconf 87' lang='lat' dir='ltr'><strong>eru-</strong></span> 
     </span>
    </p>
   </div>
   <div class='ocr_carea' id='block_1_109' title="bbox 2281 5179 3855 5253">
    <p class='ocr_par' dir='ltr' id='par_1_109' title="bbox 2281 5179 3855 5253">
     <span class='ocr_line' id='line_1_109' title="bbox 2281 5179 3855 5253; baseline -0.004 -13"><span class='ocrx_word' id='word_1_776' title='bbox 2281 5183 2520 5250; x_wconf 88' lang='lat' dir='ltr'><strong>ditionis,</strong></span> <span class='ocrx_word' id='word_1_777' title='bbox 2575 5195 2634 5238; x_wconf 92' lang='lat' dir='ltr'><strong>ut</strong></span> <span class='ocrx_word' id='word_1_778' title='bbox 2681 5183 2976 5250; x_wconf 88' lang='lat' dir='ltr'><strong>credimus,</strong></span> <span class='ocrx_word' id='word_1_779' title='bbox 3028 5185 3225 5237; x_wconf 91' lang='lat' dir='ltr'><strong>merito</strong></span> <span class='ocrx_word' id='word_1_780' title='bbox 3274 5182 3428 5252; x_wconf 88' lang='lat' dir='ltr'><strong>gregi</strong></span> <span class='ocrx_word' id='word_1_781' title='bbox 3465 5195 3566 5236; x_wconf 85' lang='lat' dir='ltr'><strong>suo</strong></span> <span class='ocrx_word' id='word_1_782' title='bbox 3590 5179 3855 5253; x_wconf 79' lang='lat' dir='ltr'><strong>jungitur;</strong></span> 
     </span>
    </p>
   </div>
   <div class='ocr_carea' id='block_1_110' title="bbox 2281 5272 3858 5348">
    <p class='ocr_par' dir='ltr' id='par_1_110' title="bbox 2281 5272 3858 5348">
     <span class='ocr_line' id='line_1_110' title="bbox 2281 5272 3858 5348; baseline -0.004 -16"><span class='ocrx_word' id='word_1_783' title='bbox 2281 5294 2342 5334; x_wconf 92' lang='lat' dir='ltr'><strong>ac</strong></span> <span class='ocrx_word' id='word_1_784' title='bbox 2371 5288 2488 5348; x_wconf 90' lang='lat' dir='ltr'><strong>post</strong></span> <span class='ocrx_word' id='word_1_785' title='bbox 2518 5277 2784 5332; x_wconf 88' lang='lat' dir='ltr'><strong>Dominici</strong></span> <span class='ocrx_word' id='word_1_786' title='bbox 2823 5276 3070 5347; x_wconf 86' lang='lat' dir='ltr'><strong>corporis</strong></span> <span class='ocrx_word' id='word_1_787' title='bbox 3107 5275 3457 5341; x_wconf 74' lang='lat' dir='ltr'><strong>sacrificium,</strong></span> <span class='ocrx_word' id='word_1_788' title='bbox 3503 5274 3737 5344; x_wconf 85' lang='lat' dir='ltr'><strong>profanis</strong></span> <span class='ocrx_word' id='word_1_789' title='bbox 3765 5272 3858 5326; x_wconf 58' lang='lat' dir='ltr'><strong>tri.</strong></span> 
     </span>
    </p>
   </div>
   <div class='ocr_carea' id='block_1_111' title="bbox 2280 5365 3855 5425">
    <p class='ocr_par' dir='ltr' id='par_1_111' title="bbox 2280 5365 3855 5425">
     <span class='ocr_line' id='line_1_111' title="bbox 2280 5365 3855 5425; baseline -0.003 0"><span class='ocrx_word' id='word_1_790' title='bbox 2280 5371 2566 5425; x_wconf 89' lang='lat' dir='ltr'><strong>bunalibus</strong></span> <span class='ocrx_word' id='word_1_791' title='bbox 2617 5383 2809 5422; x_wconf 87' lang='lat' dir='ltr'><strong>novam</strong></span> <span class='ocrx_word' id='word_1_792' title='bbox 2861 5368 2930 5423; x_wconf 90' lang='lat' dir='ltr'><strong>de</strong></span> <span class='ocrx_word' id='word_1_793' title='bbox 2977 5383 3036 5422; x_wconf 90' lang='lat' dir='ltr'><strong>se</strong></span> <span class='ocrx_word' id='word_1_794' title='bbox 3073 5368 3304 5422; x_wconf 86' lang='lat' dir='ltr'><strong>hostiam</strong></span> <span class='ocrx_word' id='word_1_795' title='bbox 3336 5365 3554 5422; x_wconf 83' lang='lat' dir='ltr'><strong>Christo</strong></span> <span class='ocrx_word' id='word_1_796' title='bbox 3591 5366 3855 5421; x_wconf 83' lang='lat' dir='ltr'><strong>oblaturus</strong></span> 
     </span>
    </p>
   </div>
   <div class='ocr_carea' id='block_1_112' title="bbox 2277 5454 3852 5527">
    <p class='ocr_par' dir='ltr' id='par_1_112' title="bbox 2277 5454 3852 5527">
     <span class='ocr_line' id='line_1_112' title="bbox 2277 5454 3852 5527; baseline -0.004 -14"><span class='ocrx_word' id='word_1_797' title='bbox 2277 5458 2530 5514; x_wconf 90' lang='lat' dir='ltr'><strong>infertur.</strong></span> <span class='ocrx_word' id='word_1_798' title='bbox 2585 5459 2784 5512; x_wconf 88' lang='lat' dir='ltr'><strong>Senilis</strong></span> <span class='ocrx_word' id='word_1_799' title='bbox 2831 5458 3117 5512; x_wconf 79' lang='lat' dir='ltr'><strong>infirmitas</strong></span> <span class='ocrx_word' id='word_1_800' title='bbox 3144 5472 3243 5527; x_wconf 90' lang='lat' dir='ltr'><strong>per</strong></span> <span class='ocrx_word' id='word_1_801' title='bbox 3272 5457 3498 5526; x_wconf 86' lang='lat' dir='ltr'><strong>injurias</strong></span> <span class='ocrx_word' id='word_1_802' title='bbox 3525 5462 3582 5510; x_wconf 90' lang='lat' dir='ltr'><strong>et</strong></span> <span class='ocrx_word' id='word_1_803' title='bbox 3619 5454 3852 5510; x_wconf 75' lang='lat' dir='ltr'><strong>afﬂictio-</strong></span> 
     </span>
    </p>
   </div>
   <div class='ocr_carea' id='block_1_113' title="bbox 2279 5546 3853 5608">
    <p class='ocr_par' dir='ltr' id='par_1_113' title="bbox 2279 5546 3853 5608">
     <span class='ocr_line' id='line_1_113' title="bbox 2279 5546 3853 5608; baseline -0.003 -2"><span class='ocrx_word' id='word_1_804' title='bbox 2279 5565 2376 5606; x_wconf 87' lang='lat' dir='ltr'><strong>nes</strong></span> <span class='ocrx_word' id='word_1_805' title='bbox 2407 5552 2695 5605; x_wconf 87' lang='lat' dir='ltr'><strong>furentium</strong></span> <span class='ocrx_word' id='word_1_806' title='bbox 2733 5551 3101 5604; x_wconf 86' lang='lat' dir='ltr'><strong>ministrorum</strong></span> <span class='ocrx_word' id='word_1_807' title='bbox 3128 5551 3201 5604; x_wconf 88' lang='lat' dir='ltr'><strong>ita</strong></span> <span class='ocrx_word' id='word_1_808' title='bbox 3233 5551 3466 5605; x_wconf 89' lang='lat' dir='ltr'><strong>celerem</strong></span> <span class='ocrx_word' id='word_1_809' title='bbox 3499 5547 3720 5608; x_wconf 84' lang='lat' dir='ltr'><strong>sortitur</strong></span> <span class='ocrx_word' id='word_1_810' title='bbox 3744 5546 3853 5601; x_wconf 79' lang='lat' dir='ltr'><strong>exi-</strong></span> 
     </span>
    </p>
   </div>
   <div class='ocr_carea' id='block_1_114' title="bbox 2279 5641 3851 5712">
    <p class='ocr_par' dir='ltr' id='par_1_114' title="bbox 2279 5641 3851 5712">
     <span class='ocr_line' id='line_1_114' title="bbox 2279 5641 3851 5712; baseline -0.003 -15"><span class='ocrx_word' id='word_1_811' title='bbox 2279 5652 2412 5710; x_wconf 92' lang='lat' dir='ltr'><strong>tum,</strong></span> <span class='ocrx_word' id='word_1_812' title='bbox 2445 5653 2503 5696; x_wconf 90' lang='lat' dir='ltr'><strong>ut</strong></span> <span class='ocrx_word' id='word_1_813' title='bbox 2537 5657 2660 5697; x_wconf 86' lang='lat' dir='ltr'><strong>eum</strong></span> <span class='ocrx_word' id='word_1_814' title='bbox 2700 5642 3026 5710; x_wconf 62' lang='lat' dir='ltr'><strong>intelligere;</strong></span> <span class='ocrx_word' id='word_1_815' title='bbox 3066 5642 3132 5696; x_wconf 88' lang='lat' dir='ltr'><strong>ad</strong></span> <span class='ocrx_word' id='word_1_816' title='bbox 3164 5651 3378 5712; x_wconf 90' lang='lat' dir='ltr'><strong>tempus</strong></span> <span class='ocrx_word' id='word_1_817' title='bbox 3410 5641 3541 5697; x_wconf 94' lang='lat' dir='ltr'><strong>illud</strong></span> <span class='ocrx_word' id='word_1_818' title='bbox 3583 5641 3681 5697; x_wconf 88' lang='lat' dir='ltr'><strong>soli</strong></span> <span class='ocrx_word' id='word_1_819' title='bbox 3713 5653 3851 5694; x_wconf 87' lang='lat' dir='ltr'><strong>mar-</strong></span> 
     </span>
    </p>
   </div>
   <div class='ocr_carea' id='block_1_115' title="bbox 2279 5732 3848 5805">
    <p class='ocr_par' dir='ltr' id='par_1_115' title="bbox 2279 5732 3848 5805">
     <span class='ocr_line' id='line_1_115' title="bbox 2279 5732 3848 5805; baseline -0.004 -15"><span class='ocrx_word' id='word_1_820' title='bbox 2279 5737 2418 5805; x_wconf 87' lang='lat' dir='ltr'><strong>tyrio</strong></span> <span class='ocrx_word' id='word_1_821' title='bbox 2447 5745 2804 5790; x_wconf 84' lang='lat' dir='ltr'><strong>reservatum.</strong></span> <span class='ocrx_word' id='word_1_822' title='bbox 2834 5732 2985 5788; x_wconf 82' lang='lat' dir='ltr'><strong>Felix</strong></span> <span class='ocrx_word' id='word_1_823' title='bbox 3013 5737 3096 5788; x_wconf 91' lang='lat' dir='ltr'><strong>cui</strong></span> <span class='ocrx_word' id='word_1_824' title='bbox 3130 5735 3182 5789; x_wconf 92' lang='lat' dir='ltr'><strong>in</strong></span> <span class='ocrx_word' id='word_1_825' title='bbox 3215 5736 3333 5804; x_wconf 92' lang='lat' dir='ltr'><strong>ipso</strong></span> <span class='ocrx_word' id='word_1_826' title='bbox 3360 5736 3487 5790; x_wconf 81' lang='lat' dir='ltr'><strong>vitae</strong></span> <span class='ocrx_word' id='word_1_827' title='bbox 3518 5734 3700 5790; x_wconf 90' lang='lat' dir='ltr'><strong>limine</strong></span> <span class='ocrx_word' id='word_1_828' title='bbox 3723 5746 3848 5787; x_wconf 83' lang='lat' dir='ltr'><strong>eon-</strong></span> 
     </span>
    </p>
   </div>
   <div class='ocr_carea' id='block_1_116' title="bbox 2279 5825 3850 5899">
    <p class='ocr_par' dir='ltr' id='par_1_116' title="bbox 2279 5825 3850 5899">
     <span class='ocr_line' id='line_1_116' title="bbox 2279 5825 3850 5899; baseline -0.002 -17"><span class='ocrx_word' id='word_1_829' title='bbox 2279 5830 2486 5892; x_wconf 85' lang='lat' dir='ltr'><strong>stituto,</strong></span> <span class='ocrx_word' id='word_1_830' title='bbox 2521 5829 2682 5882; x_wconf 77' lang='lat' dir='ltr'><strong>tinent</strong></span> <span class='ocrx_word' id='word_1_831' title='bbox 2717 5844 2867 5881; x_wconf 88' lang='lat' dir='ltr'><strong>suum</strong></span> <span class='ocrx_word' id='word_1_832' title='bbox 2900 5843 3008 5881; x_wconf 92' lang='lat' dir='ltr'><strong>non</strong></span> <span class='ocrx_word' id='word_1_833' title='bbox 3038 5839 3142 5880; x_wconf 90' lang='lat' dir='ltr'><strong>tam</strong></span> <span class='ocrx_word' id='word_1_834' title='bbox 3178 5839 3382 5883; x_wconf 65' lang='lat' dir='ltr'><strong>natura</strong></span> <span class='ocrx_word' id='word_1_835' title='bbox 3413 5830 3637 5899; x_wconf 88' lang='lat' dir='ltr'><strong>contigit</strong></span> <span class='ocrx_word' id='word_1_836' title='bbox 3663 5825 3850 5881; x_wconf 73' lang='lat' dir='ltr'><strong>debere</strong></span> 
     </span>
    </p>
   </div>
   <div class='ocr_carea' id='block_1_117' title="bbox 2279 5917 3847 5990">
    <p class='ocr_par' dir='ltr' id='par_1_117' title="bbox 2279 5917 3847 5990">
     <span class='ocr_line' id='line_1_117' title="bbox 2279 5917 3847 5990; baseline -0.001 -17"><span class='ocrx_word' id='word_1_837' title='bbox 2279 5936 2438 5990; x_wconf 85' lang='lat' dir='ltr'><strong>quam</strong></span> <span class='ocrx_word' id='word_1_838' title='bbox 2485 5921 2695 5990; x_wconf 74' lang='lat' dir='ltr'><strong>gloriae.</strong></span> <span class='ocrx_word' id='word_1_839' title='bbox 2725 5920 3159 5974; x_wconf 89' lang='lat' dir='ltr'><strong>Corroborantur</strong></span> <span class='ocrx_word' id='word_1_840' title='bbox 3210 5922 3298 5974; x_wconf 88' lang='lat' dir='ltr'><strong>hic</strong></span> <span class='ocrx_word' id='word_1_841' title='bbox 3347 5923 3449 5990; x_wconf 72' lang='lat' dir='ltr'><strong>piae</strong></span> <span class='ocrx_word' id='word_1_842' title='bbox 3492 5930 3694 5977; x_wconf 86' lang='lat' dir='ltr'><strong>mentes</strong></span> <span class='ocrx_word' id='word_1_843' title='bbox 3721 5917 3847 5974; x_wconf 79' lang='lat' dir='ltr'><strong>tanti</strong></span> 
     </span>
    </p>
   </div>
  </div>
