  <div class='ocr_page' id='page_1' title='image "/cluster/home/n/w/nwhite01/storage/ocr_20150623/50/hvd.32044015471550/434.png"; bbox 0 0 4024 6336; ppageno 0'>
   <div class='ocr_carea' id='block_1_1' title="bbox 1574 336 1895 400">
    <p class='ocr_par' dir='ltr' id='par_1_1' title="bbox 1574 336 1895 400">
     <span class='ocr_line' id='line_1_1' title="bbox 1574 336 1895 400; baseline 0.022 -8"><span class='ocrx_word' id='word_1_1' title='bbox 1574 336 1895 400; x_wconf 67' lang='lat' dir='ltr'><strong>HOMILIE.</strong></span> 
     </span>
    </p>
   </div>
   <div class='ocr_carea' id='block_1_2' title="bbox 3318 343 3424 402">
    <p class='ocr_par' dir='ltr' id='par_1_2' title="bbox 3318 343 3424 402">
     <span class='ocr_line' id='line_1_2' title="bbox 3318 343 3424 402; baseline -0.028 0"><span class='ocrx_word' id='word_1_2' title='bbox 3318 343 3424 402; x_wconf 78' lang='lat'><strong>862</strong></span> 
     </span>
    </p>
   </div>
   <div class='ocr_carea' id='block_1_3' title="bbox 136 445 3425 528">
    <p class='ocr_par' dir='ltr' id='par_1_3' title="bbox 136 445 3425 528">
     <span class='ocr_line' id='line_1_3' title="bbox 136 445 3425 528; baseline 0.003 -24"><span class='ocrx_word' id='word_1_3' title='bbox 136 447 385 519; x_wconf 83' lang='lat' dir='ltr'><strong>parentis</strong></span> <span class='ocrx_word' id='word_1_4' title='bbox 411 445 698 518; x_wconf 78' lang='lat' dir='ltr'><strong>exemplo,</strong></span> <span class='ocrx_word' id='word_1_5' title='bbox 731 455 785 503; x_wconf 92' lang='lat' dir='ltr'><strong>et</strong></span> <span class='ocrx_word' id='word_1_6' title='bbox 824 455 1006 517; x_wconf 90' lang='lat' dir='ltr'><strong>parata</strong></span> <span class='ocrx_word' id='word_1_7' title='bbox 1046 447 1307 518; x_wconf 86' lang='lat' dir='ltr'><strong>supplicia</strong></span> <span class='ocrx_word' id='word_1_8' title='bbox 1343 461 1449 502; x_wconf 92' lang='lat' dir='ltr'><strong>non</strong></span> <span class='ocrx_word' id='word_1_9' title='bbox 1485 456 1595 502; x_wconf 88' lang='lat' dir='ltr'><strong>tam</strong></span> <span class='ocrx_word' id='word_1_10' title='bbox 1635 464 1732 503; x_wconf 81' lang='lat' dir='ltr'><strong>ex-</strong></span> <span class='ocrx_word' id='word_1_11' title='bbox 1765 453 1819 510; x_wconf 77' lang='grc' dir='ltr'>Α</span> <span class='ocrx_word' id='word_1_12' title='bbox 1843 453 2055 522; x_wconf 80' lang='lat' dir='ltr'><strong>palmas</strong></span> <span class='ocrx_word' id='word_1_13' title='bbox 2093 465 2488 528; x_wconf 83' lang='lat' dir='ltr'><strong>extraneasque</strong></span> <span class='ocrx_word' id='word_1_14' title='bbox 2522 456 2776 513; x_wconf 86' lang='lat' dir='ltr'><strong>victorias</strong></span> <span class='ocrx_word' id='word_1_15' title='bbox 2825 464 2884 514; x_wconf 87' lang='lat' dir='ltr'><strong>et</strong></span> <span class='ocrx_word' id='word_1_16' title='bbox 2909 471 3140 514; x_wconf 80' lang='lat' dir='ltr'><strong>coronas</strong></span> <span class='ocrx_word' id='word_1_17' title='bbox 3164 471 3228 515; x_wconf 85' lang='lat' dir='ltr'><strong>ac</strong></span> <span class='ocrx_word' id='word_1_18' title='bbox 3248 465 3425 514; x_wconf 88' lang='lat' dir='ltr'><strong>trans-</strong></span> 
     </span>
    </p>
   </div>
   <div class='ocr_carea' id='block_1_4' title="bbox 136 537 1735 613">
    <p class='ocr_par' dir='ltr' id='par_1_4' title="bbox 136 537 1735 613">
     <span class='ocr_line' id='line_1_4' title="bbox 136 537 1735 613; baseline -0.002 -16"><span class='ocrx_word' id='word_1_19' title='bbox 136 543 353 613; x_wconf 90' lang='lat' dir='ltr'><strong>cipiunt</strong></span> <span class='ocrx_word' id='word_1_20' title='bbox 380 552 540 611; x_wconf 91' lang='lat' dir='ltr'><strong>quam</strong></span> <span class='ocrx_word' id='word_1_21' title='bbox 567 538 854 595; x_wconf 81' lang='lat' dir='ltr'><strong>invadunt.</strong></span> <span class='ocrx_word' id='word_1_22' title='bbox 881 537 1106 596; x_wconf 87' lang='lat' dir='ltr'><strong>Diversa</strong></span> <span class='ocrx_word' id='word_1_23' title='bbox 1136 539 1471 595; x_wconf 72' lang='lat' dir='ltr'><strong>multimodae</strong></span> <span class='ocrx_word' id='word_1_24' title='bbox 1500 539 1735 596; x_wconf 80' lang='lat' dir='ltr'><strong>credeti-</strong></span> 
     </span>
    </p>
   </div>
   <div class='ocr_carea' id='block_1_5' title="bbox 141 635 1739 706">
    <p class='ocr_par' dir='ltr' id='par_1_5' title="bbox 141 635 1739 706">
     <span class='ocr_line' id='line_1_5' title="bbox 141 635 1739 706; baseline 0 -16"><span class='ocrx_word' id='word_1_25' title='bbox 141 636 273 691; x_wconf 88' lang='lat' dir='ltr'><strong>tatis</strong></span> <span class='ocrx_word' id='word_1_26' title='bbox 307 636 542 706; x_wconf 90' lang='lat' dir='ltr'><strong>ingenia,</strong></span> <span class='ocrx_word' id='word_1_27' title='bbox 583 649 860 705; x_wconf 89' lang='lat' dir='ltr'><strong>novosque</strong></span> <span class='ocrx_word' id='word_1_28' title='bbox 904 635 1173 691; x_wconf 85' lang='lat' dir='ltr'><strong>cruciatus</strong></span> <span class='ocrx_word' id='word_1_29' title='bbox 1213 636 1267 690; x_wconf 93' lang='lat' dir='ltr'><strong>in</strong></span> <span class='ocrx_word' id='word_1_30' title='bbox 1312 641 1486 691; x_wconf 87' lang='lat' dir='ltr'><strong>semet</strong></span> <span class='ocrx_word' id='word_1_31' title='bbox 1524 645 1739 690; x_wconf 87' lang='lat' dir='ltr'><strong>sancto-</strong></span> 
     </span>
    </p>
   </div>
   <div class='ocr_carea' id='block_1_6' title="bbox 140 723 1735 799">
    <p class='ocr_par' dir='ltr' id='par_1_6' title="bbox 140 723 1735 799">
     <span class='ocr_line' id='line_1_6' title="bbox 140 723 1735 799; baseline 0 -15"><span class='ocrx_word' id='word_1_32' title='bbox 140 743 268 784; x_wconf 86' lang='lat' dir='ltr'><strong>rum</strong></span> <span class='ocrx_word' id='word_1_33' title='bbox 319 733 539 799; x_wconf 75' lang='lat' dir='ltr'><strong>pectora</strong></span> <span class='ocrx_word' id='word_1_34' title='bbox 583 723 780 784; x_wconf 88' lang='lat' dir='ltr'><strong>invicta</strong></span> <span class='ocrx_word' id='word_1_35' title='bbox 829 733 1184 796; x_wconf 90' lang='lat' dir='ltr'><strong>consumunt,</strong></span> <span class='ocrx_word' id='word_1_36' title='bbox 1237 735 1293 786; x_wconf 89' lang='lat' dir='ltr'><strong>et</strong></span> <span class='ocrx_word' id='word_1_37' title='bbox 1337 729 1735 785; x_wconf 87' lang='lat' dir='ltr'><strong>intolerandum</strong></span> 
     </span>
    </p>
   </div>
   <div class='ocr_carea' id='block_1_7' title="bbox 141 817 1739 889">
    <p class='ocr_par' dir='ltr' id='par_1_7' title="bbox 141 817 1739 889">
     <span class='ocr_line' id='line_1_7' title="bbox 141 817 1739 889; baseline 0.001 -15"><span class='ocrx_word' id='word_1_38' title='bbox 141 817 363 889; x_wconf 85' lang='lat' dir='ltr'><strong>pond‘u&#39;s</strong></span> <span class='ocrx_word' id='word_1_39' title='bbox 392 819 653 875; x_wconf 80' lang='lat' dir='ltr'><strong>malorum</strong></span> <span class='ocrx_word' id='word_1_40' title='bbox 681 820 1082 877; x_wconf 80' lang='lat' dir='ltr'><strong>contemnendo</strong></span> <span class='ocrx_word' id='word_1_41' title='bbox 1103 825 1354 887; x_wconf 80' lang='lat' dir='ltr'><strong>vincunt,</strong></span> <span class='ocrx_word' id='word_1_42' title='bbox 1374 830 1429 876; x_wconf 89' lang='lat' dir='ltr'><strong>et</strong></span> <span class='ocrx_word' id='word_1_43' title='bbox 1455 819 1739 876; x_wconf 72' lang='lat' dir='ltr'><strong>sentiendo</strong></span> 
     </span>
    </p>
   </div>
   <div class='ocr_carea' id='block_1_8' title="bbox 139 909 1736 983">
    <p class='ocr_par' dir='ltr' id='par_1_8' title="bbox 139 909 1736 983">
     <span class='ocr_line' id='line_1_8' title="bbox 139 909 1736 983; baseline -0.002 -15"><span class='ocrx_word' id='word_1_44' title='bbox 139 909 398 968; x_wconf 80' lang='lat' dir='ltr'><strong>obtinent</strong></span> <span class='ocrx_word' id='word_1_45' title='bbox 426 919 486 966; x_wconf 94' lang='lat' dir='ltr'><strong>ut</strong></span> <span class='ocrx_word' id='word_1_46' title='bbox 519 913 724 968; x_wconf 80' lang='lat' dir='ltr'><strong>sentire</strong></span> <span class='ocrx_word' id='word_1_47' title='bbox 750 927 858 968; x_wconf 88' lang='lat' dir='ltr'><strong>non</strong></span> <span class='ocrx_word' id='word_1_48' title='bbox 888 912 1129 983; x_wconf 77' lang='lat' dir='ltr'><strong>possint;</strong></span> <span class='ocrx_word' id='word_1_49' title='bbox 1177 913 1536 983; x_wconf 69' lang='lat' dir='ltr'><strong>subjiciuntur</strong></span> <span class='ocrx_word' id='word_1_50' title='bbox 1563 913 1736 983; x_wconf 83' lang='lat' dir='ltr'><strong>ignes,</strong></span> 
     </span>
    </p>
   </div>
   <div class='ocr_carea' id='block_1_9' title="bbox 141 1001 1741 1074">
    <p class='ocr_par' dir='ltr' id='par_1_9' title="bbox 141 1001 1741 1074">
     <span class='ocr_line' id='line_1_9' title="bbox 141 1001 1741 1074; baseline -0.001 -13"><span class='ocrx_word' id='word_1_51' title='bbox 141 1003 246 1061; x_wconf 84' lang='lat' dir='ltr'><strong>sed</strong></span> <span class='ocrx_word' id='word_1_52' title='bbox 289 1005 358 1059; x_wconf 89' lang='lat' dir='ltr'><strong>ad</strong></span> <span class='ocrx_word' id='word_1_53' title='bbox 400 1004 502 1060; x_wconf 86' lang='lat' dir='ltr'><strong>hoc</strong></span> <span class='ocrx_word' id='word_1_54' title='bbox 535 1001 715 1060; x_wconf 72' lang='lat' dir='ltr'><strong>tamen</strong></span> <span class='ocrx_word' id='word_1_55' title='bbox 769 1005 946 1060; x_wconf 81' lang='lat' dir='ltr'><strong>valere</strong></span> <span class='ocrx_word' id='word_1_56' title='bbox 993 1011 1396 1074; x_wconf 80' lang='lat' dir='ltr'><strong>cognOscuntur</strong></span> <span class='ocrx_word' id='word_1_57' title='bbox 1447 1015 1505 1060; x_wconf 92' lang='lat' dir='ltr'><strong>ut</strong></span> <span class='ocrx_word' id='word_1_58' title='bbox 1549 1017 1741 1060; x_wconf 88' lang='lat' dir='ltr'><strong>consc-</strong></span> 
     </span>
    </p>
   </div>
   <div class='ocr_carea' id='block_1_10' title="bbox 142 1085 1740 1167">
    <p class='ocr_par' dir='ltr' id='par_1_10' title="bbox 142 1085 1740 1167">
     <span class='ocr_line' id='line_1_10' title="bbox 142 1085 1740 1167; baseline 0.003 -19"><span class='ocrx_word' id='word_1_59' title='bbox 142 1101 310 1150; x_wconf 85' lang='lat' dir='ltr'><strong>crent</strong></span> <span class='ocrx_word' id='word_1_60' title='bbox 344 1114 358 1152; x_wconf 89' lang='lat'><strong>:</strong></span> <span class='ocrx_word' id='word_1_61' title='bbox 397 1085 726 1167; x_wconf 84' lang='lat' dir='ltr'><strong>instigantur</strong></span> <span class='ocrx_word' id='word_1_62' title='bbox 757 1095 965 1164; x_wconf 65' lang='lat' dir='ltr'><strong>bestiae,</strong></span> <span class='ocrx_word' id='word_1_63' title='bbox 994 1096 1089 1152; x_wconf 86' lang='lat' dir='ltr'><strong>s&#39;ed</strong></span> <span class='ocrx_word' id='word_1_64' title='bbox 1121 1095 1196 1151; x_wconf 86' lang='lat' dir='ltr'><strong>ad</strong></span> <span class='ocrx_word' id='word_1_65' title='bbox 1220 1095 1454 1165; x_wconf 67' lang='lat' dir='ltr'><strong>praedam</strong></span> <span class='ocrx_word' id='word_1_66' title='bbox 1482 1105 1634 1150; x_wconf 86' lang='lat' dir='ltr'><strong>suam</strong></span> <span class='ocrx_word' id='word_1_67' title='bbox 1667 1095 1740 1152; x_wconf 84' lang='lat' dir='ltr'><strong>fe-</strong></span> 
     </span>
    </p>
   </div>
   <div class='ocr_carea' id='block_1_11' title="bbox 142 1185 1774 1263">
    <p class='ocr_par' dir='ltr' id='par_1_11' title="bbox 142 1185 1774 1263">
     <span class='ocr_line' id='line_1_11' title="bbox 142 1185 1774 1263; baseline -0.001 -22"><span class='ocrx_word' id='word_1_68' title='bbox 142 1189 285 1243; x_wconf 84' lang='lat' dir='ltr'><strong>ritas</strong></span> <span class='ocrx_word' id='word_1_69' title='bbox 319 1189 546 1258; x_wconf 75' lang='lat' dir='ltr'><strong>itnpasta</strong></span> <span class='ocrx_word' id='word_1_70' title='bbox 577 1186 809 1244; x_wconf 72' lang='lat' dir='ltr'><strong>miratur</strong></span> <span class='ocrx_word' id='word_1_71' title='bbox 838 1185 958 1263; x_wconf 74' lang='lat' dir='ltr'><strong>[AL</strong></span> <span class='ocrx_word' id='word_1_72' title='bbox 989 1189 1224 1242; x_wconf 74' lang='lat' dir='ltr'><strong>minatur</strong></span> <span class='ocrx_word' id='word_1_73' title='bbox 1240 1185 1283 1260; x_wconf 77' lang='lat'><strong>]‘.</strong></span> <span class='ocrx_word' id='word_1_74' title='bbox 1312 1185 1619 1243; x_wconf 80' lang='lat' dir='ltr'><strong>Dilacerata</strong></span> <span class='ocrx_word' id='word_1_75' title='bbox 1644 1201 1738 1240; x_wconf 59' lang='lat' dir='ltr'><strong>va-</strong></span> <span class='ocrx_word' id='word_1_76' title='bbox 1768 1211 1774 1217; x_wconf 87' lang='lat'><strong>-</strong></span> 
     </span>
    </p>
   </div>
   <div class='ocr_carea' id='block_1_12' title="bbox 142 1275 1739 1351">
    <p class='ocr_par' dir='ltr' id='par_1_12' title="bbox 142 1275 1739 1351">
     <span class='ocr_line' id='line_1_12' title="bbox 142 1275 1739 1351; baseline -0.001 -16"><span class='ocrx_word' id='word_1_77' title='bbox 142 1275 232 1335; x_wconf 80' lang='lat' dir='ltr'><strong>rio</strong></span> <span class='ocrx_word' id='word_1_78' title='bbox 264 1287 662 1336; x_wconf 89' lang='lat' dir='ltr'><strong>tormentorum</strong></span> <span class='ocrx_word' id='word_1_79' title='bbox 698 1291 902 1351; x_wconf 93' lang='lat' dir='ltr'><strong>genere</strong></span> <span class='ocrx_word' id='word_1_80' title='bbox 930 1277 1176 1335; x_wconf 79' lang='lat' dir='ltr'><strong>membra</strong></span> <span class='ocrx_word' id='word_1_81' title='bbox 1223 1279 1562 1334; x_wconf 85' lang='lat' dir='ltr'><strong>sanctificant</strong></span> <span class='ocrx_word' id='word_1_82' title='bbox 1590 1275 1739 1333; x_wconf 80' lang='lat' dir='ltr'><strong>flam-</strong></span> 
     </span>
    </p>
   </div>
   <div class='ocr_carea' id='block_1_13' title="bbox 140 1371 1738 1442">
    <p class='ocr_par' dir='ltr' id='par_1_13' title="bbox 140 1371 1738 1442">
     <span class='ocr_line' id='line_1_13' title="bbox 140 1371 1738 1442; baseline -0.002 -14"><span class='ocrx_word' id='word_1_83' title='bbox 140 1377 256 1430; x_wconf 67' lang='lat' dir='ltr'><strong>me</strong></span> <span class='ocrx_word' id='word_1_84' title='bbox 305 1371 435 1428; x_wconf 84' lang='lat' dir='ltr'><strong>dum</strong></span> <span class='ocrx_word' id='word_1_85' title='bbox 482 1373 708 1442; x_wconf 81' lang='lat' dir='ltr'><strong>pascere</strong></span> <span class='ocrx_word' id='word_1_86' title='bbox 752 1371 1022 1438; x_wconf 87' lang='lat' dir='ltr'><strong>nesciunt,</strong></span> <span class='ocrx_word' id='word_1_87' title='bbox 1075 1371 1348 1426; x_wconf 83' lang='lat' dir='ltr'><strong>honorant</strong></span> <span class='ocrx_word' id='word_1_88' title='bbox 1379 1371 1566 1427; x_wconf 78' lang='lat' dir='ltr'><strong>bestiae</strong></span> <span class='ocrx_word' id='word_1_89' title='bbox 1611 1371 1738 1426; x_wconf 88' lang='lat' dir='ltr'><strong>dum</strong></span> 
     </span>
    </p>
   </div>
   <div class='ocr_carea' id='block_1_14' title="bbox 142 1459 1742 1533">
    <p class='ocr_par' dir='ltr' id='par_1_14' title="bbox 142 1459 1742 1533">
     <span class='ocr_line' id='line_1_14' title="bbox 142 1459 1742 1533; baseline -0.003 -13"><span class='ocrx_word' id='word_1_90' title='bbox 142 1461 350 1520; x_wconf 58' lang='lat' dir='ltr'><strong>sivire</strong></span> <span class='ocrx_word' id='word_1_91' title='bbox 396 1469 503 1518; x_wconf 85' lang='lat' dir='ltr'><strong>non</strong></span> <span class='ocrx_word' id='word_1_92' title='bbox 547 1465 766 1518; x_wconf 84' lang='lat' dir='ltr'><strong>norunt.</strong></span> <span class='ocrx_word' id='word_1_93' title='bbox 797 1459 899 1519; x_wconf 83' lang='lat' dir='ltr'><strong>Ubi</strong></span> <span class='ocrx_word' id='word_1_94' title='bbox 929 1464 1172 1533; x_wconf 87' lang='lat' dir='ltr'><strong>suntqui</strong></span> <span class='ocrx_word' id='word_1_95' title='bbox 1204 1461 1392 1516; x_wconf 84' lang='lat' dir='ltr'><strong>dicunt</strong></span> <span class='ocrx_word' id='word_1_96' title='bbox 1433 1461 1742 1517; x_wconf 87' lang='lat' dir='ltr'><strong>veneratio-</strong></span> 
     </span>
    </p>
   </div>
   <div class='ocr_carea' id='block_1_15' title="bbox 141 1556 1742 1630">
    <p class='ocr_par' dir='ltr' id='par_1_15' title="bbox 141 1556 1742 1630">
     <span class='ocr_line' id='line_1_15' title="bbox 141 1556 1742 1630; baseline -0.002 -16"><span class='ocrx_word' id='word_1_97' title='bbox 141 1567 276 1614; x_wconf 79' lang='lat' dir='ltr'><strong>nem</strong></span> <span class='ocrx_word' id='word_1_98' title='bbox 311 1559 486 1614; x_wconf 82' lang='lat' dir='ltr'><strong>sacris</strong></span> <span class='ocrx_word' id='word_1_99' title='bbox 530 1563 831 1630; x_wconf 80' lang='lat' dir='ltr'><strong>martyrum</strong></span> <span class='ocrx_word' id='word_1_100' title='bbox 871 1556 1222 1613; x_wconf 80' lang='lat' dir='ltr'><strong>deferendam</strong></span> <span class='ocrx_word' id='word_1_101' title='bbox 1255 1569 1362 1611; x_wconf 91' lang='lat' dir='ltr'><strong>non</strong></span> <span class='ocrx_word' id='word_1_102' title='bbox 1393 1570 1514 1611; x_wconf 89' lang='lat' dir='ltr'><strong>esse</strong></span> <span class='ocrx_word' id='word_1_103' title='bbox 1549 1569 1742 1623; x_wconf 87' lang='lat' dir='ltr'><strong>corpo-</strong></span> 
     </span>
    </p>
   </div>
   <div class='ocr_carea' id='block_1_16' title="bbox 141 1644 1740 1718">
    <p class='ocr_par' dir='ltr' id='par_1_16' title="bbox 141 1644 1740 1718">
     <span class='ocr_line' id='line_1_16' title="bbox 141 1644 1740 1718; baseline -0.003 -12"><span class='ocrx_word' id='word_1_104' title='bbox 141 1644 340 1706; x_wconf 78' lang='lat' dir='ltr'><strong>ribus?</strong></span> <span class='ocrx_word' id='word_1_105' title='bbox 387 1651 526 1706; x_wconf 79' lang='lat' dir='ltr'><strong>Ecce</strong></span> <span class='ocrx_word' id='word_1_106' title='bbox 558 1657 799 1706; x_wconf 65' lang='lat' dir='ltr'><strong>cruenta</strong></span> <span class='ocrx_word' id='word_1_107' title='bbox 843 1649 1078 1705; x_wconf 75' lang='lat' dir='ltr'><strong>feritatis</strong></span> <span class='ocrx_word' id='word_1_108' title='bbox 1123 1649 1433 1704; x_wconf 84' lang='lat' dir='ltr'><strong>immanitas</strong></span> <span class='ocrx_word' id='word_1_109' title='bbox 1467 1661 1587 1718; x_wconf 58' lang='lat' dir='ltr'><strong>qua</strong></span> <span class='ocrx_word' id='word_1_110' title='bbox 1615 1647 1740 1702; x_wconf 85' lang='lat' dir='ltr'><strong>reli-</strong></span> 
     </span>
    </p>
   </div>
   <div class='ocr_carea' id='block_1_17' title="bbox 140 1739 1743 1813">
    <p class='ocr_par' dir='ltr' id='par_1_17' title="bbox 140 1739 1743 1813">
     <span class='ocr_line' id='line_1_17' title="bbox 140 1739 1743 1813; baseline -0.002 -15"><span class='ocrx_word' id='word_1_111' title='bbox 140 1743 328 1813; x_wconf 87' lang='lat' dir='ltr'><strong>gionis</strong></span> <span class='ocrx_word' id='word_1_112' title='bbox 359 1755 464 1797; x_wconf 92' lang='lat' dir='ltr'><strong>non</strong></span> <span class='ocrx_word' id='word_1_113' title='bbox 517 1743 710 1812; x_wconf 84' lang='lat' dir='ltr'><strong>recipit</strong></span> <span class='ocrx_word' id='word_1_114' title='bbox 738 1756 978 1808; x_wconf 86' lang='lat' dir='ltr'><strong>sensum,</strong></span> <span class='ocrx_word' id='word_1_115' title='bbox 1029 1741 1202 1797; x_wconf 79' lang='lat' dir='ltr'><strong>defert</strong></span> <span class='ocrx_word' id='word_1_116' title='bbox 1232 1739 1602 1797; x_wconf 77' lang='lat' dir='ltr'><strong>venerationis</strong></span> <span class='ocrx_word' id='word_1_117' title='bbox 1645 1739 1743 1795; x_wconf 82' lang='lat' dir='ltr'><strong>ob-</strong></span> 
     </span>
    </p>
   </div>
   <div class='ocr_carea' id='block_1_18' title="bbox 1841 545 3428 620">
    <p class='ocr_par' dir='ltr' id='par_1_18' title="bbox 1841 545 3428 620">
     <span class='ocr_line' id='line_1_18' title="bbox 1841 545 3428 620; baseline 0.004 -20"><span class='ocrx_word' id='word_1_118' title='bbox 1841 545 2080 602; x_wconf 90' lang='lat' dir='ltr'><strong>marinos</strong></span> <span class='ocrx_word' id='word_1_119' title='bbox 2111 549 2416 618; x_wconf 88' lang='lat' dir='ltr'><strong>triumphos</strong></span> <span class='ocrx_word' id='word_1_120' title='bbox 2445 559 2595 606; x_wconf 83' lang='lat' dir='ltr'><strong>tanta</strong></span> <span class='ocrx_word' id='word_1_121' title='bbox 2638 566 2737 606; x_wconf 89' lang='lat' dir='ltr'><strong>nos</strong></span> <span class='ocrx_word' id='word_1_122' title='bbox 2777 559 2994 620; x_wconf 86' lang='lat' dir='ltr'><strong>oportet</strong></span> <span class='ocrx_word' id='word_1_123' title='bbox 3022 550 3305 609; x_wconf 75' lang='lat' dir='ltr'><strong>sedulitate</strong></span> <span class='ocrx_word' id='word_1_124' title='bbox 3333 567 3428 607; x_wconf 88' lang='lat' dir='ltr'><strong>ve-</strong></span> 
     </span>
    </p>
   </div>
   <div class='ocr_carea' id='block_1_19' title="bbox 1841 639 3427 711">
    <p class='ocr_par' dir='ltr' id='par_1_19' title="bbox 1841 639 3427 711">
     <span class='ocr_line' id='line_1_19' title="bbox 1841 639 3427 711; baseline 0.003 -18"><span class='ocrx_word' id='word_1_125' title='bbox 1841 639 2023 694; x_wconf 80' lang='lat' dir='ltr'><strong>nerari</strong></span> <span class='ocrx_word' id='word_1_126' title='bbox 2048 639 2113 694; x_wconf 84' lang='lat' dir='ltr'><strong>ut</strong></span> <span class='ocrx_word' id='word_1_127' title='bbox 2140 641 2288 711; x_wconf 90' lang='lat' dir='ltr'><strong>quod</strong></span> <span class='ocrx_word' id='word_1_128' title='bbox 2312 641 2546 698; x_wconf 89' lang='lat' dir='ltr'><strong>alienum</strong></span> <span class='ocrx_word' id='word_1_129' title='bbox 2579 651 2664 699; x_wconf 86' lang='lat' dir='ltr'><strong>est</strong></span> <span class='ocrx_word' id='word_1_130' title='bbox 2703 641 2838 699; x_wconf 84' lang='lat' dir='ltr'><strong>locis</strong></span> <span class='ocrx_word' id='word_1_131' title='bbox 2878 645 3123 699; x_wconf 80' lang='lat' dir='ltr'><strong>nostrum</strong></span> <span class='ocrx_word' id='word_1_132' title='bbox 3164 643 3427 700; x_wconf 74' lang='lat' dir='ltr'><strong>faciamus</strong></span> 
     </span>
    </p>
   </div>
   <div class='ocr_carea' id='block_1_20' title="bbox 1842 727 3429 808">
    <p class='ocr_par' dir='ltr' id='par_1_20' title="bbox 1842 727 3429 808">
     <span class='ocr_line' id='line_1_20' title="bbox 1842 727 3429 808; baseline 0.003 -21"><span class='ocrx_word' id='word_1_133' title='bbox 1842 731 2058 803; x_wconf 88' lang='lat' dir='ltr'><strong>officiis,</strong></span> <span class='ocrx_word' id='word_1_134' title='bbox 2091 743 2146 790; x_wconf 91' lang='lat' dir='ltr'><strong>et</strong></span> <span class='ocrx_word' id='word_1_135' title='bbox 2176 735 2312 790; x_wconf 92' lang='lat' dir='ltr'><strong>illud</strong></span> <span class='ocrx_word' id='word_1_136' title='bbox 2368 735 2518 807; x_wconf 88' lang='lat' dir='ltr'><strong>quod</strong></span> <span class='ocrx_word' id='word_1_137' title='bbox 2555 743 2662 792; x_wconf 88' lang='lat' dir='ltr'><strong>non</strong></span> <span class='ocrx_word' id='word_1_138' title='bbox 2693 727 2994 794; x_wconf 76' lang='lat' dir='ltr'><strong>includitur&quot;</strong></span> <span class='ocrx_word' id='word_1_139' title='bbox 3015 729 3277 808; x_wconf 69' lang='lat' dir='ltr'><strong>sepulcris</strong></span> <span class='ocrx_word' id='word_1_140' title='bbox 3302 781 3318 808; x_wconf 95' lang='lat'><strong>,</strong></span> <span class='ocrx_word' id='word_1_141' title='bbox 3359 739 3429 794; x_wconf 88' lang='lat' dir='ltr'><strong>sit</strong></span> 
     </span>
    </p>
   </div>
   <div class='ocr_carea' id='block_1_21' title="bbox 1842 825 3429 902">
    <p class='ocr_par' dir='ltr' id='par_1_21' title="bbox 1842 825 3429 902">
     <span class='ocr_line' id='line_1_21' title="bbox 1842 825 3429 902; baseline 0.003 -21"><span class='ocrx_word' id='word_1_142' title='bbox 1842 829 2130 882; x_wconf 80' lang='lat' dir='ltr'><strong>cemmune</strong></span> <span class='ocrx_word' id='word_1_143' title='bbox 2162 825 2467 898; x_wconf 81' lang='lat' dir='ltr'><strong>suﬂ&#39;ragii&#39;s;</strong></span> <span class='ocrx_word' id='word_1_144' title='bbox 2499 833 2698 900; x_wconf 87' lang='lat' dir='ltr'><strong>quanto</strong></span> <span class='ocrx_word' id='word_1_145' title='bbox 2730 841 2828 887; x_wconf 86' lang='lat' dir='ltr'><strong>nes</strong></span> <span class='ocrx_word' id='word_1_146' title='bbox 2851 829 3152 902; x_wconf 78' lang='lat' dir='ltr'><strong>impensius</strong></span> <span class='ocrx_word' id='word_1_147' title='bbox 3171 830 3429 888; x_wconf 83' lang='lat' dir='ltr'><strong>convenit</strong></span> 
     </span>
    </p>
   </div>
   <div class='ocr_carea' id='block_1_22' title="bbox 1844 913 3484 990">
    <p class='ocr_par' dir='ltr' id='par_1_22' title="bbox 1844 913 3484 990">
     <span class='ocr_line' id='line_1_22' title="bbox 1844 913 3484 990; baseline 0.003 -18"><span class='ocrx_word' id='word_1_148' title='bbox 1844 918 1896 972; x_wconf 89' lang='lat' dir='ltr'><strong>in</strong></span> <span class='ocrx_word' id='word_1_149' title='bbox 1928 929 2116 973; x_wconf 88' lang='lat' dir='ltr'><strong>eorum</strong></span> <span class='ocrx_word' id='word_1_150' title='bbox 2150 913 2468 975; x_wconf 74' lang='lat' dir='ltr'><strong>celebritate</strong></span> <span class='ocrx_word' id='word_1_151' title='bbox 2491 920 2699 977; x_wconf 81' lang='lat' dir='ltr'><strong>fervere</strong></span> <span class='ocrx_word' id='word_1_152' title='bbox 2725 922 2926 990; x_wconf 83' lang='lat' dir='ltr'><strong>studio,</strong></span> <span class='ocrx_word' id='word_1_153' title='bbox 2957 921 3227 980; x_wconf 81' lang='lat' dir='ltr'><strong>excubare</strong></span> <span class='ocrx_word' id='word_1_154' title='bbox 3253 921 3427 977; x_wconf 83' lang='lat' dir='ltr'><strong>famu-</strong></span> <span class='ocrx_word' id='word_1_155' title='bbox 3461 928 3484 950; x_wconf 63' lang='grc' dir='ltr'><em>θ</em></span> 
     </span>
    </p>
   </div>
   <div class='ocr_carea' id='block_1_23' title="bbox 1844 1003 3424 1086">
    <p class='ocr_par' dir='ltr' id='par_1_23' title="bbox 1844 1003 3424 1086">
     <span class='ocr_line' id='line_1_23' title="bbox 1844 1003 3424 1086; baseline 0.005 -23"><span class='ocrx_word' id='word_1_156' title='bbox 1844 1003 1976 1077; x_wconf 84' lang='lat' dir='ltr'><strong>lat&#39;u,</strong></span> <span class='ocrx_word' id='word_1_157' title='bbox 2006 1011 2201 1079; x_wconf 85' lang='lat' dir='ltr'><strong>quibus</strong></span> <span class='ocrx_word' id='word_1_158' title='bbox 2230 1005 2584 1082; x_wconf 81' lang='lat' dir='ltr'><strong>multiplicem</strong></span> <span class='ocrx_word' id='word_1_159' title='bbox 2638 1011 2799 1070; x_wconf 80' lang='lat' dir='ltr'><strong>debet</strong></span> <span class='ocrx_word' id='word_1_160' title='bbox 2829 1015 3018 1086; x_wconf 86' lang='lat' dir='ltr'><strong>religio</strong></span> <span class='ocrx_word' id='word_1_161' title='bbox 3054 1015 3424 1086; x_wconf 86' lang='lat' dir='ltr'><strong>devotionem,</strong></span> 
     </span>
    </p>
   </div>
   <div class='ocr_carea' id='block_1_24' title="bbox 1844 1101 3428 1179">
    <p class='ocr_par' dir='ltr' id='par_1_24' title="bbox 1844 1101 3428 1179">
     <span class='ocr_line' id='line_1_24' title="bbox 1844 1101 3428 1179; baseline 0.004 -19"><span class='ocrx_word' id='word_1_162' title='bbox 1844 1101 2088 1161; x_wconf 78' lang='lat' dir='ltr'><strong>Ecclesia</strong></span> <span class='ocrx_word' id='word_1_163' title='bbox 2119 1105 2402 1176; x_wconf 87' lang='lat' dir='ltr'><strong>honorem,</strong></span> <span class='ocrx_word' id='word_1_164' title='bbox 2458 1110 2628 1179; x_wconf 85' lang='lat' dir='ltr'><strong>patria</strong></span> <span class='ocrx_word' id='word_1_165' title='bbox 2658 1111 3016 1168; x_wconf 74' lang='lat' dir='ltr'><strong>charitatem?</strong></span> <span class='ocrx_word' id='word_1_166' title='bbox 3047 1111 3122 1169; x_wconf 86' lang='lat' dir='ltr'><strong>Ut‘</strong></span> <span class='ocrx_word' id='word_1_167' title='bbox 3149 1115 3290 1168; x_wconf 86' lang='lat' dir='ltr'><strong>sicut</strong></span> <span class='ocrx_word' id='word_1_168' title='bbox 3335 1129 3428 1169; x_wconf 91' lang='lat' dir='ltr'><strong>eo-</strong></span> 
     </span>
    </p>
   </div>
   <div class='ocr_carea' id='block_1_25' title="bbox 1843 1201 3426 1274">
    <p class='ocr_par' dir='ltr' id='par_1_25' title="bbox 1843 1201 3426 1274">
     <span class='ocr_line' id='line_1_25' title="bbox 1843 1201 3426 1274; baseline 0.006 -22"><span class='ocrx_word' id='word_1_169' title='bbox 1843 1206 1962 1252; x_wconf 86' lang='lat' dir='ltr'><strong>rum</strong></span> <span class='ocrx_word' id='word_1_170' title='bbox 1995 1213 2089 1267; x_wconf 91' lang='lat' dir='ltr'><strong>per</strong></span> <span class='ocrx_word' id='word_1_171' title='bbox 2118 1204 2277 1254; x_wconf 82' lang='lat' dir='ltr'><strong>unius</strong></span> <span class='ocrx_word' id='word_1_172' title='bbox 2309 1201 2548 1271; x_wconf 88' lang='lat' dir='ltr'><strong>parentis</strong></span> <span class='ocrx_word' id='word_1_173' title='bbox 2600 1203 2865 1273; x_wconf 80' lang='lat' dir='ltr'><strong>gremium</strong></span> <span class='ocrx_word' id='word_1_174' title='bbox 2891 1205 3012 1274; x_wconf 84' lang='lat' dir='ltr'><strong>jure</strong></span> <span class='ocrx_word' id='word_1_175' title='bbox 3041 1205 3298 1260; x_wconf 89' lang='lat' dir='ltr'><strong>nascendi</strong></span> <span class='ocrx_word' id='word_1_176' title='bbox 3328 1220 3426 1261; x_wconf 90' lang='lat' dir='ltr'><strong>co-</strong></span> 
     </span>
    </p>
   </div>
   <div class='ocr_carea' id='block_1_26' title="bbox 1843 1289 3428 1368">
    <p class='ocr_par' dir='ltr' id='par_1_26' title="bbox 1843 1289 3428 1368">
     <span class='ocr_line' id='line_1_26' title="bbox 1843 1289 3428 1368; baseline 0.007 -27"><span class='ocrx_word' id='word_1_177' title='bbox 1843 1290 1989 1359; x_wconf 90' lang='lat' dir='ltr'><strong>gnati</strong></span> <span class='ocrx_word' id='word_1_178' title='bbox 2039 1305 2227 1344; x_wconf 91' lang='lat' dir='ltr'><strong>sumus</strong></span> <span class='ocrx_word' id='word_1_179' title='bbox 2249 1333 2264 1355; x_wconf 95' lang='lat'><strong>,</strong></span> <span class='ocrx_word' id='word_1_180' title='bbox 2309 1289 2379 1345; x_wconf 84' lang='lat' dir='ltr'><strong>it&#39;a</strong></span> <span class='ocrx_word' id='word_1_181' title='bbox 2414 1289 2568 1348; x_wconf 83' lang='lat' dir='ltr'><strong>nobis</strong></span> <span class='ocrx_word' id='word_1_182' title='bbox 2617 1295 2748 1364; x_wconf 84' lang='lat' dir='ltr'><strong>erga</strong></span> <span class='ocrx_word' id='word_1_183' title='bbox 2779 1301 2875 1349; x_wconf 84' lang='lat' dir='ltr'><strong>eos</strong></span> <span class='ocrx_word' id='word_1_184' title='bbox 2920 1294 3133 1365; x_wconf 84' lang='lat' dir='ltr'><strong>pietatis</strong></span> <span class='ocrx_word' id='word_1_185' title='bbox 3158 1307 3210 1352; x_wconf 92' lang='lat' dir='ltr'><strong>et</strong></span> <span class='ocrx_word' id='word_1_186' title='bbox 3239 1296 3428 1368; x_wconf 58' lang='lat' dir='ltr'><strong>gratia;</strong></span> 
     </span>
    </p>
   </div>
   <div class='ocr_carea' id='block_1_27' title="bbox 1846 1380 3428 1456">
    <p class='ocr_par' dir='ltr' id='par_1_27' title="bbox 1846 1380 3428 1456">
     <span class='ocr_line' id='line_1_27' title="bbox 1846 1380 3428 1456; baseline 0.006 -23"><span class='ocrx_word' id='word_1_187' title='bbox 1846 1380 2183 1451; x_wconf 82' lang='lat' dir='ltr'><strong>privilegium</strong></span> <span class='ocrx_word' id='word_1_188' title='bbox 2219 1383 2576 1450; x_wconf 77' lang='lat' dir='ltr'><strong>vindicemu‘s‘,</strong></span> <span class='ocrx_word' id='word_1_189' title='bbox 2604 1387 2764 1456; x_wconf 86' lang='lat' dir='ltr'><strong>atque</strong></span> <span class='ocrx_word' id='word_1_190' title='bbox 2788 1385 2858 1440; x_wconf 90' lang='lat' dir='ltr'><strong>ad</strong></span> <span class='ocrx_word' id='word_1_191' title='bbox 2874 1401 2968 1441; x_wconf 92' lang='lat' dir='ltr'><strong>eos</strong></span> <span class='ocrx_word' id='word_1_192' title='bbox 2990 1381 3113 1441; x_wconf 86' lang='lat' dir='ltr'><strong>fidei</strong></span> <span class='ocrx_word' id='word_1_193' title='bbox 3137 1387 3428 1443; x_wconf 83' lang='lat' dir='ltr'><strong>devotione</strong></span> 
     </span>
    </p>
   </div>
   <div class='ocr_carea' id='block_1_28' title="bbox 1846 1472 3430 1548">
    <p class='ocr_par' dir='ltr' id='par_1_28' title="bbox 1846 1472 3430 1548">
     <span class='ocr_line' id='line_1_28' title="bbox 1846 1472 3430 1548; baseline 0.004 -23"><span class='ocrx_word' id='word_1_194' title='bbox 1846 1472 1997 1542; x_wconf 83' lang='lat' dir='ltr'><strong>prius</strong></span> <span class='ocrx_word' id='word_1_195' title='bbox 2027 1473 2372 1539; x_wconf 87' lang='lat' dir='ltr'><strong>aecedamns,</strong></span> <span class='ocrx_word' id='word_1_196' title='bbox 2406 1484 2466 1530; x_wconf 91' lang='lat' dir='ltr'><strong>ut</strong></span> <span class='ocrx_word' id='word_1_197' title='bbox 2494 1487 2720 1545; x_wconf 86' lang='lat' dir='ltr'><strong>quorum</strong></span> <span class='ocrx_word' id='word_1_198' title='bbox 2767 1477 2890 1532; x_wconf 69' lang='lat' dir='ltr'><strong>esse</strong></span> <span class='ocrx_word' id='word_1_199' title='bbox 2918 1477 3067 1533; x_wconf 83' lang='lat' dir='ltr'><strong>cives</strong></span> <span class='ocrx_word' id='word_1_200' title='bbox 3098 1477 3430 1548; x_wconf 85' lang='lat' dir='ltr'><strong>gratulamur</strong></span> 
     </span>
    </p>
   </div>
   <div class='ocr_carea' id='block_1_29' title="bbox 1846 1565 3425 1643">
    <p class='ocr_par' dir='ltr' id='par_1_29' title="bbox 1846 1565 3425 1643">
     <span class='ocr_line' id='line_1_29' title="bbox 1846 1565 3425 1643; baseline 0.003 -25"><span class='ocrx_word' id='word_1_201' title='bbox 1846 1565 1900 1618; x_wconf 80' lang='lat' dir='ltr'><strong>in</strong></span> <span class='ocrx_word' id='word_1_202' title='bbox 1950 1565 2133 1628; x_wconf 89' lang='lat' dir='ltr'><strong>terris,</strong></span> <span class='ocrx_word' id='word_1_203' title='bbox 2180 1571 2302 1620; x_wconf 88' lang='lat' dir='ltr'><strong>cum</strong></span> <span class='ocrx_word' id='word_1_204' title='bbox 2347 1567 2432 1621; x_wconf 86' lang='lat' dir='ltr'><strong>his</strong></span> <span class='ocrx_word' id='word_1_205' title='bbox 2477 1570 2864 1636; x_wconf 82' lang='lat' dir='ltr'><strong>municipatum</strong></span> <span class='ocrx_word' id='word_1_206' title='bbox 2916 1567 3218 1643; x_wconf 75' lang='grc' dir='ltr'><strong>[πολίτωμα.</strong></span> <span class='ocrx_word' id='word_1_207' title='bbox 3281 1568 3425 1624; x_wconf 76' lang='lat' dir='ltr'><strong>Phil.</strong></span> 
     </span>
    </p>
   </div>
   <div class='ocr_carea' id='block_1_30' title="bbox 1845 1648 3427 1731">
    <p class='ocr_par' dir='ltr' id='par_1_30' title="bbox 1845 1648 3427 1731">
     <span class='ocr_line' id='line_1_30' title="bbox 1845 1648 3427 1731; baseline 0.006 -23"><span class='ocrx_word' id='word_1_208' title='bbox 1845 1667 1925 1719; x_wconf 78' lang='lat' dir='ltr'><strong>tu,</strong></span> <span class='ocrx_word' id='word_1_209' title='bbox 1945 1654 2037 1710; x_wconf 72' lang='lat'><strong>20.</strong></span> <span class='ocrx_word' id='word_1_210' title='bbox 2063 1653 2272 1726; x_wconf 80' lang='lat' dir='ltr'><strong>Vulgat.</strong></span> <span class='ocrx_word' id='word_1_211' title='bbox 2295 1657 2784 1731; x_wconf 79' lang='lat' dir='ltr'><strong>conversationem]</strong></span> <span class='ocrx_word' id='word_1_212' title='bbox 2811 1659 3012 1717; x_wconf 85' lang='lat' dir='ltr'><strong>habere</strong></span> <span class='ocrx_word' id='word_1_213' title='bbox 3036 1648 3346 1717; x_wconf 67' lang='lat' dir='ltr'><strong>mer&#39;eamur</strong></span> <span class='ocrx_word' id='word_1_214' title='bbox 3370 1661 3427 1718; x_wconf 88' lang='lat' dir='ltr'><strong>in</strong></span> 
     </span>
    </p>
   </div>
   <div class='ocr_carea' id='block_1_31' title="bbox 1847 1747 3431 1824">
    <p class='ocr_par' dir='ltr' id='par_1_31' title="bbox 1847 1747 3431 1824">
     <span class='ocr_line' id='line_1_31' title="bbox 1847 1747 3431 1824; baseline 0.006 -22"><span class='ocrx_word' id='word_1_215' title='bbox 1847 1747 2039 1802; x_wconf 58' lang='lat' dir='ltr'><strong>caelis:</strong></span> <span class='ocrx_word' id='word_1_216' title='bbox 2073 1747 2308 1818; x_wconf 85' lang='lat' dir='ltr'><strong>duplicia</strong></span> <span class='ocrx_word' id='word_1_217' title='bbox 2357 1751 2537 1820; x_wconf 89' lang='lat' dir='ltr'><strong>itaque</strong></span> <span class='ocrx_word' id='word_1_218' title='bbox 2581 1747 2872 1824; x_wconf 77' lang='lat' dir='ltr'><strong>Ephipodii</strong></span> <span class='ocrx_word' id='word_1_219' title='bbox 2914 1762 2969 1808; x_wconf 89' lang='lat' dir='ltr'><strong>et</strong></span> <span class='ocrx_word' id='word_1_220' title='bbox 2997 1755 3295 1810; x_wconf 78' lang='lat' dir='ltr'><strong>Alexandri</strong></span> <span class='ocrx_word' id='word_1_221' title='bbox 3322 1764 3431 1811; x_wconf 89' lang='lat' dir='ltr'><strong>tro-</strong></span> 
     </span>
    </p>
   </div>
   <div class='ocr_carea' id='block_1_32' title="bbox 140 1833 3430 1914">
    <p class='ocr_par' dir='ltr' id='par_1_32' title="bbox 140 1833 3430 1914">
     <span class='ocr_line' id='line_1_32' title="bbox 140 1833 3430 1914; baseline 0.003 -24"><span class='ocrx_word' id='word_1_222' title='bbox 140 1835 435 1904; x_wconf 83' lang='lat' dir='ltr'><strong>sequium;</strong></span> <span class='ocrx_word' id='word_1_223' title='bbox 491 1843 547 1888; x_wconf 91' lang='lat' dir='ltr'><strong>et</strong></span> <span class='ocrx_word' id='word_1_224' title='bbox 575 1845 698 1904; x_wconf 67' lang='lat' dir='ltr'><strong>quae</strong></span> <span class='ocrx_word' id='word_1_225' title='bbox 724 1833 1112 1888; x_wconf 81' lang='lat' dir='ltr'><strong>discretionem</strong></span> <span class='ocrx_word' id='word_1_226' title='bbox 1149 1835 1379 1889; x_wconf 86' lang='lat' dir='ltr'><strong>rationis</strong></span> <span class='ocrx_word' id='word_1_227' title='bbox 1417 1835 1600 1904; x_wconf 88' lang='lat' dir='ltr'><strong>ignara</strong></span> <span class='ocrx_word' id='word_1_228' title='bbox 1634 1845 1739 1886; x_wconf 90' lang='lat' dir='ltr'><strong>non</strong></span> <span class='ocrx_word' id='word_1_229' title='bbox 1775 1843 1820 1904; x_wconf 79' lang='grc' dir='ltr'>Β</span> <span class='ocrx_word' id='word_1_230' title='bbox 1849 1842 1962 1908; x_wconf 70' lang='lat' dir='ltr'><strong>prea</strong></span> <span class='ocrx_word' id='word_1_231' title='bbox 1997 1838 2254 1894; x_wconf 66' lang='lat' dir='ltr'><strong>Ecclesia:</strong></span> <span class='ocrx_word' id='word_1_232' title='bbox 2279 1849 2478 1896; x_wconf 79' lang='lat' dir='ltr'><strong>nosme</strong></span> <span class='ocrx_word' id='word_1_233' title='bbox 2506 1842 2946 1914; x_wconf 76' lang='lat' dir='ltr'><strong>ﬁdes‘int&#39;erjecta</strong></span> <span class='ocrx_word' id='word_1_234' title='bbox 2976 1845 3128 1901; x_wconf 84' lang='lat' dir='ltr'><strong>bidui</strong></span> <span class='ocrx_word' id='word_1_235' title='bbox 3153 1847 3236 1901; x_wconf 90' lang='lat' dir='ltr'><strong>vel</strong></span> <span class='ocrx_word' id='word_1_236' title='bbox 3267 1846 3430 1900; x_wconf 87' lang='lat' dir='ltr'><strong>tridui</strong></span> 
     </span>
    </p>
   </div>
   <div class='ocr_carea' id='block_1_33' title="bbox 143 1924 1745 2000">
    <p class='ocr_par' dir='ltr' id='par_1_33' title="bbox 143 1924 1745 2000">
     <span class='ocr_line' id='line_1_33' title="bbox 143 1924 1745 2000; baseline -0.002 -18"><span class='ocrx_word' id='word_1_237' title='bbox 143 1927 370 1996; x_wconf 83' lang='lat' dir='ltr'><strong>recipit,</strong></span> <span class='ocrx_word' id='word_1_238' title='bbox 407 1926 474 1982; x_wconf 89' lang='lat' dir='ltr'><strong>ad</strong></span> <span class='ocrx_word' id='word_1_239' title='bbox 506 1927 772 2000; x_wconf 83' lang='lat' dir='ltr'><strong>malorum</strong></span> <span class='ocrx_word' id='word_1_240' title='bbox 809 1936 990 1982; x_wconf 88' lang='lat' dir='ltr'><strong>tamen</strong></span> <span class='ocrx_word' id='word_1_241' title='bbox 1022 1925 1451 1994; x_wconf 85' lang='lat' dir='ltr'><strong>damnationem,</strong></span> <span class='ocrx_word' id='word_1_242' title='bbox 1487 1924 1616 1994; x_wconf 88' lang='lat' dir='ltr'><strong>quid</strong></span> <span class='ocrx_word' id='word_1_243' title='bbox 1646 1924 1745 1979; x_wconf 84' lang='lat' dir='ltr'><strong>ho-</strong></span> 
     </span>
    </p>
   </div>
   <div class='ocr_carea' id='block_1_34' title="bbox 141 2013 1745 2088">
    <p class='ocr_par' dir='ltr' id='par_1_34' title="bbox 141 2013 1745 2088">
     <span class='ocr_line' id='line_1_34' title="bbox 141 2013 1745 2088; baseline -0.003 -14"><span class='ocrx_word' id='word_1_244' title='bbox 141 2021 303 2075; x_wconf 90' lang='lat' dir='ltr'><strong>noris</strong></span> <span class='ocrx_word' id='word_1_245' title='bbox 351 2020 558 2074; x_wconf 82' lang='lat' dir='ltr'><strong>sanctis</strong></span> <span class='ocrx_word' id='word_1_246' title='bbox 606 2017 872 2073; x_wconf 89' lang='lat' dir='ltr'><strong>debeatur</strong></span> <span class='ocrx_word' id='word_1_247' title='bbox 919 2018 1196 2088; x_wconf 76' lang='lat' dir='ltr'><strong>agnoscit;</strong></span> <span class='ocrx_word' id='word_1_248' title='bbox 1241 2032 1305 2072; x_wconf 90' lang='lat' dir='ltr'><strong>ac</strong></span> <span class='ocrx_word' id='word_1_249' title='bbox 1369 2017 1449 2072; x_wconf 90' lang='lat' dir='ltr'><strong>sic</strong></span> <span class='ocrx_word' id='word_1_250' title='bbox 1493 2013 1745 2086; x_wconf 88' lang='lat' dir='ltr'><strong>supplicii</strong></span> 
     </span>
    </p>
   </div>
   <div class='ocr_carea' id='block_1_35' title="bbox 142 2108 1743 2167">
    <p class='ocr_par' dir='ltr' id='par_1_35' title="bbox 142 2108 1743 2167">
     <span class='ocr_line' id='line_1_35' title="bbox 142 2108 1743 2167; baseline -0.003 -2"><span class='ocrx_word' id='word_1_251' title='bbox 142 2111 514 2167; x_wconf 76' lang='lat' dir='ltr'><strong>mini‘sterium</strong></span> <span class='ocrx_word' id='word_1_252' title='bbox 558 2111 646 2167; x_wconf 90' lang='lat' dir='ltr'><strong>vel</strong></span> <span class='ocrx_word' id='word_1_253' title='bbox 693 2110 1116 2165; x_wconf 75' lang='lat' dir='ltr'><strong>inStrumentum</strong></span> <span class='ocrx_word' id='word_1_254' title='bbox 1161 2109 1301 2164; x_wconf 88' lang='lat' dir='ltr'><strong>miro</strong></span> <span class='ocrx_word' id='word_1_255' title='bbox 1331 2108 1492 2164; x_wconf 91' lang='lat' dir='ltr'><strong>modo</strong></span> <span class='ocrx_word' id='word_1_256' title='bbox 1521 2108 1743 2166; x_wconf 79' lang='lat' dir='ltr'><strong>merito-</strong></span> 
     </span>
    </p>
   </div>
   <div class='ocr_carea' id='block_1_36' title="bbox 139 2201 1748 2275">
    <p class='ocr_par' dir='ltr' id='par_1_36' title="bbox 139 2201 1748 2275">
     <span class='ocr_line' id='line_1_36' title="bbox 139 2201 1748 2275; baseline -0.002 -14"><span class='ocrx_word' id='word_1_257' title='bbox 139 2222 265 2261; x_wconf 90' lang='lat' dir='ltr'><strong>rum</strong></span> <span class='ocrx_word' id='word_1_258' title='bbox 301 2201 538 2260; x_wconf 76' lang='lat' dir='ltr'><strong>eliicitur</strong></span> <span class='ocrx_word' id='word_1_259' title='bbox 563 2207 971 2270; x_wconf 88' lang='lat' dir='ltr'><strong>testimonium;</strong></span> <span class='ocrx_word' id='word_1_260' title='bbox 1023 2215 1079 2260; x_wconf 90' lang='lat' dir='ltr'><strong>et</strong></span> <span class='ocrx_word' id='word_1_261' title='bbox 1108 2205 1235 2260; x_wconf 84' lang='lat' dir='ltr'><strong>dum</strong></span> <span class='ocrx_word' id='word_1_262' title='bbox 1266 2204 1454 2275; x_wconf 85' lang='lat' dir='ltr'><strong>pietati</strong></span> <span class='ocrx_word' id='word_1_263' title='bbox 1491 2217 1748 2260; x_wconf 81' lang='lat' dir='ltr'><strong>reveren-</strong></span> 
     </span>
    </p>
   </div>
   <div class='ocr_carea' id='block_1_37' title="bbox 140 2297 1747 2370">
    <p class='ocr_par' dir='ltr' id='par_1_37' title="bbox 140 2297 1747 2370">
     <span class='ocr_line' id='line_1_37' title="bbox 140 2297 1747 2370; baseline -0.002 -16"><span class='ocrx_word' id='word_1_264' title='bbox 140 2301 290 2356; x_wconf 82' lang='lat' dir='ltr'><strong>tiam</strong></span> <span class='ocrx_word' id='word_1_265' title='bbox 314 2307 560 2369; x_wconf 81' lang='lat' dir='ltr'><strong>praestat,</strong></span> <span class='ocrx_word' id='word_1_266' title='bbox 607 2299 819 2370; x_wconf 79' lang='lat' dir='ltr'><strong>profert</strong></span> <span class='ocrx_word' id='word_1_267' title='bbox 866 2299 1084 2354; x_wconf 89' lang='lat' dir='ltr'><strong>tacitam</strong></span> <span class='ocrx_word' id='word_1_268' title='bbox 1125 2300 1193 2353; x_wconf 92' lang='lat' dir='ltr'><strong>de</strong></span> <span class='ocrx_word' id='word_1_269' title='bbox 1219 2297 1500 2368; x_wconf 75' lang='lat' dir='ltr'><strong>impietate</strong></span> <span class='ocrx_word' id='word_1_270' title='bbox 1527 2306 1747 2354; x_wconf 87' lang='lat' dir='ltr'><strong>sentcn-</strong></span> 
     </span>
    </p>
   </div>
   <div class='ocr_carea' id='block_1_38' title="bbox 143 2391 1748 2462">
    <p class='ocr_par' dir='ltr' id='par_1_38' title="bbox 143 2391 1748 2462">
     <span class='ocr_line' id='line_1_38' title="bbox 143 2391 1748 2462; baseline -0.001 -14"><span class='ocrx_word' id='word_1_271' title='bbox 143 2394 307 2448; x_wconf 89' lang='lat' dir='ltr'><strong>tiam.</strong></span> <span class='ocrx_word' id='word_1_272' title='bbox 338 2391 476 2448; x_wconf 85' lang='lat' dir='ltr'><strong>Cum</strong></span> <span class='ocrx_word' id='word_1_273' title='bbox 521 2407 683 2462; x_wconf 90' lang='lat' dir='ltr'><strong>ergo,</strong></span> <span class='ocrx_word' id='word_1_274' title='bbox 730 2392 1060 2459; x_wconf 85' lang='lat' dir='ltr'><strong>charissimi,</strong></span> <span class='ocrx_word' id='word_1_275' title='bbox 1096 2391 1335 2448; x_wconf 81' lang='lat' dir='ltr'><strong>Ecclesia</strong></span> <span class='ocrx_word' id='word_1_276' title='bbox 1367 2401 1551 2447; x_wconf 88' lang='lat' dir='ltr'><strong>nostra</strong></span> <span class='ocrx_word' id='word_1_277' title='bbox 1587 2392 1748 2446; x_wconf 85' lang='lat' dir='ltr'><strong>tantis</strong></span> 
     </span>
    </p>
   </div>
   <div class='ocr_carea' id='block_1_39' title="bbox 139 2481 1750 2554">
    <p class='ocr_par' dir='ltr' id='par_1_39' title="bbox 139 2481 1750 2554">
     <span class='ocr_line' id='line_1_39' title="bbox 139 2481 1750 2554; baseline -0.001 -16"><span class='ocrx_word' id='word_1_278' title='bbox 139 2484 278 2540; x_wconf 77' lang='lat' dir='ltr'><strong>ﬁdei</strong></span> <span class='ocrx_word' id='word_1_279' title='bbox 311 2484 616 2539; x_wconf 91' lang='lat' dir='ltr'><strong>adornetur</strong></span> <span class='ocrx_word' id='word_1_280' title='bbox 663 2483 906 2553; x_wconf 72' lang='lat' dir='ltr'><strong>tropmis,</strong></span> <span class='ocrx_word' id='word_1_281' title='bbox 938 2483 990 2538; x_wconf 89' lang='lat' dir='ltr'><strong>id</strong></span> <span class='ocrx_word' id='word_1_282' title='bbox 1036 2481 1349 2539; x_wconf 81' lang='lat' dir='ltr'><strong>elaborabat</strong></span> <span class='ocrx_word' id='word_1_283' title='bbox 1374 2483 1464 2554; x_wconf 88' lang='lat' dir='ltr'><strong>jus</strong></span> <span class='ocrx_word' id='word_1_284' title='bbox 1496 2481 1750 2552; x_wconf 82' lang='lat' dir='ltr'><strong>iniquita-</strong></span> 
     </span>
    </p>
   </div>
   <div class='ocr_carea' id='block_1_40' title="bbox 140 2577 1746 2650">
    <p class='ocr_par' dir='ltr' id='par_1_40' title="bbox 140 2577 1746 2650">
     <span class='ocr_line' id='line_1_40' title="bbox 140 2577 1746 2650; baseline -0.002 -15"><span class='ocrx_word' id='word_1_285' title='bbox 140 2580 238 2648; x_wconf 86' lang='lat' dir='ltr'><strong>tis,</strong></span> <span class='ocrx_word' id='word_1_286' title='bbox 271 2591 336 2635; x_wconf 92' lang='lat' dir='ltr'><strong>ut</strong></span> <span class='ocrx_word' id='word_1_287' title='bbox 382 2580 614 2650; x_wconf 88' lang='lat' dir='ltr'><strong>seipsam</strong></span> <span class='ocrx_word' id='word_1_288' title='bbox 661 2579 928 2634; x_wconf 78' lang='lat' dir='ltr'><strong>scelerum</strong></span> <span class='ocrx_word' id='word_1_289' title='bbox 973 2580 1215 2634; x_wconf 76' lang='lat' dir='ltr'><strong>novitate</strong></span> <span class='ocrx_word' id='word_1_290' title='bbox 1246 2586 1546 2648; x_wconf 87' lang='lat' dir='ltr'><strong>superaret.</strong></span> <span class='ocrx_word' id='word_1_291' title='bbox 1582 2577 1746 2632; x_wconf 85' lang='lat' dir='ltr'><strong>Sacra</strong></span> 
     </span>
    </p>
   </div>
   <div class='ocr_carea' id='block_1_41' title="bbox 140 2669 1750 2744">
    <p class='ocr_par' dir='ltr' id='par_1_41' title="bbox 140 2669 1750 2744">
     <span class='ocr_line' id='line_1_41' title="bbox 140 2669 1750 2744; baseline -0.003 -17"><span class='ocrx_word' id='word_1_292' title='bbox 140 2688 386 2744; x_wconf 88' lang='lat' dir='ltr'><strong>corpora</strong></span> <span class='ocrx_word' id='word_1_293' title='bbox 419 2672 624 2727; x_wconf 89' lang='lat' dir='ltr'><strong>funeris</strong></span> <span class='ocrx_word' id='word_1_294' title='bbox 657 2675 867 2725; x_wconf 86' lang='lat' dir='ltr'><strong>honore</strong></span> <span class='ocrx_word' id='word_1_295' title='bbox 895 2672 1171 2740; x_wconf 88' lang='lat' dir='ltr'><strong>privantes</strong></span> <span class='ocrx_word' id='word_1_296' title='bbox 1200 2670 1414 2740; x_wconf 83' lang='lat' dir='ltr'><strong>ignibus</strong></span> <span class='ocrx_word' id='word_1_297' title='bbox 1443 2669 1664 2734; x_wconf 89' lang='lat' dir='ltr'><strong>dabant,</strong></span> <span class='ocrx_word' id='word_1_298' title='bbox 1693 2675 1750 2724; x_wconf 92' lang='lat' dir='ltr'><strong>et</strong></span> 
     </span>
    </p>
   </div>
   <div class='ocr_carea' id='block_1_42' title="bbox 141 2761 1748 2836">
    <p class='ocr_par' dir='ltr' id='par_1_42' title="bbox 141 2761 1748 2836">
     <span class='ocr_line' id='line_1_42' title="bbox 141 2761 1748 2836; baseline -0.003 -17"><span class='ocrx_word' id='word_1_299' title='bbox 141 2774 276 2836; x_wconf 87' lang='lat' dir='ltr'><strong>post</strong></span> <span class='ocrx_word' id='word_1_300' title='bbox 305 2764 848 2820; x_wconf 79' lang='lat' dir='ltr'><strong>hominum&#39;mo&#39;rtem</strong></span> <span class='ocrx_word' id='word_1_301' title='bbox 886 2773 1075 2817; x_wconf 89' lang='lat' dir='ltr'><strong>contra</strong></span> <span class='ocrx_word' id='word_1_302' title='bbox 1103 2763 1273 2831; x_wconf 88' lang='lat' dir='ltr'><strong>ipsam</strong></span> <span class='ocrx_word' id='word_1_303' title='bbox 1305 2761 1618 2832; x_wconf 82' lang='lat' dir='ltr'><strong>pugnabant</strong></span> <span class='ocrx_word' id='word_1_304' title='bbox 1649 2761 1748 2814; x_wconf 87' lang='lat' dir='ltr'><strong>hu-</strong></span> 
     </span>
    </p>
   </div>
   <div class='ocr_carea' id='block_1_43' title="bbox 140 2854 1745 2927">
    <p class='ocr_par' dir='ltr' id='par_1_43' title="bbox 140 2854 1745 2927">
     <span class='ocr_line' id='line_1_43' title="bbox 140 2854 1745 2927; baseline -0.005 -11"><span class='ocrx_word' id='word_1_305' title='bbox 140 2861 496 2916; x_wconf 89' lang='lat' dir='ltr'><strong>manitatem.</strong></span> <span class='ocrx_word' id='word_1_306' title='bbox 525 2857 734 2914; x_wconf 87' lang='lat' dir='ltr'><strong>Etcum</strong></span> <span class='ocrx_word' id='word_1_307' title='bbox 758 2857 869 2927; x_wconf 91' lang='lat' dir='ltr'><strong>jam</strong></span> <span class='ocrx_word' id='word_1_308' title='bbox 893 2869 1051 2912; x_wconf 88' lang='lat' dir='ltr'><strong>causa</strong></span> <span class='ocrx_word' id='word_1_309' title='bbox 1077 2857 1316 2926; x_wconf 91' lang='lat' dir='ltr'><strong>perisset</strong></span> <span class='ocrx_word' id='word_1_310' title='bbox 1341 2857 1560 2921; x_wconf 80' lang='lat' dir='ltr'><strong>furoris,</strong></span> <span class='ocrx_word' id='word_1_311' title='bbox 1583 2854 1745 2909; x_wconf 82' lang='lat' dir='ltr'><strong>ﬁnem</strong></span> 
     </span>
    </p>
   </div>
   <div class='ocr_carea' id='block_1_44' title="bbox 142 2947 1750 3022">
    <p class='ocr_par' dir='ltr' id='par_1_44' title="bbox 142 2947 1750 3022">
     <span class='ocr_line' id='line_1_44' title="bbox 142 2947 1750 3022; baseline -0.003 -15"><span class='ocrx_word' id='word_1_312' title='bbox 142 2969 259 3008; x_wconf 89' lang='lat' dir='ltr'><strong>non</strong></span> <span class='ocrx_word' id='word_1_313' title='bbox 313 2951 666 3022; x_wconf 89' lang='lat' dir='ltr'><strong>imponebant</strong></span> <span class='ocrx_word' id='word_1_314' title='bbox 714 2949 1058 3014; x_wconf 88' lang='lat' dir='ltr'><strong>crudelitati;</strong></span> <span class='ocrx_word' id='word_1_315' title='bbox 1122 2949 1217 3003; x_wconf 87' lang='lat' dir='ltr'><strong>sed</strong></span> <span class='ocrx_word' id='word_1_316' title='bbox 1277 2957 1493 3014; x_wconf 90' lang='lat' dir='ltr'><strong>tamen,</strong></span> <span class='ocrx_word' id='word_1_317' title='bbox 1546 2947 1750 3004; x_wconf 82' lang='lat' dir='ltr'><strong>vellent</strong></span> 
     </span>
    </p>
   </div>
   <div class='ocr_carea' id='block_1_45' title="bbox 139 3043 1749 3122">
    <p class='ocr_par' dir='ltr' id='par_1_45' title="bbox 139 3043 1749 3122">
     <span class='ocr_line' id='line_1_45' title="bbox 139 3043 1749 3122; baseline -0.004 -20"><span class='ocrx_word' id='word_1_318' title='bbox 139 3047 389 3115; x_wconf 73' lang='lat' dir='ltr'><strong>nollent,</strong></span> <span class='ocrx_word' id='word_1_319' title='bbox 443 3043 790 3101; x_wconf 87' lang='lat' dir='ltr'><strong>beatitudinis</strong></span> <span class='ocrx_word' id='word_1_320' title='bbox 845 3057 1034 3122; x_wconf 87' lang='lat' dir='ltr'><strong>eorum</strong></span> <span class='ocrx_word' id='word_1_321' title='bbox 1087 3053 1251 3098; x_wconf 89' lang='lat' dir='ltr'><strong>testes</strong></span> <span class='ocrx_word' id='word_1_322' title='bbox 1304 3052 1498 3110; x_wconf 90' lang='lat' dir='ltr'><strong>erant,</strong></span> <span class='ocrx_word' id='word_1_323' title='bbox 1552 3043 1749 3114; x_wconf 86' lang='lat' dir='ltr'><strong>quibus</strong></span> 
     </span>
    </p>
   </div>
   <div class='ocr_carea' id='block_1_46' title="bbox 139 3135 1745 3206">
    <p class='ocr_par' dir='ltr' id='par_1_46' title="bbox 139 3135 1745 3206">
     <span class='ocr_line' id='line_1_46' title="bbox 139 3135 1745 3206; baseline -0.005 -8"><span class='ocrx_word' id='word_1_324' title='bbox 139 3143 318 3198; x_wconf 88' lang='lat' dir='ltr'><strong>etiam</strong></span> <span class='ocrx_word' id='word_1_325' title='bbox 347 3142 580 3196; x_wconf 88' lang='lat' dir='ltr'><strong>mortuis</strong></span> <span class='ocrx_word' id='word_1_326' title='bbox 611 3137 944 3194; x_wconf 82' lang='lat' dir='ltr'><strong>invidebant.</strong></span> <span class='ocrx_word' id='word_1_327' title='bbox 975 3135 1257 3204; x_wconf 83' lang='lat' dir='ltr'><strong>Quomodo</strong></span> <span class='ocrx_word' id='word_1_328' title='bbox 1299 3149 1514 3206; x_wconf 89' lang='lat' dir='ltr'><strong>semper</strong></span> <span class='ocrx_word' id='word_1_329' title='bbox 1542 3136 1745 3190; x_wconf 88' lang='lat' dir='ltr'><strong>malitia</strong></span> 
     </span>
    </p>
   </div>
   <div class='ocr_carea' id='block_1_47' title="bbox 1847 1929 3432 1999">
    <p class='ocr_par' dir='ltr' id='par_1_47' title="bbox 1847 1929 3432 1999">
     <span class='ocr_line' id='line_1_47' title="bbox 1847 1929 3432 1999; baseline 0.005 -15"><span class='ocrx_word' id='word_1_330' title='bbox 1847 1929 2198 1986; x_wconf 89' lang='lat' dir='ltr'><strong>distinctione</strong></span> <span class='ocrx_word' id='word_1_331' title='bbox 2236 1932 2600 1999; x_wconf 86' lang='lat' dir='ltr'><strong>concelebrat,</strong></span> <span class='ocrx_word' id='word_1_332' title='bbox 2632 1950 2736 1989; x_wconf 92' lang='lat' dir='ltr'><strong>non</strong></span> <span class='ocrx_word' id='word_1_333' title='bbox 2779 1936 3090 1991; x_wconf 89' lang='lat' dir='ltr'><strong>adventitiis</strong></span> <span class='ocrx_word' id='word_1_334' title='bbox 3134 1933 3271 1992; x_wconf 89' lang='lat' dir='ltr'><strong>festa</strong></span> <span class='ocrx_word' id='word_1_335' title='bbox 3302 1937 3432 1992; x_wconf 93' lang='lat' dir='ltr'><strong>reli-</strong></span> 
     </span>
    </p>
   </div>
   <div class='ocr_carea' id='block_1_48' title="bbox 1853 2022 3431 2094">
    <p class='ocr_par' dir='ltr' id='par_1_48' title="bbox 1853 2022 3431 2094">
     <span class='ocr_line' id='line_1_48' title="bbox 1853 2022 3431 2094; baseline 0.004 -18"><span class='ocrx_word' id='word_1_336' title='bbox 1853 2022 2017 2092; x_wconf 79' lang='lat' dir='ltr'><strong>quiis,</strong></span> <span class='ocrx_word' id='word_1_337' title='bbox 2051 2023 2147 2078; x_wconf 89' lang='lat' dir='ltr'><strong>sed</strong></span> <span class='ocrx_word' id='word_1_338' title='bbox 2179 2024 2516 2080; x_wconf 86' lang='lat' dir='ltr'><strong>intemeratis</strong></span> <span class='ocrx_word' id='word_1_339' title='bbox 2547 2025 2702 2094; x_wconf 85' lang='lat' dir='ltr'><strong>patrii</strong></span> <span class='ocrx_word' id='word_1_340' title='bbox 2753 2027 2904 2081; x_wconf 90' lang='lat' dir='ltr'><strong>sinus</strong></span> <span class='ocrx_word' id='word_1_341' title='bbox 2937 2025 3074 2083; x_wconf 84' lang='lat' dir='ltr'><strong>festa</strong></span> <span class='ocrx_word' id='word_1_342' title='bbox 3107 2041 3431 2084; x_wconf 88' lang='lat' dir='ltr'><strong>monumen-</strong></span> 
     </span>
    </p>
   </div>
   <div class='ocr_carea' id='block_1_49' title="bbox 1848 2113 3431 2185">
    <p class='ocr_par' dir='ltr' id='par_1_49' title="bbox 1848 2113 3431 2185">
     <span class='ocr_line' id='line_1_49' title="bbox 1848 2113 3431 2185; baseline 0.004 -17"><span class='ocrx_word' id='word_1_343' title='bbox 1848 2114 1939 2168; x_wconf 86' lang='lat' dir='ltr'><strong>tis.</strong></span> <span class='ocrx_word' id='word_1_344' title='bbox 1974 2113 2223 2168; x_wconf 73' lang='lat' dir='ltr'><strong>Plurimte</strong></span> <span class='ocrx_word' id='word_1_345' title='bbox 2254 2123 2434 2170; x_wconf 84' lang='lat' dir='ltr'><strong>autem</strong></span> <span class='ocrx_word' id='word_1_346' title='bbox 2481 2117 2798 2185; x_wconf 87' lang='lat' dir='ltr'><strong>populorum</strong></span> <span class='ocrx_word' id='word_1_347' title='bbox 2851 2115 3106 2173; x_wconf 62' lang='lat' dir='ltr'><strong>Ecclesiae</strong></span> <span class='ocrx_word' id='word_1_348' title='bbox 3148 2119 3310 2174; x_wconf 85' lang='lat' dir='ltr'><strong>etiam</strong></span> <span class='ocrx_word' id='word_1_349' title='bbox 3342 2120 3431 2174; x_wconf 89' lang='lat' dir='ltr'><strong>illa</strong></span> 
     </span>
    </p>
   </div>
   <div class='ocr_carea' id='block_1_50' title="bbox 1848 2208 3425 2283">
    <p class='ocr_par' dir='ltr' id='par_1_50' title="bbox 1848 2208 3425 2283">
     <span class='ocr_line' id='line_1_50' title="bbox 1848 2208 3425 2283; baseline 0.003 -19"><span class='ocrx_word' id='word_1_350' title='bbox 1848 2208 2278 2264; x_wconf 74' lang='lat' dir='ltr'><strong>sanctiﬁcatione</strong></span> <span class='ocrx_word' id='word_1_351' title='bbox 2325 2215 2602 2265; x_wconf 77' lang='lat' dir='ltr'><strong>contenta:r</strong></span> <span class='ocrx_word' id='word_1_352' title='bbox 2641 2219 2787 2274; x_wconf 86' lang='lat' dir='ltr'><strong>sunt,</strong></span> <span class='ocrx_word' id='word_1_353' title='bbox 2838 2219 2997 2281; x_wconf 86' lang='lat' dir='ltr'><strong>quam</strong></span> <span class='ocrx_word' id='word_1_354' title='bbox 3053 2211 3122 2267; x_wconf 91' lang='lat' dir='ltr'><strong>de</strong></span> <span class='ocrx_word' id='word_1_355' title='bbox 3169 2211 3425 2283; x_wconf 82' lang='lat' dir='ltr'><strong>angelicis</strong></span> 
     </span>
    </p>
   </div>
   <div class='ocr_carea' id='block_1_51' title="bbox 1849 2299 3431 2370">
    <p class='ocr_par' dir='ltr' id='par_1_51' title="bbox 1849 2299 3431 2370">
     <span class='ocr_line' id='line_1_51' title="bbox 1849 2299 3431 2370; baseline 0.003 -14"><span class='ocrx_word' id='word_1_356' title='bbox 1849 2299 2108 2356; x_wconf 81' lang='lat' dir='ltr'><strong>membris</strong></span> <span class='ocrx_word' id='word_1_357' title='bbox 2154 2301 2296 2356; x_wconf 82' lang='lat' dir='ltr'><strong>sacri</strong></span> <span class='ocrx_word' id='word_1_358' title='bbox 2348 2303 2596 2370; x_wconf 87' lang='lat' dir='ltr'><strong>amictus,</strong></span> <span class='ocrx_word' id='word_1_359' title='bbox 2638 2303 2721 2359; x_wconf 93' lang='lat' dir='ltr'><strong>vel</strong></span> <span class='ocrx_word' id='word_1_360' title='bbox 2753 2302 2876 2358; x_wconf 89' lang='lat' dir='ltr'><strong>duri</strong></span> <span class='ocrx_word' id='word_1_361' title='bbox 2917 2312 3229 2359; x_wconf 83' lang='lat' dir='ltr'><strong>catenarum</strong></span> <span class='ocrx_word' id='word_1_362' title='bbox 3261 2315 3431 2361; x_wconf 81' lang='lat' dir='ltr'><strong>nexus</strong></span> 
     </span>
    </p>
   </div>
   <div class='ocr_carea' id='block_1_52' title="bbox 1849 2393 3432 2464">
    <p class='ocr_par' dir='ltr' id='par_1_52' title="bbox 1849 2393 3432 2464">
     <span class='ocr_line' id='line_1_52' title="bbox 1849 2393 3432 2464; baseline 0 -14"><span class='ocrx_word' id='word_1_363' title='bbox 1849 2394 2224 2464; x_wconf 75' lang='lat' dir='ltr'><strong>contingendo&#39;</strong></span> <span class='ocrx_word' id='word_1_364' title='bbox 2247 2394 2557 2463; x_wconf 77' lang='lat' dir='ltr'><strong>rapuerin&#39;t;</strong></span> <span class='ocrx_word' id='word_1_365' title='bbox 2591 2403 2648 2449; x_wconf 81' lang='lat' dir='ltr'><strong>ut</strong></span> <span class='ocrx_word' id='word_1_366' title='bbox 2686 2395 2832 2464; x_wconf 83' lang='lat' dir='ltr'><strong>quod</strong></span> <span class='ocrx_word' id='word_1_367' title='bbox 2863 2393 2962 2450; x_wconf 89' lang='lat' dir='ltr'><strong>fuit</strong></span> <span class='ocrx_word' id='word_1_368' title='bbox 3015 2396 3432 2452; x_wconf 84' lang='lat' dir='ltr'><strong>instrumentum</strong></span> 
     </span>
    </p>
   </div>
   <div class='ocr_carea' id='block_1_53' title="bbox 1850 2485 3433 2556">
    <p class='ocr_par' dir='ltr' id='par_1_53' title="bbox 1850 2485 3433 2556">
     <span class='ocr_line' id='line_1_53' title="bbox 1850 2485 3433 2556; baseline 0.003 -17"><span class='ocrx_word' id='word_1_369' title='bbox 1850 2495 2046 2554; x_wconf 68' lang='lat' dir='ltr'><strong>pmnae,</strong></span> <span class='ocrx_word' id='word_1_370' title='bbox 2089 2487 2164 2540; x_wconf 81' lang='lat' dir='ltr'><strong>sit</strong></span> <span class='ocrx_word' id='word_1_371' title='bbox 2184 2485 2368 2556; x_wconf 64' lang='lat' dir='ltr'><strong>gloria!</strong></span> <span class='ocrx_word' id='word_1_372' title='bbox 2400 2486 2789 2552; x_wconf 77' lang='lat' dir='ltr'><strong>testiinonium,</strong></span> <span class='ocrx_word' id='word_1_373' title='bbox 2831 2495 2888 2541; x_wconf 89' lang='lat' dir='ltr'><strong>et</strong></span> <span class='ocrx_word' id='word_1_374' title='bbox 2929 2486 3176 2543; x_wconf 76' lang='lat' dir='ltr'><strong>delerum</strong></span> <span class='ocrx_word' id='word_1_375' title='bbox 3203 2487 3433 2543; x_wconf 86' lang='lat' dir='ltr'><strong>materia</strong></span> 
     </span>
    </p>
   </div>
   <div class='ocr_carea' id='block_1_54' title="bbox 1852 2579 3433 2650">
    <p class='ocr_par' dir='ltr' id='par_1_54' title="bbox 1852 2579 3433 2650">
     <span class='ocr_line' id='line_1_54' title="bbox 1852 2579 3433 2650; baseline 0.003 -17"><span class='ocrx_word' id='word_1_376' title='bbox 1852 2587 2096 2633; x_wconf 72' lang='lat' dir='ltr'><strong>transeat</strong></span> <span class='ocrx_word' id='word_1_377' title='bbox 2123 2580 2189 2634; x_wconf 87' lang='lat' dir='ltr'><strong>ad</strong></span> <span class='ocrx_word' id='word_1_378' title='bbox 2233 2579 2445 2650; x_wconf 86' lang='lat' dir='ltr'><strong>insigne</strong></span> <span class='ocrx_word' id='word_1_379' title='bbox 2481 2582 2794 2636; x_wconf 82' lang='lat' dir='ltr'><strong>meritorum</strong></span> <span class='ocrx_word' id='word_1_380' title='bbox 2824 2598 2838 2646; x_wconf 89' lang='lat'><strong>;</strong></span> <span class='ocrx_word' id='word_1_381' title='bbox 2871 2597 2969 2637; x_wconf 91' lang='lat' dir='ltr'><strong>nos</strong></span> <span class='ocrx_word' id='word_1_382' title='bbox 2994 2597 3122 2637; x_wconf 90' lang='lat' dir='ltr'><strong>vero</strong></span> <span class='ocrx_word' id='word_1_383' title='bbox 3153 2583 3433 2638; x_wconf 88' lang='lat' dir='ltr'><strong>beatorum</strong></span> 
     </span>
    </p>
   </div>
   <div class='ocr_carea' id='block_1_55' title="bbox 1849 2669 3437 2743">
    <p class='ocr_par' dir='ltr' id='par_1_55' title="bbox 1849 2669 3437 2743">
     <span class='ocr_line' id='line_1_55' title="bbox 1849 2669 3437 2743; baseline 0.003 -19"><span class='ocrx_word' id='word_1_384' title='bbox 1849 2669 2060 2725; x_wconf 87' lang='lat' dir='ltr'><strong>illustre</strong></span> <span class='ocrx_word' id='word_1_385' title='bbox 2086 2685 2284 2726; x_wconf 88' lang='lat' dir='ltr'><strong>munus</strong></span> <span class='ocrx_word' id='word_1_386' title='bbox 2312 2681 2482 2726; x_wconf 88' lang='lat' dir='ltr'><strong>totum</strong></span> <span class='ocrx_word' id='word_1_387' title='bbox 2507 2677 2665 2742; x_wconf 76' lang='lat' dir='ltr'><strong>a‘tquc‘</strong></span> <span class='ocrx_word' id='word_1_388' title='bbox 2685 2674 2953 2743; x_wconf 87' lang='lat' dir='ltr'><strong>integrum</strong></span> <span class='ocrx_word' id='word_1_389' title='bbox 2982 2674 3353 2743; x_wconf 85' lang='lat' dir='ltr'><strong>possidemus;</strong></span> <span class='ocrx_word' id='word_1_390' title='bbox 3382 2682 3437 2730; x_wconf 90' lang='lat' dir='ltr'><strong>et</strong></span> 
     </span>
    </p>
   </div>
   <div class='ocr_carea' id='block_1_56' title="bbox 1849 2764 3433 2835">
    <p class='ocr_par' dir='ltr' id='par_1_56' title="bbox 1849 2764 3433 2835">
     <span class='ocr_line' id='line_1_56' title="bbox 1849 2764 3433 2835; baseline 0.002 -18"><span class='ocrx_word' id='word_1_391' title='bbox 1849 2764 2002 2835; x_wconf 82' lang='lat' dir='ltr'><strong>quod</strong></span> <span class='ocrx_word' id='word_1_392' title='bbox 2025 2766 2280 2819; x_wconf 82' lang='lat' dir='ltr'><strong>universo</strong></span> <span class='ocrx_word' id='word_1_393' title='bbox 2328 2765 2529 2820; x_wconf 85' lang='lat' dir='ltr'><strong>mundo</strong></span> <span class='ocrx_word' id='word_1_394' title='bbox 2571 2765 2746 2835; x_wconf 82' lang='lat' dir='ltr'><strong>possit</strong></span> <span class='ocrx_word' id='word_1_395' title='bbox 2791 2764 3079 2832; x_wconf 80' lang='lat' dir='ltr'><strong>sufficere,</strong></span> <span class='ocrx_word' id='word_1_396' title='bbox 3127 2766 3265 2821; x_wconf 84' lang='lat' dir='ltr'><strong>intra</strong></span> <span class='ocrx_word' id='word_1_397' title='bbox 3308 2779 3433 2835; x_wconf 86' lang='lat' dir='ltr'><strong>grc-</strong></span> 
     </span>
    </p>
   </div>
   <div class='ocr_carea' id='block_1_57' title="bbox 1850 2855 3429 2926">
    <p class='ocr_par' dir='ltr' id='par_1_57' title="bbox 1850 2855 3429 2926">
     <span class='ocr_line' id='line_1_57' title="bbox 1850 2855 3429 2926; baseline -0.001 -16"><span class='ocrx_word' id='word_1_398' title='bbox 1850 2857 2016 2910; x_wconf 88' lang='lat' dir='ltr'><strong>mium</strong></span> <span class='ocrx_word' id='word_1_399' title='bbox 2041 2855 2275 2911; x_wconf 77' lang='lat' dir='ltr'><strong>civitatis</strong></span> <span class='ocrx_word' id='word_1_400' title='bbox 2298 2856 2456 2925; x_wconf 86' lang='lat' dir='ltr'><strong>hujus</strong></span> <span class='ocrx_word' id='word_1_401' title='bbox 2477 2856 2791 2926; x_wconf 81' lang='lat' dir='ltr'><strong>specialiter</strong></span> <span class='ocrx_word' id='word_1_402' title='bbox 2817 2855 3132 2912; x_wconf 79' lang='lat' dir='ltr'><strong>conclusum</strong></span> <span class='ocrx_word' id='word_1_403' title='bbox 3157 2863 3429 2923; x_wconf 70' lang='lat' dir='ltr'><strong>tenemus,</strong></span> 
     </span>
    </p>
   </div>
   <div class='ocr_carea' id='block_1_58' title="bbox 1848 2945 3429 3020">
    <p class='ocr_par' dir='ltr' id='par_1_58' title="bbox 1848 2945 3429 3020">
     <span class='ocr_line' id='line_1_58' title="bbox 1848 2945 3429 3020; baseline -0.001 -16"><span class='ocrx_word' id='word_1_404' title='bbox 1848 2959 1900 3005; x_wconf 92' lang='lat' dir='ltr'><strong>et</strong></span> <span class='ocrx_word' id='word_1_405' title='bbox 1931 2950 2172 3020; x_wconf 87' lang='lat' dir='ltr'><strong>geminas</strong></span> <span class='ocrx_word' id='word_1_406' title='bbox 2203 2950 2412 3018; x_wconf 82' lang='lat' dir='ltr'><strong>palmas</strong></span> <span class='ocrx_word' id='word_1_407' title='bbox 2429 2949 2687 3020; x_wconf 84' lang='lat' dir='ltr'><strong>triumphi</strong></span> <span class='ocrx_word' id='word_1_408' title='bbox 2719 2951 2944 3004; x_wconf 54' lang='lat' dir='ltr'><strong>aemulas</strong></span> <span class='ocrx_word' id='word_1_409' title='bbox 2973 2947 3274 3019; x_wconf 76' lang='lat' dir='ltr'><strong>apostolici,</strong></span> <span class='ocrx_word' id='word_1_410' title='bbox 3294 2945 3429 3004; x_wconf 84' lang='lat' dir='ltr'><strong>Urbi</strong></span> 
     </span>
    </p>
   </div>
   <div class='ocr_carea' id='block_1_59' title="bbox 1848 3037 3433 3110">
    <p class='ocr_par' dir='ltr' id='par_1_59' title="bbox 1848 3037 3433 3110">
     <span class='ocr_line' id='line_1_59' title="bbox 1848 3037 3433 3110; baseline 0.001 -16"><span class='ocrx_word' id='word_1_411' title='bbox 1848 3041 2170 3107; x_wconf 80' lang='lat' dir='ltr'><strong>attollimus,</strong></span> <span class='ocrx_word' id='word_1_412' title='bbox 2217 3050 2378 3110; x_wconf 80' lang='lat' dir='ltr'><strong>atque</strong></span> <span class='ocrx_word' id='word_1_413' title='bbox 2409 3041 2674 3097; x_wconf 83' lang='lat' dir='ltr'><strong>habentes</strong></span> <span class='ocrx_word' id='word_1_414' title='bbox 2700 3051 2760 3098; x_wconf 91' lang='lat' dir='ltr'><strong>et</strong></span> <span class='ocrx_word' id='word_1_415' title='bbox 2790 3049 2888 3097; x_wconf 83' lang='lat' dir='ltr'><strong>nos</strong></span> <span class='ocrx_word' id='word_1_416' title='bbox 2915 3041 3132 3097; x_wconf 85' lang='lat' dir='ltr'><strong>Petrum</strong></span> <span class='ocrx_word' id='word_1_417' title='bbox 3171 3037 3433 3096; x_wconf 49' lang='lat' dir='ltr'><strong>Paulum;</strong></span> 
     </span>
    </p>
   </div>
   <div class='ocr_carea' id='block_1_60' title="bbox 1849 3131 3437 3204">
    <p class='ocr_par' dir='ltr' id='par_1_60' title="bbox 1849 3131 3437 3204">
     <span class='ocr_line' id='line_1_60' title="bbox 1849 3131 3437 3204; baseline 0.002 -16"><span class='ocrx_word' id='word_1_418' title='bbox 1849 3148 1953 3204; x_wconf 89' lang='lat' dir='ltr'><strong>que</strong></span> <span class='ocrx_word' id='word_1_419' title='bbox 2001 3141 2270 3199; x_wconf 86' lang='lat' dir='ltr'><strong>nostrum,</strong></span> <span class='ocrx_word' id='word_1_420' title='bbox 2320 3134 2476 3190; x_wconf 86' lang='lat' dir='ltr'><strong>binos</strong></span> <span class='ocrx_word' id='word_1_421' title='bbox 2508 3133 2890 3203; x_wconf 75' lang='lat' dir='ltr'><strong>Suffragatores</strong></span> <span class='ocrx_word' id='word_1_422' title='bbox 2921 3139 3042 3192; x_wconf 74' lang='lat' dir='ltr'><strong>cum</strong></span> <span class='ocrx_word' id='word_1_423' title='bbox 3095 3131 3437 3191; x_wconf 47' lang='lat' dir='ltr'><strong>sublimi‘illa</strong></span> 
     </span>
    </p>
   </div>
   <div class='ocr_carea' id='block_1_61' title="bbox 140 3218 3436 3301">
    <p class='ocr_par' dir='ltr' id='par_1_61' title="bbox 140 3218 3436 3301">
     <span class='ocr_line' id='line_1_61' title="bbox 140 3218 3436 3301; baseline -0.002 -11"><span class='ocrx_word' id='word_1_424' title='bbox 140 3250 279 3290; x_wconf 91' lang='lat' dir='ltr'><strong>cum</strong></span> <span class='ocrx_word' id='word_1_425' title='bbox 329 3232 562 3287; x_wconf 88' lang='lat' dir='ltr'><strong>stultitia</strong></span> <span class='ocrx_word' id='word_1_426' title='bbox 605 3231 894 3301; x_wconf 85' lang='lat' dir='ltr'><strong>conjuncta</strong></span> <span class='ocrx_word' id='word_1_427' title='bbox 928 3229 1049 3285; x_wconf 81' lang='lat' dir='ltr'><strong>est?</strong></span> <span class='ocrx_word' id='word_1_428' title='bbox 1097 3229 1400 3285; x_wconf 91' lang='lat' dir='ltr'><strong>veneranda</strong></span> <span class='ocrx_word' id='word_1_429' title='bbox 1439 3243 1562 3284; x_wconf 90' lang='lat' dir='ltr'><strong>ossa</strong></span> <span class='ocrx_word' id='word_1_430' title='bbox 1589 3229 1645 3283; x_wconf 89' lang='lat' dir='ltr'><strong>in</strong></span> <span class='ocrx_word' id='word_1_431' title='bbox 1673 3229 1746 3283; x_wconf 85' lang='lat' dir='ltr'><strong>ci-</strong></span> <span class='ocrx_word' id='word_1_432' title='bbox 1774 3218 1821 3285; x_wconf 91' lang='lat' dir='ltr'>C</span> <span class='ocrx_word' id='word_1_433' title='bbox 1852 3224 1980 3280; x_wconf 85' lang='lat' dir='ltr'><strong>sede</strong></span> <span class='ocrx_word' id='word_1_434' title='bbox 2007 3235 2300 3282; x_wconf 85' lang='lat' dir='ltr'><strong>certamus.</strong></span> <span class='ocrx_word' id='word_1_435' title='bbox 2335 3223 2402 3280; x_wconf 81' lang='lat' dir='ltr'><strong>Et</strong></span> <span class='ocrx_word' id='word_1_436' title='bbox 2424 3226 2641 3296; x_wconf 86' lang='lat' dir='ltr'><strong>quidem</strong></span> <span class='ocrx_word' id='word_1_437' title='bbox 2685 3228 2831 3282; x_wconf 87' lang='lat' dir='ltr'><strong>beati</strong></span> <span class='ocrx_word' id='word_1_438' title='bbox 2884 3235 3169 3301; x_wconf 76' lang='lat' dir='ltr'><strong>martyres,</strong></span> <span class='ocrx_word' id='word_1_439' title='bbox 3212 3227 3436 3298; x_wconf 77' lang='lat' dir='ltr'><strong>quorum</strong></span> 
     </span>
    </p>
   </div>
   <div class='ocr_carea' id='block_1_62' title="bbox 140 3321 1748 3396">
    <p class='ocr_par' dir='ltr' id='par_1_62' title="bbox 140 3321 1748 3396">
     <span class='ocr_line' id='line_1_62' title="bbox 140 3321 1748 3396; baseline -0.004 -14"><span class='ocrx_word' id='word_1_440' title='bbox 140 3340 321 3382; x_wconf 87' lang='lat' dir='ltr'><strong>neres</strong></span> <span class='ocrx_word' id='word_1_441' title='bbox 347 3325 693 3396; x_wconf 87' lang='lat' dir='ltr'><strong>redigebant,</strong></span> <span class='ocrx_word' id='word_1_442' title='bbox 717 3323 872 3392; x_wconf 90' lang='lat' dir='ltr'><strong>quasi</strong></span> <span class='ocrx_word' id='word_1_443' title='bbox 901 3336 1030 3377; x_wconf 87' lang='lat' dir='ltr'><strong>vero</strong></span> <span class='ocrx_word' id='word_1_444' title='bbox 1053 3331 1276 3392; x_wconf 82' lang='lat' dir='ltr'><strong>possent</strong></span> <span class='ocrx_word' id='word_1_445' title='bbox 1303 3321 1533 3376; x_wconf 82' lang='lat' dir='ltr'><strong>ﬂammis</strong></span> <span class='ocrx_word' id='word_1_446' title='bbox 1558 3322 1748 3377; x_wconf 82' lang='lat' dir='ltr'><strong>merita</strong></span> 
     </span>
    </p>
   </div>
   <div class='ocr_carea' id='block_1_63' title="bbox 140 3412 1748 3481">
    <p class='ocr_par' dir='ltr' id='par_1_63' title="bbox 140 3412 1748 3481">
     <span class='ocr_line' id='line_1_63' title="bbox 140 3412 1748 3481; baseline -0.004 -7"><span class='ocrx_word' id='word_1_447' title='bbox 140 3417 433 3481; x_wconf 85' lang='lat' dir='ltr'><strong>consumi,</strong></span> <span class='ocrx_word' id='word_1_448' title='bbox 449 3423 504 3471; x_wconf 90' lang='lat' dir='ltr'><strong>et</strong></span> <span class='ocrx_word' id='word_1_449' title='bbox 519 3415 748 3470; x_wconf 91' lang='lat' dir='ltr'><strong>virtutes</strong></span> <span class='ocrx_word' id='word_1_450' title='bbox 768 3429 890 3469; x_wconf 90' lang='lat' dir='ltr'><strong>cum</strong></span> <span class='ocrx_word' id='word_1_451' title='bbox 904 3412 1183 3468; x_wconf 88' lang='lat' dir='ltr'><strong>cineribus</strong></span> <span class='ocrx_word' id='word_1_452' title='bbox 1201 3414 1560 3468; x_wconf 89' lang='lat' dir='ltr'><strong>concremari.</strong></span> <span class='ocrx_word' id='word_1_453' title='bbox 1580 3413 1748 3481; x_wconf 87' lang='lat' dir='ltr'><strong>Quam</strong></span> 
     </span>
    </p>
   </div>
   <div class='ocr_carea' id='block_1_64' title="bbox 139 3505 1750 3576">
    <p class='ocr_par' dir='ltr' id='par_1_64' title="bbox 139 3505 1750 3576">
     <span class='ocr_line' id='line_1_64' title="bbox 139 3505 1750 3576; baseline -0.004 -10"><span class='ocrx_word' id='word_1_454' title='bbox 139 3509 386 3566; x_wconf 87' lang='lat' dir='ltr'><strong>confusa</strong></span> <span class='ocrx_word' id='word_1_455' title='bbox 428 3508 730 3563; x_wconf 88' lang='lat' dir='ltr'><strong>dementia!</strong></span> <span class='ocrx_word' id='word_1_456' title='bbox 782 3507 978 3576; x_wconf 87' lang='lat' dir='ltr'><strong>quibus</strong></span> <span class='ocrx_word' id='word_1_457' title='bbox 1007 3506 1207 3562; x_wconf 75' lang='lat' dir='ltr'><strong>cmlum</strong></span> <span class='ocrx_word' id='word_1_458' title='bbox 1253 3506 1626 3575; x_wconf 87' lang='lat' dir='ltr'><strong>acquirebant&#39;,</strong></span> <span class='ocrx_word' id='word_1_459' title='bbox 1669 3505 1750 3560; x_wconf 89' lang='lat' dir='ltr'><strong>his</strong></span> 
     </span>
    </p>
   </div>
   <div class='ocr_carea' id='block_1_65' title="bbox 140 3599 1747 3671">
    <p class='ocr_par' dir='ltr' id='par_1_65' title="bbox 140 3599 1747 3671">
     <span class='ocr_line' id='line_1_65' title="bbox 140 3599 1747 3671; baseline -0.003 -12"><span class='ocrx_word' id='word_1_460' title='bbox 140 3614 362 3659; x_wconf 87' lang='lat' dir='ltr'><strong>terram</strong></span> <span class='ocrx_word' id='word_1_461' title='bbox 414 3601 699 3671; x_wconf 82' lang='lat' dir='ltr'><strong>negabant.</strong></span> <span class='ocrx_word' id='word_1_462' title='bbox 736 3600 822 3655; x_wconf 87' lang='lat' dir='ltr'><strong>Nil</strong></span> <span class='ocrx_word' id='word_1_463' title='bbox 852 3615 980 3671; x_wconf 87' lang='lat' dir='ltr'><strong>ergo</strong></span> <span class='ocrx_word' id='word_1_464' title='bbox 1014 3599 1188 3655; x_wconf 89' lang='lat' dir='ltr'><strong>fecisti</strong></span> <span class='ocrx_word' id='word_1_465' title='bbox 1219 3599 1458 3655; x_wconf 84' lang='lat' dir='ltr'><strong>inaudita</strong></span> <span class='ocrx_word' id='word_1_466' title='bbox 1500 3600 1704 3655; x_wconf 74' lang='lat' dir='ltr'><strong>saevitia</strong></span> <span class='ocrx_word' id='word_1_467' title='bbox 1733 3617 1747 3654; x_wconf 88' lang='lat'><strong>:</strong></span> 
     </span>
    </p>
   </div>
   <div class='ocr_carea' id='block_1_66' title="bbox 141 3691 1751 3763">
    <p class='ocr_par' dir='ltr' id='par_1_66' title="bbox 141 3691 1751 3763">
     <span class='ocr_line' id='line_1_66' title="bbox 141 3691 1751 3763; baseline -0.004 -13"><span class='ocrx_word' id='word_1_468' title='bbox 141 3695 433 3750; x_wconf 83' lang='lat' dir='ltr'><strong>incassum</strong></span> <span class='ocrx_word' id='word_1_469' title='bbox 479 3701 532 3747; x_wconf 89' lang='lat' dir='ltr'><strong>te</strong></span> <span class='ocrx_word' id='word_1_470' title='bbox 560 3693 906 3763; x_wconf 81' lang='lat' dir='ltr'><strong>exstinguere</strong></span> <span class='ocrx_word' id='word_1_471' title='bbox 932 3707 1120 3746; x_wconf 90' lang='lat' dir='ltr'><strong>eorum</strong></span> <span class='ocrx_word' id='word_1_472' title='bbox 1169 3693 1485 3745; x_wconf 85' lang='lat' dir='ltr'><strong>memoriam</strong></span> <span class='ocrx_word' id='word_1_473' title='bbox 1517 3691 1751 3746; x_wconf 78' lang='lat' dir='ltr'><strong>credidi-</strong></span> 
     </span>
    </p>
   </div>
   <div class='ocr_carea' id='block_1_67' title="bbox 138 3782 1753 3854">
    <p class='ocr_par' dir='ltr' id='par_1_67' title="bbox 138 3782 1753 3854">
     <span class='ocr_line' id='line_1_67' title="bbox 138 3782 1753 3854; baseline -0.002 -13"><span class='ocrx_word' id='word_1_474' title='bbox 138 3786 258 3850; x_wconf 85' lang='lat' dir='ltr'><strong>sti,</strong></span> <span class='ocrx_word' id='word_1_475' title='bbox 312 3798 543 3854; x_wconf 90' lang='lat' dir='ltr'><strong>quorum</strong></span> <span class='ocrx_word' id='word_1_476' title='bbox 575 3782 802 3852; x_wconf 88' lang='lat' dir='ltr'><strong>gloriam</strong></span> <span class='ocrx_word' id='word_1_477' title='bbox 831 3782 1172 3854; x_wconf 84' lang='lat' dir='ltr'><strong>prepagasti.</strong></span> <span class='ocrx_word' id='word_1_478' title='bbox 1209 3782 1494 3852; x_wconf 88' lang='lat' dir='ltr'><strong>Dispergis</strong></span> <span class='ocrx_word' id='word_1_479' title='bbox 1537 3793 1753 3837; x_wconf 88' lang='lat' dir='ltr'><strong>sancto-</strong></span> 
     </span>
    </p>
   </div>
   <div class='ocr_carea' id='block_1_68' title="bbox 139 3872 1750 3945">
    <p class='ocr_par' dir='ltr' id='par_1_68' title="bbox 139 3872 1750 3945">
     <span class='ocr_line' id='line_1_68' title="bbox 139 3872 1750 3945; baseline -0.004 -14"><span class='ocrx_word' id='word_1_480' title='bbox 139 3892 274 3931; x_wconf 89' lang='lat' dir='ltr'><strong>rum</strong></span> <span class='ocrx_word' id='word_1_481' title='bbox 323 3875 599 3945; x_wconf 86' lang='lat' dir='ltr'><strong>pulverem</strong></span> <span class='ocrx_word' id='word_1_482' title='bbox 647 3873 867 3928; x_wconf 88' lang='lat' dir='ltr'><strong>fluentis</strong></span> <span class='ocrx_word' id='word_1_483' title='bbox 920 3872 1171 3927; x_wconf 82' lang='lat' dir='ltr'><strong>Rhodani</strong></span> <span class='ocrx_word' id='word_1_484' title='bbox 1225 3887 1295 3927; x_wconf 92' lang='lat' dir='ltr'><strong>ne</strong></span> <span class='ocrx_word' id='word_1_485' title='bbox 1342 3881 1608 3943; x_wconf 88' lang='lat' dir='ltr'><strong>resurgat,</strong></span> <span class='ocrx_word' id='word_1_486' title='bbox 1655 3872 1750 3926; x_wconf 89' lang='lat' dir='ltr'><strong>sed</strong></span> 
     </span>
    </p>
   </div>
   <div class='ocr_carea' id='block_1_69' title="bbox 137 3967 1748 4042">
    <p class='ocr_par' dir='ltr' id='par_1_69' title="bbox 137 3967 1748 4042">
     <span class='ocr_line' id='line_1_69' title="bbox 137 3967 1748 4042; baseline -0.003 -17"><span class='ocrx_word' id='word_1_487' title='bbox 137 3968 312 4042; x_wconf 85' lang='lat' dir='ltr'><strong>aquis</strong></span> <span class='ocrx_word' id='word_1_488' title='bbox 340 3968 674 4024; x_wconf 81' lang='lat' dir='ltr'><strong>resurrectio</strong></span> <span class='ocrx_word' id='word_1_489' title='bbox 704 3982 809 4022; x_wconf 94' lang='lat' dir='ltr'><strong>non</strong></span> <span class='ocrx_word' id='word_1_490' title='bbox 839 3967 1198 4032; x_wconf 89' lang='lat' dir='ltr'><strong>consumitur,</strong></span> <span class='ocrx_word' id='word_1_491' title='bbox 1229 3981 1352 4037; x_wconf 67' lang='lat' dir='ltr'><strong>quae</strong></span> <span class='ocrx_word' id='word_1_492' title='bbox 1388 3981 1483 4036; x_wconf 89' lang='lat' dir='ltr'><strong>per</strong></span> <span class='ocrx_word' id='word_1_493' title='bbox 1523 3968 1748 4034; x_wconf 88' lang='lat' dir='ltr'><strong>gratiam</strong></span> 
     </span>
    </p>
   </div>
   <div class='ocr_carea' id='block_1_70' title="bbox 138 4057 1748 4132">
    <p class='ocr_par' dir='ltr' id='par_1_70' title="bbox 138 4057 1748 4132">
     <span class='ocr_line' id='line_1_70' title="bbox 138 4057 1748 4132; baseline -0.005 -14"><span class='ocrx_word' id='word_1_494' title='bbox 138 4059 595 4132; x_wconf 87' lang='lat' dir='ltr'><strong>regenerationis</strong></span> <span class='ocrx_word' id='word_1_495' title='bbox 641 4058 804 4112; x_wconf 86' lang='lat' dir='ltr'><strong>etiam</strong></span> <span class='ocrx_word' id='word_1_496' title='bbox 850 4072 1109 4127; x_wconf 90' lang='lat' dir='ltr'><strong>aquarum</strong></span> <span class='ocrx_word' id='word_1_497' title='bbox 1160 4071 1384 4111; x_wconf 90' lang='lat' dir='ltr'><strong>munere</strong></span> <span class='ocrx_word' id='word_1_498' title='bbox 1425 4057 1748 4111; x_wconf 88' lang='lat' dir='ltr'><strong>celebratur.</strong></span> 
     </span>
    </p>
   </div>
   <div class='ocr_carea' id='block_1_71' title="bbox 137 4147 1750 4221">
    <p class='ocr_par' dir='ltr' id='par_1_71' title="bbox 137 4147 1750 4221">
     <span class='ocr_line' id='line_1_71' title="bbox 137 4147 1750 4221; baseline -0.004 -11"><span class='ocrx_word' id='word_1_499' title='bbox 137 4152 482 4210; x_wconf 78' lang='lat' dir='ltr'><strong>Adorandas</strong></span> <span class='ocrx_word' id='word_1_500' title='bbox 529 4149 790 4221; x_wconf 88' lang='lat' dir='ltr'><strong>reliquias</strong></span> <span class='ocrx_word' id='word_1_501' title='bbox 815 4147 1084 4204; x_wconf 78' lang='lat' dir='ltr'><strong>Rhodano</strong></span> <span class='ocrx_word' id='word_1_502' title='bbox 1115 4148 1285 4203; x_wconf 89' lang='lat' dir='ltr'><strong>tradis</strong></span> <span class='ocrx_word' id='word_1_503' title='bbox 1330 4164 1346 4205; x_wconf 91' lang='lat'><strong>:</strong></span> <span class='ocrx_word' id='word_1_504' title='bbox 1381 4152 1483 4204; x_wconf 91' lang='lat' dir='ltr'><strong>hoc</strong></span> <span class='ocrx_word' id='word_1_505' title='bbox 1514 4147 1641 4203; x_wconf 90' lang='lat' dir='ltr'><strong>facit</strong></span> <span class='ocrx_word' id='word_1_506' title='bbox 1669 4147 1750 4204; x_wconf 85' lang='lat' dir='ltr'><strong>vis</strong></span> 
     </span>
    </p>
   </div>
   <div class='ocr_carea' id='block_1_72' title="bbox 138 4239 1748 4311">
    <p class='ocr_par' dir='ltr' id='par_1_72' title="bbox 138 4239 1748 4311">
     <span class='ocr_line' id='line_1_72' title="bbox 138 4239 1748 4311; baseline -0.006 -9"><span class='ocrx_word' id='word_1_507' title='bbox 138 4243 400 4302; x_wconf 79' lang='lat' dir='ltr'><strong>ﬂuminis</strong></span> <span class='ocrx_word' id='word_1_508' title='bbox 447 4243 500 4298; x_wconf 92' lang='lat' dir='ltr'><strong>in</strong></span> <span class='ocrx_word' id='word_1_509' title='bbox 549 4241 796 4311; x_wconf 87' lang='lat' dir='ltr'><strong>cerporis</strong></span> <span class='ocrx_word' id='word_1_510' title='bbox 845 4239 1219 4307; x_wconf 90' lang='lat' dir='ltr'><strong>resolutione,</strong></span> <span class='ocrx_word' id='word_1_511' title='bbox 1267 4239 1408 4309; x_wconf 86' lang='lat' dir='ltr'><strong>quod</strong></span> <span class='ocrx_word' id='word_1_512' title='bbox 1467 4240 1748 4308; x_wconf 84' lang='lat' dir='ltr'><strong>temporis.</strong></span> 
     </span>
    </p>
   </div>
   <div class='ocr_carea' id='block_1_73' title="bbox 136 4332 1746 4406">
    <p class='ocr_par' dir='ltr' id='par_1_73' title="bbox 136 4332 1746 4406">
     <span class='ocr_line' id='line_1_73' title="bbox 136 4332 1746 4406; baseline -0.004 -13"><span class='ocrx_word' id='word_1_513' title='bbox 136 4334 432 4406; x_wconf 83' lang='lat' dir='ltr'><strong>Quidquid</strong></span> <span class='ocrx_word' id='word_1_514' title='bbox 462 4333 642 4404; x_wconf 85' lang='lat' dir='ltr'><strong>itaque</strong></span> <span class='ocrx_word' id='word_1_515' title='bbox 665 4349 728 4389; x_wconf 74' lang='lat' dir='ltr'><strong>ex</strong></span> <span class='ocrx_word' id='word_1_516' title='bbox 754 4333 987 4388; x_wconf 89' lang='lat' dir='ltr'><strong>humana</strong></span> <span class='ocrx_word' id='word_1_517' title='bbox 1016 4333 1318 4388; x_wconf 88' lang='lat' dir='ltr'><strong>substantia</strong></span> <span class='ocrx_word' id='word_1_518' title='bbox 1345 4333 1460 4387; x_wconf 87' lang='lat' dir='ltr'><strong>avis</strong></span> <span class='ocrx_word' id='word_1_519' title='bbox 1488 4332 1746 4401; x_wconf 87' lang='lat' dir='ltr'><strong>rapuerit,</strong></span> 
     </span>
    </p>
   </div>
   <div class='ocr_carea' id='block_1_74' title="bbox 137 4423 1750 4495">
    <p class='ocr_par' dir='ltr' id='par_1_74' title="bbox 137 4423 1750 4495">
     <span class='ocr_line' id='line_1_74' title="bbox 137 4423 1750 4495; baseline -0.005 -9"><span class='ocrx_word' id='word_1_520' title='bbox 137 4429 331 4486; x_wconf 85' lang='lat' dir='ltr'><strong>bestia</strong></span> <span class='ocrx_word' id='word_1_521' title='bbox 363 4426 730 4495; x_wconf 84' lang='lat' dir='ltr'><strong>devoraverit,</strong></span> <span class='ocrx_word' id='word_1_522' title='bbox 765 4425 907 4481; x_wconf 89' lang='lat' dir='ltr'><strong>unda</strong></span> <span class='ocrx_word' id='word_1_523' title='bbox 952 4426 1256 4490; x_wconf 88' lang='lat' dir='ltr'><strong>sorbuerit,</strong></span> <span class='ocrx_word' id='word_1_524' title='bbox 1303 4426 1514 4480; x_wconf 88' lang='lat' dir='ltr'><strong>etiamsi</strong></span> <span class='ocrx_word' id='word_1_525' title='bbox 1544 4423 1750 4478; x_wconf 80' lang='lat' dir='ltr'><strong>tumulo</strong></span> 
     </span>
    </p>
   </div>
   <div class='ocr_carea' id='block_1_75' title="bbox 136 4517 1746 4588">
    <p class='ocr_par' dir='ltr' id='par_1_75' title="bbox 136 4517 1746 4588">
     <span class='ocr_line' id='line_1_75' title="bbox 136 4517 1746 4588; baseline -0.005 -10"><span class='ocrx_word' id='word_1_526' title='bbox 136 4537 260 4578; x_wconf 88' lang='lat' dir='ltr'><strong>non</strong></span> <span class='ocrx_word' id='word_1_527' title='bbox 318 4518 615 4585; x_wconf 89' lang='lat' dir='ltr'><strong>clauditur,</strong></span> <span class='ocrx_word' id='word_1_528' title='bbox 668 4519 808 4572; x_wconf 90' lang='lat' dir='ltr'><strong>intra</strong></span> <span class='ocrx_word' id='word_1_529' title='bbox 860 4517 1051 4573; x_wconf 92' lang='lat' dir='ltr'><strong>mundi</strong></span> <span class='ocrx_word' id='word_1_530' title='bbox 1099 4517 1361 4588; x_wconf 91' lang='lat' dir='ltr'><strong>gremium</strong></span> <span class='ocrx_word' id='word_1_531' title='bbox 1416 4517 1746 4572; x_wconf 87' lang='lat' dir='ltr'><strong>continetur.</strong></span> 
     </span>
    </p>
   </div>
   <div class='ocr_carea' id='block_1_76' title="bbox 1855 3317 3438 3391">
    <p class='ocr_par' dir='ltr' id='par_1_76' title="bbox 1855 3317 3438 3391">
     <span class='ocr_line' id='line_1_76' title="bbox 1855 3317 3438 3391; baseline 0.001 -19"><span class='ocrx_word' id='word_1_532' title='bbox 1855 3320 2128 3387; x_wconf 84' lang='lat' dir='ltr'><strong>pretiosus</strong></span> <span class='ocrx_word' id='word_1_533' title='bbox 2169 3317 2346 3388; x_wconf 86' lang='lat' dir='ltr'><strong>pulvis</strong></span> <span class='ocrx_word' id='word_1_534' title='bbox 2372 3317 2736 3388; x_wconf 72' lang='lat' dir='ltr'><strong>per&#39;diversas</strong></span> <span class='ocrx_word' id='word_1_535' title='bbox 2775 3319 3160 3391; x_wconf 74' lang='lat' dir='ltr'><strong>usquequaque</strong></span> <span class='ocrx_word' id='word_1_536' title='bbox 3190 3319 3438 3390; x_wconf 79' lang='lat' dir='ltr'><strong>regiones</strong></span> 
     </span>
    </p>
   </div>
   <div class='ocr_carea' id='block_1_77' title="bbox 1852 3405 3441 3481">
    <p class='ocr_par' dir='ltr' id='par_1_77' title="bbox 1852 3405 3441 3481">
     <span class='ocr_line' id='line_1_77' title="bbox 1852 3405 3441 3481; baseline 0.001 -18"><span class='ocrx_word' id='word_1_537' title='bbox 1852 3405 1906 3464; x_wconf 80' lang='lat' dir='ltr'><strong>in</strong></span> <span class='ocrx_word' id='word_1_538' title='bbox 1947 3411 2274 3479; x_wconf 86' lang='lat' dir='ltr'><strong>populorum</strong></span> <span class='ocrx_word' id='word_1_539' title='bbox 2325 3409 2716 3465; x_wconf 84' lang='lat' dir='ltr'><strong>disseminatur</strong></span> <span class='ocrx_word' id='word_1_540' title='bbox 2746 3412 3000 3477; x_wconf 81' lang='lat' dir='ltr'><strong>salutem,</strong></span> <span class='ocrx_word' id='word_1_541' title='bbox 3055 3411 3273 3480; x_wconf 87' lang='lat' dir='ltr'><strong>plenum</strong></span> <span class='ocrx_word' id='word_1_542' title='bbox 3307 3419 3441 3481; x_wconf 87' lang='lat' dir='ltr'><strong>quo-</strong></span> 
     </span>
    </p>
   </div>
   <div class='ocr_carea' id='block_1_78' title="bbox 1851 3499 3441 3572">
    <p class='ocr_par' dir='ltr' id='par_1_78' title="bbox 1851 3499 3441 3572">
     <span class='ocr_line' id='line_1_78' title="bbox 1851 3499 3441 3572; baseline 0 -16"><span class='ocrx_word' id='word_1_543' title='bbox 1851 3505 2089 3570; x_wconf 76' lang='lat' dir='ltr'><strong>cumque</strong></span> <span class='ocrx_word' id='word_1_544' title='bbox 2115 3501 2226 3556; x_wconf 77' lang='lat' dir='ltr'><strong>Ioci‘</strong></span> <span class='ocrx_word' id='word_1_545' title='bbox 2246 3500 2450 3556; x_wconf 85' lang='lat' dir='ltr'><strong>cultum</strong></span> <span class='ocrx_word' id='word_1_546' title='bbox 2493 3502 2562 3557; x_wconf 91' lang='lat' dir='ltr'><strong>de</strong></span> <span class='ocrx_word' id='word_1_547' title='bbox 2593 3502 2800 3558; x_wconf 78' lang='lat' dir='ltr'><strong>honore</strong></span> <span class='ocrx_word' id='word_1_548' title='bbox 2831 3503 2924 3559; x_wconf 83' lang='lat' dir='ltr'><strong>Dei</strong></span> <span class='ocrx_word' id='word_1_549' title='bbox 2959 3499 3200 3572; x_wconf 74' lang='lat' dir='ltr'><strong>iiti‘pens’a</strong></span> <span class='ocrx_word' id='word_1_550' title='bbox 3229 3499 3441 3558; x_wconf 80' lang='lat' dir='ltr'><strong>sibi’re&#39;-</strong></span> 
     </span>
    </p>
   </div>
   <div class='ocr_carea' id='block_1_79' title="bbox 1855 3593 3440 3667">
    <p class='ocr_par' dir='ltr' id='par_1_79' title="bbox 1855 3593 3440 3667">
     <span class='ocr_line' id='line_1_79' title="bbox 1855 3593 3440 3667; baseline 0.003 -19"><span class='ocrx_word' id='word_1_551' title='bbox 1855 3594 2054 3666; x_wconf 50' lang='lat' dir='ltr'><strong>ligio’ne</strong></span> <span class='ocrx_word' id='word_1_552' title='bbox 2084 3593 2407 3666; x_wconf 81' lang='lat' dir='ltr'><strong>suscipiunt,</strong></span> <span class='ocrx_word' id='word_1_553' title='bbox 2440 3603 2492 3650; x_wconf 89' lang='lat' dir='ltr'><strong>et</strong></span> <span class='ocrx_word' id='word_1_554' title='bbox 2522 3605 2726 3667; x_wconf 89' lang='lat' dir='ltr'><strong>quanto‘</strong></span> <span class='ocrx_word' id='word_1_555' title='bbox 2768 3595 3101 3652; x_wconf 82' lang='lat' dir='ltr'><strong>Celebratnm</strong></span> <span class='ocrx_word' id='word_1_556' title='bbox 3132 3596 3292 3652; x_wconf 78' lang='lat' dir='ltr'><strong>inerit</strong></span> <span class='ocrx_word' id='word_1_557' title='bbox 3336 3596 3440 3652; x_wconf 81' lang='lat' dir='ltr'><strong>fide</strong></span> 
     </span>
    </p>
   </div>
   <div class='ocr_carea' id='block_1_80' title="bbox 1854 3688 3434 3758">
    <p class='ocr_par' dir='ltr' id='par_1_80' title="bbox 1854 3688 3434 3758">
     <span class='ocr_line' id='line_1_80' title="bbox 1854 3688 3434 3758; baseline 0.001 -15"><span class='ocrx_word' id='word_1_558' title='bbox 1854 3688 2064 3752; x_wconf 74' lang='lat' dir='ltr'><strong>ditiori‘,</strong></span> <span class='ocrx_word' id='word_1_559' title='bbox 2099 3693 2248 3742; x_wconf 89' lang='lat' dir='ltr'><strong>tant’o</strong></span> <span class='ocrx_word' id='word_1_560' title='bbox 2294 3689 2397 3743; x_wconf 88' lang='lat' dir='ltr'><strong>erit</strong></span> <span class='ocrx_word' id='word_1_561' title='bbox 2439 3690 2520 3744; x_wconf 80' lang='lat' dir='ltr'><strong>eis</strong></span> <span class='ocrx_word' id='word_1_562' title='bbox 2553 3691 2723 3758; x_wconf 86' lang='lat' dir='ltr'><strong>gratia</strong></span> <span class='ocrx_word' id='word_1_563' title='bbox 2757 3689 3088 3744; x_wconf 82' lang='lat' dir='ltr'><strong>celebritatis</strong></span> <span class='ocrx_word' id='word_1_564' title='bbox 3142 3689 3434 3757; x_wconf 79' lang='lat' dir='ltr'><strong>acceptior.</strong></span> 
     </span>
    </p>
   </div>
   <div class='ocr_carea' id='block_1_81' title="bbox 1852 3779 3440 3852">
    <p class='ocr_par' dir='ltr' id='par_1_81' title="bbox 1852 3779 3440 3852">
     <span class='ocr_line' id='line_1_81' title="bbox 1852 3779 3440 3852; baseline -0.002 -12"><span class='ocrx_word' id='word_1_565' title='bbox 1852 3783 1958 3840; x_wconf 85' lang='lat' dir='ltr'><strong>Sed</strong></span> <span class='ocrx_word' id='word_1_566' title='bbox 1987 3779 2578 3852; x_wconf 59' lang='lat' dir='ltr'><strong>absque&#39;dubio&#39;mul‘to</strong></span> <span class='ocrx_word' id='word_1_567' title='bbox 2599 3784 2678 3837; x_wconf 91' lang='lat' dir='ltr'><strong>eis</strong></span> <span class='ocrx_word' id='word_1_568' title='bbox 2700 3785 2924 3852; x_wconf 82' lang='lat' dir='ltr'><strong>gratius,</strong></span> <span class='ocrx_word' id='word_1_569' title='bbox 2956 3783 3123 3838; x_wconf 76' lang='lat' dir='ltr'><strong>multo</strong></span> <span class='ocrx_word' id='word_1_570' title='bbox 3152 3782 3440 3852; x_wconf 85' lang='lat' dir='ltr'><strong>jucundius</strong></span> 
     </span>
    </p>
   </div>
   <div class='ocr_carea' id='block_1_82' title="bbox 1853 3869 3438 3944">
    <p class='ocr_par' dir='ltr' id='par_1_82' title="bbox 1853 3869 3438 3944">
     <span class='ocr_line' id='line_1_82' title="bbox 1853 3869 3438 3944; baseline -0.002 -14"><span class='ocrx_word' id='word_1_571' title='bbox 1853 3885 1957 3940; x_wconf 86' lang='lat' dir='ltr'><strong>est,</strong></span> <span class='ocrx_word' id='word_1_572' title='bbox 1985 3876 2030 3929; x_wconf 90' lang='lat' dir='ltr'><strong>si</strong></span> <span class='ocrx_word' id='word_1_573' title='bbox 2075 3889 2169 3930; x_wconf 89' lang='lat' dir='ltr'><strong>eos</strong></span> <span class='ocrx_word' id='word_1_574' title='bbox 2201 3875 2272 3929; x_wconf 92' lang='lat' dir='ltr'><strong>ibi</strong></span> <span class='ocrx_word' id='word_1_575' title='bbox 2305 3874 2649 3942; x_wconf 83' lang='lat' dir='ltr'><strong>potissimum</strong></span> <span class='ocrx_word' id='word_1_576' title='bbox 2705 3873 2883 3930; x_wconf 84' lang='lat' dir='ltr'><strong>fervor</strong></span> <span class='ocrx_word' id='word_1_577' title='bbox 2933 3875 3150 3929; x_wconf 76' lang='lat' dir='ltr'><strong>excolat</strong></span> <span class='ocrx_word' id='word_1_578' title='bbox 3201 3869 3438 3944; x_wconf 82' lang='lat' dir='ltr'><strong>pietatis,</strong></span> 
     </span>
    </p>
   </div>
   <div class='ocr_carea' id='block_1_83' title="bbox 1854 3961 3440 4036">
    <p class='ocr_par' dir='ltr' id='par_1_83' title="bbox 1854 3961 3440 4036">
     <span class='ocr_line' id='line_1_83' title="bbox 1854 3961 3440 4036; baseline 0 -16"><span class='ocrx_word' id='word_1_579' title='bbox 1854 3965 1950 4020; x_wconf 84' lang='lat' dir='ltr'><strong>ubi</strong></span> <span class='ocrx_word' id='word_1_580' title='bbox 1977 3979 2142 4034; x_wconf 83' lang='lat' dir='ltr'><strong>super</strong></span> <span class='ocrx_word' id='word_1_581' title='bbox 2172 3978 2270 4020; x_wconf 90' lang='lat' dir='ltr'><strong>eos</strong></span> <span class='ocrx_word' id='word_1_582' title='bbox 2296 3963 2451 4019; x_wconf 82' lang='lat' dir='ltr'><strong>furor</strong></span> <span class='ocrx_word' id='word_1_583' title='bbox 2502 3966 2741 4020; x_wconf 82' lang='lat' dir='ltr'><strong>incubuit</strong></span> <span class='ocrx_word' id='word_1_584' title='bbox 2774 3967 3072 4036; x_wconf 81' lang='lat' dir='ltr'><strong>passionis;</strong></span> <span class='ocrx_word' id='word_1_585' title='bbox 3121 3965 3165 4021; x_wconf 85' lang='lat' dir='ltr'><strong>si</strong></span> <span class='ocrx_word' id='word_1_586' title='bbox 3214 3961 3322 4020; x_wconf 79' lang='lat' dir='ltr'><strong>illic</strong></span> <span class='ocrx_word' id='word_1_587' title='bbox 3360 3966 3440 4021; x_wconf 87' lang='lat' dir='ltr'><strong>eis</strong></span> 
     </span>
    </p>
   </div>
   <div class='ocr_carea' id='block_1_84' title="bbox 1854 4053 3438 4127">
    <p class='ocr_par' dir='ltr' id='par_1_84' title="bbox 1854 4053 3438 4127">
     <span class='ocr_line' id='line_1_84' title="bbox 1854 4053 3438 4127; baseline 0.001 -15"><span class='ocrx_word' id='word_1_588' title='bbox 1854 4059 2322 4127; x_wconf 69' lang='lat' dir='ltr'><strong>snpplicationum&#39;</strong></span> <span class='ocrx_word' id='word_1_589' title='bbox 2342 4057 2608 4112; x_wconf 74' lang='lat' dir='ltr'><strong>sacriﬁcia</strong></span> <span class='ocrx_word' id='word_1_590' title='bbox 2640 4055 2974 4124; x_wconf 78' lang='lat' dir='ltr'><strong>deferantur,</strong></span> <span class='ocrx_word' id='word_1_591' title='bbox 3011 4059 3108 4114; x_wconf 76' lang='lat' dir='ltr'><strong>ubi</strong></span> <span class='ocrx_word' id='word_1_592' title='bbox 3139 4058 3196 4112; x_wconf 81' lang='lat' dir='ltr'><strong>in</strong></span> <span class='ocrx_word' id='word_1_593' title='bbox 3227 4053 3320 4112; x_wconf 74' lang='lat' dir='ltr'><strong>Dei</strong></span> <span class='ocrx_word' id='word_1_594' title='bbox 3351 4065 3438 4113; x_wconf 80' lang='lat' dir='ltr'><strong>sa-</strong></span> 
     </span>
    </p>
   </div>
   <div class='ocr_carea' id='block_1_85' title="bbox 1854 4145 3430 4219">
    <p class='ocr_par' dir='ltr' id='par_1_85' title="bbox 1854 4145 3430 4219">
     <span class='ocr_line' id='line_1_85' title="bbox 1854 4145 3430 4219; baseline -0.001 -13"><span class='ocrx_word' id='word_1_595' title='bbox 1854 4151 2118 4206; x_wconf 77' lang='lat' dir='ltr'><strong>criﬁcium</strong></span> <span class='ocrx_word' id='word_1_596' title='bbox 2144 4151 2576 4219; x_wconf 83' lang='lat' dir='ltr'><strong>procubuerunt;</strong></span> <span class='ocrx_word' id='word_1_597' title='bbox 2608 4151 2652 4205; x_wconf 87' lang='lat' dir='ltr'><strong>si</strong></span> <span class='ocrx_word' id='word_1_598' title='bbox 2690 4149 2801 4205; x_wconf 83' lang='lat' dir='ltr'><strong>ill‘ic</strong></span> <span class='ocrx_word' id='word_1_599' title='bbox 2831 4145 3062 4205; x_wconf 58' lang='lat' dir='ltr'><strong>eis&#39;vota‘</strong></span> <span class='ocrx_word' id='word_1_600' title='bbox 3087 4145 3272 4204; x_wconf 68' lang='lat' dir='ltr'><strong>tundat</strong></span> <span class='ocrx_word' id='word_1_601' title='bbox 3303 4159 3430 4218; x_wconf 72' lang='lat' dir='ltr'><strong>pra:-</strong></span> 
     </span>
    </p>
   </div>
   <div class='ocr_carea' id='block_1_86' title="bbox 1851 4239 3438 4312">
    <p class='ocr_par' dir='ltr' id='par_1_86' title="bbox 1851 4239 3438 4312">
     <span class='ocr_line' id='line_1_86' title="bbox 1851 4239 3438 4312; baseline 0 -15"><span class='ocrx_word' id='word_1_602' title='bbox 1851 4240 2083 4297; x_wconf 82' lang='lat' dir='ltr'><strong>d&#39;rcand’a</strong></span> <span class='ocrx_word' id='word_1_603' title='bbox 2119 4241 2444 4308; x_wconf 83' lang='lat' dir='ltr'><strong>posteritas,</strong></span> <span class='ocrx_word' id='word_1_604' title='bbox 2479 4239 2956 4296; x_wconf 80' lang='lat' dir='ltr'><strong>ubiiiinocentem</strong></span> <span class='ocrx_word' id='word_1_605' title='bbox 3007 4239 3320 4312; x_wconf 80' lang='lat' dir='ltr'><strong>sangtiineiii</strong></span> <span class='ocrx_word' id='word_1_606' title='bbox 3356 4239 3438 4297; x_wconf 78' lang='lat' dir='ltr'><strong>fc-</strong></span> 
     </span>
    </p>
   </div>
   <div class='ocr_carea' id='block_1_87' title="bbox 1852 4325 3436 4404">
    <p class='ocr_par' dir='ltr' id='par_1_87' title="bbox 1852 4325 3436 4404">
     <span class='ocr_line' id='line_1_87' title="bbox 1852 4325 3436 4404; baseline -0.001 -14"><span class='ocrx_word' id='word_1_607' title='bbox 1852 4336 1982 4390; x_wconf 78' lang='lat' dir='ltr'><strong>ralis</strong></span> <span class='ocrx_word' id='word_1_608' title='bbox 2013 4334 2253 4403; x_wconf 84' lang='lat' dir='ltr'><strong>profudit</strong></span> <span class='ocrx_word' id='word_1_609' title='bbox 2284 4336 2622 4400; x_wconf 78' lang='lat' dir='ltr'><strong>immanitas;</strong></span> <span class='ocrx_word' id='word_1_610' title='bbox 2670 4334 2981 4404; x_wconf 68' lang='lat' dir='ltr'><strong>Si’denique</strong></span> <span class='ocrx_word' id='word_1_611' title='bbox 3032 4325 3436 4390; x_wconf 60' lang='lat' dir='ltr'><strong>eosille&#39;Chrit</strong></span> 
     </span>
    </p>
   </div>
   <div class='ocr_carea' id='block_1_88' title="bbox 1853 4420 3438 4497">
    <p class='ocr_par' dir='ltr' id='par_1_88' title="bbox 1853 4420 3438 4497">
     <span class='ocr_line' id='line_1_88' title="bbox 1853 4420 3438 4497; baseline 0.001 -17"><span class='ocrx_word' id='word_1_612' title='bbox 1853 4425 2268 4482; x_wconf 63' lang='lat' dir='ltr'><strong>iiani&#39;tmmin&#39;is</strong></span> <span class='ocrx_word' id='word_1_613' title='bbox 2303 4420 3438 4497; x_wconf 52' lang='lat' dir='ltr'><strong>inimicttsvubicredidit&#39;interempmsi&#39;iﬂib</strong></span> 
     </span>
    </p>
   </div>
   <div class='ocr_carea' id='block_1_89' title="bbox 1855 4509 3437 4590">
    <p class='ocr_par' dir='ltr' id='par_1_89' title="bbox 1855 4509 3437 4590">
     <span class='ocr_line' id='line_1_89' title="bbox 1855 4509 3437 4590; baseline -0.001 -16"><span class='ocrx_word' id='word_1_614' title='bbox 1855 4521 2038 4574; x_wconf 80' lang='lat' dir='ltr'><strong>videat</strong></span> <span class='ocrx_word' id='word_1_615' title='bbox 2063 4526 2433 4574; x_wconf 80' lang='lat' dir='ltr'><strong>consecratos.</strong></span> <span class='ocrx_word' id='word_1_616' title='bbox 2489 4516 2735 4585; x_wconf 62' lang='lat' dir='ltr'><strong>Dulcius,</strong></span> <span class='ocrx_word' id='word_1_617' title='bbox 2770 4509 3007 4590; x_wconf 56' lang='lat' dir='ltr'><strong>inquam“,</strong></span> <span class='ocrx_word' id='word_1_618' title='bbox 3061 4515 3148 4574; x_wconf 74' lang='lat' dir='ltr'><strong>eis</strong></span> <span class='ocrx_word' id='word_1_619' title='bbox 3185 4511 3437 4586; x_wconf 52' lang='lat' dir='ltr'><strong>arceatur</strong></span> 
     </span>
    </p>
   </div>
   <div class='ocr_carea' id='block_1_90' title="bbox 135 4598 3437 4686">
    <p class='ocr_par' dir='ltr' id='par_1_90' title="bbox 135 4598 3437 4686">
     <span class='ocr_line' id='line_1_90' title="bbox 135 4598 3437 4686; baseline -0.003 -14"><span class='ocrx_word' id='word_1_620' title='bbox 135 4613 346 4686; x_wconf 79' lang='lat' dir='ltr'><strong>Neque</strong></span> <span class='ocrx_word' id='word_1_621' title='bbox 373 4613 518 4667; x_wconf 91' lang='lat' dir='ltr'><strong>enim</strong></span> <span class='ocrx_word' id='word_1_622' title='bbox 550 4611 822 4680; x_wconf 91' lang='lat' dir='ltr'><strong>reparatio</strong></span> <span class='ocrx_word' id='word_1_623' title='bbox 851 4611 1087 4666; x_wconf 87' lang='lat' dir='ltr'><strong>hominis</strong></span> <span class='ocrx_word' id='word_1_624' title='bbox 1116 4611 1168 4665; x_wconf 93' lang='lat' dir='ltr'><strong>in</strong></span> <span class='ocrx_word' id='word_1_625' title='bbox 1201 4609 1414 4664; x_wconf 88' lang='lat' dir='ltr'><strong>ratione</strong></span> <span class='ocrx_word' id='word_1_626' title='bbox 1440 4617 1625 4674; x_wconf 83' lang='lat' dir='ltr'><strong>terrae,</strong></span> <span class='ocrx_word' id='word_1_627' title='bbox 1653 4608 1746 4663; x_wconf 90' lang='lat' dir='ltr'><strong>sed</strong></span> <span class='ocrx_word' id='word_1_628' title='bbox 1775 4598 1825 4658; x_wconf 86' lang='lat' dir='ltr'><strong>D</strong></span> <span class='ocrx_word' id='word_1_629' title='bbox 1852 4610 2262 4681; x_wconf 81' lang='lat' dir='ltr'><strong>obse&#39;qulum,si</strong></span> <span class='ocrx_word' id='word_1_630' title='bbox 2286 4609 2714 4666; x_wconf 68' lang='lat' dir='ltr'><strong>ibi‘eos’laudnm</strong></span> <span class='ocrx_word' id='word_1_631' title='bbox 2737 4603 3086 4666; x_wconf 59' lang='lat' dir='ltr'><strong>concentum</strong></span> <span class='ocrx_word' id='word_1_632' title='bbox 3107 4605 3437 4680; x_wconf 61' lang='lat' dir='ltr'><strong>Benedictio,</strong></span> 
     </span>
    </p>
   </div>
   <div class='ocr_carea' id='block_1_91' title="bbox 135 4699 1742 4776">
    <p class='ocr_par' dir='ltr' id='par_1_91' title="bbox 135 4699 1742 4776">
     <span class='ocr_line' id='line_1_91' title="bbox 135 4699 1742 4776; baseline -0.005 -13"><span class='ocrx_word' id='word_1_633' title='bbox 135 4699 195 4763; x_wconf 84' lang='lat' dir='ltr'><strong>in</strong></span> <span class='ocrx_word' id='word_1_634' title='bbox 252 4705 401 4776; x_wconf 86' lang='lat' dir='ltr'><strong>legis</strong></span> <span class='ocrx_word' id='word_1_635' title='bbox 435 4713 623 4759; x_wconf 90' lang='lat' dir='ltr'><strong>natura</strong></span> <span class='ocrx_word' id='word_1_636' title='bbox 655 4713 710 4758; x_wconf 89' lang='lat' dir='ltr'><strong>et</strong></span> <span class='ocrx_word' id='word_1_637' title='bbox 752 4704 804 4758; x_wconf 90' lang='lat' dir='ltr'><strong>in</strong></span> <span class='ocrx_word' id='word_1_638' title='bbox 850 4703 1176 4772; x_wconf 86' lang='lat' dir='ltr'><strong>reparatoris</strong></span> <span class='ocrx_word' id='word_1_639' title='bbox 1223 4705 1424 4758; x_wconf 90' lang='lat' dir='ltr'><strong>virtute</strong></span> <span class='ocrx_word' id='word_1_640' title='bbox 1472 4701 1742 4756; x_wconf 87' lang='lat' dir='ltr'><strong>consistit.</strong></span> 
     </span>
    </p>
   </div>
   <div class='ocr_carea' id='block_1_92' title="bbox 135 4793 1745 4873">
    <p class='ocr_par' dir='ltr' id='par_1_92' title="bbox 135 4793 1745 4873">
     <span class='ocr_line' id='line_1_92' title="bbox 135 4793 1745 4873; baseline -0.006 -15"><span class='ocrx_word' id='word_1_641' title='bbox 135 4803 276 4873; x_wconf 85' lang='lat' dir='ltr'><strong>Ipse</strong></span> <span class='ocrx_word' id='word_1_642' title='bbox 305 4799 450 4856; x_wconf 89' lang='lat' dir='ltr'><strong>enim</strong></span> <span class='ocrx_word' id='word_1_643' title='bbox 476 4797 717 4854; x_wconf 87' lang='lat' dir='ltr'><strong>veridico</strong></span> <span class='ocrx_word' id='word_1_644' title='bbox 742 4809 840 4852; x_wconf 89' lang='lat' dir='ltr'><strong>ore</strong></span> <span class='ocrx_word' id='word_1_645' title='bbox 867 4805 1102 4851; x_wconf 88' lang='lat' dir='ltr'><strong>testatus</strong></span> <span class='ocrx_word' id='word_1_646' title='bbox 1126 4806 1208 4852; x_wconf 88' lang='lat' dir='ltr'><strong>est</strong></span> <span class='ocrx_word' id='word_1_647' title='bbox 1241 4811 1258 4850; x_wconf 89' lang='lat'><strong>:</strong></span> <span class='ocrx_word' id='word_1_648' title='bbox 1292 4793 1405 4867; x_wconf 77' lang='lat' dir='ltr'><strong>Ego</strong></span> <span class='ocrx_word' id='word_1_649' title='bbox 1434 4801 1548 4849; x_wconf 74' lang='lat' dir='ltr'><strong>sum</strong></span> <span class='ocrx_word' id='word_1_650' title='bbox 1574 4807 1745 4849; x_wconf 73' lang='lat' dir='ltr'><strong>resur-</strong></span> 
     </span>
    </p>
   </div>
   <div class='ocr_carea' id='block_1_93' title="bbox 1857 4696 3440 4774">
    <p class='ocr_par' dir='ltr' id='par_1_93' title="bbox 1857 4696 3440 4774">
     <span class='ocr_line' id='line_1_93' title="bbox 1857 4696 3440 4774; baseline 0 -16"><span class='ocrx_word' id='word_1_651' title='bbox 1857 4704 1960 4760; x_wconf 79' lang='lat' dir='ltr'><strong>nbi-</strong></span> <span class='ocrx_word' id='word_1_652' title='bbox 1980 4717 2147 4774; x_wconf 89' lang='lat' dir='ltr'><strong>super</strong></span> <span class='ocrx_word' id='word_1_653' title='bbox 2185 4717 2284 4760; x_wconf 84' lang='lat' dir='ltr'><strong>eos</strong></span> <span class='ocrx_word' id='word_1_654' title='bbox 2319 4703 2740 4760; x_wconf 72' lang='lat' dir='ltr'><strong>tribulationum</strong></span> <span class='ocrx_word' id='word_1_655' title='bbox 2763 4701 2992 4759; x_wconf 66' lang='lat' dir='ltr'><strong>desaevit</strong></span> <span class='ocrx_word' id='word_1_656' title='bbox 3021 4696 3360 4774; x_wconf 62' lang='lat' dir='ltr'><strong>magnitudo;</strong></span> <span class='ocrx_word' id='word_1_657' title='bbox 3393 4705 3440 4760; x_wconf 90' lang='lat' dir='ltr'><strong>si</strong></span> 
     </span>
    </p>
   </div>
   <div class='ocr_carea' id='block_1_94' title="bbox 1857 4782 3436 4867">
    <p class='ocr_par' dir='ltr' id='par_1_94' title="bbox 1857 4782 3436 4867">
     <span class='ocr_line' id='line_1_94' title="bbox 1857 4782 3436 4867; baseline 0 -17"><span class='ocrx_word' id='word_1_658' title='bbox 1857 4795 1992 4850; x_wconf 69' lang='lat' dir='ltr'><strong>inde</strong></span> <span class='ocrx_word' id='word_1_659' title='bbox 2025 4795 2348 4850; x_wconf 63' lang='lat' dir='ltr'><strong>immemor</strong></span> <span class='ocrx_word' id='word_1_660' title='bbox 2373 4796 2440 4851; x_wconf 80' lang='lat' dir='ltr'><strong>ad</strong></span> <span class='ocrx_word' id='word_1_661' title='bbox 2466 4793 2815 4866; x_wconf 64' lang='lat' dir='ltr'><strong>summm,</strong></span> <span class='ocrx_word' id='word_1_662' title='bbox 2869 4782 3030 4851; x_wconf 62' lang='lat' dir='ltr'><strong>niiiil!‘</strong></span> <span class='ocrx_word' id='word_1_663' title='bbox 3047 4793 3436 4867; x_wconf 51' lang='lat' dir='ltr'><strong>primumut:</strong></span> 
     </span>
    </p>
   </div>
   <div class='ocr_carea' id='block_1_95' title="bbox 131 4869 3437 4960">
    <p class='ocr_par' dir='ltr' id='par_1_95' title="bbox 131 4869 3437 4960">
     <span class='ocr_line' id='line_1_95' title="bbox 131 4869 3437 4960; baseline -0.001 -12"><span class='ocrx_word' id='word_1_664' title='bbox 131 4869 316 4948; x_wconf 60' lang='lat' dir='ltr'><strong>rcaio</strong></span> <span class='ocrx_word' id='word_1_665' title='bbox 336 4899 386 4945; x_wconf 80' lang='lat' dir='ltr'><strong>et</strong></span> <span class='ocrx_word' id='word_1_666' title='bbox 416 4888 722 4956; x_wconf 70' lang='lat' dir='ltr'><strong>vita&#39;tltian.</strong></span> <span class='ocrx_word' id='word_1_667' title='bbox 749 4903 822 4954; x_wconf 71' lang='grc' dir='ltr'><strong>ιι,</strong></span> <span class='ocrx_word' id='word_1_668' title='bbox 846 4885 974 4960; x_wconf 72' lang='lat'><strong>25),</strong></span> <span class='ocrx_word' id='word_1_669' title='bbox 1003 4887 1256 4956; x_wconf 73' lang='lat' dir='ltr'><strong>qui’vivit</strong></span> <span class='ocrx_word' id='word_1_670' title='bbox 1283 4888 1337 4942; x_wconf 93' lang='lat' dir='ltr'><strong>in</strong></span> <span class='ocrx_word' id='word_1_671' title='bbox 1365 4887 1570 4942; x_wconf 74' lang='lat' dir='ltr'><strong>saecula</strong></span> <span class='ocrx_word' id='word_1_672' title='bbox 1588 4887 1752 4942; x_wconf 74' lang='lat' dir='ltr'><strong>sacen-</strong></span> <span class='ocrx_word' id='word_1_673' title='bbox 1861 4887 2117 4944; x_wconf 80' lang='lat' dir='ltr'><strong>rectionis</strong></span> <span class='ocrx_word' id='word_1_674' title='bbox 2138 4889 2292 4958; x_wconf 73' lang='lat' dir='ltr'><strong>signo</strong></span> <span class='ocrx_word' id='word_1_675' title='bbox 2320 4869 2803 4943; x_wconf 65' lang='lat' dir='ltr'><strong>evbcabuntur&#39;ad&#39;</strong></span> <span class='ocrx_word' id='word_1_676' title='bbox 2823 4883 3125 4959; x_wconf 57' lang='lat' dir='ltr'><strong>premam;</strong></span> <span class='ocrx_word' id='word_1_677' title='bbox 3157 4887 3290 4958; x_wconf 69' lang='lat' dir='ltr'><strong>Qliirt</strong></span> <span class='ocrx_word' id='word_1_678' title='bbox 3316 4887 3437 4944; x_wconf 70' lang='lat' dir='ltr'><strong>cum</strong></span> 
     </span>
    </p>
   </div>
   <div class='ocr_carea' id='block_1_96' title="bbox 131 4975 588 5042">
    <p class='ocr_par' dir='ltr' id='par_1_96' title="bbox 131 4975 588 5042">
     <span class='ocr_line' id='line_1_96' title="bbox 131 4975 588 5042; baseline -0.015 -2"><span class='ocrx_word' id='word_1_679' title='bbox 131 4985 357 5042; x_wconf 87' lang='lat' dir='ltr'><strong>lorum.</strong></span> <span class='ocrx_word' id='word_1_680' title='bbox 398 4975 588 5037; x_wconf 79' lang='lat' dir='ltr'><strong>Amen.</strong></span> 
     </span>
    </p>
   </div>
   <div class='ocr_carea' id='block_1_97' title="bbox 804 5067 1120 5125">
    <p class='ocr_par' dir='ltr' id='par_1_97' title="bbox 804 5067 1120 5125">
     <span class='ocr_line' id='line_1_97' title="bbox 804 5067 1120 5125; baseline -0.006 0"><span class='ocrx_word' id='word_1_681' title='bbox 804 5067 945 5125; x_wconf 67' lang='lat' dir='ltr'><strong>&quot;OM</strong></span> <span class='ocrx_word' id='word_1_682' title='bbox 963 5067 1094 5124; x_wconf 75' lang='lat' dir='ltr'><strong>ILIA</strong></span> <span class='ocrx_word' id='word_1_683' title='bbox 1105 5109 1120 5124; x_wconf 95' lang='lat'><strong>.</strong></span> 
     </span>
    </p>
   </div>
   <div class='ocr_carea' id='block_1_98' title="bbox 135 5159 1750 5234">
    <p class='ocr_par' dir='ltr' id='par_1_98' title="bbox 135 5159 1750 5234">
     <span class='ocr_line' id='line_1_98' title="bbox 135 5159 1750 5234; baseline -0.015 -9"><span class='ocrx_word' id='word_1_684' title='bbox 135 5163 226 5225; x_wconf 80' lang='lat' dir='ltr'><strong>De</strong></span> <span class='ocrx_word' id='word_1_685' title='bbox 265 5163 802 5234; x_wconf 74' lang='lat' dir='ltr'><strong>sanctis&#39;martyribus</strong></span> <span class='ocrx_word' id='word_1_686' title='bbox 828 5159 1140 5234; x_wconf 72' lang='lat' dir='ltr'><strong>Ephipodio</strong></span> <span class='ocrx_word' id='word_1_687' title='bbox 1167 5159 1508 5232; x_wconf 76' lang='lat' dir='ltr'><strong>[Epiphodt&#39;o,</strong></span> <span class='ocrx_word' id='word_1_688' title='bbox 1553 5159 1750 5230; x_wconf 66' lang='lat' dir='ltr'><strong>Many.</strong></span> 
     </span>
    </p>
   </div>
   <div class='ocr_carea' id='block_1_99' title="bbox 524 5232 1391 5305">
    <p class='ocr_par' dir='ltr' id='par_1_99' title="bbox 524 5232 1391 5305">
     <span class='ocr_line' id='line_1_99' title="bbox 524 5232 1391 5305; baseline -0.005 -14"><span class='ocrx_word' id='word_1_689' title='bbox 524 5232 729 5291; x_wconf 48' lang='lat' dir='ltr'><strong>rela‘lﬁ</strong></span> <span class='ocrx_word' id='word_1_690' title='bbox 760 5233 954 5305; x_wconf 73' lang='lat' dir='ltr'><strong>April.)</strong></span> <span class='ocrx_word' id='word_1_691' title='bbox 988 5243 1038 5287; x_wconf 71' lang='lat' dir='ltr'><strong>et</strong></span> <span class='ocrx_word' id='word_1_692' title='bbox 1077 5232 1391 5288; x_wconf 66' lang='lat' dir='ltr'><strong>Alwandro.</strong></span> 
     </span>
    </p>
   </div>
   <div class='ocr_carea' id='block_1_100' title="bbox 216 5345 1749 5422">
    <p class='ocr_par' dir='ltr' id='par_1_100' title="bbox 216 5345 1749 5422">
     <span class='ocr_line' id='line_1_100' title="bbox 216 5345 1749 5422; baseline -0.007 -14"><span class='ocrx_word' id='word_1_693' title='bbox 216 5351 487 5422; x_wconf 75' lang='lat' dir='ltr'><strong>Magnum</strong></span> <span class='ocrx_word' id='word_1_694' title='bbox 516 5348 733 5421; x_wconf 82' lang='lat' dir='ltr'><strong>quidem</strong></span> <span class='ocrx_word' id='word_1_695' title='bbox 765 5356 849 5403; x_wconf 88' lang='lat' dir='ltr'><strong>est</strong></span> <span class='ocrx_word' id='word_1_696' title='bbox 887 5345 1121 5418; x_wconf 83' lang='lat' dir='ltr'><strong>publicis</strong></span> <span class='ocrx_word' id='word_1_697' title='bbox 1171 5355 1331 5415; x_wconf 88' lang='lat' dir='ltr'><strong>atque</strong></span> <span class='ocrx_word' id='word_1_698' title='bbox 1371 5345 1749 5400; x_wconf 88' lang='lat' dir='ltr'><strong>communibus</strong></span> 
     </span>
    </p>
   </div>
   <div class='ocr_carea' id='block_1_101' title="bbox 129 5435 1745 5504">
    <p class='ocr_par' dir='ltr' id='par_1_101' title="bbox 129 5435 1745 5504">
     <span class='ocr_line' id='line_1_101' title="bbox 129 5435 1745 5504; baseline -0.008 -4"><span class='ocrx_word' id='word_1_699' title='bbox 129 5445 296 5500; x_wconf 87' lang='lat' dir='ltr'><strong>dare</strong></span> <span class='ocrx_word' id='word_1_700' title='bbox 320 5451 444 5495; x_wconf 85' lang='lat' dir='ltr'><strong>vota</strong></span> <span class='ocrx_word' id='word_1_701' title='bbox 468 5438 931 5503; x_wconf 86' lang='lat' dir='ltr'><strong>solemnitatibus,</strong></span> <span class='ocrx_word' id='word_1_702' title='bbox 978 5435 1074 5492; x_wconf 90' lang='lat' dir='ltr'><strong>sed</strong></span> <span class='ocrx_word' id='word_1_703' title='bbox 1117 5436 1474 5491; x_wconf 77' lang='lat' dir='ltr'><strong>excellentior</strong></span> <span class='ocrx_word' id='word_1_704' title='bbox 1499 5435 1745 5504; x_wconf 73' lang='lat' dir='ltr'><strong>quaedam</strong></span> 
     </span>
    </p>
   </div>
   <div class='ocr_carea' id='block_1_102' title="bbox 133 5528 1745 5603">
    <p class='ocr_par' dir='ltr' id='par_1_102' title="bbox 133 5528 1745 5603">
     <span class='ocr_line' id='line_1_102' title="bbox 133 5528 1745 5603; baseline -0.006 -13"><span class='ocrx_word' id='word_1_705' title='bbox 133 5533 432 5593; x_wconf 84' lang='lat' dir='ltr'><strong>festivitas</strong></span> <span class='ocrx_word' id='word_1_706' title='bbox 455 5531 748 5603; x_wconf 71' lang='lat' dir='ltr'><strong>iudicanda</strong></span> <span class='ocrx_word' id='word_1_707' title='bbox 775 5542 858 5586; x_wconf 90' lang='lat' dir='ltr'><strong>est</strong></span> <span class='ocrx_word' id='word_1_708' title='bbox 879 5529 1115 5585; x_wconf 88' lang='lat' dir='ltr'><strong>alumnis</strong></span> <span class='ocrx_word' id='word_1_709' title='bbox 1137 5530 1410 5585; x_wconf 80' lang='lat' dir='ltr'><strong>exsultare</strong></span> <span class='ocrx_word' id='word_1_710' title='bbox 1433 5528 1745 5584; x_wconf 70' lang='lat' dir='ltr'><strong>virtutibus;</strong></span> 
     </span>
    </p>
   </div>
   <div class='ocr_carea' id='block_1_103' title="bbox 131 5621 1748 5696">
    <p class='ocr_par' dir='ltr' id='par_1_103' title="bbox 131 5621 1748 5696">
     <span class='ocr_line' id='line_1_103' title="bbox 131 5621 1748 5696; baseline -0.006 -11"><span class='ocrx_word' id='word_1_711' title='bbox 131 5627 216 5685; x_wconf 81' lang='lat' dir='ltr'><strong>Et</strong></span> <span class='ocrx_word' id='word_1_712' title='bbox 272 5627 405 5683; x_wconf 88' lang='lat' dir='ltr'><strong>ideo</strong></span> <span class='ocrx_word' id='word_1_713' title='bbox 431 5625 803 5696; x_wconf 79' lang='lat' dir='ltr'><strong>indigenarum</strong></span> <span class='ocrx_word' id='word_1_714' title='bbox 831 5632 1124 5696; x_wconf 79' lang='lat' dir='ltr'><strong>martyrum</strong></span> <span class='ocrx_word' id='word_1_715' title='bbox 1148 5622 1326 5678; x_wconf 88' lang='lat' dir='ltr'><strong>cultus</strong></span> <span class='ocrx_word' id='word_1_716' title='bbox 1347 5629 1402 5677; x_wconf 91' lang='lat' dir='ltr'><strong>et</strong></span> <span class='ocrx_word' id='word_1_717' title='bbox 1429 5621 1603 5676; x_wconf 93' lang='lat' dir='ltr'><strong>honor</strong></span> <span class='ocrx_word' id='word_1_718' title='bbox 1621 5635 1748 5690; x_wconf 86' lang='lat' dir='ltr'><strong>spe-</strong></span> 
     </span>
    </p>
   </div>
   <div class='ocr_carea' id='block_1_104' title="bbox 137 5703 1748 5787">
    <p class='ocr_par' dir='ltr' id='par_1_104' title="bbox 137 5703 1748 5787">
     <span class='ocr_line' id='line_1_104' title="bbox 137 5703 1748 5787; baseline -0.006 -11"><span class='ocrx_word' id='word_1_719' title='bbox 137 5703 394 5776; x_wconf 81' lang='lat' dir='ltr'><strong>cialium</strong></span> <span class='ocrx_word' id='word_1_720' title='bbox 409 5719 770 5787; x_wconf 85' lang='lat' dir='ltr'><strong>patronorum</strong></span> <span class='ocrx_word' id='word_1_721' title='bbox 801 5717 943 5770; x_wconf 92' lang='lat' dir='ltr'><strong>sicut</strong></span> <span class='ocrx_word' id='word_1_722' title='bbox 972 5715 1245 5782; x_wconf 87' lang='lat' dir='ltr'><strong>peculiare</strong></span> <span class='ocrx_word' id='word_1_723' title='bbox 1266 5714 1353 5767; x_wconf 88' lang='lat' dir='ltr'><strong>dat</strong></span> <span class='ocrx_word' id='word_1_724' title='bbox 1382 5713 1748 5782; x_wconf 88' lang='lat' dir='ltr'><strong>gaudium,ita</strong></span> 
     </span>
    </p>
   </div>
   <div class='ocr_carea' id='block_1_105' title="bbox 129 5807 1749 5896">
    <p class='ocr_par' dir='ltr' id='par_1_105' title="bbox 129 5807 1749 5896">
     <span class='ocr_line' id='line_1_105' title="bbox 129 5807 1749 5896; baseline -0.004 -27"><span class='ocrx_word' id='word_1_725' title='bbox 129 5809 450 5886; x_wconf 67' lang='lat' dir='ltr'><strong>propritim</strong></span> <span class='ocrx_word' id='word_1_726' title='bbox 492 5809 716 5882; x_wconf 89' lang='lat' dir='ltr'><strong>requirit</strong></span> <span class='ocrx_word' id='word_1_727' title='bbox 767 5807 1040 5896; x_wconf 56' lang='lat' dir='ltr'><strong>aﬂectum.</strong></span> <span class='ocrx_word' id='word_1_728' title='bbox 1085 5807 1298 5862; x_wconf 84' lang='lat' dir='ltr'><strong>Etenim</strong></span> <span class='ocrx_word' id='word_1_729' title='bbox 1347 5807 1392 5862; x_wconf 86' lang='lat' dir='ltr'><strong>si</strong></span> <span class='ocrx_word' id='word_1_730' title='bbox 1440 5807 1749 5878; x_wconf 88' lang='lat' dir='ltr'><strong>peregrinas</strong></span> 
     </span>
    </p>
   </div>
   <div class='ocr_carea' id='block_1_106' title="bbox 1863 4973 3439 5047">
    <p class='ocr_par' dir='ltr' id='par_1_106' title="bbox 1863 4973 3439 5047">
     <span class='ocr_line' id='line_1_106' title="bbox 1863 4973 3439 5047; baseline 0 -14"><span class='ocrx_word' id='word_1_731' title='bbox 1863 4981 1933 5033; x_wconf 87' lang='lat' dir='ltr'><strong>ita</strong></span> <span class='ocrx_word' id='word_1_732' title='bbox 1965 4978 2093 5044; x_wconf 87' lang='lat' dir='ltr'><strong>sint,</strong></span> <span class='ocrx_word' id='word_1_733' title='bbox 2123 4979 2447 5047; x_wconf 78' lang='lat' dir='ltr'><strong>citatissimi,</strong></span> <span class='ocrx_word' id='word_1_734' title='bbox 2469 4977 2853 5035; x_wconf 76' lang='lat' dir='ltr'><strong>ad&#39;reneritiam</strong></span> <span class='ocrx_word' id='word_1_735' title='bbox 2884 4973 3069 5046; x_wconf 63' lang='lat' dir='ltr'><strong>tltléttr,</strong></span> <span class='ocrx_word' id='word_1_736' title='bbox 3095 4976 3439 5037; x_wconf 62' lang='lat' dir='ltr'><strong>tti’ex‘cdlcm</strong></span> 
     </span>
    </p>
   </div>
   <div class='ocr_carea' id='block_1_107' title="bbox 1862 5067 3439 5144">
    <p class='ocr_par' dir='ltr' id='par_1_107' title="bbox 1862 5067 3439 5144">
     <span class='ocr_line' id='line_1_107' title="bbox 1862 5067 3439 5144; baseline 0.001 -19"><span class='ocrx_word' id='word_1_737' title='bbox 1862 5071 1983 5125; x_wconf 75' lang='lat' dir='ltr'><strong>dum</strong></span> <span class='ocrx_word' id='word_1_738' title='bbox 2013 5067 2346 5141; x_wconf 81' lang='lat' dir='ltr'><strong>religionem,</strong></span> <span class='ocrx_word' id='word_1_739' title='bbox 2385 5085 2489 5126; x_wconf 85' lang='lat' dir='ltr'><strong>non</strong></span> <span class='ocrx_word' id='word_1_740' title='bbox 2515 5073 2668 5127; x_wconf 85' lang='lat' dir='ltr'><strong>nobis</strong></span> <span class='ocrx_word' id='word_1_741' title='bbox 2699 5069 3296 5144; x_wconf 74' lang='lat' dir='ltr'><strong>aliqna‘de‘tongin&#39;qno</strong></span> <span class='ocrx_word' id='word_1_742' title='bbox 3315 5067 3439 5126; x_wconf 75' lang='lat' dir='ltr'><strong>sum</strong></span> 
     </span>
    </p>
   </div>
   <div class='ocr_carea' id='block_1_108' title="bbox 1859 5161 3441 5234">
    <p class='ocr_par' dir='ltr' id='par_1_108' title="bbox 1859 5161 3441 5234">
     <span class='ocr_line' id='line_1_108' title="bbox 1859 5161 3441 5234; baseline 0 -18"><span class='ocrx_word' id='word_1_743' title='bbox 1859 5162 2218 5231; x_wconf 53' lang='lat' dir='ltr'><strong>expectanda</strong></span> <span class='ocrx_word' id='word_1_744' title='bbox 2263 5163 2607 5231; x_wconf 81' lang='lat' dir='ltr'><strong>documenta,</strong></span> <span class='ocrx_word' id='word_1_745' title='bbox 2661 5163 2899 5234; x_wconf 75' lang='lat' dir='ltr'><strong>paternis</strong></span> <span class='ocrx_word' id='word_1_746' title='bbox 2929 5167 3247 5221; x_wconf 82' lang='lat' dir='ltr'><strong>instruimdr</strong></span> <span class='ocrx_word' id='word_1_747' title='bbox 3275 5161 3441 5234; x_wconf 79' lang='lat' dir='ltr'><strong>inagi—</strong></span> 
     </span>
    </p>
   </div>
   <div class='ocr_carea' id='block_1_109' title="bbox 1856 5250 3437 5328">
    <p class='ocr_par' dir='ltr' id='par_1_109' title="bbox 1856 5250 3437 5328">
     <span class='ocr_line' id='line_1_109' title="bbox 1856 5250 3437 5328; baseline 0.002 -20"><span class='ocrx_word' id='word_1_748' title='bbox 1856 5255 2058 5320; x_wconf 80' lang='lat' dir='ltr'><strong>steriis‘,</strong></span> <span class='ocrx_word' id='word_1_749' title='bbox 2107 5270 2176 5309; x_wconf 86' lang='lat' dir='ltr'><strong>ac</strong></span> <span class='ocrx_word' id='word_1_750' title='bbox 2223 5255 2533 5311; x_wconf 80' lang='lat' dir='ltr'><strong>domesticis</strong></span> <span class='ocrx_word' id='word_1_751' title='bbox 2585 5250 2941 5314; x_wconf 75' lang='lat' dir='ltr'><strong>admonemur</strong></span> <span class='ocrx_word' id='word_1_752' title='bbox 2987 5257 3265 5328; x_wconf 71' lang='lat' dir='ltr'><strong>eit‘em‘plls.</strong></span> <span class='ocrx_word' id='word_1_753' title='bbox 3299 5255 3437 5312; x_wconf 74' lang='lat' dir='ltr'><strong>Num</strong></span> 
     </span>
    </p>
   </div>
   <div class='ocr_carea' id='block_1_110' title="bbox 1856 5345 3438 5418">
    <p class='ocr_par' dir='ltr' id='par_1_110' title="bbox 1856 5345 3438 5418">
     <span class='ocr_line' id='line_1_110' title="bbox 1856 5345 3438 5418; baseline 0.001 -18"><span class='ocrx_word' id='word_1_754' title='bbox 1856 5347 1963 5417; x_wconf 68' lang='grc' dir='ltr'><strong>[Μ.</strong></span> <span class='ocrx_word' id='word_1_755' title='bbox 1997 5345 2232 5418; x_wconf 75' lang='lat' dir='ltr'><strong>Nonne}</strong></span> <span class='ocrx_word' id='word_1_756' title='bbox 2261 5345 2418 5402; x_wconf 82' lang='lat' dir='ltr'><strong>nebis</strong></span> <span class='ocrx_word' id='word_1_757' title='bbox 2451 5345 2524 5402; x_wconf 55' lang='lat' dir='ltr'><strong>ad&#39;</strong></span> <span class='ocrx_word' id='word_1_758' title='bbox 2565 5347 2668 5403; x_wconf 77' lang='lat' dir='ltr'><strong>co‘r</strong></span> <span class='ocrx_word' id='word_1_759' title='bbox 2683 5357 2928 5403; x_wconf 87' lang='lat' dir='ltr'><strong>nostrum</strong></span> <span class='ocrx_word' id='word_1_760' title='bbox 2981 5348 3181 5402; x_wconf 71' lang='lat' dir='ltr'><strong>&#39;ciamat</strong></span> <span class='ocrx_word' id='word_1_761' title='bbox 3226 5348 3438 5418; x_wconf 84' lang='lat' dir='ltr'><strong>cognati</strong></span> 
     </span>
    </p>
   </div>
   <div class='ocr_carea' id='block_1_111' title="bbox 1857 5439 3436 5512">
    <p class='ocr_par' dir='ltr' id='par_1_111' title="bbox 1857 5439 3436 5512">
     <span class='ocr_line' id='line_1_111' title="bbox 1857 5439 3436 5512; baseline 0 -18"><span class='ocrx_word' id='word_1_762' title='bbox 1857 5440 2104 5494; x_wconf 66' lang='lat' dir='ltr'><strong>rivaan</strong></span> <span class='ocrx_word' id='word_1_763' title='bbox 2152 5441 2464 5510; x_wconf 56' lang='lat' dir='ltr'><strong>sanguinis?!</strong></span> <span class='ocrx_word' id='word_1_764' title='bbox 2496 5441 2716 5509; x_wconf 74' lang='lat' dir='ltr'><strong>Discite,</strong></span> <span class='ocrx_word' id='word_1_765' title='bbox 2765 5439 2955 5512; x_wconf 73' lang='lat' dir='ltr'><strong>inquit.</strong></span> <span class='ocrx_word' id='word_1_766' title='bbox 2987 5449 3056 5494; x_wconf 63' lang='lat' dir='ltr'><strong>er</strong></span> <span class='ocrx_word' id='word_1_767' title='bbox 3095 5440 3248 5494; x_wconf 84' lang='lat' dir='ltr'><strong>nobis</strong></span> <span class='ocrx_word' id='word_1_768' title='bbox 3279 5439 3436 5494; x_wconf 75' lang='lat' dir='ltr'><strong>fidem</strong></span> 
     </span>
    </p>
   </div>
   <div class='ocr_carea' id='block_1_112' title="bbox 1853 5529 3437 5601">
    <p class='ocr_par' dir='ltr' id='par_1_112' title="bbox 1853 5529 3437 5601">
     <span class='ocr_line' id='line_1_112' title="bbox 1853 5529 3437 5601; baseline 0.002 -18"><span class='ocrx_word' id='word_1_769' title='bbox 1853 5529 2148 5600; x_wconf 78' lang='lat' dir='ltr'><strong>quaerendo</strong></span> <span class='ocrx_word' id='word_1_770' title='bbox 2200 5531 2507 5601; x_wconf 74' lang='lat' dir='ltr'><strong>acquirere,</strong></span> <span class='ocrx_word' id='word_1_771' title='bbox 2553 5531 2784 5586; x_wconf 72' lang='lat' dir='ltr'><strong>vivendb</strong></span> <span class='ocrx_word' id='word_1_772' title='bbox 2828 5531 3100 5599; x_wconf 64' lang='lat' dir='ltr'><strong>excolere;</strong></span> <span class='ocrx_word' id='word_1_773' title='bbox 3151 5530 3437 5586; x_wconf 81' lang='lat' dir='ltr'><strong>moriendo</strong></span> 
     </span>
    </p>
   </div>
   <div class='ocr_carea' id='block_1_113' title="bbox 1851 5619 3432 5694">
    <p class='ocr_par' dir='ltr' id='par_1_113' title="bbox 1851 5619 3432 5694">
     <span class='ocr_line' id='line_1_113' title="bbox 1851 5619 3432 5694; baseline 0.001 -19"><span class='ocrx_word' id='word_1_774' title='bbox 1851 5627 2098 5686; x_wconf 82' lang='lat' dir='ltr'><strong>servare;</strong></span> <span class='ocrx_word' id='word_1_775' title='bbox 2126 5621 2454 5694; x_wconf 70' lang='lat' dir='ltr'><strong>discite&#39;pl&#39;us</strong></span> <span class='ocrx_word' id='word_1_776' title='bbox 2479 5623 2759 5693; x_wconf 66' lang='lat' dir='ltr'><strong>peccatum</strong></span> <span class='ocrx_word' id='word_1_777' title='bbox 2789 5621 2978 5678; x_wconf 74' lang='lat' dir='ltr'><strong>timere</strong></span> <span class='ocrx_word' id='word_1_778' title='bbox 2989 5619 3432 5693; x_wconf 71' lang='lat' dir='ltr'><strong>quam‘gla&#39;dium,</strong></span> 
     </span>
    </p>
   </div>
   <div class='ocr_carea' id='block_1_114' title="bbox 1852 5713 3435 5785">
    <p class='ocr_par' dir='ltr' id='par_1_114' title="bbox 1852 5713 3435 5785">
     <span class='ocr_line' id='line_1_114' title="bbox 1852 5713 3435 5785; baseline 0.001 -16"><span class='ocrx_word' id='word_1_779' title='bbox 1852 5714 2044 5770; x_wconf 85' lang='lat' dir='ltr'><strong>discite</strong></span> <span class='ocrx_word' id='word_1_780' title='bbox 2073 5723 2294 5785; x_wconf 76' lang='lat' dir='ltr'><strong>propter</strong></span> <span class='ocrx_word' id='word_1_781' title='bbox 2331 5715 2499 5771; x_wconf 78' lang='lat' dir='ltr'><strong>vitam</strong></span> <span class='ocrx_word' id='word_1_782' title='bbox 2533 5714 2704 5783; x_wconf 79' lang='lat' dir='ltr'><strong>magis</strong></span> <span class='ocrx_word' id='word_1_783' title='bbox 2754 5713 3242 5783; x_wconf 64' lang='lat' dir='ltr'><strong>justitlhn’amare&#39;</strong></span> <span class='ocrx_word' id='word_1_784' title='bbox 3275 5730 3435 5784; x_wconf 91' lang='lat' dir='ltr'><strong>quam</strong></span> 
     </span>
    </p>
   </div>
   <div class='ocr_carea' id='block_1_115' title="bbox 1855 5805 3433 5879">
    <p class='ocr_par' dir='ltr' id='par_1_115' title="bbox 1855 5805 3433 5879">
     <span class='ocr_line' id='line_1_115' title="bbox 1855 5805 3433 5879; baseline 0.001 -17"><span class='ocrx_word' id='word_1_785' title='bbox 1855 5808 2040 5875; x_wconf 81' lang='lat' dir='ltr'><strong>vitam,</strong></span> <span class='ocrx_word' id='word_1_786' title='bbox 2070 5807 2339 5879; x_wconf 70' lang='lat' dir='ltr'><strong>tidemtme</strong></span> <span class='ocrx_word' id='word_1_787' title='bbox 2364 5809 2692 5863; x_wconf 70' lang='lat' dir='ltr'><strong>et&#39;timorem</strong></span> <span class='ocrx_word' id='word_1_788' title='bbox 2712 5805 2830 5862; x_wconf 82' lang='lat' dir='ltr'><strong>Dei.</strong></span> <span class='ocrx_word' id='word_1_789' title='bbox 2855 5805 3231 5873; x_wconf 68' lang='lat' dir='ltr'><strong>Quienr‘ntisin</strong></span> <span class='ocrx_word' id='word_1_790' title='bbox 3260 5807 3433 5865; x_wconf 81' lang='lat' dir='ltr'><strong>media</strong></span> 
     </span>
    </p>
   </div>
  </div>
