4024 6336
694 367 798 424 863

1669 365 1726 420 S.
1771 362 2091 420 EUCllERll
2133 359 2616 418 LUCDUNENSIS
2657 358 2960 415 EPISCOPI
3750 384 3817 444 ,Μ

693 481 823 539 belli
879 480 1224 538 tribulatione
1273 481 1626 547 servavimus,
1673 481 1960 537 observate
1989 495 2056 536 ne
2088 495 2186 536 vos
2216 480 2268 534 in
2297 479 2349 540 Α
2375 478 2609 534 sinistra:
2632 478 2916 534 latitudine
2943 477 3260 545 delectatus,
3281 480 3820 562 ﬂagitilsint'oli~itur,t¢e.

692 589 826 646 pace
848 575 931 629 vel
963 573 1108 643 pacis
1134 573 1423 628 securitate
1452 573 1713 644 perdatis.
1738 572 1937 629 Cavete
1966 588 2031 627 ne
2060 574 2265 628 ancho-

691 682 805 722 ram
835 667 949 737 spei
972 681 1035 721 ac
1059 666 1334 736 religionis
1356 682 1514 736 quam
1539 681 1637 721 nos
1667 665 2062 721 custodivimus
2086 665 2137 719 iu
2170 664 2269 718 llu-

688 769 795 822 ctu,
826 773 925 812 vos
951 760 1212 813 amittatis
1234 760 1286 814 in
1319 769 1500 830 portu.
1531 758 1731 816 Cavete
1759 775 1828 814 ne
1858 761 2021 813 vitam
2044 759 2264 824 bonam,

689 853 732 904 si
765 851 978 921 quando
1000 851 1386 906 afﬂictionibus
1412 851 1678 906 subditam
1719 851 1982 916 videritis,
2009 850 2262 905 miseram

688 941 964 1010 jinlicetis.
996 941 1192 997 Cavete
1223 959 1291 998 ne
1320 944 1372 998 in
1399 959 1563 998 arena
1590 943 1796 1009 mundi,
1833 945 1884 998 iu
1913 957 2020 1014 qua
2048 941 2270 997 adsub-

692 1038 898 1088 eundos
953 1050 1154 1106 agones
1219 1036 1370 1090 missi
1429 1051 1636 1102 sumus,
1673 1036 1904 1106 aliquam
1958 1033 2268 1090 felicitatem

690 1129 1106 1197 exspectandam
1137 1130 1356 1199 putetis.
1391 1130 1677 1186 Beatitudo
1709 1131 1884 1199 parari
1939 1130 2026 1183 hic
2067 1138 2263 1200 potest,

690 1239 793 1273 non
838 1230 1014 1290 potest
1037 1222 1264 1291 acquiri.
1299 1221 1414 1276 Non
1449 1223 1533 1277 hic
1563 1238 1774 1292 quaeras
1805 1223 1946 1292 quod
1977 1222 2062 1275 hic
2090 1222 2268 1277 nullus

689 1326 998 1367 sanClttrtllll
1044 1325 1450 1371 consummatus
1488 1316 1596 1386 [ΑΙ.
1629 1312 2028 1388 consummato]
2063 1315 2265 1378 labore,

691 1407 867 1460 nullus
896 1405 1175 1461 confessor
1204 1407 1472 1472 obtinuit;
1513 1423 1619 1462 non
1651 1409 1735 1463 hic
1773 1424 1985 1479 qna'ras
2007 1407 2150 1477 quod
2185 1408 2270 1462 hic

693 1512 790 1550 nec
820 1497 1069 1552 Christus
1118 1500 1348 1553 invenit.
1380 1498 1434 1554 Si
1481 1499 1714 1554 mundus
1767 1514 1953 1569 pacem
2011 1500 2263 1566 haberet,

689 1589 910 1656 gloriam
941 1602 1204 1661 martyres
1236 1607 1342 1646 non
1398 1593 1688 1655 haberent;
1733 1595 1776 1647 si
1808 1593 2134 1647 examinatio
2161 1609 2267 1649 non

692 1681 1054 1746 praecederet,
1107 1683 1466 1738 tribulationis
1506 1685 1708 1754 periret
1751 1687 1990 1741 occasio.
2042 1687 2106 1741 lli
2139 1702 2268 1755 ergo

691 1786 835 1842 sunt,
867 1777 1202 1832 dilectissimi
1254 1780 1468 1844 fratres,
1525 1779 1613 1849 qui
1671 1781 2003 1834 transierunt
2032 1796 2125 1850 per
2155 1797 2269 1834 ma-

2376 568 2579 624 leribus
2610 570 2867 635 inficitur,
2899 570 3088 639 spoliis
3111 573 3512 641 contaminatur,
3535 590 3582 634 et
3620 581 3725 641 inter
3745 589 3820 649 hac

2371 678 2431 720 se
2467 664 2836 720 beatissimum
2892 671 3064 733 putat,
3115 679 3183 719 ex
3237 663 3332 720 hoc
3373 682 3558 738 quoque
3605 674 3817 750 infelicior,

2371 757 2514 828 quod
2541 773 2599 812 se
2622 775 2728 813 non
2755 759 3008 827 intelligit
3037 758 3460 829 infelicem.Quiil
3477 763 3546 818 his
3567 763 3819 830 faciatmedi-

2370 850 2489 904 cina
2514 850 2813 905 cmlestiutn
2843 850 3247 915 mandatorum,
3269 867 3380 921 qua:
3403 869 3497 908 tton
3524 869 3652 913 sanat
3673 863 3820 922 nisiut.

2371 943 2586 998 lentes?
2627 943 2768 1013 Pigri
2826 944 3006 1013 itaque
3051 945 3117 998 ad
3147 959 3328 1000 curam
3373 946 3568 1016 salutis,
3609 952 3819 1014 alacresid

2372 1035 2618 1090 militiam
2645 1035 2837 1089 mortis
2883 1045 2938 1090 et
2962 1035 3309 1103 captivitatis,
3337 1045 3390 1090 ut
3416 1038 3591 1094 dictum
3609 1052 3691 1108 est,
3710 1050 3820 1102 cant.

2372 1137 2481 1181 tant
2512 1128 2565 1180 in
2589 1126 2738 1180 rebus
2771 1129 3002 1196 pessimis
3028 1126 3212 1196 (Prov.
3238 1144 3296 1195 tt,
3322 1128 3426 1197 14),
3454 1141 3504 1186 et
3525 1132 3583 1187 de
3611 1135 3674 1190 sui
3705 1141 3822 1207 perdi-

2373 1221 2518 1275 tione
2546 1221 2821 1285 lzetantur;
2856 1222 3062 1276 similes
3094 1221 3199 1276 illis
3227 1223 3314 1289 qui
3356 1222 3483 1278 forte
3512 1239 3730 1284 sumentes
3748 1235 3820 1287 exi-

2373 1314 2584 1370 tiabiles
2612 1313 2900 1368 herbarum
2925 1328 3136 1379 succos,
3185 1329 3304 1370 cum
3329 1316 3433 1369 risu
3458 1319 3611 1386 perire
3633 1321 3819 1378 dicuntur.

2373 1405 2478 1460 Sed
2501 1407 2638 1459 inter
2669 1405 2782 1460 haec
2809 1406 3006 1474 aliquis
3031 1419 3215 1460 secum
3238 1406 3449 1475 cogitat,
3483 1418 3533 1462 et
3556 1409 3664 1465 dicit
3682 1409 3826 1483 [ALth

2373 1497 2480 1570 cat]
2507 1517 2518 1550 :
2548 1498 2691 1553 Deus
2719 1500 2994 1567 potentize,
3031 1499 3171 1554 Deus
3195 1499 3435 1556 habitans
3463 1501 3510 1556 in
3530 1517 3636 1557 arce
3654 1503 3822 1574 iustitia,

2372 1603 2466 1648 aut
2495 1604 2715 1662 peccata
2737 1594 2781 1648 si
2812 1612 2914 1648 non
2939 1593 3183 1659 damnat,
3213 1595 3437 1663 ignorat,
3467 1604 3548 1649 aut
3573 1597 3683 1650 favet
3702 1615 3826 1666 pecca-

2372 1687 2442 1742 tis
2467 1689 2511 1742 si
2540 1687 2798 1742 damuare
2848 1688 3175 1742 dissimulat.
3229 1686 3455 1741 Primum
3483 1689 3606 1744 scire
3630 1689 3740 1743 illum
3758 1693 3828 1746 uui-

2374 1792 2528 1832 versa
2565 1794 2670 1832 non
2698 1778 2922 1833 dubium
2944 1789 3048 1843 est,
3071 1780 3159 1846 qui
3187 1777 3349 1832 intrat
3369 1787 3424 1833 et
3448 1780 3602 1847 implet
3624 1791 3666 1834 et
3688 1784 3827 1836 excedit

691 1884 822 1938 gttas
861 1869 1256 1934 tribulatioues,
1288 1871 1379 1939 qui
1413 1871 1661 1925 laverunt
1705 1873 1870 1926 stolas
1894 1888 2040 1938 suas,
2064 1883 2118 1927 et
2142 1888 2269 1928 cau-
2301 1865 2348 1924 Β
2375 1872 2647 1937 universa,
2679 1871 2834 1939 cujus
2866 1871 3038 1926 oculis
3059 1870 3306 1938 exposita
3330 1880 3383 1925 et
3421 1871 3546 1924 nuda
3574 1881 3673 1924 sunt
3690 1872 3827 1936 omnia,

692 1959 847 2013 didas
875 1975 968 2016 eos
995 1962 1240 2016 fecerunt
1274 1963 1325 2015 in
1357 1964 1614 2033 sanguine
1645 1964 1780 2033 Agui
1808 1964 1991 2034 (Apoc.
2025 1981 2119 2032 \‘ll,
2152 1964 2262 2036 l4).

695 2053 756 2108 lli
791 2062 915 2107 sunt
960 2056 1357 2110 commilitones
1411 2057 1625 2111 illorum
1652 2060 1764 2127 qui,
1798 2059 2092 2114 secundum
2126 2064 2269 2130 Apo-

688 2143 916 2209 stolutn,
971 2145 1190 2216 lapidali
1235 2157 1372 2212 sunt,
1399 2149 1524 2201 secti
1565 2160 1705 2215 sunt,
1737 2161 1786 2203 et
1825 2151 2004 2204 tentati
2046 2163 2184 2221 sunt,
2213 2154 2267 2205 iu

691 2236 942 2288 occisione
969 2237 1131 2307 gladii
1153 2240 1340 2292 mortui
1365 2249 1516 2304 sunt;
1562 2252 1782 2312 egentes,
1811 2245 2113 2313 angustiati,
2141 2246 2269 2316 ami-

687 2329 778 2392 cti,
803 2331 985 2398 quibus
999 2332 1188 2402 dignus
1205 2348 1305 2386 non
1327 2343 1435 2387 erat
1465 2337 1687 2389 mundus
1711 2335 1897 2407 (IIebr.
1924 2353 2000 2400 st,
2027 2338 2142 2407 57).
2161 2338 2266 2394 Sed

689 2421 832 2476 inter
863 2421 977 2477 haec
1006 2425 1256 2491 fortasse,
1282 2425 1846 2496 charissimi,qnando
1871 2430 2064 2486 boniet
2094 2433 2266 2486 sancti

693 2521 837 2567 tanta
873 2514 957 2569 hic
981 2517 1120 2571 mala
1153 2518 1452 2588 patiuntur,
1503 2520 1695 2590 aliquis
1725 2522 1864 2575 intra
1895 2536 1953 2576 se
1982 2524 2184 2592 cogitet
2212 2532 2266 2578 et

693 2605 876 2663 dicat:
926 2608 1145 2666 Certum
1189 2622 1270 2667 est
1311 2628 1490 2667 rerum
1524 2613 1804 2668 Dominum
1846 2632 1949 2670 non
1998 2618 2266 2685 respicere

689 2715 807 2767 qua:
835 2711 1017 2756 nostra
1049 2714 1195 2772 sunt,
1233 2706 1503 2776 negligere
1530 2710 1784 2773 humana,
1807 2725 1911 2763 non
1943 2724 2131 2765 curare
2160 2720 2267 2766 ler-

686 2807 836 2847 rena.
865 2794 910 2849 0
939 2797 1264 2868 quicumque
1301 2798 1388 2853 ille
1416 2815 1496 2866 es,
1534 2802 1807 2870 quomodo
1852 2803 2082 2871 respicis
2139 2818 2267 2858 san-

685 2893 892 2940 rtorum
945 2887 1187 2959 labores}.
1221 2905 1319 2944 cur
1349 2906 1452 2946 non
1484 2893 1709 2961 respicis
1753 2896 2265 2950 remunerationes?

688 2973 828 3033 Ecce
856 2992 953 3048 per
976 2988 1143 3034 totum
1173 2983 1454 3046 mundum,
1489 2984 1540 3036 in
1581 2986 1784 3038 sanctis
1815 2987 2074 3054 apostolis
2104 2996 2264 3057 atque

684 3070 1009 3138 martyribus
1067 3071 1308 3128 feicitati
1355 3073 1651 3129 adversitas
1690 3077 1829 3130 viam
1888 3077 2053 3144 fecit,
2107 3077 2263 3132 saluti

683 3159 914 3229 perditio
943 3161 1208 3226 militavit,
1230 3174 1283 3217 ct
1305 3166 1501 3218 ostium
1528 3166 1654 3219 dum
1683 3167 1807 3220 vita:
1829 3168 2052 3232 claudit,
2077 3167 2263 3239 gloria:

682 3250 965 3320 patefecit;
1001 3261 1050 3306 et
1084 3253 1135 3307 in
1175 3253 1340 3309 Deum
1387 3255 1636 3311 fiduciam
1692 3257 2084 3313 collocanti..us
2134 3260 2260 3314 dum
2289 3248 2334 3306 (ἶ

683 3350 884 3396 terram
937 3343 1138 3399 invidet
1164 3345 1183 3417 [
1206 3346 1290 3399 ΑΙ.
1321 3346 1615 3419 despicit],
1645 3350 1842 3404 cwlum
1886 3351 2112 3420 paravit.
2147 3351 2260 3408 lloc

680 3449 811 3503 ergo
841 3435 892 3488 in
935 3437 1244 3506 exemplum
1277 3440 1547 3506 patientia:
1581 3443 1816 3494 lmtuano
1840 3444 2028 3512 generi
2084 3444 2262 3512 provi-

681 3524 860 3580 dentia
887 3525 1067 3580 divina
1091 3530 1391 3598 proposuit.
1425 3535 1552 3596 Qua:
1584 3547 1704 3586 cum
1732 3534 1801 3586 ita
1831 3546 1962 3596 sunt,
1996 3535 2128 3590 lalso
2155 3537 2259 3591 tui-

680 3635 770 3674 ser
797 3630 1009 3690 putatur
1039 3623 1129 3693 qui
1150 3625 1202 3678 in
1231 3627 1428 3680 virtute
1453 3643 1560 3680 non
1594 3628 1822 3682 lmditur.
1857 3629 2025 3684 Nemo
2047 3646 2178 3702 ergo
2204 3632 2257 3687 in

679 3710 986 3768 Christiano
1015 3729 1078 3771 ac
1109 3717 1250 3771 fideli
1293 3729 1666 3787 paupertatem
1699 3732 1753 3775 et
1782 3724 2126 3779 alflictioncm
2181 3727 2258 3781 la-

680 3807 824 3862 boris
844 3816 899 3862 et
923 3808 1213 3876 injuslitias
1244 3811 1631 3876 tribulationis,
1660 3815 2028 3872 infelicitatem
2055 3834 2120 3875 ac
2150 3821 2255 3875 mi-

679 3899 874 3953 seriam
907 3913 1084 3957 vocet.
1117 3903 1180 3956 Et
1229 3902 1344 3958 lu-c
1377 3906 1592 3973 quando
1644 3910 1797 3962 honis
1842 3911 2115 3977 accidunt,
2149 3929 2255 3969 non

680 3991 1021 4048 incommoda
1053 4011 1438 4063 a-rumnarutn,
1461 4001 1554 4054 sed
1588 4003 1842 4056 exercitia
1867 4017 1988 4057 esse
2036 4007 2255 4060 noveri-

686 4099 807 4140 mus
832 4088 1109 4142 viitutum.
1134 4088 1362 4156 Quando
1385 4091 1560 4146 cnltor
1589 4092 1679 4148 Dei
1727 4093 1970 4149 adversis
2009 4096 2256 4155 laborare

680 4181 1030 4247 pennittitur,
1080 4198 1184 4237 non
1216 4185 1502 4252 deseritur,
1549 4187 1644 4240 sed
1691 4188 1975 4254 probatur;
2024 4200 2078 4244 et
2132 4190 2256 4247 ideo

677 4272 804 4328 dicit
830 4289 1010 4330 Sermo
1030 4275 1278 4332 divinus:
1326 4277 1516 4333 Beatus
1545 4282 1633 4348 qui
1658 4280 1837 4346 stt/fert
1889 4285 2254 4351 tentationem;

675 4367 916 4436 quoniam
944 4383 1059 4421 cum
1103 4369 1346 4438 probatus
1375 4371 1553 4440 fuerit,
1585 4375 1801 4443 accipiet
1849 4390 2087 4428 coronam
2115 4379 2251 4444 vitae,

677 4472 832 4526 quam
876 4461 1162 4527 repromisit
1198 4458 1332 4514 Deus
1372 4463 1704 4532 diligentibus
1745 4482 1798 4519 se
1837 4467 1856 4535 (
1877 4465 2060 4521 Iacob.
2089 4467 2163 4538 t).
2197 4469 2253 4523 ltt

677 4546 781 4602 hoc
809 4547 990 4619 itaque
1013 4551 1216 4607 mundo
1239 4553 1561 4621 prazvaleute
1591 4556 1818 4622 malitia,
1854 4557 2133 4628 iniquitate
2158 4559 2256 4614 do-

679 4641 954 4705 minante,
997 4657 1200 4712 pauper
1245 4644 1520 4716 afﬂigitur,
1554 4647 1707 4702 dives
1737 4650 2150 4717 tunltipicatur:
2183 4668 2251 4706 au

679 4741 734 4787 lu
768 4732 908 4789 hunc
941 4744 1209 4803 potentem
1240 4753 1422 4799 Vocas.
1448 4740 1536 4808 qui
1569 4739 1624 4793 iu
1656 4751 1884 4796 mortem
1911 4758 2063 4797 suam
2101 4743 2254 4800 fortis

673 4835 780 4890 est,
809 4826 894 4879 cui
920 4826 1265 4896 pra‘sentium
1295 4828 1454 4884 fallax
1483 4832 1672 4886 umbra
1696 4844 2072 4901 proventunm,
2098 4845 2254 4891 acter-

676 4931 869 4972 norum
926 4929 1219 4988 congregat
1269 4935 1462 4975 causas
1507 4925 1814 4976 malorum?
1853 4924 1987 4992 Quis
2040 4925 2252 4980 beatam

672 5008 870 5064 dixerit
899 5009 1129 5064 validam
1179 5011 1233 5066 in
1257 5013 1502 5082 jugulum
1555 5029 1711 5069 suum
1761 5016 2080 5072 dexteram?
2120 5016 2252 5084 Quis

673 5101 1027 5172 probabiliter
1069 5103 1254 5156 laudat
1301 5106 1540 5159 velocem
1571 5106 1635 5160 ad
1663 5106 1830 5161 ardua
1860 5108 2153 5177 pracipitia
2177 5110 2256 5163 fe-

672 5197 1008 5250 stinantem?
1037 5196 1166 5262 Quis
1215 5195 1334 5265 ejus
1380 5199 1607 5253 miretur
1649 5214 1955 5265 ascensum,
1995 5217 2153 5270 quem
2185 5203 2255 5258 de

670 5301 884 5341 summo
925 5287 1185 5358 prospicit
1203 5303 1324 5345 esse
1351 5292 1647 5348 casurum?
1679 5292 1910 5348 Perinde
1938 5305 2022 5349 est
2045 5336 2060 5359 ,
2087 5296 2132 5349 si
2155 5296 2254 5350 ali-

670 5392 830 5448 quem
865 5379 1083 5434 miraris
1131 5381 1293 5451 impia
1325 5390 1383 5437 et
1423 5382 1600 5453 iniqua
1651 5399 1749 5453 per
1795 5401 1928 5454 opes
1955 5395 2011 5441 et
2038 5386 2255 5443 divitias

670 5484 1010 5542 operantem,
1041 5487 1108 5530 ac
1154 5474 1200 5529 si
1227 5477 1535 5545 quempiam
1578 5478 1766 5532 videas
1804 5479 2048 5535 inaurato
2091 5487 2254 5550 atque

672 5575 943 5633 gemmato
963 5565 1064 5620 sibi
1093 5567 1287 5634 poculo
1313 5581 1517 5623 venena
1540 5571 1892 5624 miscentem:
1923 5585 1990 5623 an
2017 5580 2072 5624 tu
2103 5571 2254 5626 illum

670 5656 882 5712 felicem
913 5671 1078 5712 vocas
1126 5658 1218 5726 qui
1269 5658 1530 5723 infidelis,
1575 5659 1876 5727 obscenus,
1907 5661 2166 5730 cupidus,
2199 5669 2255 5716 et

671 5757 951 5816 cruentus,
984 5764 1082 5819 pro
1111 5765 1178 5804 eo
1202 5750 1348 5818 quod
1369 5752 1485 5805 vias
1517 5751 1730 5807 Domini
1776 5765 2118 5822 aspernatur,
2157 5767 2255 5823 per

674 5851 797 5896 suos
820 5838 898 5896 ire
925 5840 1275 5916 permittitur,
1322 5842 1560 5899 dexterae
1613 5846 1877 5918 angustiis
1908 5842 2164 5912 olfensus,
2198 5857 2254 5907 et

2373 1963 2440 2018 de
2463 1977 2570 2032 quo
2596 1963 2831 2016 dicitur:
2874 1962 3128 2028 Quoniam
3154 1962 3316 2015 mula
3338 1962 3568 2029 sapientia
3595 1958 3687 2026 Dei,
3710 1972 3744 2014 et
3762 1965 3828 2029 {or-

2374 2058 2436 2111 tis
2464 2058 2709 2125 potentia.
2736 2058 2927 2112 videns
2947 2071 3134 2110 omnes
3165 2056 3285 2109 sine
3335 2056 3700 2110 internus-ioue.
3731 2055 3829 2112 Scite

2371 2149 2553 2219 itaque
2588 2150 2732 2203 illum
2755 2150 2958 2213 omnia,
2997 2158 3052 2204 et
3079 2148 3380 2218 proximum
3408 2162 3540 2210 esse,
3570 2163 3655 2200 non
3681 2147 3827 2200 dubium

2370 2251 2474 2307 est,
2499 2242 2589 2312 qui
2619 2251 2670 2296 te
2698 2249 2942 2295 orantem
3000 2241 3052 2293 iu
3093 2240 3399 2294 cubiculum
3436 2239 3724 2292 conscientia:
3744 2253 3830 2306 pte-

2369 2334 2513 2404 ccpit
2567 2336 2796 2399 intrare;
2847 2333 2936 2403 qui
2969 2331 3117 2386 aud.t
3157 2331 3208 2386 in
3259 2330 3583 2400 cogitatione,
3611 2339 3654 2384 et
3675 2329 3779 2382 audit
3798 2329 3830 2381 in

2369 2429 2564 2482 corde:
2598 2428 2857 2482 damnare
2893 2441 3025 2481 vero
3066 2424 3218 2478 illum
3246 2421 3439 2477 delicta
3469 2436 3526 2474 ac
3565 2418 3831 2482 scelera,cvi-

2369 2521 2560 2576 denter
2584 2520 2964 2590 prophetarum
2991 2518 3217 2572 monita.
3233 2515 3576 2585 apostolorum
3595 2514 3830 2580 magisteria,

2368 2613 2817 2682 evangelistarum
2851 2620 3114 2666 testantur
3164 2609 3403 2662 oracula.
3461 2606 3588 2661 Inter
3628 2604 3717 2657 haec
3751 2603 3832 2654 dum

2370 2707 2619 2776 proponit
2677 2707 2832 2760 triste
2878 2703 3199 2773 supplicium
3235 2742 3250 2765 ,
3301 2701 3425 2755 dum
3481 2702 3634 2766 ignem
3674 2697 3835 2749 minatur

2369 2813 2653 2862 teteruum,
2694 2796 2779 2851 hic
2808 2797 2898 2851 dat
2929 2796 3280 2858 sententiam,
3336 2792 3429 2848 sed
3460 2791 3559 2845 illic
3594 2798 3774 2844 reservat
3793 2786 3834 2839 ad

2374 2907 2610 2963 poenam.
2632 2892 2726 2945 llic
2741 2891 2912 2945 vihrat
2932 2889 3189 2960 gladium,
3215 2887 3346 2942 illuc
3370 2884 3643 2951 importabit
3664 2881 3834 2936 exilium.

2367 2985 2498 3050 Cur,
2532 2984 2722 3053 inquit,
2755 2998 2859 3037 non
2885 2982 3062 3036 statim
3093 2990 3401 3049 peccantem
3431 2992 3567 3031 reum
3589 2972 3832 3041 punitlQuis

2369 3077 2511 3130 hunc
2546 3077 2683 3130 ferre
2720 3074 2891 3143 possit
2922 3071 3120 3128 tuentis
3147 3067 3435 3124 errorem?
3471 3067 3534 3121 de
3560 3063 3758 3134 patientia
3778 3057 3837 3113 Dei

2368 3171 2631 3238 queritur,
2666 3168 2757 3236 qui
2798 3165 3186 3234 indulgentiam
3221 3178 3327 3215 non
3374 3169 3613 3220 meretur;
3641 3172 3723 3210 non
3745 3161 3837 3207 esset

2362 3261 2569 3332 justitia
2605 3259 2838 3330 perfecta
2868 3256 3194 3321 damnantis,
3228 3255 3330 3309 nisi
3360 3252 3619 3308 cleo-entia
3645 3244 3837 3345 praecede.-

2362 3366 2444 3410 rct
2484 3353 2778 3424 arguentis.
2806 3352 2948 3406 Deus
2979 3348 3132 3404 nobis
3191 3364 3290 3416 per
3316 3361 3521 3400 omnem
3564 3342 3723 3396 setien‘.
3745 3339 3838 3392 Scri-

2361 3458 2640 3516 pturaruut
2696 3445 3008 3513 patientiam
3063 3441 3331 3512 benignus
3385 3441 3626 3500 insinuat;
3670 3443 3713 3488 et
3746 3429 3836 3501 quod

2363 3541 2622 3595 Dominus
2647 3537 2894 3609 praedicat
2930 3537 2982 3592 itt
3013 3550 3191 3600 servo,
3228 3532 3497 3603 quomodo
3537 3543 3694 3584 servus
3717 3535 3837 3589 repte-

2363 3633 2550 3690 lteudit
2593 3637 2644 3686 iu
2679 3631 2938 3686 Domino?
2979 3629 3166 3682 Nonne
3200 3627 3448 3680 videmus
3484 3618 3838 3677 iutetdutttt‘liam

2361 3729 2716 3782 humanarum
2744 3726 2916 3795 legum
2947 3722 3442 3787 administratores,
3476 3733 3572 3771 non
3597 3719 3735 3768 minus

2359 3820 2641 3875 deratione
2689 3833 2848 3886 quam
2911 3814 3254 3869 districtione
3305 3809 3680 3880 prmdicandos.
3718 3799 3841 3856 multis

2359 3914 2686 3983 prmjndiciis
2728 3911 3028 3979 edictisque
3067 3908 3318 3975 repetitis
3354 3904 3585 3971 deposita
3628 3893 3839 3967 pra-venire

2351 4006 2559 4076 judicia
2582 4005 2604 4058 ?
2631 4004 2746 4058 iam
2779 4004 2932 4070 culpa
2959 3999 3320 4062 convincitur,
3365 4007 3417 4052 et
3446 3995 3606 4051 adlmc
3632 3993 3690 4046 ira
3715 3984 3840 4040 dilict-

2360 4108 2465 4152 tnr.
2499 4098 2589 4152 Sic
2621 4096 2964 4166 prmteuduut
2994 4095 3045 4148 in
3073 4093 3366 4147 severitate
3388 4100 3597 4152 motuin,
3621 4096 3663 4136 ut
3686 4094 3839 4134 nonne-

2357 4189 2561 4260 gligant
2595 4190 2646 4241 in
2675 4187 3105 4241 dissimulatione
3153 4184 3469 4239 consilium.
3498 4180 3565 4235 Ita
3590 4189 3636 4234 et
3659 4171 3841 4229 ῐὶιιιιῖυιις

2361 4295 2542 4336 noster
2565 4281 2682 4334 haec
2709 4295 2827 4349 qua:
2855 4287 3115 4349 gerantur
3146 4277 3198 4330 in
3233 4274 3415 4340 terris,
3459 4290 3556 4326 non
3597 4267 3842 4333 malum"

2359 4375 2588 4445 ignorat,
2617 4373 2712 4428 sed
2739 4373 3000 4440 patienter
3041 4379 3342 4439 exspectat.
3373 4370 3543 4437 Opera
3559 4374 3606 4419 et
3625 4363 3843 4416 volutilald

2362 4465 2639 4519 hominum
2663 4465 2910 4532 explorat
2939 4470 3085 4526 ante,
3132 4461 3212 4515 sic
3237 4460 3468 4528 judicat,
3493 4463 3674 4526 pensat,
3702 4453 3740 4503 in
3761 4461 3844 4502 coo-

2361 4557 2666 4610 versatioue
2697 4555 2804 4627 [vel
2835 4548 3212 4621 conversione]
3258 4552 3533 4612 meritum,
3578 4547 3781 4612 temperat
3810 4535 3842 4587 in

2362 4648 2620 4704 ddutione
2643 4647 2925 4714 iudiciuin.
2951 4644 3161 4699 Sensim
3183 4643 3400 4698 ordinat
3423 4644 3659 4694 humanas
3682 4647 3753 4701 per
3771 4641 3843 4680 uto-

2362 4758 2449 4798 ras
2480 4754 2780 4811 temporum
2801 4780 2818 4804 ,
2848 4739 3192 4808 dispensator
3221 4737 3592 4792 a-lernitatutn.
3627 4728 3704 4782 llic
3733 4721 3843 4777 mitia-

2363 4845 2448 4890 tor
2473 4836 2658 4897 ictum,
2693 4834 2805 4886 illic
2827 4832 3197 4900 completurus
3219 4828 3522 4884 interitum.
3549 4820 3680 4890 Quod
3703 4818 3735 4870 hi
3756 4815 3844 4867 θεοί

2363 4927 2592 4981 httmaua
2618 4925 2874 4988 nesciret,
2901 4923 3020 4989 quis
3045 4922 3217 4977 beatis
3241 4917 3570 4989 martyribus
3595 4905 3768 5002 instanti
3782 4904 3842 5002 atl-

2364 5018 2757 5072 ministratione
2803 5015 2928 5069 bi-lli
2975 5023 3121 5069 esset
3173 5011 3423 5081 adjutor?
3471 5019 3558 5062 aut
3583 4997 3794 5075 quomodo
3813 4997 3844 5043 tt

2355 5117 2631 5175 conspectu
2660 5107 2755 5160 Dei
2776 5116 3067 5160 sanctorum
3097 5105 3320 5175 pretiosa
3344 5117 3479 5156 mors
3507 5091 3842 5167 aucupet".

2360 5199 2490 5272 l5)?
2523 5205 2628 5254 Aut
2650 5199 2790 5254 unde
2831 5199 2973 5253 salus
2995 5200 3253 5268 justorum
3285 5213 3319 5248 a
3353 5195 3586 5254 Domino,
3612 5187 3697 5244 nisi
3723 5188 3844 5272 prole'

2356 5270 2591 5350 ctionem
2627 5293 2682 5348 in
2715 5302 2964 5361 tempore
3015 5287 3381 5345 tribulationis
3434 5270 3845 5352 accipereut?0“'

2357 5387 2534 5442 omnia
2581 5399 2678 5455 pro
2724 5383 2983 5454 religione
3011 5391 3172 5450 atque
3196 5380 3404 5450 justitia
3454 5373 3570 5431 lidei
3609 5369 3723 5426 bella
3757 5374 3846 5432 μα’

2358 5478 2631 5541 liantibus,
2660 5476 3002 5544 praesentiam
3032 5473 3240 5528 Domini
3269 5465 3626 5539 cxspecuntis
3651 5467 3697 5515 et
3720 5464 3846 5544 pmlf‘

2357 5572 2533 5640 gentis
2561 5541 2816 5623 ostendit.
2872 5565 3024 5622 Unde
3071 5580 3169 5620 nos
3197 5577 3415 5633 quoque
3459 5555 3781 5614 auxiliatorem
3807 5541 3848 5593 ﬁ-

2359 5665 2511 5731 lium,
2542 5677 2603 5716 ac
2635 5668 2933 5730 martyrum
2977 5668 3338 5728 protectorem
3386 5650 3685 5707 ﬁducialitel‘

2361 5723 2582 5818 mus,'ut
2606 5723 2817 5807 nostras
2845 5765 3055 5819 quoque
3076 5763 3262 5808 manus
3293 5748 3363 5801 ad
3394 5755 3650 5816 certamen
3677 5723 3847 5832 ερίτξυισ

2358 5850 2674 5905 corroboret
2705 5853 2891 5900 contra
2926 5846 3132 5896 hostem
3163 5843 3337 5905 illum,
3371 5839 3460 5917 qui
3504 5837 3545 5890 si
3576 5828 3846 5887 honestith
