4024 6336
644 289 749 347 86⁸1
1635 290 1694 346 S.
1737 288 2062 345 EUCHERII
2100 285 2581 344 LUGDUNENSIS
2623 285 2926 341 EPISCOPI
3755 296 3829 357 εδδ
3926 282 3927 285 “

644 406 739 477 qui
762 405 1120 474 obtemperat,
1139 402 1497 471 dilectissimi,
1516 401 1813 457 sinetlaude
1829 400 1967 456 erit?
1997 400 2092 455 Ille
2122 414 2234 454 me-
2259 401 2314 461 Α
2338 398 2429 453 alii
2458 412 2686 451 coronas
2712 406 2924 451 nostras
2945 394 3227 465 accipiant.
3271 393 3582 453 Manendum
3604 410 3652 455 et
3674 417 3831 472 perma-

646 506 801 555 retur
825 497 1065 565 regendo
1092 496 1345 565 gloriam,
1373 496 1459 552 hic
1483 494 1859 565 obsequendo.
1874 494 1958 551 Ad
1974 508 2227 565 magnum
2338 487 2567 543 nendum
2590 497 2703 556 est,
2735 495 2795 541 ut
2816 486 2903 543 hic
2929 487 3321 557 gloriosissime
3341 500 3641 557 pugnantes,
3667 497 3832 564 quietis-

644 406 739 477 qui
762 405 1120 474 obtemperat,
1139 402 1497 471 dilectissimi,
1516 401 1813 457 sinetlaude
1829 400 1967 456 erit?
1997 400 2092 455 Ille
2122 414 2234 454 me-
2259 401 2314 461 Α
2338 398 2429 453 alii
2458 412 2686 451 coronas
2712 406 2924 451 nostras
2945 394 3227 465 accipiant.
3271 393 3582 453 Manendum
3604 410 3652 455 et
3674 417 3831 472 perula.

646 506 801 555 retur
825 497 1065 569 regendo
1092 496 1345 567 gloriam,
1373 496 1459 552 hic
1483 494 1859 565 obsequendo.
1874 494 1958 551 Ad
1974 508 2227 565 magnum
2338 487 2567 543 nendum
2590 497 2703 556 est,
2735 495 2795 541 ut
2816 486 2903 543 hic
2929 487 3321 557 gloriosissime
3341 500 3641 557 pugnantes,
3667 497 3832 564 quietis-

646 604 777 660 ergo
802 588 970 644 decus
999 596 1054 643 et
1085 586 1389 643 mercedem
1421 587 1489 642 ab
1528 596 1763 658 utroque
1801 586 2061 653 tenditur,
2100 585 2228 639 dum

647 681 786 736 alius
820 680 958 735 bene
992 678 1253 742 consulit,
1283 688 1338 733 et
1381 679 1518 734 alius
1547 678 1685 734 bene
1718 679 1981 735 consultis
2015 679 2229 734 obtem-

648 777 824 839 perat.
876 768 1024 823 lianc
1070 767 1435 823 obedientiam
1480 768 1715 823 maxime
1740 768 1999 824 Salvator
2045 777 2233 823 noster

645 860 937 915 inculcavit
965 860 1143 927 nobis,
1184 861 1280 933 qui
1327 876 1433 915 non
1463 860 1636 915 solum
1662 861 1789 916 dum
1834 876 1932 917 nos
1962 861 2231 931 redemit,

647 952 743 1007 sed
772 952 934 1007 etiam
962 952 1090 1005 dum
1122 950 1490 1007 obedientiam
1524 951 1711 1018 docet,
1765 952 1974 1006 salvare
2006 967 2112 1008 nos
2136 967 2233 1008 vo-

651 1048 784 1102 luit:
808 1046 1039 1117 .aqualis
1068 1046 1212 1101 enim
1235 1046 1380 1102 Patri
1401 1046 1639 1102 obedivit
1656 1046 1827 1101 Patri.
1861 1046 1931 1101 Et
1954 1047 2232 1117 quomodo

648 1140 922 1195 obedivit?
952 1138 1217 1209 Numquid
1242 1141 1298 1193 in
1345 1155 1405 1194 re
1445 1138 1584 1195 facili
1626 1139 1903 1195 obedivit?
1948 1139 2121 1209 Usque
2162 1138 2233 1192 ad

651 1240 889 1285 mortem.
920 1232 986 1286 Et
1006 1231 1227 1301 qualem
1254 1233 1533 1286 mortem?
1581 1240 1794 1285 mortem
1843 1243 2017 1285 autem
2064 1233 2233 1286 crucis

654 1320 822 1392 (Phil.
853 1338 910 1386 tt,
944 1320 1022 1394 8).
1068 1322 1177 1376 Nec
1200 1322 1380 1376 soium
1424 1322 1858 1391 obtemperavit,
1911 1323 2008 1379 sed
2066 1323 2231 1377 etiam

651 1414 985 1469 voluntatem
1028 1414 1201 1468 Patris
1252 1413 1586 1468 voluntatem
1640 1429 1793 1469 suam
1842 1413 1988 1470 fecit.
2030 1413 2236 1471 Facere

653 1506 796 1563 enim
818 1522 944 1575 qua
969 1506 1224 1576 jubentur
1253 1506 1414 1561 etiam
1444 1505 1597 1559 inviti
1624 1520 1912 1575 pessumus
1941 1524 1956 1559 :
1983 1506 2070 1562 illa
2102 1520 2232 1561 vera

651 1596 957 1652 obedientia
982 1606 1086 1662 est,
1114 1611 1236 1652 cum
1263 1611 1325 1650 ea
1346 1612 1471 1664 quae
1496 1598 1607 1651 vult
1637 1597 1728 1653 ille
1756 1599 1845 1668 qui
1872 1598 2136 1667 praecipit,
2168 1612 2233 1652 ea

654 1688 845 1758 incipit
870 1688 1012 1743 velle
1040 1690 1129 1756 qui
1158 1698 1334 1757 paret.
1364 1688 1638 1759 Scriptura
1671 1704 1824 1744 sacra
1872 1692 1980 1744 ait:
2028 1689 2233 1745 Bonum

2334 583 2468 637 sime
2491 582 2823 653 navigantes,
2842 580 3167 636 tutissimam
3191 584 3361 635 vitam
3391 582 3443 635 in
3467 583 3645 640 studiis
3669 588 3829 656 spirita-
3926 568 3927 577 ‘

2334 675 2475 730 libus
2507 675 2886 745 trausigamus,
2933 683 2988 729 et
3034 672 3504 745 apprehendamus
3542 675 3686 733 vitam
3719 692 3832 739 uter.
3926 690 3927 745 ξ

2336 782 2482 834 nam,
2501 770 2555 822 in
2584 782 2687 836 qua
2716 766 2895 822 vocati
2913 779 3120 820 sumus.

2404 861 2460 917 5.
2486 860 2737 917 Salvator
2763 870 2949 915 noster
2972 860 3241 930 loquitur:
3274 855 3397 913 Non
3418 868 3572 929 potest
3596 861 3741 921 civitas
3754 868 3833 922 abs.

2336 953 2488 1007 condi
2514 968 2672 1025 supra
2712 961 2935 1005 montem
2960 951 3127 1021 posita
3155 965 3174 1005 :
3204 966 3366 1019 neque
3412 952 3674 1006 accendunt
3714 955 3830 1011 lucer-

2336 1062 2478 1110 nam,
2506 1054 2554 1098 et
2583 1051 2783 1115 ponunt
2813 1059 2924 1096 eam
2968 1042 3062 1096 sub
3092 1041 3301 1105 modio,
3352 1041 3441 1094 sed
3486 1057 3620 1114 super
3657 1049 3832 1102 candela-

2338 1137 2505 1201 brum,
2534 1146 2588 1189 ut
2615 1136 2778 1189 luceat
2806 1133 3039 1188 omnibus
3068 1134 3155 1202 qui
3184 1134 3236 1186 in
3270 1133 3422 1187 domo
3464 1143 3579 1187 sunt
3604 1134 3774 1205 (Matth.
3797 1158 3831 1203 ν,

2339 1229 2453 1303 lt).
2480 1231 2645 1284 Recte
2672 1242 2804 1299 ergo
2832 1236 2940 1281 tam
2967 1226 3196 1281 illustris
3227 1227 3449 1281 lucerna
3478 1227 3569 1281 sub
3598 1236 3831 1287 monasterii

2337 1324 2521 1378 modio
2545 1324 2839 1377 constituta
2881 1321 2949 1375 ad
2984 1320 3242 1376 Ecclesia:
3274 1320 3525 1374 translata
3550 1330 3623 1377 est
3646 1326 3829 1379 candela-

2336 1414 2512 1469 brum.
2546 1413 2614 1467 Et
2644 1428 2774 1468 sane
2807 1412 3021 1467 modius
3066 1414 3167 1467 iste
3196 1410 3535 1480 evangelicus
3561 1413 3675 1467 bene
3698 1431 3829 1470 mona-

2336 1508 2503 1562 sterio
2530 1513 2830 1574 coaptatur,
2864 1504 2954 1559 ubi
3006 1503 3138 1557 nihil
3196 1503 3375 1571 agitur
3405 1502 3597 1573 absque
3626 1519 3827 1563 mensula.

2336 1600 2547 1655 Habent
2573 1599 2714 1653 enim
2748 1597 2861 1652 illic
2888 1598 3137 1651 universa
3165 1595 3435 1658 dimensn,
3466 1596 3629 1649 omnia
3653 1597 3829 1653 factum

2338 1690 2481 1743 dicta
2512 1688 2817 1759 aequissima
2849 1690 3057 1743 ratione
3080 1687 3290 1757 prolata
3312 1694 3497 1742 tenent
3516 1687 3576 1741 ad
3598 1688 3733 1743 vicem
3756 1707 3830 1744 mu-

650 1790 724 1833 est
753 1779 945 1833 homini
972 1796 1087 1833 cum
1117 1781 1391 1847 portaverit
1410 1785 1601 1853 jugum
1623 1799 1654 1834 a
1672 1784 1942 1854 juventute
1974 1799 2101 1847 sua;
2146 1800 2228 1837 se-
2260 1786 2311 1846 B
2339 1782 2415 1837 dii
2438 1783 2679 1837 modum.
2714 1782 2861 1838 Bene
2888 1798 3019 1852 ergo
3063 1780 3293 1851 spiritali
3347 1780 3606 1836 intellectu
3639 1798 3713 1849 per
3736 1783 3830 1839 hanc

652 1871 787 1925 debit
812 1872 1222 1941 singulatim-et
1246 1872 1434 1926 tacebit
1462 1871 1679 1943 (Titi-en.
1709 1890 1783 1941 tv,
1813 1875 1928 1943 27).
1962 1874 2233 1928 Ponamus

652 1976 781 2032 ergo
807 1961 1093 2031 adiuvante
1125 1979 1224 2018 nos
1252 1964 1473 2020 Christo
1500 1966 1582 2020 ori
1612 1975 1800 2021 nostro
1825 1968 2026 2022 ostium
2056 1978 2112 2022 et
2134 1983 2231 2022 se-

652 2069 763 2121 ras,
792 2064 845 2109 et
870 2056 1051 2110 verbis
1098 2056 1298 2109 nostris
1349 2066 1625 2111 stateram.
1670 2058 1961 2126 Apostolus
1998 2072 2233 2128 namque

652 2147 762 2199 ait:
797 2148 896 2213 Qui
926 2147 1050 2201 bene
1092 2148 1483 2213 ministrat-erit,
1525 2150 1742 2219 gradum
1789 2152 1977 2207 bonum
2016 2151 2115 2208 sibi
2138 2169 2233 2209 at-

649 2238 806 2307 quirit
832 2238 877 2310 (1
906 2238 1037 2292 Tim.
1082 2255 1162 2302 ιιι,
1200 2239 1309 2311 l5).

717 2332 770 2385 4.
808 2329 1020 2387 Ethaec
1046 2331 1286 2401 quidem,
1311 2333 1676 2400 dilectissimi,
1704 2349 1811 2391 non
1859 2336 1926 2391 ad
1954 2334 2235 2393 instruen-

649 2423 746 2478 dos
773 2438 868 2497 vo;
884 2424 1112 2499 loquor;
1146 2425 1241 2481 aed
1272 2434 1329 2481 ut
1357 2427 1674 2485 humilitatis
1703 2439 1758 2485 et
1786 2430 2107 2487 obedientite
2132 2432 2235 2487 bo-

650 2530 716 2569 na
739 2530 857 2584 quae
880 2517 1164 2586 exercetis,
1200 2520 1249 2571 in
1281 2520 1460 2573 verbis
1484 2521 1616 2575 meis
1647 2525 2080 2592 recognoscatis:
2113 2541 2233 2593 qua:

652 2606 813 2675 bona,
845 2623 963 2678 quae
1004 2608 1070 2662 ad
1112 2620 1372 2664 aeternum
1427 2611 1520 2666 Dei
1569 2628 1797 2681 regnum
1845 2630 1938 2667 vos
1970 2615 2230 2685 trahunt,

650 2698 893 2767 cupimus
938 2711 994 2753 ut
1041 2700 1409 2756 indesinenter
1439 2705 1788 2772 possitlealis.
1843 2704 2028 2775 Neque
2082 2708 2230 2762 enim

652 2790 738 2858 qui
783 2791 1039 2859 cmperit,
1080 2791 1173 2845 sed
1223 2793 1311 2862 qui
1354 2796 1776 2864 perseveraverit,
1814 2794 1903 2851 hic
1930 2798 2105 2853 saluus
2133 2800 2235 2855 erit

660 2879 852 2950 (Marc.
888 2881 974 2945 10,
1010 2880 1121 2953 12).
1168 2882 1224 2936 Εἰ
1256 2892 1433 2939 autem
1470 2888 1559 2955 qui
1606 2887 1722 2942 vult
1746 2888 1932 2944 salvus
1968 2904 2111 2954 esse,
2144 2890 2233 2948 hie

653 2975 964 3033 certandum
998 2988 1101 3033 est.
1127 2976 1181 3034 Si
1213 2982 1334 3051 quis
1366 2982 1417 3034 in
1450 2997 1646 3053 pugna,
1670 2986 1888 3055 quando
1910 2985 2059 3043 acies
2083 2988 2232 3044 ordi—

648 3076 824 3132 natur,
856 3077 910 3122 et
939 3078 1125 3123 contra
1155 3072 1495 3129 adversarios
1524 3084 1720 3142 statur,
1767 3078 1887 3134 loco
1918 3093 2020 3136 suo
2046 3096 2229 3137 reces-

646 3161 794 3228 serit,
839 3159 1099 3232 deinceps
1152 3164 1373 3232 ignavus
1418 3182 1479 3222 ac
1525 3169 1713 3239 refuga
1747 3170 1991 3228 habetur.
2032 3172 2093 3228 lu
2124 3174 2226 3232 hoc
2255 3161 2303 3227 C
2333 3170 2549 3226 culillis
2578 3170 2822 3225 edissere
2870 3169 3111 3239 populis;
3162 3171 3344 3225 revela
3392 3184 3542 3240 quem
3588 3171 3635 3225 in
3668 3171 3829 3223 secretis
3926 3168 3927 3185 ‘

646 3265 855 3320 quoque
885 3252 1004 3307 loco
1040 3254 1237 3311 milites
1267 3257 1469 3312 Christi
1507 3259 1797 3317 adversum
1847 3264 2123 3323 diabolum
2150 3269 2228 3323 vi-

646 3342 839 3396 dentur
865 3347 1012 3413 quasi
1041 3344 1094 3398 in
1136 3347 1250 3401 acie
1290 3348 1520 3405 ordinati
1555 3362 1728 3408 stare:
1769 3354 2028 3413 deserere
2046 3370 2231 3415 certa-

646 3449 767 3487 men
800 3443 853 3487 et
874 3434 1155 3490 discedere
1186 3436 1341 3505 hinc,
1372 3455 1477 3496 non
1507 3442 1678 3498 solum
1722 3445 2097 3516 ingloriosum,
2130 3466 2227 3507 ve-

648 3542 761 3579 rum
791 3528 954 3585 etiam
1007 3530 1366 3600 periculosum
1395 3542 1495 3587 est.
1552 3536 1868 3593 Manendum
1906 3551 1990 3599 est
2040 3544 2093 3597 in
2120 3544 2231 3602 hoc

646 3618 833 3673 eodem
860 3619 984 3673 loco
1008 3634 1022 3684 ;
1054 3629 1112 3674 ut
1136 3624 1443 3679 tenentibus
1476 3626 1629 3682 nobis
1657 3629 1799 3697 quod
1823 3639 2093 3702 tenemus,
2118 3651 2227 3693 non

2342 1876 2565 1946 ﬁguram
2598 1876 2909 1930 monasterii
2952 1877 3391 1943 interpretamur,
3424 1888 3535 1941 qua:
3563 1875 3621 1926 ad
3651 1874 3828 1930 similitu-

2335 1966 2518 2022 dinem
2548 1967 2713 2021 modii
2760 1966 2894 2021 nihil
2937 1967 3109 2021 soleat
3138 1965 3191 2019 in
3226 1980 3287 2019 se
3330 1966 3523 2036 habere
3566 1968 3827 2034 permixtum.

2335 2062 2471 2117 Nam
2500 2064 2640 2135 sicut
2668 2064 2901 2117 triticum
2933 2075 2961 2115 a
2994 2061 3164 2130 paleis
3212 2069 3567 2130 segregatum,
3605 2062 3664 2115 ita
3686 2064 3825 2118 dest!)-

2334 2156 2460 2212 culo
2484 2164 2765 2222 separatos
2800 2155 3040 2224 recipere
3093 2154 3405 2217 consuevit;
3454 2162 3506 2207 et
3551 2166 3654 2223 post
3679 2155 3828 2211 Domini

2340 2246 2723 2309 ventilabrum,
2756 2248 2849 2317 qui
2878 2246 3099 2301 mundat
3135 2261 3318 2300 aream
3349 2259 3518 2312 suam,
3549 2246 3709 2315 ejectis
3731 2248 3830 2303 foras
3926 2252 3927 2269 ‘

2330 2342 2699 2397 excrementis
2724 2348 3001 2408 tamquam
3050 2338 3270 2409 puriora
3314 2338 3423 2408 jam
3472 2354 3620 2409 grana
3654 2341 3762 2396 intra
3790 2358 3830 2397 se

2337 2433 2542 2489 electos
2584 2448 2711 2487 suos
2742 2432 2999 2487 continet.
3028 2429 3268 2486 Proinde
3306 2430 3445 2485 sicut
3471 2432 3657 2486 modius
3694 2449 3829 2487 mona-

2338 2525 2528 2590 sterio,
2564 2524 2634 2578 ita
2666 2524 3050 2579 candelabrum
3096 2522 3355 2578 Ecclesize
3392 2534 3718 2592 comparatur:
3745 2528 3829 2595 quia

2338 2630 2461 2669 cum
2489 2616 2559 2669 sit
2588 2615 2641 2668 in
2670 2615 2816 2670 edito
2844 2615 2930 2668 vel
2956 2616 3006 2668 in
3045 2616 3342 2684 conspicuo
3388 2613 3671 2683 constituta,
3701 2617 3829 2685 splen-

2338 2708 2527 2763 dorem
2553 2708 2619 2762 ad
2649 2723 2709 2764 se
2748 2710 3065 2763 translatum
3107 2708 3281 2762 oculis
3311 2707 3553 2774 eﬂ‘erens,
3584 2711 3728 2763 lumen
3762 2712 3829 2763 511ιί

2334 2799 2649 2869 impositum
2676 2801 2891 2854 cunctis
2920 2798 3179 2853 ostendit.
3212 2800 3486 2853 Accensus
3520 2799 3638 2868 ignis
3660 2801 3829 2853 rations-
3926 2856 3927 2859 η

2336 2891 2520 2948 biiiter
2545 2891 2819 2961 profertur
2842 2900 2899 2946 ut
2929 2892 3142 2958 luceat;
3177 2907 3370 2961 parum
3416 2894 3551 2947 enim
3581 2892 3759 2963 prodest
3781 2894 3830 2945 la-
3926 2880 3927 2933 ἶ

2337 2994 2460 3041 tens
2490 2986 2711 3051 bonum,
2732 3001 2922 3054 parum
2950 2986 3098 3041 lucet
3126 2987 3309 3040 lumen
3340 2986 3696 3041 absconditum.
3720 2984 3830 3039 Erat

2338 3085 2415 3142 ta,
2475 3076 2791 3132 beatissime
2822 3076 3082 3146 pontifex,
3123 3078 3265 3131 sicut
3320 3076 3443 3130 tuba
3489 3091 3653 3131 vocem
3697 3086 3826 3129 tuam:

2336 3261 2570 3319 eﬂ'odisti
2603 3261 2914 3318 thesaurum
2940 3272 3126 3328 tuum;
3154 3278 3353 3332 sparge
3376 3276 3505 3330 Opes
3530 3276 3646 3330 quas
3668 3263 3829 3330 conqui-

2337 3357 2488 3421 sisti;
2511 3356 2730 3413 divitias
2756 3371 2899 3427 quas
2942 3357 2999 3410 in
3029 3371 3217 3411 eremo
3246 3358 3444 3425 parasti
3477 3355 3630 3425 palam
3652 3357 3829 3409 esurien-

2340 3449 2487 3505 tibus
2522 3448 2758 3515 edunde,
2802 3449 3096 3518 adiuvante
3141 3450 3376 3504 Domino
3398 3461 3573 3504 nostra
3598 3448 3700 3504 lesu
3721 3446 3828 3502 Chri-

2340 3554 2461 3612 sto,
2489 3543 2584 3613 qui
2619 3558 2742 3599 oam
2795 3544 2909 3599 Deo
2938 3543 3099 3599 Patre
3144 3552 3200 3597 et
3245 3542 3449 3614 Spiritu
3476 3550 3641 3597 sancto
3671 3542 3765 3595 vivit
3795 3548 3828 3591 et

2341 3646 2531 3708 regnat
2556 3637 2611 3692 in
2641 3637 2841 3693 secula
2867 3638 3215 3696 saeculorum.
3272 3640 3461 3692 Amen.

654 3753 3247 3791 Μ

1475 3867 2157 3987 εΔιιιατι
2228 3875 3119 3990 EUCHEBII

1819 4065 2368 4131 LUGDUNENSIS
2410 4069 2768 4134 EPISCOPI

714 4458 715 4461 ᾧ
820 4222 1808 4376 EPITOMES
1891 4229 2743 4383 OPEBUM
2825 4231 3706 4385 CASSIANI

1502 4460 1665 4543 AD
1737 4460 2375 4553 CASTOREM
2448 4472 3072 4556 APTENSEM

1964 4641 2273 4721 LIBRI
2349 4646 2595 4722 DUO.

1674 4892 2154 5003 LIBER
2230 4896 2887 5008 PRIMUS.

1433 5052 1537 5115 DE
1580 5052 2005 5119 CANONICIS
2048 5057 2614 5121 COENOBIORUM
2661 5061 3120 5126 lNSTl'I‘UTIS.

721 5188 773 5242 l.
800 5185 969 5262 (Cass.
999 5187 1131 5246 Inst.
1157 5192 1309 5264 pratf.
1340 5200 1385 5246 et
1416 5193 1504 5248 lib.
1530 5210 1567 5249 ιι
1600 5169 1715 5266 cap.
1749 5196 1932 5267 7-H.)
1960 5197 2093 5253 Cum
2115 5200 2233 5268 jus-
2260 5204 2312 5263 D
2339 5209 2413 5267 te,
2443 5202 2617 5256 coacti
2646 5214 2792 5258 sunt.
2827 5206 3067 5275 Itemque
3108 5210 3227 5262 misi
3252 5210 3521 5265 beatorum
3546 5210 3739 5263 virormn
3758 5215 3817 5255 οπο

647 5281 782 5335 seris
821 5282 973 5352 mihi,
1014 5282 1328 5340 beatissime
1374 5293 1527 5356 pater
1550 5287 1763 5351 Castor,
1787 5296 1846 5343 ut
1866 5288 2231 5350 Orientalium

646 5374 987 5447 maximeque
1034 5373 1413 5448 Egyptiorum
1467 5378 1886 5447 coenobiorum,
1942 5387 2232 5441 eanonicas

646 5463 739 5519 tibi
797 5466 1211 5523 constitutiones
1282 5466 1661 5533 declararem,
1731 5485 1866 5538 quas
1929 5475 2063 5530 meis
2115 5478 2231 5545 ipse

646 5557 815 5612 oculis
838 5560 1121 5631 conspexi,
1139 5569 1243 5615 tua:
1263 5559 1492 5630 jussioni
1510 5558 1914 5629 obtemperans,
1931 5563 2047 5621 haec
2064 5583 2229 5635 pauca

647 5647 743 5704 tibi
773 5651 940 5706 verba
986 5653 1297 5720 transmisi;
1325 5660 1384 5708 ut
1416 5652 1541 5705 hinc
1567 5650 1823 5707 viaticum
1867 5656 1935 5711 ad
1978 5660 2229 5718 virtutem

648 5738 719 5797 iis
739 5750 989 5813 suppetat
1016 5745 1110 5816 qui
1138 5744 1192 5799 in
1214 5758 1355 5801 novo
1375 5751 1471 5835 tuo
1497 5744 1855 5816 monasterio,
1886 5746 2002 5807 Deo
2026 5750 2087 5821 ju
2098 5768 2228 5809 van.

1237 5852 1339 5864 s‘ﬁ

2338 5306 2603 5357 nones,et
2622 5295 2759 5349 alios
2782 5299 3093 5354 nonnullos.
3130 5301 3361 5357 Necesse
3387 5312 3465 5357 est
3494 5303 3648 5369 itaque
3674 5304 3715 5350 ut
3736 5298 3818 5346 ante

2338 5386 2516 5440 omnia
2545 5391 2617 5440 de
2648 5388 2925 5456 oratione,
2955 5389 3221 5445 honorum
3261 5395 3493 5447 omnium
3520 5381 3817 5456 causanerbl
3926 5381 3927 5443 ἶ

2337 5476 2528 5532 faciam
2547 5495 2563 5544 ;
2583 5481 2856 5548 quomodo
2872 5482 3085 5539 scilicet
3106 5496 3160 5540 et
3178 5501 3336 5556 quam
3360 5486 3547 5558 optimo
3566 5498 3667 5539 cum
3685 5475 3815 5534 ordine

2335 5571 2389 5626 in
2446 5570 2671 5641 Αἲυωί
2699 5585 2753 5628 et
2801 5575 3093 5634 Thebaidis
3138 5582 3398 5637 coenobiis
3425 5598 3533 5636 eam
3567 5574 3811 5649 persolvant.

2334 5661 2656 5735 Congregati
2684 5670 2890 5739 quippe
2920 5673 3110 5729 eodem
3136 5676 3187 5729 in
3211 5676 3331 5731 loco
3353 5718 3367 5742 ,
3402 5686 3618 5744 tempore
3641 5662 3811 5739 synalist

2337 5767 2619 5829 postquam
2650 5760 2935 5821 absolutus
2961 5773 3050 5822 est
3078 5766 3340 5838 psalmus,
3368 5781 3470 5825 non
3495 5763 3652 5823 statim
3675 5754 3725 5814 Id
3743 5764 3809 5823 1⁸⁸
