4024 6336
145 285 249 338 869
337 331 346 340 .

1189 277 1532 332 EPITUMES
1577 272 1860 330 OPERUM
1889 272 2191 330 CASSIANI
2220 271 2347 329 LIB.
2390 269 2430 326 l.

3307 263 3414 322 870

144 394 514 449 nullcxionem
543 394 782 458 veniunt,
811 393 908 449 sed
937 395 1250 465 priusquam
1283 409 1456 463 genua
1488 393 1725 459 flectant,
1757 393 1813 454 Α
1837 407 1933 461 per
1961 408 2227 447 summam
2259 389 2622 448 obedientiam
2661 389 2892 446 dederit.
2927 386 3021 442 His
3051 386 3240 455 itaque
3292 401 3416 456 pru-
3491 369 3500 380 ’

139 489 362 544 modico
407 500 650 558 tempore
680 495 888 542 stantes
930 487 1189 560 expansis
1244 488 1492 541 manibus
1541 495 1726 554 orant;

139 593 332 652 postea
372 579 522 656 humi
569 580 847 650 prostrati,
881 589 935 635 et
962 579 1101 635 facta
1131 581 1285 636 brevi
1318 582 1455 635 inter
1483 579 1728 649 genufle-

139 678 398 729 ctendum
424 677 696 746 oratione,
729 689 831 727 una
863 685 1089 745 surgunt
1133 689 1320 729 omnes
1353 693 1366 729 :
1413 688 1477 728 ac
1519 687 1729 727 rursum

135 769 400 835 expansis
431 765 682 830 manibus
705 805 720 832 ,
754 765 960 819 diutius
998 776 1162 835 atque
1201 765 1498 820 ferventius
1528 765 1732 834 suppli-

137 861 261 912 catit
292 876 390 922 nes
420 857 770 930 persolvunt,
806 859 1018 913 nemine
1048 860 1442 926 genuflectente
1471 901 1485 926 ,
1533 867 1625 913 aut
1664 875 1729 914 ex

137 954 523 1019 genuﬂexione
559 968 678 1006 sese
713 954 985 1022 erigente,
1019 952 1192 1008 donec
1218 953 1262 1008 is
1293 953 1382 1022 qui
1430 954 1729 1009 orationem

139 1047 360 1109 recitat,
378 1043 921 1122 priprgepuﬂexerit,
947 1053 1038 1098 aut
1063 1045 1207 1113 prior
1229 1043 1548 1098 surrexerit.
1568 1043 1732 1098 Prout

140 1135 327 1204 itaque
358 1139 564 1199 dictum
611 1145 727 1201 est,
777 1151 897 1191 cum
930 1136 1198 1204 ejusmodi
1232 1136 1514 1207 synaxium
1570 1151 1730 1191 causa

137 1223 504 1294 conveniunt,
541 1237 745 1281 tantum
773 1230 840 1281 ab
867 1229 1118 1282 omnibus
1146 1239 1393 1283 servatur
1422 1228 1694 1283 silentium
1715 1275 1729 1298 ,

140 1328 199 1371 ut
239 1319 299 1372 in
344 1331 493 1372 tanto
541 1326 597 1373 et
646 1334 781 1388 pene
814 1318 1197 1372 innumerabili
1240 1328 1384 1374 coetu
1413 1362 1425 1382 ,
1461 1321 1729 1375 neminem

139 1409 340 1465 adesse
371 1412 646 1476 videatur;
686 1409 1020 1480 potissimum
1071 1428 1198 1465 vero
1252 1421 1498 1480 tempore
1527 1415 1730 1468 oratio-

139 1519 297 1565 num,
327 1521 435 1574 qtto
470 1519 642 1582 neque
670 1514 883 1578 sputum
910 1505 1196 1571 emittitur,
1247 1520 1422 1573 neque
1456 1507 1615 1560 tussis
1639 1522 1728 1561 au-

139 1581 328 1650 ditur:
360 1610 466 1650 non
491 1597 597 1649 illic
623 1595 850 1667 pigritia:
875 1596 1113 1666 signum,
1139 1611 1244 1649 nou
1265 1595 1601 1662 dormitatio,
1628 1613 1733 1652 non

139 1689 420 1753 oscitatio,
477 1703 582 1741 non
608 1671 839 1756 gemitus
885 1702 1008 1740 cum
1065 1701 1199 1741 sono
1246 1688 1556 1741 audiuntur.
1598 1687 1732 1740 Eum

1833 483 2011 548 batus,
2034 495 2092 539 ut
2120 485 2487 539 admittendus
2510 483 2578 537 ab
2599 482 2705 538 illis
2727 480 2960 538 habetur
2977 487 3144 546 atque
3161 477 3414 542 docetur,

1832 591 1902 631 ne
1931 576 2225 646 quidquam
2259 577 2331 632 de
2359 575 2516 631 bonis
2540 576 2653 630 suis
2676 572 2820 644 apud
2846 587 2908 629 se
2927 571 3263 627 reconditum
3279 583 3415 623 con-

1831 679 2011 724 servet
2039 687 2053 722 :
2084 671 2236 738 gnari
2268 669 2479 724 scilicet
2505 683 2629 723 eum
2660 669 2751 737 qui
2779 665 2850 722 de
2890 664 3052 721 bonis
3079 663 3205 719 suis
3254 659 3413 731 quid-

1832 777 1990 832 quam
2014 764 2233 828 retinet,
2269 779 2374 817 non
2407 776 2566 830 posse
2588 761 2682 816 diu
2721 763 2774 815 in
2800 758 3114 816 monasterii
3133 754 3412 814 obedien-

1834 855 1905 910 tia
1935 871 2275 925 permanere,
2310 871 2486 924 neque
2514 856 2581 910 ad
2609 853 2770 909 finem
2818 869 2990 922 usque
3035 862 3408 920 perseverare,

1833 963 1946 1018 pra:
1969 950 2135 1004 animi
2163 949 2419 1020 languore
2447 965 2511 1004 ac
2537 949 2723 1004 taedio.
2742 948 2876 1003 Cum
2897 947 3105 1018 quaevis
3132 945 3278 1001 enim
3306 941 3412 998 mi-

1834 1041 1978 1096 nima
2004 1043 2220 1097 occasio
2247 1052 2339 1096 aut
2363 1041 2581 1097 afflictio
2607 1041 2723 1111 ejus
2749 1041 2991 1097 movebit
3011 1041 3271 1105 animum,
3289 1044 3412 1093 sta-

1835 1131 1930 1186 tim
1959 1131 2224 1187 reconditi
2264 1133 2505 1188 thesauri
2539 1146 2684 1203 spes,
2733 1133 2886 1202 quasi
2935 1131 3097 1188 funda
3154 1132 3408 1204 lapidem,

1835 1226 2168 1280 monasterio
2201 1225 2348 1279 illum
2393 1226 2561 1294 ejicit.
2592 1225 2772 1292 Quare
2815 1225 2992 1295 quivis
3020 1225 3231 1280 illorum
3276 1226 3413 1280 anti-

1835 1316 1957 1385 quis
1979 1318 2412 1385 possessionibus
2437 1317 2676 1384 exuitur,
2696 1318 2766 1371 ita
2785 1327 2844 1373 ut
2871 1333 2936 1372 ne
2959 1317 3288 1373 vestimento
3301 1318 3414 1388 qui-

1836 1408 1957 1463 dem
1987 1424 2092 1478 quo
2124 1410 2344 1465 indutus
2365 1420 2483 1464 erat
2507 1411 2579 1465 uti
2605 1410 2710 1464 sibi
2734 1410 2914 1464 liceat.
2942 1409 3048 1465 Sed
3077 1408 3417 1479 congregatis

1835 1504 2048 1557 cunctis
2076 1501 2355 1569 fratribus,
2378 1503 2431 1557 in
2455 1503 2689 1557 medium
2714 1503 3000 1570 adductus,
3017 1501 3233 1556 exuitur
3257 1500 3417 1556 vesti-

1835 1594 2038 1649 mentis
2086 1596 2349 1664 propriis,
2405 1603 2461 1650 et
2508 1611 2695 1652 eorum
2750 1597 2870 1651 loco
2918 1595 3125 1651 abbatis
3167 1593 3418 1650 manibus

1839 1690 2156 1742 monasterii
2191 1690 2533 1744 vestimentis
2563 1689 2912 1756 indu‘itur;ut
2931 1704 2992 1744 ea
3024 1688 3198 1745 forma
3221 1703 3419 1760 cogno-

144 1793 388 1849 namque
417 1779 506 1849 qui
534 1793 646 1848 pra:
678 1794 874 1834 nausea
911 1787 964 1832 et
995 1779 1162 1832 animi
1193 1779 1421 1832 mollitie
1448 1794 1568 1833 cum
1622 1780 1733 1834 cla-
1764 1779 1812 1839 B
1837 1788 1953 1833 seat
1981 1779 2120 1848 ipse,
2145 1795 2203 1834 se
2238 1781 2520 1834 mundanis
2564 1784 2724 1836 rebus
2763 1782 3018 1836 omnibus
3038 1821 3053 1846 ,
3107 1781 3417 1850 arrogantia

141 1885 303 1924 more
351 1886 626 1940 precatur,
681 1871 828 1924 aiunt
874 1871 1160 1939 dupliciter
1189 1885 1415 1941 peccare
1463 1888 1477 1924 :
1534 1871 1731 1940 primo,

143 1964 292 2032 quod
320 1966 562 2034 segniter
583 1975 730 2030 oret;
762 1965 1022 2030 secundo,
1049 1965 1190 2032 quod
1220 1965 1614 2034 indisciplinata
1645 1965 1732 2020 illa

145 2072 306 2127 voce,
331 2058 565 2128 proximi
592 2073 751 2113 aures
780 2059 1039 2112 obtundat
1059 2073 1120 2111 ac
1149 2069 1382 2112 mentem
1423 2058 1690 2112 distrahat
1717 2077 1729 2114 :

144 2151 533 2206 invadentibus
584 2166 687 2204 una
721 2151 970 2220 malignis
1008 2151 1310 2220 Spiritibus,
1345 2151 1434 2220 qui
1464 2167 1584 2206 cum
1637 2166 1733 2205 nos

143 2244 388 2300 viderint
422 2245 472 2298 in
505 2247 750 2299 oratione
781 2255 1006 2309 Stantes,
1039 2245 1410 2300 indecentibus
1465 2262 1568 2300 nos
1589 2247 1734 2317 cogi-

146 2340 446 2394 tationibus
475 2347 534 2394 et
564 2353 756 2393 nausea
788 2351 949 2406 atque
980 2338 1193 2392 fastidio
1248 2339 1485 2393 animam
1538 2355 1733 2410 aggra-

146 2442 302 2487 vant.
346 2432 476 2497 Quze
525 2447 683 2486 causa
718 2442 800 2486 est
830 2441 886 2484 ut
920 2430 1175 2500 psalmos,
1203 2447 1306 2484 non
1334 2445 1456 2485 cum
1503 2431 1732 2488 tumultu

146 2535 198 2581 et
232 2525 643 2596 perturbatione
669 2524 974 2578 festinando
999 2525 1244 2581 recitent.
1280 2539 1452 2593 neque
1481 2539 1731 2579 versuum

146 2617 517 2680 multitudine,
550 2618 642 2672 sed
678 2615 870 2670 mentis
899 2615 1331 2670 consideratione
1362 2617 1730 2671 oblectentur:

145 2726 206 2764 ea
239 2711 454 2765 scilicet
480 2708 807 2780 cogitatione
839 2709 884 2762 ei
917 2707 1276 2776 obsequentes
1304 2708 1393 2776 qui
1423 2707 1498 2760 ait
1525 2725 1539 2761 :
1573 2705 1730 2762 Psal-

145 2808 250 2860 lam
281 2806 490 2874 spiritu,
526 2805 746 2873 psallunt
775 2813 822 2857 et
851 2812 1015 2857 mente
1042 2802 1087 2874 (Ι
1113 2801 1233 2857 Cor.
1289 2817 1408 2867 XIV,
1444 2800 1532 2873 15)
1567 2819 1582 2857 :
1629 2803 1732 2856 rati

147 2899 335 2953 utilius
364 2913 484 2954 esse
514 2897 702 2952 decem
753 2911 939 2950 versus
977 2911 1097 2950 cum
1130 2898 1432 2949 attentione
1473 2895 1729 2964 psallere,

143 3006 310 3058 quam
340 3000 510 3044 totum
545 2990 855 3059 psalterium
889 3004 1010 3042 cum
1041 2987 1355 3040 ctinfusione
1397 2987 1612 3041 tuentis.

210 3082 268 3137 2.
304 3083 474 3154 (Cass.
508 3082 642 3137 Inst.
678 3084 713 3136 I.
750 3099 809 3148 tt,
844 3099 888 3135 ε.
920 3079 1034 3151 15.)
1080 3080 1375 3150 Cotnpletis
1409 3081 1633 3149 ps:tltn'ts
1677 3091 1731 3136 et

1835 1871 1962 1926 item
2008 1881 2063 1927 et
2103 1873 2353 1941 superbia
2410 1872 2691 1938 nudatum,
2751 1872 2996 1930 induisse
3044 1883 3415 1944 paupertatem

1834 1961 2039 2028 Christi
2067 2004 2082 2029 ,
2111 1973 2166 2018 et
2206 1965 2325 2018 sine
2372 1965 2577 2034 pudore
2619 1979 2740 2020 sese
2768 1980 3164 2023 connumerare
3190 1975 3243 2022 et
3269 1980 3417 2023 exa-

1833 2070 2002 2124 quare
2023 2058 2240 2126 corpori
2265 2057 2640 2112 fraternitatis.
2658 2057 2995 2114 Vestimenta
3018 2069 3197 2114 autem
3221 2059 3418 2130 quibus

1833 2148 2072 2215 exuitur,
2104 2158 2324 2219 accepta
2353 2160 2534 2205 servat
2564 2165 2879 2206 oeconomus
2904 2153 3240 2219 monasterii,
3255 2160 3417 2222 atque

1833 2254 2080 2295 seorsum
2112 2241 2352 2309 reponit;
2378 2240 2553 2296 donec
2575 2242 2692 2311 ipse
2721 2241 3014 2312 profectus,
3044 2253 3414 2300 conversatio-

1836 2333 1924 2385 nis
1951 2331 2338 2402 patientiaeque
2377 2335 2428 2388 in
2486 2335 2648 2389 variis
2689 2337 3083 2391 tentationibus
3135 2340 3414 2408 specimen

1834 2425 2070 2480 dederit.
2112 2428 2177 2480 Et
2205 2426 2250 2481 si
2280 2428 2494 2498 quidem
2526 2429 2964 2498 deprehendatur
2995 2433 3049 2485 in
3073 2432 3227 2488 hisce
3258 2447 3418 2502 posse

1837 2535 2214 2589 perseverare,
2246 2529 2410 2588 atque
2437 2537 2503 2576 eo
2559 2523 2743 2578 studio
2791 2531 2848 2577 et
2887 2523 3116 2578 ferventi
3142 2527 3418 2595 proposito

1836 2629 1940 2682 quo
1971 2617 2135 2684 coepit
2180 2631 2521 2684 permanere,
2553 2615 2782 2687 reliquis
2809 2632 2930 2672 eum
2957 2617 3220 2674 fratribus
3244 2634 3418 2674 annu-

1837 2717 2069 2761 merant.
2108 2707 2258 2774 Quod
2291 2711 2333 2763 si
2366 2711 2417 2762 in
2442 2725 2508 2764 eo
2539 2711 2989 2765 murmurationis
3013 2709 3293 2784 delictum,
3325 2719 3420 2766 aut

1835 2797 2811 2870 inobedientiaecujuslibetpeccatum
2825 2804 3416 2870 comperiant,exutum

1835 2907 1957 2947 eum
1989 2894 2306 2949 monasterii
2335 2895 2699 2960 vestimentis,
2730 2911 2793 2950 ac
2819 2896 3102 2951 mundanis
3128 2897 3307 2952 denuo
3336 2899 3416 2952 in-

1836 2984 2106 3039 dumentis
2136 2985 2391 3040 amictum
2423 3002 2489 3041 ex
2512 2987 2764 3042 coenobio
2785 2988 3088 3059 expeiiunt.
3108 2989 3184 3044 Ita
3206 2999 3266 3045 ut
3292 2998 3418 3060 post

1838 3086 1943 3130 tam
1977 3088 2280 3132 accuratam
2313 3079 2715 3148 probationem,
2757 3097 2864 3136 non
2893 3081 3052 3138 facile
3077 3082 3148 3138 sit
3171 3083 3414 3151 volenti,

142 3191 384 3243 canone,
428 3179 500 3229 uti
552 3174 800 3244 superius
830 3177 1266 3239 memoravimus,
1299 3189 1458 3228 nemo
1506 3173 1731 3228 fratrum
1756 3153 1803 3216 (ἶ
1836 3167 2062 3222 arbitrio
2088 3184 2185 3223 suo
2214 3171 2296 3225 vel
2321 3171 2535 3240 ingredi
2569 3171 2652 3226 vel
2694 3186 2725 3227 e
2769 3174 3100 3230 monasterio
3125 3176 3414 3234 secedere;

142 3268 228 3323 vel
261 3266 534 3321 tantillum
561 3269 819 3336 temporis
849 3280 972 3319 cum
995 3265 1100 3319 alio
1127 3273 1271 3319 stare
1322 3275 1410 3318 aut
1455 3265 1620 3320 verba
1647 3265 1728 3320 fa-

142 3377 277 3418 cere
301 3361 496 3426 audet;
521 3361 622 3422 sed
657 3359 993 3430 nequecella
1033 3358 1236 3428 egredi,
1267 3369 1359 3413 aut
1411 3373 1546 3427 utrius
1578 3358 1732 3414 dese-

142 3469 270 3510 rere
298 3469 480 3521 suum,
510 3453 651 3523 quod
681 3468 788 3522 prae
820 3451 1070 3504 manibus
1100 3459 1312 3514 tractat,
1338 3449 1492 3519 juxta
1519 3461 1732 3519 aposto-

142 3545 311 3600 licum
339 3543 823 3614 praeceptum;nisi
869 3540 1162 3595 necessarii
1214 3540 1491 3609 cujusdam
1547 3541 1730 3610 Operis

143 3638 438 3693 occasione
483 3654 669 3692 omnes
707 3653 809 3691 una
844 3637 1132 3691 convenire
1177 3645 1426 3706 Oporteat
1460 3654 1472 3690 :
1525 3637 1727 3703 egressi

141 3740 329 3784 autem
379 3744 513 3797 opus
559 3743 713 3781 suum
773 3739 1158 3798 exsequuntur,
1194 3730 1268 3782 ita
1310 3740 1368 3783 ut
1411 3744 1476 3783 ne
1509 3729 1726 3783 minima

140 3825 364 3894 quidem
397 3825 537 3879 inter
562 3838 656 3878 eos
677 3824 748 3878 sit
772 3825 1168 3890 confabulatio,
1217 3827 1311 3879 sed
1341 3825 1535 3895 singuli
1563 3824 1730 3878 medi-

143 3917 338 3971 tationi
370 3918 566 3971 mentis
591 3925 780 3971 vacent
807 3928 861 3970 et
891 3919 1118 3984 psalmo,
1147 3929 1202 3972 et
1232 3917 1372 3987 quod
1399 3917 1497 3971 sibi
1519 3917 1727 3985 jussutn

140 4022 226 4064 est
271 4010 550 4080 impleant.
578 4009 762 4078 Magna
795 4025 952 4078 porro
1000 4009 1366 4065 sollicitudine
1391 4023 1611 4076 cavent,
1662 4025 1730 4065 ne

140 4101 268 4170 quis
286 4099 515 4154 fratrum
547 4116 667 4154 cum
687 4101 792 4154 alio
819 4101 1048 4154 maxime
1074 4101 1278 4154 novitio
1299 4101 1444 4155 solus
1477 4118 1727 4171 umquam

141 4194 620 4262 reltuqttatur,aut
652 4194 893 4247 extensis
942 4193 1188 4248 manibus
1237 4193 1467 4263 aliquem
1518 4205 1730 4250 contre-

146 4298 304 4338 etare
332 4291 424 4337 aut
457 4284 746 4352 complecti
769 4283 980 4337 audeat.
998 4282 1150 4350 Quod
1177 4282 1222 4337 si
1249 4282 1369 4353 quis
1394 4285 1530 4337 hanc
1555 4293 1729 4338 trans-

138 4378 296 4447 gredi
349 4376 587 4446 regulam
640 4377 1118 4447 deprehendatur,
1171 4377 1503 4446 gravissimae
1546 4390 1729 4432 corre-

143 4473 316 4542 ptioni
351 4471 654 4540 subjicitur.

211 4567 273 4620 5.
309 4529 480 4634 (Cass.
512 4561 645 4616 Inst.
677 4561 718 4615 ι.
741 4578 815 4625 tv,
850 4579 896 4615 c.
925 4561 1066 4632 1-6.)
1123 4561 1200 4616 De
1238 4561 1496 4616 canonico
1544 4561 1723 4630 itaque
1750 4529 1806 4592 Β

141 4673 336 4724 more,
371 4658 482 4710 sive
510 4671 728 4724 precum
760 4655 875 4709 sive
902 4654 1259 4724 psalmorum,
1285 4669 1390 4721 quo
1419 4661 1576 4721 pacto
1626 4653 1732 4707 sci-

141 4751 274 4804 licet
303 4762 399 4804 eas
428 4758 677 4815 oporteat
715 4748 769 4800 in
797 4745 1009 4800 diurnis
1038 4746 1393 4800 conventibus
1411 4745 1684 4800 observari
1714 4791 1726 4812 ,

89 4861 92 4864 ·
137 4853 225 4896 sat
259 4859 286 4893 a
316 4841 472 4895 nobis
497 4841 608 4909 jam
642 4842 849 4894 dictum
879 4847 962 4894 est
982 4855 997 4904 ;
1021 4838 1274 4908 deinceps
1303 4853 1436 4892 vero
1465 4837 1729 4908 agendum

140 4937 304 4991 nobis
329 4944 412 4989 cst
436 4935 501 4989 tle
521 4935 586 4988 iis
619 4935 705 5000 qui
737 4933 994 4986 mundttm
1020 4932 1362 5000 abdicarunt,
1390 4947 1496 5002 qua
1521 4933 1730 4987 ratione

140 5031 190 5082 in
249 5028 399 5082 hisce
423 5025 685 5082 coenobiis
717 5025 1124 5096 ingrediantur,
1160 5025 1212 5078 in
1266 5025 1478 5096 illisque
1521 5040 1732 5094 perma-

138 5133 309 5177 neant
337 5123 388 5174 in
423 5120 728 5175 humilitate
765 5127 820 5172 et
848 5117 1204 5188 obsequentia
1232 5133 1402 5188 usque
1434 5119 1500 5171 ad
1551 5127 1731 5171 extre-

139 5230 288 5267 mam
321 5222 676 5269 senectutem.
707 5212 877 5266 Tauta
909 5211 1107 5281 quippe
1137 5210 1274 5275 apud
1326 5210 1450 5262 illos
1480 5220 1564 5263 est
1600 5211 1724 5263 obe-

139 5305 380 5373 dientia,
409 5313 550 5358 tanta
575 5304 848 5357 humilitas
866 5302 931 5355 ad
955 5310 1286 5356 senectutem
1314 5316 1506 5369 usque,
1531 5309 1728 5369 quanta

141 5413 211 5452 ne
237 5398 414 5467 primo
435 5397 652 5467 quidem
680 5411 820 5450 anno
847 5397 898 5450 in
929 5396 997 5448 iis
1019 5394 1107 5462 qtti
1133 5393 1392 5446 smculum
1415 5389 1733 5446 abdicarunt

139 5491 195 5544 in
221 5491 570 5546 monasteriis
598 5491 798 5543 nostris
835 5487 1158 5556 reperiatur.
1191 5485 1309 5539 Non
1362 5487 1507 5553 prius
1553 5486 1735 5555 itaque

140 5589 199 5643 in
254 5582 590 5644 monasterio
635 5580 937 5635 admittitur
965 5580 1054 5647 qui
1086 5578 1199 5630 vult
1251 5593 1368 5631 esse
1401 5579 1731 5643 monachus,

141 5695 310 5750 quam
337 5679 612 5748 specimen
645 5684 694 5729 et
721 5671 1149 5742 experimentum
1191 5671 1458 5740 quoddam
1493 5669 1574 5724 sui
1607 5685 1731 5740 erga

143 5771 320 5828 Deum
345 5768 573 5835 stupris,
613 5765 928 5821 humilitatis
951 5779 1063 5819 suae
1101 5774 1261 5834 atque
1309 5759 1735 5834 aaquaniniitatis

1835 3263 1929 3318 sed
1957 3265 2046 3334 qui
2075 3279 2132 3320 se
2168 3264 2454 3335 proﬁtetur
2478 3281 2764 3323 remanere
2792 3269 2939 3323 nolle
2960 3310 2975 3336 ,
3006 3269 3227 3325 omnino
3251 3286 3417 3325 exua-

1837 3365 1922 3410 tur
1952 3357 2266 3412 monasterii
2291 3360 2655 3414 vestimentis.

1904 3449 1957 3502 4.
1993 3448 2164 3521 (Cass.
2194 3449 2327 3504 Inst.
2351 3451 2389 3504 ι.
2423 3467 2479 3518 ιι,
2516 3467 2562 3505 c.
2593 3451 2738 3522 7-9.)
2770 3449 2904 3506 Cum
2928 3451 3093 3522 igitur
3120 3453 3166 3509 is
3187 3454 3276 3525 qui
3298 3469 3420 3512 sus-

1834 3549 2026 3608 ceptus
2069 3552 2146 3597 est
2171 3585 2184 3608 ,
2220 3558 2281 3596 ea
2312 3559 2418 3613 qua
2470 3544 2707 3599 diximus
2744 3547 3091 3602 accuratione
3134 3547 3415 3616 probatu.

1833 3633 2246 3705 inculpatusque
2274 3635 2647 3704 deprehensus
2677 3649 2781 3704 est,
2816 3653 2925 3693 non
2954 3641 3142 3695 statim
3186 3639 3416 3698 fratrum

1833 3725 1996 3781 coetui
2028 3728 2367 3783 commisceri
2398 3730 2761 3797 permittitur,
2805 3730 2899 3785 sed
2949 3731 3181 3787 traditur
3229 3734 3281 3788 ei
3327 3735 3416 3789 cui

1835 3820 2103 3888 hospitum
2153 3822 2446 3875 commissa
2479 3837 2608 3876 cura
2641 3832 2760 3890 est,
2793 3833 2957 3893 atque
2981 3823 3200 3894 jubetur
3232 3823 3418 3895 hospi-

1835 3922 1946 3967 tum
1979 3912 2279 3968 ministerio
2306 3924 2360 3969 et
2380 3913 2645 3983 obsequio
2668 3916 2888 3968 omnino
2913 3931 3141 3981 vacare;
3177 3931 3237 3969 ac
3267 3925 3418 3986 post-

1833 4023 1993 4076 quam
2021 4008 2288 4075 integrum
2321 4021 2520 4060 annum
2551 4006 2822 4076 inculpate
2847 4008 3090 4076 hospites
3117 4009 3414 4078 exceperit,

1831 4099 1934 4154 hac
1959 4115 2017 4154 re
2058 4102 2109 4153 in
2143 4100 2506 4153 humilitatem
2545 4098 2860 4153 efformatus
2899 4110 2954 4154 et
2991 4101 3043 4154 in
3091 4102 3416 4170 aequanimi-

1832 4198 2018 4256 tatem,
2044 4191 2259 4245 demum
2292 4189 2458 4245 οωιυί
2505 4190 2732 4246 fratrum
2788 4201 3200 4256 annumeratur,
3253 4205 3416 4264 atque

1832 4282 1994 4336 alicui
2038 4297 2072 4337 ο
2119 4283 2424 4337 senioribus
2468 4283 2729 4348 traditur,
2760 4285 2846 4338 cui
2902 4285 3125 4354 hujusce
3174 4287 3417 4342 muneris

1832 4374 2140 4430 sollicitudo
2173 4375 2457 4442 incumbit,
2486 4386 2542 4429 ut
2567 4375 2890 4447 discipulum
2920 4377 3113 4432 doceat
3138 4393 3272 4447 quas
3301 4379 3418 4431 vias

1832 4469 2106 4538 ingressus
2139 4467 2202 4522 ad
2237 4468 2624 4536 perfectionem
2657 4467 2916 4524 virtutum
2951 4471 3246 4539 pervenire
3283 4484 3415 4541 pos-

1834 4562 1922 4619 sit.
1948 4561 2003 4616 ln
2029 4562 2215 4630 primis
2242 4560 2402 4616 docet
2423 4576 2545 4616 eum
2577 4562 2815 4615 studium
2844 4561 3138 4630 superandi
3169 4561 3420 4632 proprias

1834 4655 2304 4724 concupiscentias
2333 4664 2389 4710 et
2415 4656 2746 4724 voluptates,
2771 4655 3014 4724 jubendo
3045 4672 3106 4710 ea
3148 4672 3272 4727 qute
3300 4656 3419 4728 ejus

1835 4748 2099 4803 voluntati
2129 4747 2399 4802 contraria
2429 4755 2574 4802 sunt.
2606 4747 2773 4801 Aiunt
2795 4747 2937 4802 enim
2959 4747 3149 4802 Patres
3179 4763 3284 4802 non
3313 4747 3416 4804 ali-

1833 4851 1920 4896 ter
1949 4855 2107 4910 posse
2136 4855 2459 4910 quemquam
2493 4839 2799 4909 voluptates
2830 4840 3164 4909 reprimere,
3191 4850 3282 4895 aut
3307 4839 3418 4896 ira-

1836 4933 2108 4998 cundiam,
2144 4940 2238 4985 aut
2288 4931 2596 4995 tristitiam,
2628 4939 2722 4985 aut
2749 4945 2935 4985 veram
2967 4931 3214 4988 obtinere
3238 4930 3421 4987 humi-

1836 5028 2066 5092 litatem,
2098 5036 2189 5082 aut
2218 5027 2435 5080 demum
2482 5041 2584 5079 una
2615 5041 2735 5080 cum
2783 5024 3042 5080 fratribus
3086 5027 3139 5080 in
3170 5025 3419 5082 coenobio

1837 5129 1984 5175 recte
2011 5116 2404 5184 consummari,
2436 5117 2535 5171 nisi
2556 5126 2681 5172 ante
2705 5133 2797 5188 per
2823 5118 3186 5173 obedientiam
3218 5117 3416 5172 volun-

1837 5220 1974 5266 tates
2001 5226 2128 5265 suas
2154 5210 2592 5264 mortificaverit.
2625 5209 2719 5264 llis
2741 5211 3227 5266 constitutionibus
3255 5219 3419 5282 atque

1835 5303 2099 5360 doctrinis
2125 5345 2138 5369 ,
2185 5303 2339 5373 quasi
2392 5302 2719 5372 quibusdam
2753 5303 3044 5359 «lementis
3075 5311 3127 5356 et
3170 5301 3416 5374 syllabis,

1836 5398 1925 5452 ubi
1956 5396 2279 5464 discipulum
2309 5393 2375 5449 ad
2419 5396 2854 5464 praestantiorem
2897 5404 3104 5450 statum
3151 5393 3422 5464 produxe-

1836 5497 1983 5554 runt,
2019 5495 2203 5556 postea
2237 5486 2338 5541 hoc
2369 5486 2568 5542 docent
2601 5487 2752 5542 illum
2772 5529 2785 5551 ,
2816 5494 2876 5541 ut
2905 5483 3266 5555 cogitationes
3292 5498 3420 5542 suas

1837 5595 1906 5634 ne
1927 5579 2100 5646 celet;
2134 5577 2226 5634 sed
2257 5578 2347 5635 ubi
2376 5579 2663 5646 accedunt,
2712 5577 3112 5650 quamprimum
3154 5577 3420 5648 patrisuo

1835 5673 2080 5738 revelet;
2127 5687 2303 5742 neque
2332 5673 2401 5727 de
2430 5689 2613 5726 earum
2639 5671 2844 5742 judicio
2885 5680 2942 5726 et
2984 5671 3235 5727 examine
3259 5668 3420 5742 quid-

1839 5767 1977 5836 piam
2007 5765 2157 5819 cordi
2188 5781 2286 5821 suo
2312 5765 2550 5822 confidat
2574 5781 2587 5828 ;
2616 5763 2709 5818 scd
2731 5764 2867 5820 sciat
2896 5767 2947 5819 id
2974 5767 3192 5831 bonum,
3223 5764 3276 5821 id
3303 5775 3424 5824 ml-
