4024 6336
210 312 314 403 87s

1223 326 1570 386 EPITOMES
1608 326 1894 385 OPERUM
1920 322 2237 385 CASSlANl
2276 325 2406 381 LIB.
2433 324 2477 380 l.

3398 312 3505 387 874

210 445 449 514 projecta
472 438 630 511 vidit,
659 461 833 516 neque
849 444 1096 514 despexit
1123 446 1274 516 quasi
1302 460 1415 501 rem
1449 446 1649 500 nullius
1680 459 1803 513 pre-
1828 442 1886 504 Α
1980 440 2071 496 Η.
2102 440 2270 514 (Cass.
2299 438 2434 494 Inst.
2466 436 2505 491 ι.
2531 453 2605 505 tv,
2631 453 2677 491 c.
2712 435 2931 507 50.52.)
2961 437 3137 493 Alium
3161 438 3289 494 item
3314 455 3508 508 quem-

210 537 298 599 tii;
340 538 437 591 sed
469 538 653 592 multis
686 538 1020 607 increpatum
1071 536 1320 604 fratrem,
1372 536 1458 591 cui
1514 536 1810 591 hebdomas

209 628 299 684 illa
332 631 642 686 concredita
667 642 806 696 erat,
836 646 992 701 poma
1021 630 1325 695 mulctavit,
1352 630 1502 700 quasi
1528 629 1809 699 negligen-

213 733 321 777 tem
358 739 419 778 ea
444 739 564 794 qum
595 724 706 779 Deo
730 723 904 780 dicata
934 733 1144 789 essent,
1165 733 1219 778 et
1248 723 1659 778 conculcantem
1688 737 1815 791 pro-

214 818 388 885 priam
416 818 825 872 conscientiam.
859 816 1029 871 Tanta
1057 820 1199 870 enim
1231 831 1357 870 cura
1375 823 1429 870 et
1451 814 1813 869 sollicitudine

210 910 395 963 omnia
418 918 660 976 servant,
700 910 882 963 omnia
908 908 1309 976 administrant,
1345 916 1402 962 ut
1431 922 1493 962 ea
1519 923 1636 976 qure
1660 907 1814 961 nobis

210 1002 339 1056 vilia
369 1012 425 1057 et
446 1002 794 1073 despicabilia
836 1002 1115 1069 videntur,
1152 1016 1342 1071 magna
1387 1001 1685 1055 attentione
1721 1014 1815 1054 cu-

214 1097 484 1164 stodiant;
518 1097 588 1152 ita
607 1107 665 1153 ut
692 1097 832 1151 male
861 1097 1094 1168 positum
1128 1113 1221 1152 vas
1262 1097 1612 1164 transferant,
1641 1094 1811 1164 proje-

214 1196 366 1243 ctum
398 1189 679 1259 colligant,
732 1190 1019 1245 credentes
1048 1204 1155 1245 sea
1191 1189 1421 1243 Domino
1465 1188 1577 1242 Deo
1626 1188 1813 1241 harum

213 1296 431 1352 quoque
459 1297 638 1335 rerum
666 1282 973 1337 mercedem
1000 1292 1339 1351 accepturos.
1373 1282 1480 1335 llas
1516 1279 1815 1335 hebdoma—

215 1371 347 1428 dum
377 1375 591 1443 regulas
624 1390 723 1443 per
756 1384 927 1428 totum
975 1375 1250 1428 Orientem
1299 1373 1577 1427 observari
1619 1372 1816 1442 depre—

218 1467 531 1521 hendimus.
562 1467 717 1536 Apud
744 1466 1024 1538 Egyptios
1064 1476 1244 1520 autem
1275 1480 1381 1519 non
1413 1464 1486 1518 ita
1526 1464 1819 1519 hebdoma

218 1559 348 1614 dum
375 1559 691 1613 vicissitudo
721 1567 969 1613 servatur
998 1575 1011 1624 ;
1045 1558 1139 1612 sed
1170 1558 1334 1613 alicui
1367 1558 1593 1611 fratrum
1627 1556 1821 1626 proba-

220 1651 431 1707 tissimo
458 1653 649 1707 culina:
672 1668 797 1707 cura
821 1652 1198 1718 committitur,
1228 1663 1431 1721 quanto
1457 1651 1660 1705 scilicet
1689 1660 1821 1705 tem-

220 1758 357 1812 pore
388 1745 557 1799 virtus
602 1750 717 1813 ejus
749 1756 1093 1815 augmentum
1125 1744 1342 1813 accipit,
1390 1744 1531 1798 vires
1576 1744 1821 1812 corporis

1916 531 2039 588 dam
2069 548 2137 588 ex
2168 532 2407 603 patribus
2434 530 2665 587 vidimus
2706 530 2959 586 abbatem
3000 530 3281 601 Pinophan
3332 531 3505 607 [Casa

1916 625 2233 698 Pinuftum],
2284 628 2458 681 virum
2503 625 2651 681 omni
2698 624 2897 680 virtute
2951 634 3221 690 ornatum,
3273 628 3362 695 qui
3394 637 3513 681 erat

1916 722 2173 793 antiquus
2202 731 2258 777 et
2305 722 2471 777 abbas
2514 722 2692 791 magni
2718 719 2972 789 cmnohii,
2997 720 3140 791 quod
3191 721 3244 775 in
3274 719 3513 791 Egypto

1916 815 2078 870 situm
2110 824 2193 870 est
2221 829 2388 884 prope
2409 814 2598 869 urbem
2628 814 2902 883 Panepho.
2929 814 2980 869 ls
3005 828 3127 868 cum
3152 828 3272 869 sese
3300 815 3515 869 videret

1919 913 2031 959 tum
2062 905 2133 960 ob
2154 905 2279 960 vitae
2318 905 2640 970 institutum,
2674 915 2787 959 tum
2824 904 2895 960 oh
2924 914 3257 961 senectutem
3290 914 3346 962 et
3375 920 3514 975 pra:-

1917 996 2184 1054 fecturam
2215 999 2420 1054 laudari
2450 1010 2503 1053 et
2524 998 2787 1055 celebrari
2815 998 2884 1053 ab
2911 999 3185 1065 omnibus,
3206 1013 3309 1055 nec
3330 1014 3513 1068 posse,

1918 1091 2379 1161 quemadmodum
2407 1090 2560 1146 initio
2592 1104 2705 1145 suae
2732 1092 3106 1145 conversionis
3132 1091 3313 1146 studio
3343 1092 3518 1147 humi-

1920 1184 2089 1239 litatis
2118 1186 2354 1255 seipsum
2383 1198 2662 1249 exercere,
2693 1183 2759 1237 iis
2782 1190 3082 1252 permotus,
3121 1183 3192 1237 ob
3240 1184 3517 1239 desidera-

1921 1287 2029 1331 tam
2059 1278 2160 1332 sibi
2188 1278 2580 1347 subjeetionem
2636 1275 2689 1330 in
2738 1288 2840 1345 qua
2888 1280 3111 1328 vocatus
3146 1272 3343 1345 fuerat,
3377 1276 3515 1329 clam

1921 1370 2203 1440 aufugiens
2232 1385 2301 1425 ex
2334 1385 2432 1424 suo
2462 1368 2736 1432 coinohio,
2787 1367 3016 1421 secessit
3054 1368 3207 1423 solus
3232 1368 3301 1422 ad
3332 1377 3515 1423 extre-

1922 1476 2039 1517 mas
2090 1461 2389 1516 Thebaidis
2430 1472 2656 1530 partes;
2694 1463 3015 1532 sublatoque
3060 1460 3308 1516 monachi
3355 1462 3518 1515 vesti-

1920 1563 2129 1620 mento,
2163 1555 2477 1624 indutisque
2508 1554 2862 1609 saecularibus
2891 1553 3517 1610 vestibusTabennesio-

1922 1654 2103 1700 tarum
2134 1647 2439 1700 coenobium
2474 1647 2649 1714 petiit,
2700 1657 2848 1700 ratus
2878 1647 2932 1700 in
2963 1660 3030 1701 eo
3054 1661 3115 1701 se
3148 1647 3312 1701 latere
3336 1660 3517 1716 posse,

1925 1753 2047 1793 cum
2075 1739 2145 1793 ob
2173 1737 2571 1793 multitudinem
2603 1736 2849 1808 fratrum,
2882 1748 2996 1795 tum
3027 1739 3149 1807 quia
3171 1738 3397 1793 multum
3420 1738 3520 1792 ab-

222 1834 274 1889 in
301 1836 468 1889 officii
500 1835 776 1892 functione
815 1844 1130 1906 suppetunt,
1178 1851 1276 1890 nec
1317 1845 1568 1891 senectus
1599 1834 1823 1889 infirmi-
1852 1834 1901 1895 B
1929 1840 2073 1887 esset
2097 1847 2125 1885 a
2168 1831 2390 1901 regione
2438 1830 2494 1885 in
2533 1845 2636 1901 qua
2666 1832 2828 1886 situm
2862 1839 2981 1886 erat
3010 1832 3314 1888 coenobium
3338 1846 3521 1888 suum.

222 1941 379 1985 tasve
404 1931 674 2000 prohibet.
704 1932 838 1986 Cum
869 1940 1047 1985 autem
1075 1929 1228 1984 nobis
1258 1944 1437 1984 sermo
1462 1928 1533 1983 sit
1563 1928 1629 1983 de
1656 1928 1819 1983 obse-

220 2024 442 2092 quentia
470 2023 613 2077 etde
636 2022 958 2089 humilitate,
994 2037 1092 2092 per
1118 2036 1253 2090 quas
1281 2021 1346 2075 ad
1370 2035 1683 2089 supremum
1717 2018 1822 2071 vir-

222 2116 355 2170 tutis
386 2115 658 2186 faSIigium
694 2131 982 2186 possumus
1027 2114 1335 2185 pervenire,
1367 2127 1549 2182 operte
1593 2112 1822 2180 pretium

220 2208 367 2264 duco
398 2225 565 2279 pauca
598 2224 665 2263 ex
697 2209 880 2263 multis
914 2208 1169 2279 praeclare
1191 2206 1358 2277 gestis
1405 2221 1436 2259 a
1483 2205 1684 2259 sanctis
1715 2201 1822 2255 Pa-

220 2303 400 2357 tribus
427 2300 518 2371 qui
551 2302 604 2355 in
628 2302 890 2357 ctenobiis
924 2299 1195 2366 etlulsere,
1220 2298 1455 2367 exempli
1482 2311 1670 2360 causa,
1700 2310 1827 2349 nar-

219 2395 427 2450 rationi
455 2394 690 2463 adjicere
716 2404 939 2449 nostrze.

294 2487 352 2541 9.
388 2484 557 2557 (Cass.
593 2487 726 2540 Inst.
757 2485 795 2538 Ι.
830 2501 903 2549 tv,
934 2502 980 2539 c.
1006 2486 1097 2553 27,
1129 2484 1246 2556 28.)
1275 2484 1403 2538 Erat
1428 2482 1646 2553 quidam
1676 2489 1828 2551 pater

220 2580 466 2637 Muthius
496 2578 602 2652 [ΑΙ.
646 2577 1073 2649 Patermuthius]
1119 2579 1361 2643 nomine,
1394 2576 1633 2646 quicum
1669 2575 1832 2629 vellet

221 2674 432 2730 mundo
464 2674 798 2739 renuntiare,
832 2672 1095 2727 accedens
1124 2672 1191 2726 ad
1222 2670 1556 2735 coenobium,
1586 2670 1678 2723 diu
1704 2678 1831 2724 ante

227 2767 383 2821 fores
433 2766 752 2820 monasterii
799 2766 1188 2834 perseveravit,
1242 2762 1417 2817 donec
1462 2762 1532 2817 ob
1563 2775 1828 2815 summam

224 2860 350 2930 ejus
377 2859 691 2929 patientiam
716 2873 835 2912 cum
856 2873 1023 2929 parvo
1046 2857 1182 2923 ﬁlio,
1207 2867 1403 2927 praeter
1420 2863 1691 2909 assuetam
1716 2869 1832 2909 mo-

223 2949 461 3005 nasterii
489 2950 685 3019 legem,
735 2948 1005 3002 admissus
1035 2956 1140 3002 est.
1192 2951 1269 3002 Ac
1301 2962 1424 3002 cum
1470 2954 1592 3016 post
1634 2946 1833 3002 multos

225 3040 452 3097 labores
487 3042 764 3110 ingressus
815 3039 937 3105 fuit,
990 3055 1098 3093 non
1146 3039 1309 3095 modo
1355 3038 1520 3094 variis
1577 3038 1834 3109 Operibus

223 3136 395 3191 ambo
444 3136 624 3191 traditi
664 3144 812 3205 sunt,
843 3136 937 3191 sed
976 3137 1210 3206 separati
1261 3136 1427 3191 etiam
1479 3134 1631 3190 fuere
1659 3132 1834 3205 quoad

1928 1924 2007 1979 lbi
2052 1940 2173 1979 cum
2219 1924 2405 1979 multis
2449 1924 2644 1980 diebus
2672 1925 3024 1995 postulasset,
3056 1935 3308 1997 receptus
3344 1937 3426 1982 est
3456 1927 3524 1981 ab

1928 2016 2375 2085 arcliimandrita,
2405 2018 2497 2087 qui
2530 2016 2634 2087 ipsi
2664 2027 2849 2088 utpote
2883 2018 3001 2073 seni
3032 2028 3087 2073 ct
3113 2018 3181 2074 ad
3227 2019 3357 2072 nihil
3380 2018 3524 2074 aliud

1930 2115 2070 2183 utili,
2112 2129 2297 2169 curam
2348 2113 2572 2170 tradidit
2615 2114 2781 2183 horti,
2825 2131 3041 2186 unaque
3086 2116 3181 2171 alii
3222 2115 3395 2181 fratri,
3438 2117 3523 2171 cui

1930 2208 2178 2263 subditus
2209 2223 2330 2263 cum
2363 2218 2510 2265 esset
2534 2208 2897 2265 desideratam
2933 2210 3037 2264 sibi
3063 2209 3422 2265 humilitatem
3469 2220 3525 2264 et

1930 2298 2296 2354 obedientiam
2320 2300 2554 2360 colebat.
2582 2300 2769 2372 Neque
2798 2302 2888 2357 illo
2911 2303 3027 2357 solo
3054 2313 3338 2359 contentus
3362 2303 3524 2357 ruini-

1932 2391 2124 2458 sterio,
2150 2406 2505 2461 qttaicumque
2548 2408 2715 2463 opera
2741 2394 2861 2449 aliis
2890 2394 3024 2449 dura
3065 2404 3119 2451 et
3159 2395 3401 2450 difficilia
3442 2397 3527 2450 vi—

1933 2481 2224 2550 debantur,
2253 2500 2315 2539 ea
2345 2484 2440 2540 ille
2469 2486 2723 2542 alacriter
2748 2487 3081 2544 absolvebat.
3105 2487 3238 2544 Cum
3260 2489 3329 2543 ita
3358 2490 3529 2544 laten-

1934 2580 2018 2628 ter
2046 2575 2337 2630 triennium
2368 2580 2691 2647 peregisset,
2722 2593 2753 2633 a
2782 2579 3059 2649 discipulis
3090 2582 3205 2635 suis
3238 2598 3332 2651 per
3357 2592 3524 2638 totam

1935 2667 2232 2738 Egyplum
2262 2669 2618 2740 perquisitus,
2641 2674 2681 2740 ‘_a
2706 2674 2941 2741 quodam
2974 2675 3157 2738 fratre,
3190 2675 3277 2729 vix
3309 2676 3528 2731 demum

1934 2763 2156 2831 agnitus
2197 2774 2300 2827 est,
2333 2763 2426 2833 qui
2478 2779 2545 2819 eo
2591 2764 2907 2832 advenerat,
2938 2768 3138 2837 quique
3184 2768 3302 2823 viso
3340 2769 3435 2823 illo
3474 2780 3529 2825 et

1936 2853 2117 2923 agnita
2152 2855 2335 2910 vultus
2364 2855 2482 2925 ejus
2510 2854 2706 2919 forma,
2731 2872 2853 2911 cum
2884 2856 3153 2913 dubitaret
3180 2860 3377 2925 adhuc,
3428 2876 3528 2916 vo-

1938 2961 2055 3001 cem
2083 2947 2196 3017 ejus
2228 2947 2419 3003 audire
2464 2960 2692 3004 conatus
2715 2960 2792 3006 est
2823 2969 2836 3004 :
2869 2966 3043 3021 neque
3090 2954 3231 3007 enim
3286 2969 3355 3009 ex
3414 2956 3529 3009 solo

1939 3041 2056 3095 visu
2088 3051 2270 3095 certus
2301 3051 2440 3105 erat,
2482 3043 2658 3096 virum
2714 3044 3056 3112 conspicatus
3103 3059 3306 3111 senem,
3351 3047 3530 3116 ligone

1941 3142 2141 3187 terram
2172 3132 2487 3198 fodientem,
2525 3132 2707 3188 fimum
2732 3132 2970 3189 humeris
3000 3144 3320 3205 gestantem,
3372 3148 3432 3191 ut
3461 3138 3529 3193 ad

222 3229 443 3284 cellula:
473 3228 883 3299 habitationem,
935 3238 992 3283 ut
1031 3230 1393 3299 disjunctione
1439 3229 1528 3282 illa
1574 3228 1828 3297 paulatim
1859 3220 1905 3284 C
1936 3223 2143 3279 olerum
2169 3223 2404 3279 radicem
2437 3224 2752 3295 deponeret.
2789 3224 2925 3279 Cum
2956 3226 3122 3297 igitur
3162 3237 3309 3283 vocis
3338 3245 3529 3284 sonum

224 3323 531 3377 mutuailla
555 3323 1085 3378 naturaliaﬂ‘ectione
1114 3312 1517 3388 liberarentur;
1553 3338 1655 3392 qua
1680 3323 1830 3389 item,

220 3413 434 3469 Christi
462 3416 656 3485 gratia,
692 3430 787 3484 per
831 3414 1055 3469 multam
1088 3415 1541 3470 exercitationem
1579 3425 1732 3484 pater
1771 3414 1835 3469 li-

224 3507 454 3563 beratus
482 3518 585 3563 est.
610 3506 690 3562 Ad
717 3508 1088 3577 probationem
1112 3514 1292 3561 autem
1326 3518 1378 3560 et
1400 3508 1833 3575 experimentum

228 3603 456 3657 virtutis
483 3603 601 3670 ejus
630 3602 919 3656 simulabat
941 3600 1229 3671 aliquando
1257 3601 1426 3655 abbas
1450 3616 1509 3655 se
1536 3600 1615 3654 ira
1644 3600 1837 3655 adver-

229 3710 330 3750 sus
360 3709 584 3765 puerum
608 3693 888 3755 concitari.
919 3693 1188 3763 jussitque
1212 3694 1524 3761 supradicto
1554 3694 1670 3761 ejus
1698 3694 1835 3762 patri

228 3798 295 3843 ut
350 3789 619 3843 sublatum
670 3787 965 3857 projiceret
1004 3787 1056 3841 in
1086 3787 1327 3840 fluvium.
1371 3787 1505 3840 Tum
1540 3787 1655 3853 ille,
1685 3787 1835 3856 quasi

227 3879 348 3935 Deo
376 3879 600 3950 jubeute
629 3891 689 3933 ut
718 3880 933 3933 tolleret
961 3878 1130 3933 filium
1163 3893 1345 3941 suum.
1377 3880 1649 3933 concitato
1673 3894 1835 3934 cursu

227 3972 303 4026 ad
336 3972 510 4041 ripam
562 3972 797 4025 fluminis
830 3971 1070 4035 advenit,
1100 3985 1164 4025 ac
1193 3970 1317 4025 dum
1347 3971 1559 4041 jussum
1611 3972 1837 4041 implere

229 4080 301 4118 ex
333 4063 546 4118 ardenti
580 4062 684 4118 fide
714 4072 768 4118 et
792 4078 857 4118 ex
882 4062 1095 4118 fervore
1126 4062 1449 4118 obedientize
1494 4076 1832 4134 properaret,

229 4154 550 4225 prohibitus
586 4162 719 4209 esta
750 4153 1008 4209 fratribus
1041 4154 1133 4225 qui
1162 4170 1480 4225 prazvenere
1504 4156 1652 4210 illum
1693 4166 1747 4211 et
1776 4155 1837 4209 fi-

229 4246 368 4301 lium
395 4248 704 4316 abripuere.
738 4246 923 4317 Usque
952 4246 1089 4301 adeo
1121 4256 1299 4301 autem
1329 4247 1447 4316 ejus
1474 4245 1608 4302 fides
1632 4256 1684 4301 et
1707 4247 1837 4302 obe-

231 4337 445 4393 dientia
499 4338 607 4393 Deo
643 4348 858 4409 accepta
910 4339 1029 4407 fuit,
1062 4346 1173 4391 uta
1208 4338 1317 4394 Deo
1348 4340 1643 4393 revelatum
1676 4338 1839 4393 fuerit

231 4428 446 4495 abbati,
480 4430 652 4499 ipsum
687 4430 978 4485 Abrahami
1007 4446 1145 4499 opus
1176 4432 1491 4501 perfecisse.
1528 4432 1701 4487 Parvo
1741 4448 1837 4488 au-

234 4529 350 4575 tem
381 4521 567 4590 elapso
608 4533 848 4593 tempore
879 4523 1168 4591 praedictus
1214 4524 1448 4578 crenobii
1494 4524 1658 4580 abbas
1712 4541 1833 4581 cum

231 4609 489 4677 obiisset,
514 4627 638 4665 eum
671 4626 1046 4668 successorem
1071 4614 1175 4667 sibi
1204 4614 1440 4683 reliquit.

316 4703 406 4757 10.
439 4701 605 4771 (Cass.
640 4701 776 4760 Inst.
823 4704 861 4758 ι.
908 4720 982 4770 tv,
1016 4722 1061 4758 ε.
1095 4706 1212 4776 29.)
1247 4704 1427 4760 Alium
1452 4707 1698 4762 novimus
1727 4708 1842 4763 fra-

237 4804 387 4848 trem
418 4796 509 4863 qui
535 4795 736 4849 szcculo
764 4810 884 4851 sese
906 4796 1196 4864 abdicavit,
1225 4799 1317 4867 qui
1349 4800 1512 4853 etiam
1542 4799 1594 4854 in
1637 4802 1840 4856 mundo

235 4884 476 4953 insignis
504 4894 619 4939 erat
643 4884 820 4957 (pater
844 4887 1043 4956 quippe
1072 4887 1189 4955 ejus
1210 4903 1393 4943 comes
1443 4890 1640 4944 bellum
1684 4907 1839 4961 gere-

234 4974 355 5040 bat,
393 4975 649 5045 divesque
681 4977 843 5045 erat),
882 4992 981 5033 nec
1027 4978 1372 5034 mediocriter
1401 4981 1644 5036 eruditus
1670 4996 1734 5036 ac
1762 4980 1838 5037 le-

237 5067 446 5120 ctionis
494 5066 787 5121 studiosus.
824 5066 921 5121 llic
970 5067 1128 5137 igitur
1157 5070 1405 5124 saiculari
1446 5071 1640 5126 relicto
1668 5072 1834 5139 fastu,

238 5157 312 5212 ad
347 5158 702 5212 monasticam
726 5173 786 5213 se
806 5160 1035 5214 contulit
1058 5160 1255 5226 vitam;
1288 5172 1446 5232 atque
1466 5162 1532 5217 ad
1564 5163 1838 5232 probatio-

235 5262 373 5304 nem
407 5247 533 5303 fidei
580 5257 637 5304 et
678 5249 994 5305 humilitatis
1022 5266 1134 5306 sua:
1158 5250 1377 5320 jubetur
1405 5253 1472 5308 ab
1502 5254 1696 5310 abbate
1744 5255 1838 5312 de-

240 5353 370 5392 cem
404 5349 616 5407 sportas
645 5338 882 5408 deferre,
940 5350 995 5395 et
1041 5342 1094 5395 in
1140 5343 1356 5411 propria
1388 5344 1543 5412 urbe,
1593 5360 1694 5399 nec
1735 5362 1837 5401 una

240 5446 464 5498 omnes,
514 5432 610 5486 sed
642 5433 945 5502 singulatim
992 5449 1085 5489 eas
1113 5434 1376 5501 vendere;
1410 5436 1552 5506 quod
1603 5438 1692 5493 ille
1717 5455 1837 5493 cum

237 5523 402 5578 omni
424 5523 677 5592 patientia
710 5534 765 5579 et
794 5524 1100 5581 humilitate
1154 5528 1470 5597 complevit,
1521 5540 1840 5600 sportasque

239 5615 544 5682 imponens
574 5614 812 5670 humeris
859 5617 1130 5687 sigillatim
1154 5619 1422 5686 vendidit;
1474 5635 1581 5675 non
1626 5621 1719 5677 ille
1760 5624 1839 5678 rei

238 5708 538 5772 vilitatem,
574 5724 679 5761 non
710 5710 928 5777 generis
956 5712 1291 5768 nobilitatem
1321 5729 1506 5769 secum
1530 5718 1799 5785 reputavit
1824 5734 1839 5783 ;

214 5797 507 5872 .studebat
530 5799 671 5854 enim
694 5798 894 5854 Christi
919 5801 1231 5860 humilitatis
1260 5804 1501 5863 imitator
1531 5805 1698 5867 effici.

577 5894 853 5957 Ριτιιοι..
892 5892 974 5967 ι..

1940 3317 2269 3386 observans,
2311 3318 2670 3388 deprehendit
2722 3320 2970 3389 quisnam
3020 3332 3187 3390 esset,
3229 3332 3532 3393 prostratus

1938 3419 2064 3465 ante
2097 3412 2262 3479 pedes
2288 3411 2428 3479 ejus,
2454 3427 2651 3481 magno
2674 3420 3011 3481 Spectatores
3053 3425 3273 3485 stupore
3312 3419 3533 3487 percul-

1939 3504 2032 3572 sit,
2060 3504 2202 3573 quod
2226 3504 2297 3558 ita
2324 3519 2449 3574 erga
2480 3503 2753 3560 hominem
2788 3521 2846 3561 se
2876 3510 3137 3577 gessisset
3159 3511 3249 3579 qui
3296 3511 3435 3581 apud
3474 3527 3534 3567 se

1940 3595 2199 3659 novitius,
2227 3596 2420 3650 relicto
2442 3596 2583 3651 haud
2603 3597 2673 3650 ita
2700 3598 2906 3666 pridem
2941 3600 3162 3665 mundo,
3196 3602 3416 3657 ultimus
3441 3605 3533 3660 ha-

1939 3685 2188 3741 bebatur.
2216 3687 2493 3758 Magisque
2507 3689 2860 3759 Obstupuere,
2886 3704 3007 3744 cum
3040 3691 3278 3747 didicere
3298 3709 3491 3749 nomen
3515 3736 3531 3761 ,

1940 3788 2058 3834 erat
2088 3780 2232 3835 enim
2264 3790 2421 3834 antea
2447 3796 2654 3851 magna:
2685 3782 2825 3851 apud
2853 3797 2948 3837 eos
2978 3782 3135 3838 famae
3161 3802 3173 3836 :
3209 3801 3272 3840 ac
3317 3787 3532 3841 veniam

1942 3873 2307 3941 postularunt,
2351 3873 2494 3942 quod
2523 3889 2645 3927 eum
2676 3874 2870 3943 ignari,
2901 3890 3023 3930 cum
3056 3878 3347 3946 postremis
3384 3880 3533 3934 novi-

1942 3964 2031 4019 tiis
2064 3965 2496 4021 constituissent.
2531 3966 2794 4038 lllumque
2848 3970 3033 4025 multis
3080 3971 3282 4026 hortati
3328 3974 3531 4041 verbis,

1942 4056 2006 4108 ad
2035 4056 2347 4111 coenobium
2376 4073 2532 4112 suum
2563 4059 2790 4114 invitum
2822 4063 3105 4130 remisere,
3153 4073 3314 4133 atque
3339 4066 3531 4135 deplo-

1941 4149 2637 4217 rantetnquorlconcessum
2664 4150 2767 4205 sibi
2800 4168 2906 4206 non
2929 4162 3073 4207 esset
3095 4153 3349 4210 dilectam
3372 4172 3533 4212 exer-

1941 4254 2067 4294 cere
2101 4241 2462 4296 humilitatem
2493 4252 2546 4295 et
2574 4243 2962 4300 obedientiam.
2987 4247 3141 4302 Brevi
3166 4249 3327 4318 igitur
3343 4260 3534 4308 exacto

1942 4339 2189 4401 tempore
2240 4333 2292 4387 in
2347 4336 2678 4389 monasterio
2715 4351 2834 4401 suo,
2878 4337 3200 4395 humilitatis
3238 4358 3451 4398 rursum
3479 4354 3536 4400 et

1941 4423 2269 4479 obedientia:
2314 4424 2587 4481 desiderio
2627 4427 2846 4497 ardens,
2879 4430 3163 4486 observata
3197 4435 3368 4489 noctis
3399 4436 3532 4491 liora

1941 4515 2167 4585 aufugit,
2193 4531 2300 4572 non
2333 4517 2559 4573 ulterius
2585 4518 2652 4573 ad
2682 4521 3022 4590 peregrinam
3054 4525 3368 4594 regionem:
3400 4542 3532 4583 conv

1859 4610 1915 4670 Ι)
1940 4623 2131 4666 scensa
2154 4611 2352 4682 quippe
2394 4613 2643 4668 navicula
2687 4614 2753 4668 ad
2800 4624 2982 4684 partes
3008 4619 3159 4673 venit
3200 4619 3532 4689 Palaestinae,

1943 4721 2167 4775 sperans
2188 4722 2249 4763 se
2275 4708 2389 4762 illic
2417 4708 2483 4762 ad
2518 4707 2683 4763 ﬁnem
2719 4724 2890 4779 usque
2916 4711 3088 4768 latere
3128 4728 3308 4784 posse.
3343 4715 3403 4770 In
3433 4716 3535 4771 Pa-

1943 4798 2208 4854 laestinam
2236 4814 2355 4854 cum
2381 4801 2714 4870 advenisset,
2751 4808 3138 4862 monasterium
3173 4810 3327 4879 petiit
3368 4814 3529 4868 situm

1942 4905 2110 4961 prope
2132 4892 2442 4962 speluncam
2473 4895 2524 4947 in
2553 4910 2656 4964 qua
2678 4895 2929 4951 Christus
2957 4898 3220 4956 Dominus
3241 4914 3396 4958 natus
3425 4913 3529 4972 est,

1942 4984 1995 5039 in
2020 5000 2125 5055 quo
2164 4985 2491 5039 monasterio
2517 4993 2630 5041 tum
2687 5001 3053 5047 commoratus
3083 5003 3186 5048 est.
3220 4994 3333 5048 Non
3361 4999 3534 5064 patuit

1942 5084 2121 5131 tamen
2168 5076 2240 5130 ibi
2279 5076 2449 5131 latere
2487 5077 2638 5146 juxta
2671 5078 2886 5135 Domini
2927 5096 3113 5138 vocem
3171 5085 3358 5140 illam:
3407 5085 3532 5139 Non

1942 5178 2105 5239 potest
2133 5170 2307 5222 ciuitas
2328 5170 2571 5223 abscondi
2596 5187 2754 5242 supra
2781 5184 3002 5227 montem
3030 5176 3197 5245 posita
3230 5175 3444 5245 (Matt/1.
3478 5194 3530 5243 v,

1944 5260 2059 5329 15).
2090 5259 2223 5313 Cum
2247 5259 2389 5313 enim
2413 5275 2480 5314 ex
2502 5260 2737 5332 Egypto
2760 5262 2949 5319 fratres
2979 5265 3257 5319 venissent
3282 5280 3378 5335 pro
3404 5268 3530 5321 ado-

1944 5350 2153 5405 ratione
2184 5367 2459 5406 sacrorum
2495 5354 2755 5419 locorum,
2790 5356 3025 5424 agnitum
3058 5354 3208 5410 illum
3242 5358 3534 5428 multisque

1944 5445 2426 5515 supplicationibus
2477 5460 2540 5501 ac
2598 5446 2813 5502 fletibus
2866 5461 3184 5514 persuasum
3234 5465 3421 5506 rursus
3464 5454 3531 5507 ad

1948 5538 2228 5611 proprium
2275 5539 2617 5595 abduxerunt
2670 5540 2997 5595 coenobium.
3039 5541 3173 5595 Cum
3222 5541 3327 5598 hoc
3374 5544 3535 5613 igitur

1950 5639 2138 5685 sancto
2169 5630 2221 5683 in
2254 5627 2484 5701 Egypto
2513 5630 2725 5685 modico
2756 5639 3003 5700 tempore
3026 5631 3261 5687 habitavi
3288 5650 3304 5699 ;
3338 5635 3534 5691 ﬁnem-

1950 5738 2055 5791 que
2089 5723 2274 5776 faciam
2326 5722 2592 5777 sermonis
2640 5721 2910 5776 narrando
2960 5738 3081 5792 qua:
3134 5726 3311 5780 audivi
3341 5726 3411 5782 ab
3442 5727 3537 5785 illo

1951 5820 2332 5872 commoneute
2361 5812 2579 5870 fratrem
2603 5827 2780 5884 quem,
2801 5828 2888 5871 me
2912 5826 3197 5884 praesente,
3226 5817 3467 5876 admisit.

3023 5908 3108 5974 ‘28
