4024 6336
557 305 665 368 875
1557 297 1618 355 S.
1660 292 1988 377 EUCHERII
2022 288 2507 387 LDGDUNENSIS
2544 290 2855 387 EPISQOPI
2880 378 2893 386 ᾗ
3704 296 3789 355 810

638 422 728 477 12.
765 418 931 493 (Cass.
960 418 1095 473 Inst.
1128 415 1167 471 ι.
1198 430 1271 482 tv,
1299 429 1347 469 c.
1376 411 1597 493 53-55.)
1616 411 1789 478 Nosti,
1822 385 2155 493 inquit,‘fra;
2259 423 2443 464 vorem
2475 385 2833 475 conculcasti,
2864 385 3080 462 rursum
3106 405 3161 461 in
3183 409 3235 461 te
3257 404 3475 463 excites.
3500 404 3594 464 Ubi
3621 411 3790 479 psaltes

553 524 659 582 ter,
688 482 818 584 quot
848 513 1038 567 diebus
1088 518 1214 564 ante
1255 508 1477 579 januam
1530 482 1843 584 monasterii
1886 482 2149 574 peractis,
2206 482 2397 555 llrium
2430 498 2844 565 didiceris,‘aut
2887 496 3090 569 aliquid
3139 513 3205 553 ex
3244 494 3787 573 Scripturajveljuxu

552 582 825 664 admissus
884 604 1044 660 hodie
1092 602 1302 658 fueris:
1351 599 1496 673 quod
1548 582 1595 656 si
1638 613 1856 654 causam
1894 594 2157 673 lli'dic'er'is’
2255 588 2502 664 Apustoli
2532 608 2747 661 vocem,
2771 607 2894 648 cum
2921 606 2983 648 ea
3005 608 3124 664 quas
3146 592 3456 648 destruxisti
3476 609 3665 651 rursum
3686 599 3790 656 adi-

551 701 865 771 hujusmodi
889 696 1241 764 diliicultatis,
1269 668 1470 766 poterit
1490 692 1584 749 illa
1624 692 1717 749 tibi
1750 694 1803 747 in
1836 691 1957 757 hac,
1988 668 2153 760 quani
2257 687 2409 755 ticas,
2444 704 2511 741 ne
2539 682 3085 757 te‘transgressorcm
3108 674 3400 751 exhibeas;
3448 686 3537 742 sed
3576 689 3727 759 potius
3748 700 3793 769 ut

550 794 693 849 inire
731 793 903 862 copis,
942 791 1048 857 via,
1077 791 1366 845 utilitatem
1392 787 1581 855 't’erre,
1629 793 1794 855 atque
1842 790 1895 840 te
1938 774 2157 838 ﬁdi-lem
2256 781 2531 852 incapisti
2561 789 2614 837 et
2649 781 2927 851 professus
2949 794 3009 835 es
3035 778 3415 847 humilitatem,
3443 795 3612 838 coram
3636 784 3729 841 Deo
3750 795 3792 844 et

549 884 647 941 Dei
679 890 893 940 servum
925 882 1167 940 efﬁcere.
1205 881 1276 938 Ut
1301 882 1448 937 enim
1493 879 1730 935 ﬁdeliter
1777 877 2010 933 Domino
2037 872 2152 931 ser-
2256 874 2460 945 angelis
2487 874 2603 945 ejus
2631 874 2699 929 ad
2731 874 2892 930 tinem
2929 888 3103 945 usque
3132 882 3369 929 servato.
3404 872 3643 932 Similiter
3665 894 3790 951 quam

548 979 823 1034 vitantibus
851 976 1021 1047 gloria
1052 980 1105 1032 et
1129 976 1303 1033 limior
1331 976 1384 1031 in
1412 966 1655 1032 futurum
1688 972 2046 1047 promittitur,
2076 964 2153 1027 ita
2256 967 2612 1024 humilitatem
2644 968 2698 1023 in
2749 962 3405 1023 monasterio‘exhibuisti
3430 1009 3446 1034 ,
3489 983 3602 1025 cum
3646 972 3791 1030 multis

549 1072 871 1143 gravissima
899 1070 1183 1125 iniminent
1212 1052 1569 1145 supplicia’iis
1591 1062 1955 1143 qui'mol‘liter
1976 1062 2153 1134 segni-
2256 1060 2450 1117 diebus
2475 1076 2576 1133 pro
2624 1061 2832 1117 foribus
2860 1060 3171 1117 monasterii
3200 1055 3321 1116 cum
3351 1061 3592 1134 lacrymis
3629 1065 3793 1137 suppli-

548 1175 740 1236 terque
763 1152 881 1222 eain
908 1158 1108 1220 'adeunt
1138 1158 1582 1235 promissionem.
1604 1146 2020 1231 Melius'quippe
2042 1150 2148 1229 est,
2256 1167 2387 1211 cans
2419 1154 2806 1229 perseverasti,
2829 1169 2957 1210 cura
2976 1161 3267 1225 utaugeas.
3297 1150 3485 1243 Misera
3511 1169 3707 1235 prorsus
3725 1175 3791 1243 res

546 1228 701 1329 juxia
731 1252 1091 1333 Scripturam',
1140 1228 1326 1311 votum
1364 1254 1472 1311 noti
1521 1254 1720 1321 facere,
1756 1228 1937 1327 q'uami‘
1952 1228 2152 1308 iactum
2257 1257 2423 1315 esset,
2453 1247 2499 1301 si
2528 1262 2651 1302 cum
2683 1255 2736 1303 te
2761 1246 2952 1303 deceat
2986 1244 3227 1318 quotidie
3253 1244 3320 1300 ad
3342 1228 3608 1302 l'ervorem
3634 1228 3797 1333 addere.

548 1368 659 1410 non
686 1330 936 1409 reddere}
968 1346 1563 1423 Rursumque‘dicitur;
1600 1344 1917 1405 Μαιεάίεειη
1944 1349 2033 1420 qui
2065 1351 2153 1420 fa-
2256 1346 2432 1407 tuum,
2456 1348 2510 1395 et
2532 1337 2776 1410 profectu
2798 1334 3019 1395 assiduo
3040 1338 3104 1394 ad
3131 1338 3509 1409 perfectionem
3527 1342 3790 1414 ascendere,

549 1448 621 1501 cit
650 1438 1020 1521 ’opus‘lioinini
1045 1436 1363 1519 negligenter
1406 1443 1619 1521 (larem.
1659 1459 1847 1509 vattt,
1898 1440 2023 1518 10):
2058 1455 2138 1497 ea-

2257 1434 2701 1489 eum.imminuas
2731 1444 2785 1489 et
2812 1433 2879 1489 ad
2909 1433 3165 1488 interiora
3196 1440 3495 1509 revertare.
3528 1431 3634 1489 Non
3681 1436 3791 1492 enim

546 1550 773 1610 propter
800 1520 852 1594 te
873 1538 1173 1609 repulimus
1195 1549 1359 1607 atque
1376 1520 1662 1593 admittere
1681 1536 1917 1593 cunctati
1941 1550 2150 1601 sumus,
2256 1522 2349 1583 ille
2371 1527 2560 1583 beatus
2582 1526 2674 1598 qui
2698 1527 2898 1584 bonum
2946 1542 3107 1599 agere
3148 1524 3357 1611 incipit,
3401 1526 3495 1607 sed
3522 1528 3789 1600 quicumque

548 1644 660 1687 non
691 1631 833 1701 quod
863 1640 1009 1686 tuam
1027 1636 1378 1703 omniumque
1406 1620 1625 1687 illorum
1653 1629 1744 1701 qui
1784 1629 1841 1683 in
1874 1626 2151 1685 Christum
2256 1618 2326 1673 ad
2356 1619 2516 1674 ﬁnem
2547 1634 2717 1689 usque
2756 1618 2810 1674 in
2851 1634 2917 1674 eo
2964 1614 3420 1703 perseveraverit.
3448 1617 3576 1674 Nam
3610 1634 3789 1689 serpens

549 1723 783 1779 credunt
804 1726 1035 1781 salutem
1068 1739 1177 1781 non
1206 1734 1546 1795 excptemus,
1577 1724 1670 1780 sed
1698 1739 1767 1780 ne
1798 1732 2002 1779 temere
2025 1732 2075 1778 te
2091 1736 2155 1776 ac
2258 1714 2348 1783 qui
2380 1714 2445 1769 ad
2471 1724 2671 1770 terram
2711 1715 2966 1795 trahitur,
3000 1704 3315 1795 calcaneum
3352 1725 3587 1770 nostrum
3624 1729 3792 1787 semper

520 1800 947 1888 "nullo'negOtio
994 1808 1364 1886 admittentes,
1398 1800 1501 1874 nos
1530 1816 1747 1889 quidem
1794 1836 1826 1875 a
1875 1817 2012 1899 Deo,
2065 1816 2153 1899 vel
2261 1807 2536 1874 observat,
2570 1806 2623 1863 id
2651 1815 2756 1875 est,
2785 1806 2958 1863 obitui
2986 1818 3175 1863 nostro
3202 1807 3426 1862 insidias
3456 1818 3620 1878 parat,
3647 1817 3694 1863 et
3721 1822 3789 1863 us-

549 1908 1067 1978 oran'tes,‘ienitatis
1119 1894 1565 1981 nimias‘pdeuam
1612 1900 1850 1977 luamus,
1909 1894 2138 1985 te‘ve'rt

2257 1915 2365 1971 que
2387 1899 2454 1955 ad
2487 1899 2650 1955 tinem
2678 1901 2803 1954 vitae
2832 1910 3035 1954 nostra;
3065 1915 3165 1954 nos
3212 1900 3555 1969 supplantare
3594 1908 3790 1954 conatur.

522 1994 523 2071 Ἰ
551 2004 708 2058 reum
740 1996 1000 2073 gravioris
1030 1992 1722 2075 Supplicil‘co’n’sﬁlu‘amus,
1757 2000 1802 2058 si
1836 2010 1889 2057 ιθ
2257 1992 2437 2061 Quare
2469 1992 2602 2047 nihil
2645 1991 2888 2063 ριοᾶειὶι
2912 1990 3084 2063 probe
3125 1991 3440 2061 incotpisse,
3476 1989 3602 2045 ηἰιιίι
3628 1991 3791 2046 initium

520 2082 525 2099 ⁸
550 2094 680 2158 cile,
702 2098 1013 2165 priusquam
1037 2084 1291 2152 didiceris
1315 2098 1636 2167 gravitatem
1665 2104 1729 2152 et;
1748 2076 2150 2152 accuratio‘ﬁen‘]
2258 2084 2478 2141 fervens
2502 2085 2850 2154 obedientite,
2888 2084 2992 2140 nisi
3028 2085 3151 2141 ﬁnis
3185 2084 3441 2140 Similiter
3470 2094 3791 2156 consequatur.

519 2191 524 2199 '
549 2188 827 2256 promissi,
857 2186 1230 2255 admittamus,
1260 2196 1401 2242 et'tu
1434 2172 1621 2258 postea
1654 2188 1831 2243 mollis
1860 2180 2153 2259 segnisque
2258 2179 2329 2236 Et
2356 2194 2419 2236 ea
2442 2196 2563 2252 qua:
2590 2180 2887 2236 secundum
2914 2174 3213 2257 Christum
3240 2189 3328 2236 est
3359 2178 3636 2248 humilitas,
3671 2195 3793 2249 quam

517 2260 811 2334 'evaseris.
842 2278 1071 2347 Idcirco,
1105 2286 1167 2335 ut
1190 2274 1589 2351 supra'dictum
1635 2290 1741 2351 est,
1776 2295 1995 2336 causam
2044 2289 2153 2337 tua:
2258 2288 2404 2329 nunc
2426 2273 2741 2343 promisisti,
2772 2289 2879 2329 non
2905 2272 3229 2340 iirmabitur,
3288 2273 3396 2328 nisi
3436 2288 3551 2329 eam
3578 2273 3637 2328 ad
3671 2274 3793 2330 linem

518 2365 524 2458 ξ
554 2371 913 2427 abdicationis
964 2373 1209 2429 ediscere
1254 2382 1310 2429 te
1338 2378 1554 2444 Oportet
1597 2374 1725 2444 quid
1757 2374 1966 2430 scilicet
1995 2390 2156 2445 agen-
2257 2384 2434 2438 usque
2456 2367 2788 2423 exhibueris.
2821 2367 3187 2436 Quamobrem
3227 2376 3291 2422 ut
3322 2366 3471 2421 illam
3516 2366 3671 2447 possis
3701 2382 3794 2437 per-

519 2452 524 2532 ξ
550 2464 679 2519 dum
706 2465 804 2520 ti'oi
824 2465 911 2520 sit.
942 2458 1235 2522 Abdicatio
1278 2467 1461 2536 itaque
1514 2467 1649 2539 nihil
1690 2476 1774 2523 est
1811 2464 1957 2523 aliud
1988 2484 2151 2539 quam
2256 2463 2714 2533 fectepossidere,
2740 2472 2903 2534 atque
2923 2471 3089 2533 caput
3109 2456 3367 2519 draconis
3390 2452 3792 2535 conterere'(Gcn.

550 2555 731 2611 crucis
754 2564 806 2611 et
828 2557 1017 2613 monis
1044 2552 1352 2627 promissio;
1384 2552 1545 2614 'Scito'
1572 2536 1705 2630 ergo
1730 2559 1798 2614 ab
1826 2558 1927 2614 hac
1964 2536 2019 2615 te
2062 2559 2152 2615 die
2256 2571 2341 2622 ιιι,
2370 2555 2487 2628 15),
2519 2572 2639 2611 cum
2685 2566 2739 2612 te
2768 2556 3067 2611 invaserint
3109 2557 3488 2627 cogitationes,
3532 2565 3710 2641 mature
3744 2557 3796 2637 at

520 2659 825 2717 ,mortuum
850 2651 1276 2723 cruciiixumque
1333 2666 1456 2708 esse
1496 2652 1723 2717 mundo,
1782 2653 2151 2725 mundumque
2255 2648 2377 2720 ipso
2406 2648 2668 2719 principio
2709 2649 2948 2704 revelato
2986 2647 3138 2704 illas:
3166 2664 3293 2703 nam
3326 2649 3371 2702 si
3398 2647 3469 2704 ita
3498 2648 3796 2719 Publicareris

520 2728 524 2753 ί
552 2743 675 2810 tibi,
702 2744 854 2814 juxta
879 2745 1230 2815 Apostolum;
1281 2738 1549 2803 et'e'disce
1592 2732 1841 2820 qumnam
1864 2748 1937 2803 sit
1973 2751 2151 2803 crucis
2254 2742 2327 2799 ab
2356 2742 2513 2799 initio
2542 2744 2877 2815 perniciosas
2904 2740 3163 2798 draconis
3189 2743 3561 2814 cogitationes.
3589 2744 3629 2798 si
3658 2726 3799 2797 nonte

520 2886 525 2921 ί
550 2837 754 2893 virtus:
784 2839 1221 2910 quandoquidem
1246 2852 1354 2896 nun
1391 2840 1621 2896 ulterius
1646 2849 1702 2897 tu
1733 2840 1899 2909 vivis,
1933 2841 2029 2897 sed
2059 2841 2151 2897 ille
2254 2836 2457 2921 pudeat
2482 2852 2574 2892 eas
2601 2837 2737 2906 patri
2769 2844 2863 2892 tuo
2913 2834 3214 2903 declarare,
3244 2845 3501 2892 canteres
3521 2834 3796 2906 caputeius.

553 2932 611 2989 in
637 2941 692 2989 te
717 2932 845 2988 vivit
879 2933 971 3004 qui
1002 2949 1099 3006 pro
1128 2942 1180 2991 te
1202 2935 1493 2991 cruciﬁxus
1524 2944 1628 2992 est.
1674 2926 1791 2991 Iloc
1813 2936 1995 3007 itaque
2020 2945 2151 3007 typo
2255 2916 2549 2986 Enimvero
2582 2929 2734 3010 juxta
2782 2929 3021 2985 divinam
3052 2927 3417 3010 Scripturam,
3466 2929 3508 2984 si
3558 2929 3799 3010 accesseris
3942 2938 3943 2997 ,

520 3007 525 3125 ἰ
553 3038 663 3097 quo
687 3027 947 3082 Dominus
971 3044 1071 3098 pro
1090 3028 1247 3084 nobis
1268 3044 1565 3101 suspensus
1581 3039 1686 3097 est,
1712 3041 1767 3085 et
1795 3045 1895 3086 nos
1925 3042 2152 3087 necesse
2254 3020 2326 3109 ad
2357 3008 2704 3109 serviendum
2728 3008 2868 3090 'Deo,
2898 3038 3143 3095 praepara
3181 3008 3416 3094 teipsum
3466 3007 3635 3095 (Eccli.
3668 3036 3717 3088 ιι,
3738 3018 3797 3097 t),

518 3086 524 3192 ἐ
551 3126 637 3174 est
657 3119 711 3173 in
741 3118 991 3176 coenobio
1021 3135 1207 3192 agere,
1234 3128 1295 3177 ut
1319 3086 1438 3177 oriat
1464 3122 1657 3178 beatus
1697 3121 1889 3190 David,
1913 3137 2036 3177 cum
2082 3121 2151 3177 ti-
2187 3177 2228 3192 _
2256 3106 2367 3175 non
2395 3116 2461 3172 ad
2494 3098 2779 3184 incuriam,
2811 3133 2921 3173 nou
2946 3118 3012 3173 ad
3042 3118 3400 3184 otiositatem,
3450 3116 3545 3191 sed
3583 3117 3642 3171 ad
3666 3124 3800 3172 tenta-

547 3222 705 3268 more
733 3212 945 3268 Domini
990 3177 1226 3285 postulat
1280 3215 1476 3287 conﬁgi
1515 3231 1707 3272 carnes
1745 3230 1873 3272 suas
1913 3214 2145 3289 (Psalm.
2257 3210 2455 3279 tiones,
2489 3212 2557 3267 ad
2586 3192 2997 3269 tribul‘ationes:
3044 3230 3193 3280 nam,
3218 3196 3533 3293 perumultas
3564 3211 3800 3267 tribulatio-

547 3316 741 3373 cxvm,
770 3306 918 3379 120).
945 3307 1409 3373 Quemadmodum
1466 3308 1610 3364 enim
1654 3308 1743 3380 qui
1770 3323 1968 3378 corpus
1999 3308 2149 3380 ligno
2253 3324 2343 3363 nes
2367 3316 2566 3379 oportet
2596 3326 2689 3363 nos
2726 3308 2921 3364 intrare
2948 3309 3002 3363 in
3029 3298 3244 3380 regnant
3280 3308 3525 3364 caelorum
3564 3307 3686 3379 (Act.
3714 3320 3799 3373 ιιι,

520 3384 773 3475 ξιιπίχυιῐι
794 3398 963 3455 habet
992 3400 1062 3457 ad
1094 3400 1390 3471 quamlibet
1436 3402 1707 3455 actionem
1739 3400 1997 3455 immotus
2040 3409 2144 3468 est,
2250 3402 2369 3475 2'2),
2400 3412 2457 3459 et
2482 3412 2703 3475 angusta
2731 3411 2905 3475 porta,
2940 3412 2988 3458 et
3017 3412 3161 3457 arcta
3188 3403 3267 3456 via
3298 3412 3372 3457 est
3394 3417 3505 3471 qua:
3531 3401 3654 3455 ducit
3675 3399 3730 3455 ad
3749 3400 3802 3453 si-

519 3466 633 3547 lsic
656 3491 747 3560 qui
794 3491 975 3547 divino
1018 3466 1214 3549 timore
1241 3492 1511 3548 confixam
1543 3490 1705 3548 habet
1734 3466 2143 3563 cogitationem,
2254 3466 2380 3566 tant,
2404 3507 2452 3551 et
2481 3466 2633 3570 pauci
2660 3466 2780 3552 sunt
2803 3466 2902 3569 qui.
2923 3498 3186 3552 inveniunt
3213 3513 3332 3551 eam
3380 3466 3687 3570 (Martium,
3714 3493 3799 3564 Η).

518 3576 807 3665 {immotus
847 3594 929 3641 est
977 3585 1045 3641 ad
1082 3602 1297 3643 omnem
1323 3586 1596 3643 carnalem
1626 3586 2143 3656 concupiscentiam.
2252 3591 2508 3671 Animum
2541 3593 2722 3664 itaque
2755 3592 2942 3664 paucis
2989 3591 3099 3648 illis
3138 3591 3300 3647 bonis
3330 3590 3547 3661 adhibe,
3575 3598 3625 3645 et
3647 3604 3704 3644 ex
3726 3602 3798 3642 eo-

518 3670 775 3756 iEtsicut
804 3679 893 3750 qui
916 3680 1062 3736 cruci
1094 3688 1176 3736 est
1203 3680 1392 3735 aillxus
1410 3695 1529 3751 qua:
1569 3680 1859 3751 praesentia
1887 3689 2012 3733 sunt
2037 3694 2144 3756 non
2249 3670 2373 3741 rum
2421 3685 2673 3756 exemplo
2725 3685 2890 3740 vitam
2944 3684 3166 3739 institue
3224 3693 3407 3749 tuam;
3459 3697 3557 3739 nec
3602 3678 3802 3753 attendas

518 3754 689 3865 :ultra
712 3775 931 3845 cogitat,
967 3789 1143 3845 neque
1175 3776 1391 3846 prapria
1420 3756 1695 3829 voluntate
1730 3773 2003 3845 dirigitur,
2036 3754 2145 3830 non
2250 3760 2420 3848 pigris
2449 3787 2505 3832 et
2529 3754 3020 3859 contemptoribus,
3049 3777 3399 3849 quantumvis
3442 3775 3587 3830 multi
3624 3784 3801 3828 numero

546 3866 1271 3936 concupiscentiaturbatur,
1295 3883 1402 3923 non
1432 3882 1559 3923 cura
1591 3865 1905 3937 possidendi
1935 3866 2146 3922 detine-
2250 3867 2361 3925 sint
2396 3886 2410 3925 :
2458 3864 2619 3924 Multi
2653 3854 2811 3938 enim,
2864 3869 3062 3940 inquit,
3110 3870 3311 3936 uocati,
3359 3870 3512 3941 pauci
3554 3884 3660 3923 vero
3691 3866 3802 3921 electi

546 3965 659 4023 tur,
687 3973 792 4012 non
825 3957 1077 4028 superbia
1106 3946 1486 4045 inﬂatur,'non
1509 3959 1882 4028 contentione,
1922 3975 2032 4015 non
2061 3960 2146 4016 in-
2250 3966 2473 4041 (Matth.
2504 3985 2597 4035 xx,
2624 3967 2750 4041 i6);
2782 3977 2837 4023 et
2865 3983 3063 4040 parvus
3092 3982 3225 4041 grex
3255 3975 3344 4023 est
3372 3967 3457 4035 cui
3487 3965 3668 4037 placuit
3691 3960 3801 4037 i’atri

518 4049 690 4139 Lvidia
720 4051 1041 4119 exardescit,
1072 4065 1179 4107 non
1207 4046 1358 4107 dolet
1385 4040 1453 4108 de
1480 4052 1740 4122 praesenti
1784 4053 2143 4120 contumelia,
2251 4040 2385 4115 dare
2413 4076 2641 4132 regnum
2674 4040 2828 4134 (Luc.
2862 4075 2960 4126 xu,
2993 4040 3113 4129 5|).
3145 4059 3223 4115 Ne
3252 4075 3481 4131 parvum
3511 4057 3691 4116 etenim
3715 4055 3801 4112 exi-

543 4157 657 4200 non
707 4146 1103 4214 prmteritarum
1148 4145 1394 4201 meminit
1439 4138 1758 4216 iniuriarum
1806 4162 1974 4202 :nam
2022 4154 2148 4217 post
2250 4151 2443 4208 stimes
2473 4166 2593 4208 esse
2624 4151 3347 4231 peccatum,pert'ectionem
3381 4150 3636 4220 polliceri,
3662 4157 3800 4203 etne-

541 4238 764 4309 paulum
788 4240 1050 4309 temporis
1077 4239 1235 4295 linem
1253 4230 1667 4310 exspectatvitae
1681 4255 1793 4296 sua:
1810 4255 1906 4311 per
1929 4254 2145 4296 crucem
2250 4244 2606 4315 gligeutiores
2637 4252 2797 4316 atque
2829 4259 3026 4316 segnes
3059 4242 3278 4313 imitari.
3331 4242 3403 4300 Ut
3454 4241 3626 4298 valeas
3658 4239 3800 4307 itaque

514 4320 751 4389 scilicet
772 4350 786 4401 ;
810 4334 889 4390 sic
916 4333 1006 4405 qui
1028 4333 1241 4390 sincere
1282 4334 1484 4389 mundo
1508 4335 1941 4401 abrenuntiavit,
1962 4344 2020 4391 et
2052 4334 2146 4390 Dei
2251 4336 2321 4392 ad
2362 4336 2751 4406 perfectionem
2784 4337 3093 4407 pervenire,
3130 4336 3233 4403 hoc
3260 4344 3423 4392 utere
3453 4333 3698 4399 instituto,
3733 4327 3797 4383 his

543 4424 737 4481 timore
756 4427 906 4496 quasi
934 4424 986 4481 in
1016 4442 1177 4481 cruce
1207 4426 1451 4481 conﬁxus
1485 4437 1588 4497 est,
1620 4426 1850 4495 hujusce
1876 4428 1999 4482 vita:
2028 4427 2149 4482 exi-
2251 4430 2486 4485 ascende
2516 4429 2794 4501 gradibus.

543 4526 657 4573 tum
687 4518 924 4589 quotidie
942 4532 1283 4590 exSpectans,
1307 4519 1559 4576 immotas
1574 4530 1631 4577 et
1658 4522 1959 4578 imbecillas
1980 4504 2132 4577 habet

2210 4566 2230 4621 >
2326 4522 2415 4578 14.
2462 4522 2631 4594 (Cass.
2659 4520 2796 4577 Inst.
2816 4521 2853 4577 ι.
2882 4519 3486 4589 ιν,σ.59,40.)Ρι-ἰιηιις
3500 4518 3689 4574 virtutis
3707 4526 3799 4585 gra-

544 4626 735 4667 omnes
766 4613 1236 4697 concupiscendus
1263 4630 1560 4684 omnesque
1577 4616 1827 4695 carnales
1855 4616 2104 4674 affectus.
2173 4612 2355 4672 ".dus
2401 4624 2457 4671 et
2498 4616 2712 4670 initium
2766 4626 2974 4673 nostrae
3024 4616 3219 4672 salutis
3248 4625 3336 4672 est
3376 4616 3538 4671 timor
3573 4612 3687 4677 Dei;
3728 4623 3800 4680 per

519 4740 524 4763 ε
610 4703 705 4759 1'5.
748 4700 915 4778 (Cass.
965 4704 1099 4760 Inst.
1152 4706 1190 4760 ι.
1220 4722 1295 4774 tv,
1327 4724 1373 4761 ε.
1406 4706 1497 4775 ⁷56,
1529 4706 1644 4781 57.)
1677 4705 1821 4764 Cave
1852 4710 2015 4779 igitur
2078 4724 2147 4765 ne
2252 4727 2376 4770 eum
2426 4730 2664 4784 namque
2709 4724 3055 4786 peccatorum
3089 4716 3148 4771 tit
3191 4715 3467 4786 purgatio,
3500 4723 3556 4769 ct
3589 4712 3797 4766 virtutum

544 4795 759 4867 quando
791 4810 852 4851 ea
886 4812 1160 4853 resumere
1182 4801 1540 4869 concupiscas
1567 4802 1762 4872 quaein
1794 4802 2147 4881 abrenuntia-
2252 4806 2505 4864 custodia
2556 4807 2749 4878 viaque
2802 4808 2869 4863 ad
2914 4806 3307 4878 perfectionem
3355 4806 3663 4861 obtinetur:
3704 4813 3798 4855 nam

514 4890 691 4949 .tioue
717 4901 801 4945 tua
834 4890 1106 4946 dimisisti.
1152 4892 1284 4961 Nam
1310 4894 1465 4965 juxta
1510 4895 1727 4952 Domini
1773 4897 2098 4953 sententiam
2128 4916 2142 4952 :
2252 4913 2375 4956 cum
2412 4900 2464 4954 in
2496 4900 2732 4955 animam
2778 4900 3058 4971 ingressus
3097 4899 3259 4954 fuerit
3290 4899 3459 4954 timor
3487 4898 3607 4961 Dei,
3650 4889 3798 4948 suadet
3936 4889 3937 4961 ἦ

546 4986 649 5054 Qui
678 4988 843 5061 injicit
870 5004 1079 5041 manuni
1104 4988 1175 5041 ad
1198 4999 1427 5043 aratrum
1452 4999 1499 5045 et
1519 4999 1656 5044 retro
1685 4993 2014 5059 convertitur,
2042 5008 2146 5047 non
2253 4994 2351 5051 ille
2398 5002 2459 5049 ut
2505 4994 2691 5049 omnia
2741 4994 3015 5050 mundana
3059 4993 3461 5063 despiciamus;
3511 4990 3628 5045 hinc
3666 4985 3799 5039 oritur

541 5086 619 5133 est
649 5088 796 5150 aptus
824 5076 894 5132 ad
913 5095 1127 5151 regnum
1156 5077 1397 5134 cmlorum
1429 5078 1582 5154 (Luc.
1617 5097 1694 5152 Ix,
1720 5084 1836 5153 6:2),
1871 5092 1926 5137 et
1954 5085 2045 5153 qui
2076 5100 2144 5140 ex
2253 5094 2610 5157 cognatorum
2642 5085 2989 5156 universique
3011 5083 3197 5139 muudi
3229 5082 3457 5140 oblivio.
3484 5082 3557 5136 Ex
3581 5079 3658 5133 his
3677 5087 3798 5146 pom

540 5169 760 5228 sublimi
786 5160 914 5227 Avitae
969 5172 1215 5227 instituto
1248 5170 1314 5226 ad
1370 5174 1507 5229 viles
1560 5189 1624 5231 ac
1677 5184 1925 5232 terrenas
1983 5176 2146 5247 hujus
2253 5177 2536 5234 humilitas
2567 5180 2812 5232 omnium
2843 5186 3005 5242 caput
3032 5178 3327 5246 virtutum,
3376 5173 3707 5240 omniumque
3728 5165 3800 5220 bo-

514 5263 731 5348 8mundi
780 5279 867 5319 res
897 5263 1199 5330 descendit,
1246 5263 1293 5319 is
1338 5276 1525 5345 contra
1557 5268 1768 5323 Domini
1813 5277 2143 5340 praeceptum
2253 5289 2449 5329 norum
2492 5273 2953 5340 complementum
2992 5279 3312 5333 exercetur;
3364 5282 3486 5323 nam
3516 5281 3579 5321 ex
3603 5270 3800 5319 contem-

515 5352 525 5435 "
541 5354 673 5424 agit,
696 5371 815 5410 cum
859 5371 926 5410 ex
958 5356 1120 5411 domo
1146 5356 1451 5425 descendit,
1493 5367 1549 5413 et
1587 5369 1816 5415 conatur
1837 5362 2036 5433 aliquid
2077 5378 2145 5419 ex
2253 5373 2349 5435 ptu
2379 5372 2433 5419 et
2461 5364 2768 5433 privatione
2799 5378 2984 5419 rerum
3013 5360 3257 5417 omnium
3299 5357 3517 5415 accedit
3550 5352 3796 5411 humilitat-

520 5432 706 5541 :domo
737 5447 969 5504 auferre.
995 5448 1143 5504 Cave
1176 5446 1357 5522 itaque
1410 5466 1480 5506 ne
1521 5452 1727 5524 antiqui
1759 5454 1837 5509 tui
1859 5470 1987 5525 erga
2019 5470 2140 5511 car-
2251 5458 2542 5516 Humilitas
2570 5472 2703 5512 vero
2752 5456 2835 5517 his
2862 5453 3249 5525 comprobatur
3278 5452 3501 5508 indiciis
3536 5468 3549 5503 :
3588 5448 3794 5518 primum,

520 5540 690 5573 νηηιηρ
750 5554 997 5573 ηηωιηιηι.
1066 5541 1288 5573 .m.......
1336 5545 1654 5573 -........A.......
1753 5556 1800 5573 ι..
1849 5549 1913 5573 -.ι
1958 5550 2141 5573 -..ηηιε
2254 5553 2296 5573 ,ε
2347 5554 2459 5573 ---ε-
2503 5551 2854 5573 _-__.2n--.--
2906 5552 2957 5573 ε..
3004 5563 3062 5573 η..
3091 5548 3285 5573 ι...ι.-...
3320 5545 3569 5573 ---κ-ξαρ
3595 5541 3799 5573 .mlnnln.

516 5522 693 5629 {nales
750 5554 998 5610 parentes
1065 5541 1290 5599 atl‘ectus
1336 5522 1693 5617 recordatus,
1750 5556 1805 5604 et
1847 5522 2142 5607 advsxeculi
2251 5553 2297 5608 si
2341 5554 2462 5623 quis
2502 5551 2857 5609 mortiﬁcatas
2906 5522 3065 5605 inse
3091 5548 3288 5603 habeat
3320 5545 3571 5618 proprias
3595 5541 3799 5597 volunta-

520 5630 769 5713 _hujusce
798 5650 960 5691 curas
985 5652 1305 5704 conversus,
1334 5654 1442 5697 non
1459 5649 1614 5712 aptus
1636 5639 1788 5711 juxta
1814 5641 2025 5698 Domini
2048 5659 2146 5700 vo-
2252 5656 2365 5713 tes;
2425 5645 2723 5702 secundum
2755 5644 2800 5699 si
2832 5659 2938 5699 non
2973 5642 3138 5698 modo
3163 5640 3411 5712 operum,
3440 5637 3534 5692 sed
3561 5634 3702 5691 etiam
3728 5639 3797 5680 co-

540 5741 659 5783 cem
712 5726 1004 5784 inveniaris
1052 5730 1106 5786 in
1142 5746 1310 5803 regno
1348 5734 1610 5791 cmlorum
1656 5733 1877 5806 (Matth.
1921 5751 1991 5803 v,
2026 5734 2140 5808 19).
2249 5739 2574 5811 gilationum
2624 5751 2848 5791 suarum
2898 5734 3033 5790 nihil
3095 5734 3239 5805 patri
3287 5730 3558 5795 occultet;
3602 5722 3799 5811 tertium.

532 5813 693 5877 Cave
716 5838 786 5879 ne
813 5823 1154 5897 superbiam,
1190 5842 1353 5899 quam
1376 5829 1529 5889 initio
1569 5840 1668 5903 per
1691 5829 2013 5889 humilitatis
2030 5830 2147 5891 fer-
2250 5810 2301 5886 si
2332 5842 2467 5905 (non
2498 5842 2636 5901 prop
2649 5828 2747 5885 rite
2781 5826 2973 5885 credat
3006 5824 3350 5899 prudentiae,
3393 5821 3493 5883 sed
3518 5821 3573 5878 in
3595 5810 3805 5875 mihi
