4024 6336
327 298 430 362 87⁸1

1317 300 1657 362 EPITOMES
1694 303 1976 361 OPERUM
2013 300 2323 362 CASSIANI
2360 302 2488 361 LIB.
2519 303 2587 362 ll.

3491 307 3591 362 879

326 418 496 488 patris
544 420 624 474 sui
674 418 1012 488 discretioni,
1066 432 1385 492 semperque
1426 420 1602 487 sitiat,
1643 410 1899 490 exoptet,
1929 421 2282 490 Apationes,
2330 420 2642 492 opprobria,
2685 418 3035 475 contumelias
3079 416 3299 483 inferat,
3333 418 3588 474 immotus

325 498 564 568 suaviter
596 502 873 568 lauscultet
919 513 1036 583 ejus
1079 508 1507 578 admonitiones;
1554 522 1824 582 quartum,
1858 513 1905 567 si

323 596 493 678 patris
520 606 667 677 jussa
694 611 875 663 omnia
906 598 1110 677 absque
1141 607 1344 676 pudore
1368 617 1727 675 exsequatur;
1757 592 1907 675 quin-

325 684 471 764 tum,
513 694 559 754 si
599 716 705 754 non
738 696 897 754 modo
930 701 1045 770 ipse
1090 716 1197 755 non
1235 701 1379 754 ausit
1418 699 1906 754 alii’contumelias

322 792 546 857 inferre,
593 794 688 871 sed
717 795 759 847 si
794 790 860 847 ab'
891 796 1011 847 aliis
1046 794 1222 847 illatas
1247 808 1368 847 cum
1400 786 1595 863 gaudio
1615 792 1903 862 suscipiat;

322 880 563 951 sextum,
606 887 649 941 si
681 887 812 941 nihil
853 876 975 941 novi
1007 887 1185 942 facere
1214 901 1501 958 aggressus
1537 884 1730 951 fuerit,
1764 886 1906 954 quod

322 962 423 1035 inci:
454 966 749 1036 communis
781 984 986 1051 regula,
1025 997 1124 1037 nec
1155 982 1374 1035 Patrum
1407 980 1653 1050 exempla
1682 976 1905 1049 permit-

320 1055 469 1138 iam;
511 1056 825 1144 septimum,
871 1074 915 1129 si
947 1076 1095 1130 omni
1123 1060 1330 1130 vilitate
1371 1062 1677 1140 contentus,
1717 1072 1784 1127 de
1814 1070 1908 1127 da-

319 1156 389 1221 tis
420 1167 523 1221 sibi
544 1158 720 1221 rebus
749 1158 951 1237 gratias
978 1158 1120 1237 agat,
1152 1182 1319 1235 seque
1366 1167 1433 1221 iis
1464 1156 1753 1235 indignum
1793 1163 1908 1219 exi-

319 1242 534 1327 Stimci;
578 1269 823 1315 octavum
850 1303 865 1327 ,
900 1260 959 1315 ‘si
1008 1276 1066 1315 se
1095 1260 1345 1317 omnibus
1376 1250 1553 1329 plane
1595 1256 1903 1312 inferiorem

318 1334 616 1415 existimet,
650 1368 749 1407 nec
789 1352 859 1407 sit
886 1352 1067 1407 verbis
1098 1354 1425 1407 temerarius
1451 1348 1709 1422 [Cassian.
1733 1348 1858 1403 ibid.
1887 1364 1905 1403 :

316 1440 503 1512 Nono,
551 1447 595 1502 si
627 1436 859 1515 linguam
891 1447 1168 1509 cohibeat.
1204 1446 1290 1501 vel
1320 1460 1428 1501 non
1458 1446 1527 1499 sit
1553 1444 1824 1499 clamosus
1850 1445 1901 1498 in

317 1530 504 1611 voce];
549 1538 840 1609 decimum,
892 1540 937 1594 si
985 1555 1091 1594 non
1139 1540 1211 1594 sit
1256 1539 1310 1592 in
1354 1550 1603 1592 sermone
1650 1536 1821 1589 facilis
1850 1526 1908 1590 et

318 1632 497 1702 lingua
546 1626 808 1703 prmceps.
840 1633 936 1688 His
964 1642 1018 1687 et
1055 1632 1323 1687 similibus
1354 1628 1906 1701 signis‘dignoscitur

318 1721 626 1789 humilitas;
665 1718 784 1778 haec
831 1738 953 1778 cum
1004 1738 1195 1778 revera
1247 1722 1491 1777 exhibita
1542 1722 1766 1786 fuerint,
1795 1721 1904 1776 cito

2008 520 2126 568 esto
2192 513 2343 584 quasi
2386 510 2661 580 frenatos,
2720 506 2775 568 et
2814 500 2993 583 quasi"
3029 506 3240 578 mutus;
3272 512 3273 515 ’
3302 506 3461 565 1111116
3495 512 3589 569 tibi

2009 602 2201 675 psalmi
2230 622 2443 660 versum
2474 608 2686 661 assidue
2718 594 2904 677 repete
2938 594 2961 661 ’ὲ
2993 606 3137 675 Dixi,
3164 606 3455 660 tusto’diam
3484 592 3589 659 vias

2007 713 2166 763 meas,
2211 707 2265 750 ut
2310 715 2409 751 non
2457 699 2749 767 delinquant
2799 700 2852 752 in
2903 690 3077 770 [induc
3108 700 3256 753 ‘mea‘.
3312 697 3472 752 Posui
3513 699 3589 751 ori

2008 792 2141 843 meo‘
2168 790 2470 857 custodiam,
2524 809 2640 845 cum
2690 792 3003 845 carpsisteret'
3033 786 3268 861 peccator
3311 792 3587 844 adversum

2009 896 2107 934 nte.
2154 882 2396 934 Obmutui
2435 891 2480 934 et
2511 881 2809 935 humiliatus
2850 896 2963 935 sum
3008 878 3198 956 (’Psal.
3230 897 3462 951 ‘xxxvttt,
3499 882 3585 950 l).

2010 962 2088 1029 Ad
2139 972 2255 1027 haec
2282 980 2336 1026 et
2380 971 2513 1026 illud
2554 964 2802 1041 quartum
2835 972 2961 1033 ante
2989 972 3170 1027 omnia
3202 970 3494 1038 meditare;
3536 982 3589 1027 et

2009 1062 2247 1119 observa
2275 1064 2418 1134 quod
2452 1063 2550 1119 tria
2580 1065 2695 1119 ista
2747 1064 3001 1134 superius
3016 1050 3169 1120 'diéta‘
3198 1079 3397 1120 ornare
3431 1073 3586 1134 pote-

2010 1152 2082 1211 rit
2107 1160 2119 1210 ':
2144 1166 2201 1211 ut
2227 1150 2433 1211 scilicet
2464 1166 2517 1212 te
2542 1156 2763 1211 stultum
2793 1164 2847 1211 et
2880 1156 3245 1226 insipientem,
3270 1157 3420 1229 juxta
3443 1160 3588 1227 Apo-

2008 1249 2132 1303 stbli
2180 1257 2508 1319 praeceptum
2538 1248 2593 1304 in
2626 1249 2729 1304 hoc
2770 1242 2971 1303 szitculo
2998 1247 3239 1314 efﬁcias,
3278 1250 3449 1304 ut'sis
3499 1266 3588 1305 sa-

2009 1338 2163 1409 piétts
2195 1340 2248 1409 (Ι
2278 1338 2398 1394 Cor.
2432 1355 2511 1407 tu,
2544 1340 2611 1395 18
2628 1341 2695 1413 )“;⁷
2726 1340 2978 1395 videlicet
3006 1340 3141 1395 nihil
3166 1341 3467 1410 dijudicans
3496 1356 3587 1399 alit

2008 1430 2260 1488 dubitans
2288 1434 2359 1487 'in
2404 1434 2835 1503 quibuscumque
2862 1433 2969 1487 tibi‘
3007 1432 3299 1502 mandatis,
3331 1434 3592 1503 simplici

2008 1526 2119 1581 t'ate
2150 1541 2347 1597 nempe
2372 1535 2426 1581 et
2452 1527 2556 1582 fide
2594 1526 2915 1582 obedientiae
2942 1527 3257 1581 instructus;
3291 1526 3437 1582 Inter
3466 1542 3579 1581 san-

2008 1626 2092 1673 cta
2138 1619 2322 1673 omnia
2372 1618 2425 1673 id
2476 1618 2819 1673 solummOdo‘
2852 1627 3119 1685 sanctum,
3162 1614 3299 1673 illud
3351 1619 3586 1690 sapiens,

2008 1711 2139 1766 illud
2168 1712 2304 1767 utile
2349 1712 2581 1777 credas,
2642 1711 2787 1782 quod
2836 1718 2875 1793 a'
2916 1721 3071 1782 patre
3118 1721 3211 1767 tuo
3236 1712 3443 1782 jttssum
3491 1714 3587 1769 tibi

319 1815 389 1868 ad
426 1804 734 1872 dilectionis
784 1816 1060 1887 fastigium
1114 1817 1407 1882 adducunt,
1446 1816 1499 1870 in
1542 1832 1645 1886 qua
1675 1831 1781 1871 non
1821 1802 1905 1871 est

2010 1804 2193 1862 fuerit.
2216 1805 2331 1859 Hoc
2359 1804 2637 1875 proposito
2665 1805 2709 1860 si
2738 1798 3011 1860 cor'luum
3035 1805 3356 1871 firmaveris,
3383 1809 3587 1877 poteris

316 1906 487 1961 timor
534 1906 834 1977 gehennae,
885 1917 941 1963 et
986 1923 1086 1977 per
1134 1923 1290 1976 quam
1340 1906 1516 1962 omnia
1564 1922 1668 1960 non
1697 1908 1806 1976 jam
1837 1922 1902 1960 ex

321 2001 648 2054 necessitate
670 2008 870 2055 etcum
892 1999 1076 2054 labore
1100 1998 1471 2069 perﬁciuntur,
1502 1998 1597 2053 sed
1625 2013 1689 2052 ex
1720 2012 1904 2052 amore

317 2089 553 2145 ferventi
608 2099 662 2146 et
693 2107 758 2146 ex
791 2091 916 2145 boni
953 2090 1412 2161 concupiscentia.
1448 2090 1617 2156 Quam
1646 2089 1900 2144 virtutem

316 2193 375 2236 ut
410 2164 603 2252 ipessis
652 2183 865 2239 facilius
914 2185 1163 2255 adipisci,
1214 2199 1313 2254 pro
1343 2185 1638 2253 exemplari
1670 2184 1766 2238 tibi
1798 2185 1905 2239 sint

316 2263 487 2329 verba
520 2272 745 2329 fratrum
779 2270 881 2330 una
915 2286 1093 2331 tecum
1122 2278 1583 2341 concurrentium,
1618 2276 1903 2345 pietatem-

316 2357 423 2440 que
470 2367 895 2437 possidentium;
952 2384 1059 2423 non
1110 2378 1291 2423 autem
1340 2372 1531 2424 eorum
1578 2369 1670 2439 qui
1722 2370 1903 2438 plures

316 2464 589 2524 numero,
645 2462 1001 2530 negligentius
1066 2463 1392 2532 scgniusque
1451 2463 1615 2515 vitam
1662 2462 1900 2531 exigunt.

315 2548 397 2605 Ex
455 2561 765 2606 sanctorum
809 2554 951 2607 enim
1001 2554 1300 2608 imitatione
1344 2544 1794 2623 remulatiOueque
1823 2553 1905 2607 in-

316 2636 447 2715 gens
470 2646 781 2705 volentibus
807 2648 873 2705 ad
910 2648 1296 2719 perfectiOnem
1332 2646 1663 2704 contendere
1699 2644 1906 2703 accedit

315 2730 541 2815 ulilitas.
704 2732 709 2739 ’
866 2744 867 2747 “
1214 2748 1217 2751 ’
1612 2750 1613 2755 ‘
1800 2742 1803 2751 '

330 2810 345 2849 ⁷
390 2831 477 2887 15.
523 2832 711 2905 (Cass.
756 2834 893 2888 Inst.
941 2836 979 2889 ι.
1018 2851 1093 2899 tv,
1122 2852 1169 2890 c.
1202 2836 1442 2904 41-45.)
1491 2836 1545 2889 Si
1597 2835 1677 2888 vis
1722 2835 1906 2904 itaque

316 2918 628 2979 facultatem
673 2926 765 2981 tibi
814 2942 935 2982 esse
982 2928 1097 2981 hare
1136 2929 1315 2981 omnia
1346 2922 1694 2997 exstgquentli,
1726 2926 1781 2981 'et
1809 2927 1906 2979 sub

317 3014 403 3091 his
436 3018 486 3071 in
537 3019 805 3087 spirituali
849 3016 1083 3075 coenobii
1115 3016 1423 3075 certamine
1449 3020 1514 3074 ad
1550 3020 1705 3073 finem
1736 3014 1907 3088 usque

318 3118 694 3176 perseverare,
726 3102 1033 3166 neceSSaria
1086 3111 1182 3166 tibi
1228 3112 1295 3167 ad
1342 3106 1643 3167 custodiam
1674 3113 1725 3165 in
1764 3122 1903 3164 metu

2007 1897 2074 1952 ad
2107 1898 2267 1952 ﬁnem
2307 1890 2707 1966 usque’Chrlsii
2731 1897 2915 1967 jugum
2947 1897 3265 1953 obedientiae
3297 1902 3585 1966 sustinere,

2005 1999 2060 2046 et
2091 1991 2247 2045 nulla'
2270 2006 2337 2045 ex
2362 1990 2565 2045 diaboli
2598 1978 2982 2047 tentatidnibus
3012 1994 3067 2047 et
3100 1994 3308 2048 artibus
3336 2003 3587 2050 excutere

2007 2090 2061 2137 te
2100 2084 2300 2152 poterit
2343 2098 2411 2138 ex
2455 2084 2678 2138 scientia
2719 2083 2865 2138 vitae.
2896 2083 3214 2140 Patientiam
3238 2086 3376 2143 vero
3416 2096 3584 2151 tuam,

2005 2173 2390 2240 humilitatem,
2441 2175 2915 2246 aequanimitatem,
2961 2180 3030 2233 ne
3080 2180 3477 2248 exspectaveris
3521 2197 3587 2239 ex

2006 2268 2233 2324 aliorum
2266 2270 2461 2324 virtute
2505 2277 2743 2325 statuere
2780 2287 2792 2322 :
2834 2270 2881 2324 si
2909 2269 3161 2326 videlicet
3206 2286 3365 2327 nemo
3413 2280 3466 2327 te
3492 2274 3586 2328 sti-

2006 2362 2375 2427 mulet,nemo
2398 2362 2684 2432 despiciat,
2717 2376 2877 2418 nemo
2898 2362 3165 2418 dedecore
3188 2362 3387 2419 alliciat
3409 2383 3421 2419 :
3443 2365 3586 2435 quod

2006 2467 2137 2511 sane
2180 2469 2358 2525 neque
2399 2454 2615 2509 virtutis
2662 2463 2769 2508 tua:
2816 2456 3203 2523 argumentum
3244 2462 3347 2518 est,
3393 2468 3494 2510 nec
3528 2456 3586 2510 in

2006 2546 2115 2601 tua'
2144 2538 2227 2602 est
2273 2546 2565 2611 facultate;
2607 2544 2702 2599 sed
2751 2546 2795 2599 si
2848 2543 3167 2614 opprobria,
3212 2546 3582 2612 contumelias,

2006 2639 2634 2709 contemptus'libenter
2663 2637 2827 2701 feras,
2856 2637 2909 2690 id
2954 2636 3097 2691 enim
3132 2637 3206 2692 tui
3239 2646 3326 2692 est
3354 2637 3584 2693 arbitrii.

2007 2732 2079 2788 Ut
2103 2732 2268 2801 igitur
2295 2730 2612 2800 quaefusius
2649 2726 2809 2799 supra
2848 2728 3105 2793 diximus,
3131 2728 3239 2798 jam
3265 2730 3585 2799 cempendio

2007 2827 2274 2892 dicamus,
2300 2828 2366 2879 ut
2391 2837 2580 2879 eorum
2626 2821 2833 2877 facilius
2859 2823 3190 2887 memineris,
3233 2821 3367 2876 audi'
3397 2837 3585 2877 rursus

2007 2921 2107 2990 qui
2127 2920 2331 2989 poteris
2360 2933 2457 2989 per
2476 2917 2717 2971 ordinem
2755 2915 2831 2971 ad
2851 2914 3241 2984 perfectionem
3274 2916 3579 2986 pervenire.

2010 3012 2339 3083 Principium
2386 3009 2575 3064 salutis
2606 3016 2803 3062 nostrae
2831 3007 2993 3062 timor
3021 3016 3103 3063 cst
3136 3007 3258 3073 Del’;
3300 3014 3367 3062 ex
3408 3021 3474 3062 eo
3500 3006 3581 3077 gi-

2011 3106 2188 3174 gnitur
2236 3104 2379 3157 bona
2423 3099 2765 3164 obedientia;
2815 3099 2943 3153 hinc
2995 3099 3170 3153 oritur
3223 3098 3485 3167 subjectio
3532 3107 3585 3157 et

315 3196 544 3256 fratrum
574 3203 812 3269 fuerint,
838 3219 900 3258 ea
930 3220 1049 3274 quae
1082 3204 1249 3259 David
1280 3206 1354 3259 ait
1382 3222 1394 3257 :
1430 3203 1544 3270 Ego
1571 3214 1735 3258 amem
1774 3212 1905 3257 tam-
1932 3176 1981 3241 θ
2013 3205 2353 3265 contemptus
2386 3208 2565 3249 rerum
2596 3192 2812 3257 mundi;
2852 3202 2919 3246 ex
2949 3192 3049 3245 hac
3079 3190 3377 3245 humilitate
3407 3190 3585 3246 nasci-

318 3307 470 3357 quam
501 3293 690 3347 surdus
721 3312 821 3348 non
843 3295 1134 3361 audiebam,
1164 3303 1210 3349 et
1232 3298 1362 3349 sicut
1391 3296 1540 3349 homo
1569 3311 1672 3349 non
1690 3294 1903 3348 audiens

318 3390 368 3437 'et
396 3374 496 3437 non
528 3385 711 3438 habens
743 3388 793 3439 in
830 3401 915 3441 ore
949 3404 1043 3441 suo
1070 3388 1459 3458 redarguliones
1487 3387 1505 3456 (
1523 3385 1669 3441 Psal.
1699 3402 1901 3454 xxxvu,

320 3475 389 3530 Η
410 3475 454 3546 ).
486 3476 948 3549 Quotiescumque
997 3478 1162 3549 igitur
1190 3480 1368 3551 aliqua
1406 3479 1605 3536 videris
1632 3480 1804 3535 aliena
1834 3480 1905 3535 ab

319 3569 683 3626 aediﬁcatione
729 3574 797 3627 et'
830 3573 1101 3640 utilitate,
1150 3584 1266 3629 esto
1312 3575 1463 3643 quasi
1514 3587 1723 3637 caicus;
1765 3581 1819 3627 et
1857 3572 1902 3627 si

319 3674 423 3730 qua
458 3663 697 3720 audieris
724 3666 806 3721 his
838 3666 1056 3732 similia,
1092 3668 1191 3721 fias
1222 3668 1373 3737 quasi
1405 3667 1597 3721 surdus
1627 3675 1680 3721 et
1708 3673 1907 3730 mutus,

320 3758 383 3808 et‘
406 3770 513 3811 non
545 3758 749 3813 habens
787 3760 839 3813 in
872 3775 966 3815 ore
995 3766 1088 3814 tuo
1116 3761 1547 3831 redargutiones.
1578 3762 1765 3830 Neque
1790 3761 1910 3814 imi-

320 3850 455 3906 teris
495 3867 593 3907 eos
642 3854 734 3921 qui
785 3854 1050 3921 infideles,
1082 3852 1527 3925 inobsequentes,
1580 3854 1905 3923 petulantes,

319 3945 602 4013 scurriles,
650 3946 1028 4001 contumeliosi
1076 3955 1202 4001 sunt
1248 3965 1260 4000 :
1304 3947 1400 4002 sed
1435 3948 1592 4017 quasi
1639 3954 1826 3999 mutus
1853 3953 1909 4000 et

322 4040 430 4091 non
469 4038 691 4094 audiens
722 4039 838 4095 haec
885 4040 1289 4109 praetermittas.
1332 4040 1390 4095 Si
1429 4038 1692 4109 quisftibi
1734 4038 1909 4105 incre-

2014 3295 2100 3343 tur
2150 3286 2493 3359 propriarum
2537 3282 2873 3339 voluntatum
2921 3281 3286 3347 mortificatio;
3346 3296 3415 3336 ex
3460 3296 3585 3351 pro-

2011 3384 2247 3457 priarUm
2290 3383 2631 3437 voluntatum
2663 3377 3095 3442 mortifi‘catione,
3128 3378 3467 3433 ex’siccantur
3493 3390 3585 3431 vo-

2012 3479 2277 3548 luptatum
2322 3474 2561 3538 radices;
2603 3472 2906 3527 hisautem
2945 3484 3132 3524 omnes
3161 3466 3352 3522 animae
3382 3466 3587 3537 imper-

2014 3569 2276 3625 factiones
2319 3564 2689 3627 eliminantur,
2721 3572 2947 3631 quarum
2993 3558 3586 3627 expulsione'crescunt

2010 3658 2349 3727 fructumque
2372 3655 2553 3710 ferunt
2575 3652 2835 3717 virtutes;
2876 3664 2939 3704 ex
2973 3650 3226 3703 virtuttum
3252 3648 3587 3703 incremento

2010 3753 2247 3826 gignitur
2277 3749 2481 3821 puritas
2513 3745 2727 3809 cordis;
2769 3743 3059 3814 puritatem
3089 3738 3271 3797 cordis
3298 3740 3586 3809 consequi-

2011 3855 2098 3903 tur
2143 3843 2433 3917 apostolica
2481 3838 2746 3911 perfectio
2793 3834 2961 3907 gratia
3005 3843 3059 3889 et
3127 3833 3327 3889 auxilio
3375 3832 3585 3891 Domini

2010 3938 2187 3995 nostri
2206 3936 2333 3993 Jesu
2359 3933 2586 4000 Christi,
2624 3931 2714 3988 cui
2739 3930 2909 4000 gloria
2938 3930 2991 3984 in
3021 3927 3217 4009 saecula
3244 3926 3583 3992 saeculorum,

2010 4047 2187 4100 amen.

339 4137 3581 4170 ww

1250 4241 1732 4350 LIBER
1805 4232 2654 4347 SECUNDUS.

1179 4407 1281 4468 DE
1350 4404 1565 4469 οε]Το
1626 4402 1991 4468 MALITUE
2049 4374 2748 4501 'coGITATmNtsus.

393 4575 448 4629 1.
488 4572 675 4643 (Cass.
707 4573 839 4631 Inst.
871 4577 907 4630 ι.
941 4590 997 4642 v,
1026 4591 1074 4631 e.
1107 4574 1135 4630 l
1166 4582 1213 4629 et
1239 4574 1428 4646 seqq.)
1471 4574 1605 4630 Cum
1654 4577 1803 4646 prius
1831 4591 1899 4632 ae
1926 4578 1982 4639 D
2009 4574 2279 4637 laborant,
2312 4570 2402 4625 alii
2434 4566 2745 4623 delicatiore
2772 4570 2897 4619 sunt
2922 4576 3168 4633 corpore.
3202 4561 3375 4619 Unum
3404 4570 3583 4621 autem

318 4666 704 4723 constitutione
744 4668 1117 4723 coenobiorum
1147 4668 1310 4722 verba
1355 4667 1676 4733 fecerimus,
1703 4669 1899 4725 vestris

319 4759 445 4815 freti
475 4762 829 4827 orationibus,
864 4762 974 4831 jam
1017 4761 1259 4817 scribere
1289 4761 1633 4831 aggredimur
1670 4762 1737 4816 de
1776 4771 1900 4817 octo

317 4853 540 4909 malitia:
585 4857 1031 4927 cogitationibus,
1083 4857 1345 4911 edacitate
1385 4858 1625 4922 scilicet,
1667 4857 1901 4913 fornica-

320 4945 497 5013 tione,
550 4950 799 5014 avaritia,
851 4950 927 5004 ira
949 4991 964 5016 ,
1008 4950 1223 5003 tristitia
1248 4991 1261 5015 ,
1288 4949 1532 5019 pigritia,
1566 4964 1697 5004 vana
1731 4950 1899 5018 gloria

316 5045 375 5092 et
412 5038 684 5106 superbia.
714 5039 950 5094 Primum
992 5040 1174 5109 itaque
1216 5040 1283 5094 de
1319 5039 1645 5094 abstinentia
1691 5039 1898 5095 dicetur

315 5143 350 5183 a
378 5128 567 5194 nobis,
598 5145 718 5199 quae
765 5130 1015 5186 edacitati
1045 5133 1291 5202 opposita
1323 5141 1406 5187 est
1448 5150 1462 5186 :
1504 5147 1722 5202 agemus
1766 5132 1894 5187 item

314 5220 384 5277 de
407 5220 735 5291 jejuniorum
767 5223 946 5288 modo,
989 5223 1056 5278 de
1096 5224 1354 5293 qualitate
1380 5232 1433 5278 et
1463 5226 1762 5292 quantitate
1801 5222 1897 5277 ali-

313 5322 649 5369 mentorum.
682 5316 748 5369 la‘t
768 5314 883 5370 haec
906 5330 1014 5370 non
1038 5330 1104 5371 ex
1129 5315 1285 5371 nobis
1313 5316 1444 5385 ipsis
1470 5315 1661 5370 dicturi
1686 5330 1889 5381 sumus,

313 5406 413 5462 sed
457 5422 519 5462 ea
551 5423 670 5477 quae
710 5408 1014 5477 accepimus
1053 5423 1083 5462 a
1124 5407 1326 5462 sanctis
1374 5407 1626 5461 Patribus
1668 5408 1889 5462 nostris.

314 5496 399 5552 Illi
433 5498 615 5568 itaque
661 5514 765 5555 non
815 5515 974 5553 uuam
999 5498 1188 5568 jejunii
1220 5499 1483 5569 regulam,
1519 5513 1696 5567 neque
1726 5511 1889 5552 unum

313 5591 665 5646 comestionis
696 5592 933 5661 modum,
964 5608 1134 5662 neque
1162 5594 1405 5648 eamdem
1439 5595 1609 5662 ipsam
1640 5594 1893 5648 omnibus

313 5699 624 5741 mensuram
667 5685 957 5751 tradidere,
988 5687 1111 5756 quia
1141 5699 1246 5741 non
1274 5699 1469 5742 omnes
1497 5683 1738 5753 ejusdem
1769 5692 1896 5738 sunt

312 5776 563 5847 roboris,
603 5778 689 5835 vel
726 5778 921 5846 aetatis,
958 5786 1014 5834 et
1037 5778 1162 5848 quia
1190 5779 1282 5835 alii
1310 5777 1628 5834 infirmitate
1654 5776 1905 5845 corporis

2007 4668 2255 4723 omnibus
2294 4661 2564 4718 tradidere
2601 4671 2845 4726 scopum,
2884 4662 2943 4709 ut
2980 4653 3185 4724 fugiant
3230 4653 3500 4723 crapulam
3531 4664 3584 4710 et

2006 4760 2211 4817 ventris
2232 4755 2565 4813 saturitatem
2593 4758 2934 4814 aversentur;
2964 4762 3027 4802 ac
3047 4747 3422 4816 experimento
3445 4763 3585 4804 com-

2006 4851 2291 4923 probatum
2341 4848 2599 4901 dixerunt
2643 4842 2825 4895 utilius
2870 4854 2993 4895 esse
3033 4840 3401 4909 quotidianum
3440 4841 3584 4911 jeju-

2009 4945 2178 5010 nium,
2208 4952 2367 5012 atque
2404 4940 2468 4993 ad
2502 4938 2788 5008 puritatem
2825 4936 2996 5004 magis
3030 4933 3306 4999 conferre,
3347 4950 3507 5004 quam
3536 4936 3580 4988 si

2009 5036 2076 5090 ad
2105 5044 2217 5089 tres
2244 5032 2331 5088 vel
2357 5039 2586 5102 quatuor
2610 5029 2745 5093 dies,
2775 5033 2869 5081 aut
2896 5027 2962 5081 ad
2992 5025 3384 5081 hebdomadam
3412 5037 3582 5092 usque

2002 5126 2264 5198 jejunium
2304 5121 2675 5194 protrahatur.
2721 5118 2885 5172 Aiunt
2924 5118 3067 5172 enim
3094 5132 3215 5173 eum
3255 5116 3346 5185 qui
3388 5116 3581 5169 immo-

2003 5219 2189 5275 derate
2231 5217 2498 5287 jejunium
2548 5211 3037 5282 protrahitpultra
3084 5222 3388 5264 mensuram
3435 5221 3583 5276 saepe

2003 5313 2124 5368 cibo
2147 5312 2254 5377 uti;
2300 5313 2371 5365 ita
2403 5319 2463 5364 ut
2490 5308 2615 5362 hinc
2644 5319 2787 5376 saepe
2814 5305 3023 5359 accidat
3053 5313 3109 5358 ut
3139 5303 3428 5373 aliquando
3456 5300 3580 5372 qui-

2004 5403 2123 5459 dem
2153 5418 2220 5458 ex
2252 5402 2413 5457 nimia
2444 5398 2767 5456 abstinentia
2791 5398 2845 5451 in
2868 5398 3175 5464 languorem
3219 5409 3417 5465 corpus
3446 5394 3580 5449 inci-

2000 5499 2133 5563 dat,
2179 5506 2232 5553 et
2279 5498 2344 5551 ad
2395 5495 2689 5565 spiritualia
2739 5488 3039 5546 ministeria
3091 5489 3309 5558 segnius
3355 5487 3577 5555 evadat;

2001 5590 2293 5659 aliquando
2338 5597 2525 5644 contra
2575 5581 2916 5639 multitudine
2964 5580 3339 5633 alimentorum
3383 5592 3581 5632 onera-

2000 5692 2138 5752 tum,
2166 5684 2431 5755 pigritiam
2466 5680 2856 5746 mollitiemque
2894 5672 3059 5727 animi
3102 5671 3405 5741 ingeneret.
3435 5668 3578 5723 Rur-

2005 5791 2129 5833 sum
2177 5792 2289 5833 non
2333 5776 2587 5831 omnibus
2628 5775 2940 5836 competere
2984 5764 3193 5822 olerum
3234 5777 3430 5829 usum,
3468 5776 3583 5818 non
