4024 6336
535 284 639 342 B79

1531 283 1592 340 S.
1634 278 1960 340 EUCHERII
1998 275 2485 334 LUGDUNENSIS
2524 277 2831 335 EPISCOPI
3671 284 3756 342 339

535 397 788 462 omnibus
829 399 957 454 item
985 398 1338 468 leguminum,
1374 410 1479 452 non
1515 411 1678 468 posse
1714 395 1970 450 omnibus
1999 393 2130 449 sicci
2155 395 2210 457 Α
2234 395 2470 465 primere
2499 404 2744 465 possunt,
2789 402 2951 464 atque
2980 391 3126 449 illam
3171 408 3238 450 ex
3264 394 3502 452 obscenis
3524 399 3762 469 cogitatio.

535 492 692 564 panis
720 493 1037 547 alimentum
1067 489 1356 546 sufficere:
1399 489 1526 544 item
1565 504 1687 544 esse
1721 489 1811 558 qui
1843 487 2132 542 manduca-

535 586 604 640 tis
653 585 806 655 panis
851 582 1060 638 duabus
1106 580 1260 636 libris
1311 581 1489 636 adhuc
1537 581 1808 646 esuriant,
1852 579 1992 632 alios
2039 576 2132 646 qui

535 692 642 732 una
671 676 830 744 libra,
864 675 1030 730 immo
1067 689 1166 731 sex
1195 675 1368 730 unciis
1399 675 1685 730 satientur.
1718 672 1988 728 Omnibus
2028 671 2132 725 ita-

535 785 662 840 que,
697 778 754 822 ut
783 767 987 821 dictum
1009 777 1116 834 est,
1146 783 1309 821 unum
1331 767 1679 822 abstinentia
1709 780 1936 835 scopum
1967 763 2134 818 tradi-

536 862 751 923 derunt,
787 870 843 914 ut
873 875 979 914 non
999 859 1345 928 decipiantur
1373 861 1661 914 saturitate
1692 859 1928 923 ventris,
1960 869 2135 925 neque

537 957 822 1009 trahantur
845 954 985 1023 gula
1006 953 1305 1022 voluptate.
1335 952 1450 1007 Non
1481 953 1658 1006 solum
1689 953 1834 1006 enim
1857 946 2136 1024 qualitatis

537 1047 876 1112 differentia,
930 1045 1025 1102 sed
1073 1047 1234 1102 etiam
1286 1062 1480 1117 magna
1527 1048 1776 1102 ciborum
1826 1043 2132 1113 quantitas,

536 1141 702 1210 ignita
763 1140 968 1209 peccati
1032 1140 1141 1195 tela
1202 1139 1346 1194 solet
1397 1139 1721 1194 accendere.
1785 1139 2138 1206 Quocumque

538 1233 683 1288 enim
714 1232 837 1286 cibo
866 1241 1054 1286 venter
1085 1232 1394 1302 impleatur,
1432 1233 1671 1287 libidinis
1708 1233 1913 1286 semina
1943 1230 2135 1302 gignit.

538 1331 619 1383 Ac
649 1343 864 1382 rursum
892 1342 999 1381 non
1029 1326 1140 1380 vini
1168 1327 1344 1381 solum
1377 1327 1621 1397 crapula,
1661 1326 1756 1382 sed
1788 1331 1950 1381 etlam
1983 1339 2138 1394 aqua

539 1420 838 1491 plenitudo,
873 1435 937 1475 ac
963 1421 1328 1490 quorumlibet
1355 1421 1598 1476 ciborum
1625 1420 2006 1486 redundantia,
2040 1421 2140 1472 ho-

539 1513 744 1569 minem
793 1522 1127 1584 aggravant,
1182 1527 1246 1568 ac
1293 1522 1597 1582 torpentem
1647 1513 2140 1581 dormitantemque

540 1605 794 1660 reddunt.
827 1604 1126 1660 Sodomitis
1150 1621 1258 1659 non
1283 1605 1416 1673 vini,
1438 1621 1543 1658 non
1572 1607 1843 1660 variorum
1868 1605 2137 1669 ciborum,

541 1697 756 1768 crapula
791 1697 1158 1752 subversionis
1187 1713 1348 1752 causa
1382 1697 1503 1765 fuit,
1533 1698 1626 1754 sed
1672 1699 1824 1768 panis
1861 1696 2136 1760 saturitas,

2236 491 2396 546 nibns
2452 505 2732 546 revocare.
2792 489 2874 544 Ad
2918 489 2969 544 id
3015 492 3314 560 prasertim
3361 489 3560 546 confert
3605 498 3762 554 anima

2237 583 2534 645 humilitas,
2565 580 2704 636 citra
2733 595 2892 650 quam
2933 596 3033 636 nec
3063 581 3486 647 fornicationem,
3519 599 3607 638 nec
3630 596 3762 644 cate-

2237 689 2326 730 ras
2374 674 2658 744 passiones
2704 673 2911 727 valebit
2938 672 3203 743 quiSpiam
3235 687 3506 742 superare.
3533 674 3651 730 Cum
3680 682 3764 748 pri.

2237 770 2339 824 mis
2398 769 2580 839 itaque
2626 776 2851 837 oportet
2897 768 3043 822 omni
3093 767 3337 821 custodia
3383 781 3475 823 cor
3519 783 3706 826 servare
3742 791 3765 829 a

2237 861 2474 918 sordidis
2513 861 2930 931 cogitationibus
2958 858 3160 931 (Prov.
3191 875 3262 926 tv,
3295 859 3425 931 23).
3466 860 3540 916 Ex
3561 877 3620 917 eo
3643 879 3762 919 nam.

2239 970 2346 1026 que
2394 955 2700 1024 prodeunt,
2742 955 2894 1026 juxta
2947 955 3157 1009 Domini
3204 969 3426 1021 vocem,
3467 958 3767 1027 cogitationes

2239 1049 2435 1112 mala,
2484 1047 2703 1115 cades,
2755 1047 3019 1102 adulteria
3047 1091 3062 1116 ,
3113 1049 3471 1103 scortationes
3515 1057 3565 1102 et
3610 1059 3768 1107 cetera

2240 1141 2474 1212 (Matth.
2502 1157 2592 1209 xv,
2639 1141 2770 1213 i9).
2819 1141 3091 1210 Jejunium
3147 1142 3346 1212 quippe
3400 1155 3504 1197 non
3547 1144 3684 1199 modo
3718 1145 3769 1201 ad

2239 1235 2591 1290 afﬂictionem
2651 1235 2898 1302 corporis
2956 1233 3255 1304 injunctum
3326 1234 3477 1289 nobis
3538 1244 3648 1301 est;
3695 1237 3768 1292 sed

2239 1327 2404 1382 etiam
2435 1327 2502 1381 ad
2534 1328 2946 1396 temperantiam
2970 1329 3189 1390 mentis,
3219 1342 3289 1382 ne
3317 1325 3548 1382 ciborum
3576 1328 3770 1385 n'niltilu-

2240 1420 2366 1476 dine
2397 1419 2771 1485 obtenebrata,
2797 1436 2903 1474 non
2928 1420 3102 1488 possit
3121 1433 3316 1474 cavere
3345 1435 3372 1471 a
3395 1420 3768 1489 cogitationibus.

2241 1513 2470 1583 Oportet
2516 1514 2678 1582 igitur
2724 1528 2833 1568 non
2872 1513 3046 1568 solum
3081 1513 3293 1582 jejunio
3323 1513 3575 1582 corporali
3600 1530 3769 1570 omnem

2244 1621 2431 1662 curam
2482 1606 2796 1677 impendere
2816 1649 2832 1674 ,
2864 1607 2958 1662 sed
3007 1607 3170 1660 etiam
3217 1606 3497 1660 attentioni
3525 1607 3584 1660 ad
3611 1609 3773 1677 cogita-

2245 1701 2440 1766 tiones,
2470 1709 2524 1754 et
2559 1698 2831 1768 Spirituali
2863 1698 3227 1760 meditationi,
3258 1697 3388 1752 citra
3419 1714 3545 1768 quas
3571 1699 3770 1768 impossi-

541 1791 692 1860 juxta
736 1791 1053 1861 prOphetam
1089 1791 1301 1863 (Ezech.
1333 1808 1442 1860 va,
1471 1791 1591 1863 49).
1626 1794 1919 1848 lnfirmitas
1947 1808 2137 1862 corpo-
2171 1787 2219 1848 B
2245 1795 2355 1849 bile
2392 1805 2476 1850 est
2535 1795 2601 1848 ad
2655 1809 2917 1848 cacumen
2963 1806 3106 1848 vera
3158 1792 3428 1846 castitatis
3469 1801 3520 1846 et
3577 1794 3773 1860 puritatis

542 1885 618 1938 ris
663 1885 880 1954 pnritati
910 1884 1091 1939 cordis
1120 1900 1226 1939 non
1262 1895 1566 1940 aversatur.
1612 1885 1690 1939 Ea
1720 1887 1897 1956 itaque
1924 1885 2140 1955 corpori

544 1977 750 2032 tribuas
778 1993 898 2046 qua
932 1977 1223 2032 infirmitas
1259 1978 1376 2048 ejus
1419 1979 1674 2048 postulat,
1710 1996 1816 2034 non
1844 1996 1965 2050 qua
1989 1981 2143 2034 volu-

543 2079 665 2137 ptas
704 2070 929 2135 expetit.
973 2070 1232 2126 Ciborum
1275 2086 1402 2126 usus
1440 2071 1730 2126 adhibetur
1770 2082 2030 2142 quantum
2071 2071 2140 2126 ad

543 2161 708 2214 vitam
756 2159 1042 2215 fovendam
1094 2162 1464 2216 necessarium
1512 2171 1616 2228 est,
1663 2178 1774 2217 non
1820 2171 1881 2218 ut
1921 2163 2142 2231 impetui

543 2253 1000 2322 concupiscentia
1045 2255 1335 2308 serviatur.
1382 2254 1656 2309 Moderata
1704 2263 1760 2311 et
1799 2255 2143 2310 rationabilis

543 2347 650 2402 cibi
695 2349 934 2418 sumptio
981 2351 1273 2404 sanitatem
1305 2351 1549 2425 corporis
1586 2351 1860 2414 conciliat,
1890 2366 1990 2406 nec
2019 2365 2145 2404 san-

543 2441 786 2496 ctitatem
815 2441 1014 2497 aufert.
1050 2443 1177 2497 llac
1221 2458 1410 2497 norma
1441 2453 1497 2498 et
1524 2446 1708 2513 regula
1741 2453 1826 2498 est
1862 2444 2142 2498 abstinen-

545 2533 634 2587 tia
664 2543 944 2599 accurata,
978 2550 1008 2587 a
1047 2535 1249 2589 sanctis
1282 2535 1534 2590 Patribus
1560 2537 1779 2601 tradita,
1813 2546 1872 2590 ut
1903 2537 2144 2592 instante

543 2623 722 2679 adhuc
747 2628 1008 2694 appetitu,
1037 2625 1143 2680 cibi
1165 2625 1414 2681 sumendi
1450 2627 1614 2681 finem
1645 2626 1807 2681 faciat
1839 2628 1931 2697 qui
1960 2643 2143 2683 come-

544 2716 645 2771 dit.
676 2717 741 2771 Et
768 2718 1060 2786 Apostolus
1089 2717 1216 2772 dum
1247 2719 1324 2772 ait
1358 2736 1370 2772 :
1411 2717 1596 2773 Carnis
1626 2736 1803 2773 curam
1831 2737 1892 2774 ne
1920 2721 2144 2790 feceritis

544 2809 599 2861 in
647 2809 904 2862 desiderio
953 2808 1150 2880 (Rom.
1205 2825 1320 2874 xm,
1372 2808 1438 2865 14
1467 2814 1510 2882 ),
1564 2825 1673 2865 non
1719 2810 2144 2866 sollicitudinum

545 2901 670 2956 vita
718 2901 1082 2956 necessariam
1134 2902 1433 2971 prohibuit,
1477 2904 1571 2958 sed
1613 2918 1798 2958 curam
1845 2906 2016 2960 vetuit
2064 2905 2146 2960 fo-

545 2992 732 3049 venda
779 2992 1087 3061 voluptatis.
1145 2992 1417 3048 Caterum
1475 2994 1541 3048 ad
1600 2995 1897 3064 perfectam
1948 2997 2144 3052 anima

543 3083 866 3154 puritatem,
913 3084 1030 3138 sola
1085 3084 1334 3140 ciborum
1381 3085 1710 3141 abstinentia
1755 3103 1861 3141 non
1909 3087 2140 3152 sufﬁcit,

2247 1887 2562 1944 ascendere.
2581 1885 2850 1942 Convenit
2867 1886 3050 1956 igitur,
3066 1885 3218 1953 juxta
3258 1882 3470 1938 Domini
3497 1897 3681 1949 vocem,
3701 1899 3774 1939 nos

2247 1981 2502 2035 interiora
2529 1979 2718 2034 calicis
2757 1988 2812 2033 et
2839 1977 3149 2048 paropsidis
3197 1975 3479 2043 mundare,
3508 1983 3562 2029 ut
3584 1976 3674 2029 sint
3707 1992 3774 2030 et-

2247 2074 2446 2130 teriora
2509 2071 2710 2126 munda
2755 2068 2993 2140 (Matth.
3042 2082 3196 2134 χχιιι,
3251 2065 3388 2136 26).
3418 2065 3714 2135 Quapropter
3743 2066 3775 2121 si

2246 2181 2373 2222 cura
2421 2165 2491 2219 sit
2518 2163 2698 2228 nobis,
2736 2162 2891 2232 juxta
2923 2161 3246 2232 Apostolum
3269 2205 3282 2226 ,
3329 2159 3556 2227 legitime
3581 2158 3777 2216 certandi

2246 2268 2304 2315 et
2346 2272 2604 2313 coronam
2649 2255 2954 2326 accipiendi
2988 2256 3004 2323 (
3032 2253 3074 2308 11
3104 2253 3243 2311 Tim.
3280 2269 3338 2315 ιι,
3371 2253 3402 2307 5
3427 2251 3466 2322 ),
3496 2251 3678 2306 devicto
3703 2252 3776 2305 im-

2250 2365 2388 2421 puro
2439 2349 2813 2404 fornicationis
2873 2347 3099 2416 Spiritu,
3151 2361 3220 2400 ne
3256 2345 3454 2400 nostris
3491 2345 3697 2409 viribus,
3727 2359 3778 2400 ne

2250 2455 2450 2499 nostra
2479 2443 2654 2498 ascesi
2689 2441 3030 2497 confidamus
3057 2482 3073 2507 ,
3115 2439 3212 2495 sed
3242 2439 3572 2508 Opitulationi
3613 2439 3778 2495 Domini

2250 2534 2368 2590 Dei.
2410 2533 2602 2589 Nullus
2642 2534 2784 2588 enim
2818 2532 3023 2586 homini
3062 2531 3182 2585 finis
3209 2531 3517 2586 certaminis
3543 2545 3649 2584 cum
3671 2531 3778 2598 ejus-

2251 2627 2397 2682 modi
2425 2627 2692 2692 damone,
2725 2625 2900 2680 donec
2943 2637 3133 2678 revera
3160 2623 3345 2677 credat
3377 2637 3435 2676 se
3463 2637 3563 2676 non
3589 2635 3672 2675 suo
3695 2631 3778 2674 stu-

2250 2721 2340 2775 dio
2367 2727 2460 2774 aut
2491 2719 2700 2782 labore,
2737 2718 2834 2772 sed
2863 2717 2958 2772 Dei
2985 2717 3219 2787 impulsu
3242 2727 3299 2771 et
3325 2715 3524 2771 auxilio
3547 2717 3608 2769 ab
3633 2715 3775 2784 hujus-

2251 2813 2400 2868 modi
2443 2812 2637 2866 morbo
2684 2809 2936 2877 liberati,
2965 2819 3020 2866 et
3064 2811 3131 2864 ad
3163 2826 3434 2866 summum
3469 2809 3703 2865 castitatis
3723 2811 3780 2862 fa-

2250 2907 2466 2976 stigium
2497 2903 2816 2961 ascendere.
2850 2904 3139 2959 Enimvero
3165 2919 3330 2974 supra
3356 2912 3588 2959 naturam
3611 2917 3684 2958 res
3701 2912 3780 2965 est,

2251 3010 2307 3055 et
2351 2999 2530 3068 aliquo
2573 2998 2735 3053 modo
2776 3007 2932 3053 extra
2979 3013 3177 3068 corpus
3203 2997 3429 3063 existit,
3473 2998 3558 3068 qui
3585 2996 3782 3051 stimulos

2251 3092 2431 3147 carnis
2451 3093 2680 3164 ejusque
2699 3092 3004 3161 voluptates
3029 3091 3282 3146 calcavit.
3305 3092 3480 3158 Quare
3503 3089 3783 3160 impossibile

545 3175 646 3229 nisi
697 3187 1029 3230 concurrant
1079 3185 1291 3232 caetera
1340 3179 1590 3233 virtutes.
1626 3179 1916 3234 ilumilitas
1964 3182 2144 3252 itaque
2171 3174 2218 3239 C
2249 3195 2333 3241 est
2361 3184 2660 3248 hominem,
2688 3183 2822 3250 suis,
2866 3194 2923 3238 ut
2951 3185 3023 3238 ita
3051 3184 3254 3249 dicam,
3289 3183 3498 3254 pennis,
3524 3183 3584 3236 ad
3611 3181 3697 3236 hoc
3717 3197 3783 3236 αις

545 3281 641 3336 per
667 3268 1029 3323 obedientiam
1069 3270 1122 3324 in
1152 3285 1340 3339 Opere,
1369 3279 1424 3325 et
1450 3286 1545 3340 per
1573 3270 1922 3328 afflictionem
1946 3289 2142 3340 corpo-

546 3359 622 3412 ris
665 3375 856 3429 magna
907 3360 1066 3414 nobis
1111 3360 1326 3416 confert
1373 3361 1533 3416 bona.
1588 3361 1720 3417 Illud
1768 3372 1850 3417 est
1898 3363 2141 3420 avaritia

545 3461 824 3520 expertem
856 3465 1001 3519 esse,
1035 3468 1141 3506 non
1174 3453 1335 3507 modo
1366 3455 1624 3522 pecunias
1650 3471 1758 3510 non
1788 3455 2011 3523 habere,
2045 3457 2143 3513 sed

546 3556 615 3597 ne
645 3543 1034 3612 concupiscere
1066 3545 1282 3614 quidem
1314 3547 1527 3601 illarum
1558 3550 1982 3616 possessionem.
2015 3552 2145 3606 Ani-

530 3649 691 3688 .mam
737 3635 804 3689 ad
836 3636 1123 3704 puritatem
1155 3638 1374 3694 adducit
1403 3639 1668 3696 cobibitio
1707 3643 1805 3698 ira
1830 3685 1846 3711 ,
1881 3645 2140 3713 tristitia,

546 3740 698 3780 vana
737 3727 947 3797 gloria,
992 3729 1278 3795 superbia.
1320 3731 1446 3787 Hac
1471 3734 1647 3788 omnia
1679 3737 1986 3792 universam
2019 3739 2140 3793 aui-

544 3835 648 3874 ma
691 3821 976 3889 puritatem
1003 3822 1268 3879 efficiunt.
1300 3825 1598 3882 Puritatem
1627 3839 1808 3884 autem
1853 3832 1997 3887 illam
2024 3835 2144 3890 ani-

543 3925 649 3964 ma
699 3912 1062 3981 peculiarem,
1097 3931 1216 3983 qua
1246 3931 1344 3985 per
1383 3922 1799 3989 temperantiam
1841 3925 2138 3993 obtinetur,

544 4003 870 4060 abstinentia
895 4006 948 4061 in
983 4007 1172 4077 primis
1201 4019 1257 4064 et
1288 4009 1554 4081 jejunium
1586 4015 1847 4070 efficiunt.
1885 4017 2144 4087 Impossi-

543 4095 654 4151 bile
692 4097 891 4166 quippe
935 4108 1020 4153 est
1070 4115 1196 4155 eum
1244 4102 1337 4171 qui
1387 4115 1542 4158 satur
1569 4115 1760 4160 ventre
1807 4117 1927 4173 est,
1956 4109 2142 4164 animo

545 4186 831 4244 decertare
872 4188 1133 4245 adversus
1176 4193 1426 4262 spiritum
1463 4195 1859 4252 fornicationis.
1898 4199 2138 4256 Primum

543 4283 726 4352 itaque
778 4282 935 4338 nobis
981 4285 1053 4339 sit
1099 4295 1401 4356 certamen,
1457 4299 1515 4343 ut
1565 4292 1739 4346 ventri
1785 4293 2137 4363 imperemus,

545 4388 852 4446 corpusque
882 4378 936 4431 in
960 4379 1278 4435 servitutem
1318 4380 1654 4438 deducamus
1681 4403 1692 4437 :
1719 4400 1825 4440 non
1854 4387 2016 4442 modo
2045 4405 2140 4458 per

542 4466 830 4539 jejunium,
863 4471 959 4525 sed
1002 4473 1164 4526 etiam
1212 4489 1309 4544 per
1353 4475 1588 4546 vigilias,
1639 4479 1901 4549 laborem,
1951 4481 2140 4538 lectio-

549 4574 716 4628 nem,
765 4561 894 4616 item
942 4563 1122 4618 animo
1173 4567 1528 4636 concipiendo
1569 4569 1832 4638 gehenna
1883 4547 2136 4631 timorem
2168 4547 2224 4608 Β

546 4658 602 4706 et
632 4650 962 4708 desiderium
995 4656 1147 4725 regni
1170 4657 1451 4712 calorum.

617 4742 675 4797 2.
719 4740 888 4814 (Cass.
915 4745 1047 4800 Inst.
1075 4748 1114 4804 ι.
1146 4763 1220 4814 vi,
1239 4766 1286 4804 c.
1317 4749 1340 4803 1
1374 4759 1423 4803 et
1452 4753 1617 4822 seqq.)
1647 4753 1956 4812 Secundum
1984 4759 2142 4815 nobis

472 4893 492 4914 ’ᾖ
548 4850 633 4893 est
661 4847 939 4894 certamen
971 4841 1232 4898 adversus
1258 4845 1510 4914 spiritum
1540 4847 1914 4906 fornicationis
1940 4861 1994 4908 et
2021 4869 2144 4909 con-

465 4957 467 4959 ι
551 4929 942 4999 cupiscentiam
969 4936 1171 5004 carnis,
1203 4953 1324 5006 qua
1351 4941 1795 5008 concupiscentia
1823 4958 1852 4997 a
1880 4945 2140 5014 primava

549 5030 712 5077 aetate
769 5023 1074 5080 molestiam
1122 5026 1330 5084 homini
1377 5045 1567 5088 creare
1618 5034 1827 5104 incipit.
1890 5038 2140 5108 Magnum

466 5125 470 5130 '
551 5111 686 5167 illud
729 5129 1004 5187 graveque
1053 5129 1352 5186 certamen,
1406 5122 1609 5194 duplici
1657 5137 1915 5184 constans
1965 5131 2142 5199 lncta;

463 5259 470 5284 τ
551 5204 748 5273 duplex
772 5209 917 5264 enim
947 5220 1062 5280 est,
1112 5228 1232 5269 cum
1276 5217 1329 5270 in
1360 5232 1592 5288 corpore
1621 5229 1675 5274 et
1702 5221 1753 5274 in
1782 5223 1960 5276 anima
1990 5239 2139 5279 como

548 5300 817 5356 mittatur.
843 5303 1180 5376 Quapropter
1210 5308 1412 5380 duplici
1443 5323 1657 5382 oportet
1692 5329 1814 5370 cum
1848 5317 1938 5373 illo
1971 5333 2144 5390 pugna

547 5391 863 5464 confligere.
896 5397 1080 5468 Neque
1111 5403 1253 5456 enim
1291 5406 1577 5474 corporale
1603 5407 1866 5476 jejunium
1898 5413 2032 5467 satis
2061 5423 2146 5468 est

549 5483 618 5538 ad
647 5486 902 5554 perfecta
928 5497 1302 5562 temperantia
1345 5499 1747 5567 possessionem
1777 5514 1831 5557 et
1861 5505 1926 5558 ad
1963 5521 2144 5562 veram

549 5577 880 5648 castitatem,
931 5584 1035 5638 nisi
1078 5586 1222 5641 adsit
1249 5589 1423 5643 oratio
1453 5590 1519 5644 ad
1553 5591 1718 5646 Deum
1762 5595 1999 5663 assidua,
2034 5599 2146 5654 fre-

549 5682 724 5736 quens
763 5673 1070 5732 divinarum
1099 5677 1494 5748 Scripturarum
1541 5682 1841 5751 meditatio,
1896 5687 2050 5744 labor
2090 5699 2146 5744 et

551 5772 689 5824 opus
726 5781 1002 5840 manuum,
1029 5785 1150 5841 qua
1183 5771 1465 5832 instabiles
1509 5776 1964 5849 anima-impetus
1995 5795 2146 5840 com-

2249 3294 2446 3335 cumen
2488 3287 2544 3334 et
2587 3278 2655 3333 ad
2700 3277 2950 3333 bravium
2976 3278 3282 3332 sanctitatis
3329 3277 3592 3342 advolare,
3615 3276 3786 3346 angelo-

2248 3388 2476 3444 rumque
2517 3373 2847 3428 lmitalorem
2893 3373 3055 3438 effici,
3089 3372 3196 3426 nisi
3241 3372 3394 3427 illum
3431 3374 3592 3444 gratia
3621 3371 3704 3426 Dei
3735 3384 3785 3424 ex

2251 3476 2390 3520 terra
2424 3475 2478 3521 et
2517 3481 2674 3521 cano
2709 3464 2924 3520 educat.
2957 3463 3111 3519 Nulla
3157 3465 3308 3519 enim
3351 3466 3550 3520 virtute
3588 3463 3786 3519 homines

2247 3572 2412 3612 carne
2444 3558 2632 3627 illigati
2665 3557 2980 3614 calestibus
3022 3557 3232 3627 angelis
3261 3557 3550 3613 similiores
3589 3556 3786 3612 efficiun-

2249 3660 2356 3715 tur,
2391 3665 2550 3720 quam
2595 3649 2954 3718 temperantia
3007 3667 3020 3704 :
3062 3664 3163 3720 per
3190 3665 3314 3704 eam
3343 3651 3485 3705 enim
3514 3649 3629 3703 dum
3653 3647 3788 3702 adhuc

2248 3743 2300 3796 in
2334 3752 2478 3797 terra
2509 3743 2732 3812 degunt,
2775 3742 2992 3806 habent,
3023 3742 3179 3812 juxta
3207 3741 3564 3810 Apostoium,
3605 3755 3787 3796 conver-

2246 3835 2513 3890 sationem
2539 3835 2593 3888 in
2618 3834 2773 3890 calis
2799 3833 3069 3906 (Phia’ipp.
3114 3850 3196 3902 ιιι,
3221 3835 3296 3889 20
3316 3836 3357 3906 ).
3392 3834 3523 3889 Illud
3549 3842 3702 3888 autem
3727 3838 3790 3886 cst

2245 3928 2462 3981 virtutis
2489 3927 2716 3997 hujusce
2742 3943 2769 3980 a
2802 3927 2958 3982 nobis
2983 3929 3266 3997 acquisita:
3302 3929 3576 3992 indicium,
3601 3927 3644 3982 si
3676 3925 3785 3981 nulla

2245 4019 2496 4076 obscena
2546 4020 2852 4088 phantasia
2903 4020 3081 4090 imago
3119 4020 3442 4076 dormientis
3485 4014 3785 4089 subeatsni-

2246 4129 2418 4168 mum.
2446 4113 2679 4168 Etiamsi
2712 4115 2857 4168 enim
2886 4124 3168 4184 peccatum
3198 4131 3308 4170 non
3342 4124 3614 4185 reputatur
3641 4113 3784 4180 hujus-

2245 4206 2393 4260 modi
2439 4215 2642 4267 motus.
2689 4207 2902 4276 signum
2937 4216 3118 4262 tamen
3148 4215 3234 4262 est
3263 4209 3571 4279 aegrotantis
3597 4221 3653 4260 ac
3678 4219 3784 4260 non-

2245 4298 2372 4353 dum
2426 4299 2682 4368 passione
2733 4298 2827 4352 tali
2888 4299 3136 4354 liberata
3205 4302 3424 4355 anima.
3481 4298 3785 4368 Quamobrem

2244 4394 2514 4449 obscenas
2554 4394 2672 4448 illas
2719 4395 3031 4464 pbantasias
3062 4396 3200 4450 inter
3230 4394 3602 4450 dormiendum
3628 4403 3784 4446 occur-

2247 4496 2431 4543 rentes
2475 4497 2666 4557 putare
2710 4487 2968 4542 debemus
3019 4503 3142 4542 esse
3187 4488 3549 4557 pracedentis
3586 4481 3787 4555 segnitiei

2246 4589 2649 4651 argumentum,
2679 4589 2841 4648 atque
2865 4588 3070 4634 nostra
3099 4579 3458 4648 infirmitatis,
3485 4580 3786 4646 morbumque

2247 4673 2300 4728 in
2329 4682 2544 4728 secreto
2573 4672 2753 4728 cordis
2777 4673 2948 4728 nostri
2978 4674 3237 4729 latentem
3277 4677 3452 4745 aperit
3490 4673 3699 4730 cessatio
3722 4683 3787 4722 so-

2247 4765 2380 4820 mnii
2425 4765 2872 4834 expergiscentis.
2912 4765 3094 4830 Quare
3139 4767 3446 4822 animarum
3507 4763 3718 4820 medicus
3748 4760 3788 4814 in

2249 4857 2442 4911 anima
2510 4856 2880 4925 penetralibus
2935 4856 3257 4912 medicinam
3314 4857 3586 4925 reposuit,
3632 4864 3788 4924 gnarus

2250 4949 2424 5004 morbi
2456 4961 2652 5002 causas
2681 4949 2812 5002 inibi
2841 4962 2980 5014 esse,
3023 4949 3150 5003 dum
3181 4949 3258 5003 ait
3297 4967 3311 5003 :
3359 4949 3462 5016 Qui
3491 4947 3678 5017 respicit
3699 4958 3786 4996 nut-

2251 5042 2425 5095 lierem
2451 5042 2519 5095 ad
2541 5041 3012 5110 concupiscendum
3044 5059 3180 5110 eam,
3185 5046 3302 5116 jam
3339 5043 3610 5099 moechatus
3626 5050 3686 5095 est
3704 5052 3787 5093 eam

2245 5136 2302 5189 in
2335 5135 2488 5188 corde
2511 5151 2606 5188 suo
2639 5135 2659 5206 (
2684 5135 2876 5190 Matth.
2905 5151 2958 5202 v,
2990 5135 3060 5190 ‘28
3082 5135 3124 5206 ),
3152 5151 3257 5190 non
3290 5147 3495 5190 tantum
3528 5147 3582 5189 ut
3609 5135 3788 5188 lascivos

2249 5237 2303 5284 ct
2333 5228 2581 5282 curiosos
2606 5229 2797 5283 oculos
2825 5229 3166 5300 corrigeret,
3201 5230 3295 5284 sed
3330 5231 3498 5284 multo
3528 5229 3679 5296 magis
3701 5224 3788 5278 ani-

2248 5336 2391 5375 mam
2426 5321 2571 5376 intus
2603 5320 2784 5388 sitam,
2813 5338 2934 5392 qua
2979 5323 3154 5376 oculis
3185 5323 3252 5377 ad
3283 5322 3485 5378 bonum
3534 5319 3627 5376 sibi
3651 5334 3677 5371 a
3703 5317 3787 5371 Deo

2251 5413 2392 5468 datis
2425 5413 2669 5482 improbe
2695 5425 2778 5469 est
2807 5429 2900 5468 usa
2929 5431 2942 5467 :
2968 5430 3088 5485 qua
3129 5429 3295 5470 causa
3345 5427 3427 5470 est
3470 5431 3561 5469 cur
3609 5411 3787 5480 Sapiens

2251 5505 2604 5574 proverbium
2636 5507 2802 5573 dicat,
2831 5523 2961 5573 non,
2987 5507 3149 5562 Omni
3169 5506 3414 5564 custodia
3442 5521 3592 5562 serva
3612 5501 3786 5560 oculos;

2252 5599 2348 5652 sed
2373 5640 2386 5664 ,
2438 5598 2595 5654 Omni
2623 5603 2858 5655 custodia
2889 5619 3034 5657 serva
3062 5619 3150 5656 cor
3193 5613 3340 5657 tuum
3369 5599 3563 5673 (Prov.
3590 5615 3655 5660 lt,
3681 5589 3784 5658 95)-

2255 5689 2333 5744 llli
2387 5692 2596 5746 scilicet
2645 5693 2880 5749 maxime
2920 5693 3184 5749 custodia
3228 5692 3524 5749 remedium
3561 5686 3781 5758 applicat.

2251 5799 2371 5856 qua
2398 5785 2573 5843 oculis
2596 5788 2824 5844 arbitrio
2850 5803 2951 5844 suo
2981 5789 3174 5848 utitur.
3207 5787 3388 5858 Itaque
3413 5785 3527 5842 hac
3547 5783 3614 5841 sit
3634 5788 3780 5851 purse
