4024 6336
293 338 393 397 88!

1274 329 1623 387 EPITOMES
1660 327 1945 386 OPERUM
1984 328 2299 388 CASSIANI
2336 331 2463 389 LIB.
2504 333 2574 392 ll.

3474 308 3592 398 esi

288 450 453 507 tionis
492 454 694 503 nostrae
734 446 908 517 prima
946 445 1211 511 custodia,
1250 453 1310 501 ut
1349 461 1470 500 cum
1516 456 1751 501 mentem
1781 460 1882 501 no-
1910 444 1965 505 Δ
1989 459 2071 503 est
2095 451 2399 520 hujusmodi
2434 453 2655 519 bellum,
2686 468 2750 511 ac
2775 464 2932 512 extra
2972 462 3216 513 naturam
3243 470 3366 514 esse
3387 456 3582 529 depre-

286 553 453 599 stram
493 541 734 596 mulieris
772 540 1033 595 memoria
1061 581 1075 605 ,
1122 538 1385 594 diabolica
1436 541 1752 608 operatione
1792 554 1883 603 su:

284 634 468 699 bicrit,
501 632 715 688 etiamsi
747 632 955 698 matris,
986 639 1080 684 aut
1109 631 1335 695 sororis,
1366 640 1455 684 aut
1497 631 1707 701 piarum
1750 631 1881 684 alia-

285 744 404 785 rum
454 727 767 791 mulierum,
804 735 1014 780 mature
1043 723 1190 779 illam
1232 741 1298 780 ex
1343 724 1509 779 corde
1550 734 1736 779 nostro
1776 725 1878 795 eji-

285 824 525 878 ciamus:
550 836 617 875 ne
644 820 688 874 si
723 820 774 873 in
799 818 891 873 tali
920 818 1244 888 cogitatione
1267 817 1469 872 diutius
1502 819 1875 884 immorentur,

283 913 540 969 seductor
568 928 631 965 ac
661 912 926 965 malorum
968 919 1156 965 auctor
1192 911 1311 977 ille,
1352 927 1421 965 ex
1460 910 1729 980 ejusmodi
1760 911 1880 965 vul-

282 1014 438 1060 tuum
471 1004 775 1074 phantasia,
807 1003 856 1056 in
885 1003 1149 1058 obscenas
1180 1011 1229 1058 et
1263 1003 1550 1057 damnosas
1578 1004 1879 1071 cogitatio—

280 1114 380 1154 nes
411 1107 645 1152 mentem
672 1095 925 1150 devolvat
952 1111 1014 1149 ac
1046 1095 1375 1165 praecipitet;
1420 1096 1876 1166 quemadmodum

280 1190 596 1260 praecipitur
636 1188 892 1242 mandato
936 1189 1032 1243 illo
1080 1189 1171 1244 Dei
1217 1189 1282 1242 ad
1324 1189 1557 1258 primum
1598 1189 1876 1244 hominem

279 1283 431 1345 dato,
457 1290 516 1334 ut
546 1281 801 1334 nimirum
829 1280 1144 1334 observaret
1176 1290 1340 1349 caput
1360 1281 1649 1349 serpentis,
1685 1280 1736 1334 id
1768 1289 1874 1347 est,

276 1374 608 1444 principium
656 1372 935 1427 damnosae
979 1373 1355 1442 cogitationis,
1407 1374 1593 1442 quain
1634 1374 1874 1427 animam

277 1476 525 1522 nostram
567 1466 811 1535 irrepere
850 1466 1061 1531 nititur,
1109 1475 1167 1521 ut
1208 1482 1278 1521 ne
1319 1466 1558 1520 admisso
1588 1467 1786 1535 capite,
1821 1464 1873 1519 id

277 1570 386 1628 est,
420 1560 589 1629 prima
620 1559 965 1629 c0gitationis
996 1561 1319 1629 irruptione,
1348 1558 1616 1628 reliquum
1648 1573 1872 1625 serpen-

274 1654 351 1708 tis
395 1666 626 1722 corpus,
672 1652 877 1706 scilicet
922 1666 1245 1706 consensum
1287 1651 1580 1719 voluptatis
1620 1651 1872 1704 admitta-

274 1761 437 1811 mus,
484 1756 646 1816 atque
679 1746 807 1799 hinc
844 1746 1062 1801 demum
1098 1746 1151 1799 in
1182 1745 1447 1799 nefarium
1481 1744 1689 1798 facinus
1720 1759 1871 1797 men-

1988 543 2275 607 henditur,
2332 554 2491 613 atque
2540 547 2932 602 incredulitatis
2978 550 3265 605 occasione
3316 554 3581 607 monacho

1984 636 2260 706 contingit.
2324 636 2618 693 Enimvero
2654 639 2881 694 aliorum
2907 640 3189 695 affecmum
3218 643 3456 705 stimuli,
3489 645 3583 698 ira:

1983 728 2190 783 scilicet
2233 740 2285 783 et
2323 733 2805 801 concupiscentiae,
2862 748 2929 788 ex
2966 750 3195 805 corpore
3241 737 3581 793 occasionem

1983 820 2184 875 habere
2212 824 2498 890 videntur,
2538 840 2600 878 ac
2637 825 3035 894 quodammodo
3070 828 3214 881 insiti
3256 836 3407 893 sunt,
3440 837 3495 883 et
3515 843 3583 883 ex

1983 916 2261 969 nativitate
2294 916 2614 985 principium
2656 917 2854 971 habent
2889 934 3047 988 :qua:
3073 933 3233 973 causa
3264 928 3419 974 estut
3447 936 3583 974 nono
3626 900 3631 905 I

1983 1008 2085 1062 nisi
2140 1008 2348 1062 diutino
2409 1018 2651 1077 tempore
2694 1019 3035 1079 superentur.
3100 1010 3353 1067 Avaritia:
3398 1023 3578 1068 autem

1982 1103 2202 1157 morbus
2268 1105 2615 1159 extrinsecus
2684 1106 2976 1160 adveniens
3054 1107 3261 1162 facilius
3335 1109 3580 1163 exscindi

1981 1204 2183 1266 potest,
2205 1195 2330 1250 dum
2346 1196 2487 1250 adsit
2511 1213 2636 1252 cura
2653 1198 2881 1252 etanimi
2903 1199 3149 1253 attentio.
3181 1203 3247 1253 At
3277 1200 3320 1254 si
3345 1200 3582 1270 ncgliga-

1981 1298 2087 1355 tur,
2116 1289 2474 1358 perniciosior
2501 1291 2622 1345 aliis
2649 1290 2930 1345 affectibus
2957 1300 3059 1359 est,
3093 1302 3253 1361 atque
3286 1308 3579 1348 exsecran-

1979 1383 2081 1437 dus
2116 1383 2298 1437 evadit
2330 1401 2344 1437 :
2377 1400 2502 1438 nam
2533 1384 2684 1438 radix
2733 1385 2970 1439 omnium
3010 1384 3274 1439 malorum
3316 1394 3399 1440 est
3425 1386 3577 1455 juxta

1978 1476 2295 1545 Apostolum
2332 1476 2383 1549 (Ι
2416 1476 2549 1531 Tim.
2579 1490 2653 1542 vt,
2682 1476 2803 1546 10).
2852 1476 3056 1533 Verum
3099 1478 3199 1532 hac
3230 1480 3441 1535 ratione
3474 1480 3578 1534 ista

1978 1568 2386 1623 consideremus
2414 1586 2427 1623 ε
2458 1572 2736 1624 naturales
2759 1573 3006 1640 corporis
3032 1580 3241 1639 motus,
3266 1588 3374 1626 non
3405 1573 3577 1628 solum

1975 1658 2027 1713 iu
2060 1661 2239 1725 pueris
2269 1663 2699 1729 conspiciuntur,
2726 1664 2776 1717 in
2801 1665 2997 1734 quibus
3016 1664 3250 1719 nondum
3271 1674 3353 1719 est
3373 1665 3581 1720 discre-

1976 1752 2054 1806 tio
2074 1752 2196 1806 boni
2221 1763 2273 1807 et
2305 1755 2466 1819 mali,
2500 1755 2592 1809 sed
2616 1757 2792 1824 etiam
2839 1757 2892 1809 in
2938 1758 3099 1811 etiam
3148 1759 3386 1812 minimis
3414 1767 3468 1813 et
3494 1758 3577 1817 la-

274 1847 389 1894 tcm
436 1840 528 1893 ille
569 1837 787 1907 dejiciat
820 1858 833 1893 :
868 1839 963 1893 sed
1005 1852 1103 1906 par
1140 1847 1242 1903 est,
1273 1839 1349 1892 uti
1382 1840 1642 1906 scriptum
1683 1846 1787 1901 est,
1819 1838 1869 1891 in
1900 1834 1949 1895 B
1982 1844 2253 1898 cientibus
2304 1845 2635 1913 infantibus,
2692 1847 2782 1916 qui
2845 1862 2966 1901 cutn
3016 1849 3248 1903 carnalis
3286 1849 3576 1918 voluptatis

273 1935 547 1987 matutino
576 1930 888 1987 interficere
920 1946 1109 1985 omnes
1136 1939 1457 1989 peccatores
1486 1939 1645 1985 terrae
1678 1933 1694 2000 (
1722 1930 1871 1984 Psal.

272 2042 328 2094 c,
363 2028 453 2098 8);
496 2026 547 2082 id
583 2036 684 2089 est.
721 2026 921 2080 lumine
947 2026 1270 2094 cognitionis
1298 2025 1673 2078 internoscere
1701 2032 1865 2094 atque

279 2118 606 2190 disperdere
661 2121 1016 2187 cogitationes
1058 2120 1125 2173 ad
1173 2128 1451 2180 peccatum
1513 2117 1872 2182 deducentes;

271 2228 344 2268 ex
377 2221 543 2277 terra,
576 2212 784 2266 scilicet
809 2228 873 2266 ex
911 2212 1095 2278 corde,
1134 2212 1284 2281 juxta
1313 2213 1527 2266 Domini
1557 2227 1769 2266 vocem.
1806 2212 1875 2265 Et

270 2303 403 2359 dum
432 2305 607 2359 adhuc
639 2304 845 2373 parvuli
871 2314 996 2359 sunt
1026 2305 1120 2358 filii
1141 2305 1431 2376 Babylonis
1451 2304 1622 2375 (Psal.
1644 2320 1869 2372 cxxxvr,

268 2395 375 2467 9),
419 2412 513 2451 seu
560 2397 715 2450 malae
765 2397 1167 2467 cogitationes,
1227 2409 1335 2453 tum
1383 2412 1478 2452 eos
1515 2399 1630 2452 solo
1660 2412 1876 2466 aequare

269 2500 442 2559 atque
482 2489 705 2544 allidere
732 2500 945 2558 oportet
978 2491 1043 2544 ad
1077 2501 1311 2560 petram,
1343 2507 1462 2560 quae
1490 2501 1574 2545 est
1602 2491 1870 2545 Christus.

270 2581 337 2637 Si
360 2583 501 2636 enim
534 2597 801 2637 consensu
833 2592 1023 2636 nostro
1047 2582 1112 2636 ad
1147 2583 1355 2637 virilem
1386 2583 1705 2652 perveniant
1734 2590 1865 2635 aeta-

271 2680 415 2739 tem,
467 2688 575 2728 non
624 2674 759 2727 citra
807 2689 1031 2744 magnos
1068 2675 1299 2745 gemitus
1330 2674 1622 2729 etlabores
1650 2688 1873 2739 supcra-

270 2765 499 2821 buntur.
553 2765 635 2819 Ad
676 2781 738 2821 ea
770 2776 949 2819 autem
983 2782 1103 2834 quae
1151 2765 1403 2835 superius
1472 2780 1537 2820 ex
1597 2764 1872 2832 Scriptura

271 2875 437 2915 sacra
484 2860 625 2914 dicta
665 2872 819 2926 sunt,
859 2859 1159 2929 adjicienda
1200 2869 1515 2914 sanctorum
1549 2859 1763 2912 Patrum
1794 2856 1875 2910 di-

271 2966 386 3009 cta.
445 2956 652 3009 Dictum
695 2964 778 3008 est
822 2956 1004 3025 itaque
1047 2970 1075 3009 a
1121 2966 1311 3008 sancto
1360 2954 1563 3007 Basilio
1610 2951 1874 3006 Caesareae

271 3049 637 3120 Cappadociae
666 3050 920 3118 episcopo
958 3066 970 3101 :
1006 3048 1281 3102 Mulierem
1320 3046 1531 3116 ignoro,
1564 3060 1664 3100 nec
1694 3054 1871 3097 tamen

274 3142 437 3211 virgo
466 3156 618 3206 sum;
652 3156 821 3209 usque
846 3140 981 3195 adeo
1010 3140 1349 3208 exploratum
1379 3137 1589 3205 habuit,
1623 3152 1728 3190 non
1756 3136 1870 3189 sola

1983 1955 2048 1991 ne
2076 1939 2359 2007 veStigium
2392 1940 2610 2009 quidem
2642 1940 2909 2007 habeant,
2958 1944 3011 1996 in
3055 1959 3216 1998 carne
3248 1953 3426 1998 tamen
3462 1959 3579 1999 mo-

1979 2039 2090 2084 tum
2115 2032 2388 2085 exhibent.
2440 2031 2536 2086 Irae
2587 2033 2837 2087 similiter
2895 2034 3144 2089 stimulus
3177 2036 3227 2090 in
3280 2035 3577 2092 infantibus

1978 2135 2273 2192 comparet,
2304 2126 2390 2179 ubi
2420 2126 2540 2179 illos
2579 2126 2836 2181 adversus
2862 2143 2955 2183 eos
2987 2127 3079 2196 qui
3109 2128 3210 2183 sibi
3262 2130 3572 2184 molestiam

1978 2225 2167 2270 creant
2217 2228 2520 2271 commotos
2568 2219 2865 2274 cernimus.
2919 2221 3040 2274 [hoc
3082 2236 3242 2290 porro
3272 2222 3413 2289 dico,
3464 2237 3573 2276 non

1978 2324 2082 2378 quo
2107 2320 2313 2362 naturae
2344 2320 2403 2363 ut
2431 2311 2633 2378 peccati
2659 2326 2835 2366 causa:
2862 2314 3153 2381 convicier,
3187 2314 3355 2379 absit;
3384 2314 3480 2369 sed
3513 2325 3572 2369 ut

1978 2402 2282 2465 ostendam,
2333 2405 2544 2458 tametsi
2597 2404 2673 2458 ira
2721 2414 2775 2460 et
2814 2407 3250 2475 concupiscentia
3293 2408 3492 2462 homini
3542 2423 3573 2463 a

1978 2503 2224 2547 creatore
2253 2494 2366 2547 Deo
2408 2495 2473 2547 ad
2504 2496 2701 2549 bonum
2733 2497 2943 2551 collatae
2976 2506 3132 2563 sunt,
3176 2497 3351 2553 videri
3393 2508 3571 2553 tamen

1978 2601 2101 2640 cum
2133 2586 2530 2655 quodammodo
2553 2602 2617 2641 ex
2642 2589 2886 2657 corporis
2909 2600 3094 2643 natura
3122 2591 3174 2644 in
3199 2606 3261 2645 ea
3282 2605 3401 2661 quae
3432 2606 3572 2661 prae-

1979 2686 2060 2732 ter
2091 2688 2336 2732 naturam
2369 2688 2495 2732 sunt
2525 2680 2751 2748 segnitie
2796 2696 2887 2735 sua
2921 2681 3117 2736 delabi.
3170 2680 3302 2735 Nam
3328 2682 3573 2751 corporis

1978 2778 2155 2822 motus
2183 2770 2247 2822 ad
2277 2771 2567 2824 liberorum
2590 2773 3019 2840 procreationem
3046 2781 3098 2826 et
3146 2768 3443 2842 adgeneris
3464 2772 3570 2827 hu-

1978 2862 2123 2917 mani
2150 2866 2549 2917 successionem
2580 2866 2918 2931 contiunam,
2960 2881 3065 2919 non
3096 2866 3159 2919 ad
3190 2868 3571 2922 scortationem

1977 2970 2007 3008 a
2034 2952 2292 3009 Creatore
2315 2956 2471 3009 datus
2501 2967 2602 3022 est,
2631 2968 2683 3011 et
2714 2959 2809 3012 irae
2830 2960 3123 3013 commotio
3143 2960 3207 3014 ad
3232 2960 3457 3014 salutem
3475 2976 3571 3015 no-

1977 3048 2060 3102 bis
2091 3049 2249 3103 insita
2276 3059 2378 3113 est,
2409 3059 2464 3103 ut
2495 3050 2756 3106 adversus
2786 3062 3067 3121 peccatum
3112 3054 3434 3121 irascamur,
3464 3070 3568 3109 non

1980 3154 2035 3195 ut
2066 3144 2326 3197 adversus
2355 3159 2719 3209 congenerem
2748 3146 2898 3200 nobis
2923 3146 3101 3201 furore
3128 3148 3480 3203 concitemur.
3512 3146 3570 3204 Si

273 3234 552 3301 corporali
587 3233 940 3301 temperantia
968 3248 995 3285 a
1026 3232 1278 3297 muliere,
1308 3230 1639 3301 virginitatis
1670 3230 1871 3283 donum
1903 3209 1952 3275 ο
1984 3252 2112 3307 ergo
2164 3237 2229 3292 iis
2270 3253 2551 3307 perperam
2584 3240 2814 3307 utimur,
2875 3256 3206 3311 nequaquam
3238 3240 3359 3296 ideo
3386 3248 3571 3309 peccat

274 3333 433 3380 recte
472 3325 769 3394 possideri,
815 3325 910 3379 sed
944 3325 1112 3378 multo
1152 3323 1323 3393 magis
1351 3325 1547 3376 animae
1588 3322 1876 3376 sanctitate

276 3420 628 3485 puritateque
659 3432 721 3471 ac
752 3418 947 3471 timore
975 3417 1071 3472 Dei
1094 3416 1287 3470 haberi
1316 3416 1515 3470 solere.
1546 3414 1712 3470 Aiunt
1743 3416 1873 3470 item

276 3506 474 3563 Patres
496 3552 509 3571 ,
564 3523 671 3563 non
705 3524 864 3576 posse
898 3523 996 3562 nos
1021 3508 1287 3563 castitatis
1323 3507 1581 3577 perfecta:
1624 3508 1874 3561 virtutem

277 3601 609 3670 possidere,
657 3601 759 3655 nisi
804 3601 953 3670 prius
988 3616 1172 3655 veram
1210 3600 1267 3654 in
1310 3599 1477 3654 corde
1520 3599 1875 3653 humilitatem

279 3694 695 3763 possideamus;
741 3710 916 3765 neque
954 3710 1077 3750 vera
1117 3693 1421 3763 cognitione
1458 3692 1652 3761 dignos
1689 3691 1876 3745 haberi

278 3787 546 3857 quamdiu
582 3788 634 3841 in
681 3788 873 3841 animae
915 3786 1287 3855 penetralibus
1326 3785 1703 3840 fornicationis
1748 3783 1879 3838 alie-

277 3893 407 3939 ctus
438 3884 573 3937 situs
600 3881 724 3935 erit.
758 3882 828 3937 Ut
867 3890 1043 3935 autem
1081 3895 1329 3950 magnam
1361 3878 1670 3949 hujttsmodi
1702 3878 1874 3932 virtu-

278 3985 395 4029 tem
430 3989 497 4028 ex
538 3974 798 4041 Apostolo
842 3974 959 4039 ipso
990 3973 1163 4041 palam
1205 3972 1466 4027 faciamus
1495 4015 1509 4040 ,
1555 3986 1716 4025 unam
1763 3970 1878 4039 ejus

280 4080 653 4119 memoremus
698 4065 1054 4130 sententiam,
1092 4080 1194 4134 qua
1238 4063 1491 4133 loquendi
1527 4062 1686 4116 finem
1717 4062 1878 4115 facie-

281 4172 432 4213 mus.
467 4156 680 4220 Pacem,
712 4157 902 4226 inquit,
937 4157 1211 4225 sequimini
1251 4172 1365 4208 cum
1397 4155 1651 4222 omnibus,
1681 4165 1727 4207 et
1752 4170 1875 4207 satis

282 4251 584 4304 climoninm
631 4251 739 4303 sine
780 4266 881 4319 qua
922 4266 1070 4302 nemo
1116 4250 1301 4302 videbit
1342 4248 1622 4302 Dominum
1670 4246 1876 4313 (Hebr.

282 4360 387 4411 xu,
420 4343 530 4413 Μ).
562 4342 711 4409 Quod
739 4343 879 4396 enim
912 4357 974 4396 ea
1004 4342 1069 4394 de
1095 4357 1153 4395 re
1184 4342 1457 4411 loquatur,
1490 4341 1769 4410 propalam
1796 4347 1880 4393 cst

283 4453 357 4492 ex
391 4436 459 4490 iis
489 4452 606 4504 quae
649 4435 958 4503 subjunxit,
991 4451 1112 4489 cum
1149 4436 1225 4489 ait
1260 4453 1273 4488 :
1316 4434 1399 4487 Ne
1425 4435 1538 4504 quis
1571 4434 1874 4500 fornicator,

283 4535 379 4587 aut
408 4527 678 4598 profanus,
712 4534 767 4578 ut
794 4524 936 4579 Esau
965 4527 981 4594 (
1007 4525 1148 4579 Ibid.
1175 4524 1214 4595 ).
1250 4526 1459 4591 Quanto
1491 4526 1673 4593 itaque
1702 4524 1873 4591 magis

1979 3339 2190 3396 natura,
2237 3345 2409 3398 neque
2441 3330 2562 3384 ideo
2601 3332 2847 3399 opificem
2896 3332 3231 3397 incusemus;
3295 3335 3432 3387 sicut
3471 3347 3571 3388 nec

1980 3436 2102 3474 cum
2128 3422 2215 3489 qui
2249 3421 2300 3474 in
2330 3437 2444 3475 rem
2480 3423 2844 3477 necessariam
2877 3433 2931 3478 et
2955 3424 3139 3478 utilem
3166 3424 3366 3477 ferrum
3398 3423 3568 3488 dedit,

1979 3513 2023 3567 si
2052 3513 2097 3566 is
2134 3514 2222 3579 qui
2250 3512 2460 3579 accepit
2497 3514 2561 3567 ad
2611 3515 2786 3568 caedes
2836 3513 3224 3583 perpetrandas
3259 3528 3324 3568 eo
3362 3522 3571 3569 utatur.

1945 3590 2108 3659 'llaec
2142 3620 2268 3658 vero
2303 3605 2539 3659 diximus
2578 3615 2634 3659 ut
2671 3606 3115 3671 ostenderemus,
3159 3606 3396 3659 avaritiae
3437 3604 3570 3660 affe-

1980 3705 2123 3750 ctum
2158 3713 2264 3750 non
2298 3712 2361 3749 ex
2399 3697 2623 3751 naturali
2666 3705 2815 3750 motu
2848 3697 3057 3751 initium
3115 3697 3333 3762 habere,
3378 3695 3472 3751 sed
3505 3711 3570 3751 ex

1981 3791 2093 3844 sola
2152 3789 2383 3852 malitia,
2439 3798 2493 3842 ct
2520 3804 2586 3842 ex
2615 3796 2869 3856 corrupto
2911 3789 3206 3857 proposito.
3251 3788 3569 3858 llujusmodi

1980 3896 2212 3950 namque
2245 3881 2467 3934 morbus
2514 3895 2634 3934 cum
2686 3880 2919 3948 tepidam
2952 3889 3005 3934 et
3039 3880 3365 3934 incredulam
3419 3880 3570 3934 initio

1983 3990 2231 4028 secessus
2263 3976 2499 4027 animam
2526 3973 2811 4041 repererit,
2842 3975 3017 4043 justas
3050 3972 3331 4042 quasdam,
3358 3986 3421 4026 ac
3447 3987 3569 4041 spe-

1981 4067 2062 4120 cie
2090 4066 2309 4136 quidem
2344 4064 2694 4119 rationabiles
2725 4079 2916 4117 causas
2943 4065 3177 4132 subjicit,
3211 4071 3267 4116 ut
3292 4063 3566 4133 quidpiam

1982 4172 2049 4212 ex
2079 4156 2516 4225 possessionibus
2558 4155 2791 4209 retinere
2822 4155 3084 4220 suadeat;
3137 4156 3384 4209 monachi
3425 4155 3567 4207 cnim

1982 4250 2163 4303 animo
2193 4254 2571 4317 repraesentat,
2606 4246 2817 4316 longam
2869 4255 3199 4300 senectutem
3247 4257 3300 4299 et
3331 4245 3570 4312 corporis

1984 4341 2349 4394 infirmitatem
2385 4357 2397 4391 :
2432 4338 2571 4408 quod
2602 4353 2719 4407 quae
2741 4338 2805 4391 ad
2839 4339 3215 4394 necessitatem
3249 4338 3302 4391 in
3328 4338 3569 4391 cmuobio

1984 4435 2199 4499 dantur,
2228 4432 2359 4486 satis
2386 4432 2451 4486 ad
2483 4432 2909 4486 consolationem
2936 4447 3039 4484 non
3064 4432 3190 4492 sint,
3217 4446 3320 4485 non
3353 4430 3569 4483 infirmo

1984 4528 2177 4590 solum,
2212 4527 2305 4581 sed
2337 4541 2509 4594 neque
2541 4524 2795 4579 incolumi
2831 4543 2841 4576 :
2870 4525 3009 4595 quod
3036 4524 3105 4579 ibi
3136 4541 3240 4578 non
3278 4523 3467 4577 idonea
3490 4523 3569 4576 in.

282 4592 529 4675 ccclestis
570 4627 626 4672 ct
652 4618 889 4688 angelica
923 4592 1009 4672 est
1052 4592 1223 4671 virtus
1266 4616 1554 4681 castitatis,
1589 4592 1735 4670 tanto
1764 4632 1879 4683 gra-
1902 4592 1957 4653 D
1983 4620 2259 4673 firmorum
2289 4592 2598 4672 sollicitudo
2627 4592 2995 4686 geratur,rsed
3031 4615 3172 4685 quod
3205 4616 3428 4669 multum
3472 4630 3568 4669 ne-

282 4712 532 4766 vioribus
554 4712 623 4767 ab
649 4712 865 4766 inimico
899 4712 1107 4765 insidiis
1132 4722 1490 4783 oppugnatur.
1516 4712 1873 4778 Quamobrem

284 4818 483 4857 curare
526 4802 788 4857 debemus
828 4818 934 4856 non
974 4802 1135 4856 modo
1180 4811 1238 4856 ut
1276 4802 1521 4872 corporis
1569 4814 1874 4873 temperan-

287 4895 419 4949 tiam
451 4909 760 4961 servemus,
792 4895 886 4950 scd
934 4894 1093 4949 etiam
1124 4894 1506 4948 contritiouem
1551 4893 1731 4948 cordis
1756 4936 1771 4961 ,
1813 4908 1877 4948 ac

285 4986 605 5055 frequentes
646 5001 767 5040 cum
816 4986 1108 5056 gemitibus
1142 4986 1414 5039 orationes
1443 4985 1760 5050 fundamus;
1803 4986 1875 5041 ita

286 5089 347 5131 ut
408 5085 607 5131 nostrae
673 5078 849 5131 carnis
897 5076 1127 5143 fornax,
1169 5092 1329 5145 quam
1377 5092 1475 5132 rex
1522 5077 1879 5148 Babylonicus

285 5168 523 5222 stimulis
546 5168 1000 5237 concupiscentiae
1028 5168 1268 5238 quotidie
1296 5168 1560 5233 accendit,
1586 5184 1711 5224 rore
1742 5186 1879 5238 prae-

286 5260 485 5315 sentiae
530 5262 697 5315 sancti
746 5261 976 5337 Spiritus
1018 5263 1405 5331 cxstinguatur.
1446 5262 1527 5318 Ad
1560 5263 1675 5318 haec
1705 5265 1881 5318 maxi-

283 5368 438 5405 mum
472 5352 626 5407 nobis
656 5353 818 5407 telum
849 5353 1114 5409 adversus
1143 5355 1409 5424 ejusmodi
1441 5355 1651 5412 hostem
1684 5371 1879 5427 suppe-

283 5445 371 5508 tit,
401 5445 598 5515 vigiliae
637 5446 845 5502 scilicet
882 5447 937 5501 in
974 5447 1083 5502 Deo
1133 5458 1383 5503 servatae.
1410 5448 1877 5516 Quemadmodum

284 5535 436 5589 enim
456 5536 677 5590 castitas
689 5537 947 5591 etdiurna
961 5538 1205 5593 custodia
1222 5548 1543 5594 nocturnam
1569 5551 1879 5609 praeparant

283 5627 657 5692 sanctitatem,
684 5627 758 5681 ita
786 5639 1065 5684 nocturnae
1088 5631 1140 5684 in
1160 5631 1268 5686 Deo
1282 5632 1476 5702 vigiliae
1502 5632 1770 5687 diurnam.
1796 5675 1809 5689 .
1837 5674 1851 5688 .

358 5718 415 5772 3.
444 5717 463 5786 (
488 5717 631 5773 Cass.
664 5717 795 5774 Inst.
831 5720 869 5773 ι.
897 5736 987 5786 vn,
1018 5738 1065 5775 c.
1098 5722 1125 5775 1
1152 5730 1197 5775 et
1219 5722 1391 5793 seqq.)
1434 5723 1676 5779 Tertium
1725 5724 1879 5782 nobis

286 5818 374 5865 est
402 5819 679 5867 certamen
716 5822 903 5869 contra
949 5815 1195 5884 spiritum
1226 5816 1465 5872 avaritiae
1496 5834 1510 5870 :
1556 5826 1875 5873 extraneum

1982 4711 2270 4780 gligantur,
2330 4709 2464 4763 adeo
2507 4718 2563 4762 ut
2593 4709 2637 4761 si
2669 4707 2804 4761 nihil
2842 4707 2957 4761 auri
2981 4706 3117 4761 clam
3159 4713 3438 4775 suppetat,
3465 4706 3567 4759 mi-

1983 4816 2106 4857 sere
2138 4800 2512 4855 intercundum
2541 4799 2631 4854 sit.
2699 4799 2922 4852 Demum
2967 4798 3217 4867 subjicit,
3276 4814 3381 4851 non
3413 4811 3570 4866 posse

1982 4894 2037 4947 in
2079 4892 2409 4946 monasterio
2431 4891 2520 4944 diu
2546 4890 2880 4959 perseverari
2905 4890 2974 4944 ob
3000 4890 3318 4959 gravitatem
3346 4904 3569 4959 operum

1982 4993 2038 5038 et
2068 4984 2137 5036 ob
2165 4984 2332 5052 patris
2362 4981 2727 5036 severitatem.
2776 4984 2854 5036 Ac
2893 4997 3013 5035 cum
3054 4981 3318 5051 ejusmodi
3365 4982 3569 5049 cogita-

1983 5078 2219 5132 tionibus
2249 5077 2485 5130 animum
2510 5075 2839 5141 subornarit,
2892 5084 2949 5130 ut
2976 5074 3061 5129 vel
3094 5074 3373 5129 denariutn
3403 5086 3568 5125 unum

1979 5172 2233 5235 retineat,
2276 5178 2388 5222 tum
2437 5169 2626 5223 suadet
2669 5169 2743 5223 illi
2772 5180 2827 5223 ut
2864 5170 3001 5223 clam
3040 5168 3233 5221 abbate
3258 5174 3426 5220 artem
3453 5164 3569 5219 edi-

1983 5273 2119 5329 scat,
2151 5278 2254 5334 qua
2283 5263 2481 5332 poterit
2516 5262 2754 5317 studiose
2797 5269 3126 5315 asservatam
3162 5272 3359 5327 augere
3406 5271 3568 5327 pecu-

1982 5358 2124 5412 niam
2155 5374 2169 5422 ;
2216 5356 2432 5410 demum
2466 5357 2673 5411 occulta
2702 5370 2796 5423 spe
2823 5356 3079 5408 miserum
3111 5350 3347 5420 decipit,
3398 5348 3566 5417 subji-

1982 5449 2176 5505 ciendo
2202 5451 2406 5504 lucrum
2431 5463 2497 5503 ex
2523 5457 2638 5503 arte
2663 5460 2761 5501 sua
2780 5447 3161 5507 obventurum,
3192 5442 3424 5510 hincque
3449 5440 3562 5495 fore

1982 5542 2243 5611 quietem,
2277 5540 2621 5609 animumque
2648 5537 2792 5593 curis
2817 5550 3064 5589 vacuum.
3095 5537 3167 5588 Ac
3188 5534 3405 5588 demum
3432 5531 3565 5585 lucri

1983 5635 2316 5705 cogitatione
2344 5636 2654 5704 colligatus,
2684 5629 3043 5685 nihiladversi
3067 5626 3373 5681 considerat
3411 5642 3422 5675 :
3456 5637 3562 5677 non

1982 5737 2177 5799 quanta
2208 5726 2383 5782 futura
2417 5729 2487 5782 sit
2525 5728 2633 5789 ira,
2666 5729 2899 5789 quantus
2929 5721 3078 5776 furor
3100 5762 3114 5785 ,
3142 5719 3187 5774 si
3208 5718 3482 5786 contingat
3510 5715 3563 5771 in

1985 5820 2373 5874 detrimentum
2435 5815 2650 5883 aliquod
2700 5814 2979 5879 incidere;
3035 5819 3235 5883 quanta
3282 5808 3559 5869 nitestitia,
