4024 6336
513 319 630 428 is:

1508 349 1570 446 ’s.
1613 307 1943 414 EiJCltERIl
1977 344 2454 446 LUGpUNsNSIS
2493 302 2806 402 episeo‘pr
3114 298 3119 354 ῖ
3313 431 3338 442 Γ
3643 315 3730 399 iit

519 491 752 557 quantus
776 454 952 562 dolor,
987 467 1040 553 si
1061 459 1220 537 lucro
1247 463 1428 550 operis
1455 478 1538 532 sui
1569 476 1809 547 privetur
1842 493 1854 527 :
1886 454 1984 528 sed
2024 476 2100 528 si-
2122 421 2180 529 Ἄ
2203 466 2320 523 nias
2357 479 2631 521 resumere
2671 477 2838 534 quas,
2877 469 3005 516 ante
3038 466 3095 514 ut
3126 445 3401 513 Dominum
3436 439 3728 529 senueretiir,

519 591 613 639 cut
639 579 760 638 aliis
789 579 1136 648 venterDeus
1158 620 1172 644 ,
1205 577 1428 650 perinde
1459 576 1537 632 illi
1564 590 1752 630 aurum
1787 584 1889 628 est.
1951 572 2102 639 Quo-

517 672 665 752 circa
691 687 814 728 cum
849 671 1096 752 idipr‘pbe
1121 680 1305 727 nosset
1333 670 1394 726 B.
1425 669 1623 725 Paulus
1642 709 1658 736 ,
1688 683 1794 722 non
1828 665 1989 722 modo
2010 678 2102 738 ra-

517 764 694 821 dicem
721 765 963 819 omnium
987 764 1273 830 malorum,
1298 763 1392 819 sed
1419 764 1579 818 etiam
1604 759 1959 838 idololatrian;
1982 771 2101 812 eam

515 855 871 925 nuncupavit.
915 855 1320 926 Perpendamus
1345 855 1526 924 itaque
1556 841 1611 907 in
1653 862 1907 923 quantam
1947 847 2103 904 mali-

518 935 647 1001 tiam
672 946 759 1002 hic
779 947 998 1003 morbus
1027 925 1301 1004 hominem
1341 945 1648 1018 pertrahat,
1691 953 1751 999 ut
1774 945 1867 1015 qui
1896 925 2019 1027 eum
2047 941 2103 996 in

516 1027 1187 1120 idololatrian).conjiciat.
1237 1042 1528 1112 Postquam
1557 1040 1701 1096 enim
1729 1052 1926 1094 avarus
1947 1051 2100 1092 men-

519 1141 631 1188 tem
660 1147 815 1190 suam
844 1119 912 1190 ab
932 1121 1118 1191 amore
1147 1136 1240 1190 Dei
1265 1135 1482 1199 avulsit,
1531 1135 1792 1204 imagines
1822 1132 2100 1200 hominum

519 1239 654 1280 auro
695 1217 991 1310 insculptas
1017 1227 1199 1304 diligit
1231 1247 1242 1281 :
1276 1227 1649 1308 ejusmodiq‘ue
1687 1224 2102 1298 cogitationibus

519 1314 908 1400 obtenebratus
932 1320 1270 1400 monachus,
1295 1319 1422 1400 dum
1445 1319 1512 1373 ad
1543 1317 1728 1400 pejora
1756 1328 2100 1400 augmentum

513 1395 735 1484 accipit,
759 1391 968 1465 nullam
999 1389 1255 1494 deinceps
1280 1393 1658 1476 humilitatem,
1678 1389 1887 1492 nullam
1902 1391 2101 1492 habere

513 1511 700 1590 'pOtelst
737 1503 1152 1594 obedieptiam;
1183 1503 1290 1578 sed.
1326 1503 1604 1588 irascitur,
1639 1501 1978 1571 indignatur,
2009 1497 2100 1582 ‘ald

518 1594 801 1678 quodlibet
838 1591 972 1676 opus
1010 1605 1345 1678 murmurat,
1389 1603 1681 1666 repugnat,
1708 1593 1858 1670 nulla,
1883 1591 2100 1676 demum

517 1699 735 1770 servata
762 1673 1107 1778 verecundia,
1139 1673 1798 1772 ‘quasiHeﬁ'renatissimus
1823 1673 1994 1764 equus
2034 1684 2100 1766 in

516 1781 814 1852 praecipitia
844 1777 1046 1850 fertur,
1074 1797 1175 1839 nec
1199 1783 1392 1862 diurno
1420 1783 1562 1838 victu
1589 1787 1908 1844 contentus,
1947 1777 2101 1840 deni-

519 1886 624 1946 que
645 1873 961 1929 testiﬁcatur
987 1861 1046 1931 se
1076 1891 1184 1931 non
1214 1889 1374 1947 posse
1400 1863 1544 1929 ultra
1570 1873 1841 1938 sustinere
1873 1889 1886 1924 :
1917 1871 2102 1940 aitque

519 1977 630 2019 non
656 1963 766 2050 illic
793 1955 998 2022 tantum
1020 1981 1144 2024 esse
1163 1951 1355 2034 Deum,
1382 1981 1485 2023 nec
1512 1966 1743 2021 salutem
1768 1979 1919 2020 suam
1951 1977 2017 2018 eo
2045 1964 2099 2019 in

517 2055 643 2113 loco
669 2058 930 2116 inclusam
958 2075 1110 2128 esse;
1135 2061 1232 2117 sed
1252 2059 1452 2132 ubique
1481 2059 1651 2114 Deum
1675 2073 1706 2112 a
1734 2056 2101 2128 quieremibus

519 2166 580 2208 se
599 2153 827 2210 inveniri
856 2171 871 2207 :
911 2154 1210 2225 periturum
1251 2168 1313 2211 se
1343 2152 1451 2210 nisi
1481 2167 1549 2209 eo
1582 2148 1912 2206 monasterio
1941 2163 2102 2204 exce-

520 2233 641 2313 dat;
677 2244 736 2302 et
763 2231 841 2301 sic
866 2261 988 2302 cum
1021 2247 1104 2326 ad
1139 2253 1411 2326 corrupta:
1448 2243 1646 2314 mentis
1687 2257 1800 2320 suae
1840 2240 2101 2326 auxilium

521 2345 770 2408 suppetat
799 2337 1077 2395 recondita
1099 2315 1349 2414 pecunia,
1362 2335 1518 2407 quasi
1542 2317 1867 2408 quibusdam
1889 2315 2100 2388 levatus

521 2415 623 2486 alis
641 2471 658 2498 ,
689 2431 1063 2502 meditansque
1100 2419 1256 2486 Suum
1285 2407 1352 2486 ei
1380 2407 1709 2485 monasterio
1731 2427 1937 2483 exitum
1962 2469 1977 2495 ,
2010 2439 2102 2480 su-

523 2509 693 2591 perbe
717 2522 970 2594 deinceps
997 2531 1157 2594 atque
1177 2537 1366 2592 aspere
1388 2521 1458 2577 ad
1483 2520 1666 2578 omnia
1687 2520 1839 2590 jussa
1868 2532 2098 2587 respon-

521 2614 636 2687 det,
662 2630 824 2686 seque
850 2605 996 2671 velut
1024 2617 1364 2686 peregrinum
1402 2621 1562 2685 atque
1591 2595 1912 2669 extraneum
1941 2623 2104 2678 repu-

522 2693 643 2782 tans
664 2749 679 2774 ,
704 2708 750 2780 si
772 2687 900 2776 quid
920 2708 975 2762 in
998 2707 1334 2786 monasterio
1363 2691 1738 2772 emendatione
1763 2687 1982 2772 dignum
2022 2701 2103 2756 vi-

520 2798 682 2872 derit,
707 2787 838 2854 nihil
868 2785 1040 2866 curat,
1071 2800 1235 2854 immo
1267 2785 1516 2869 despicit.
1549 2796 1754 2852 Dehinc
1785 2795 1978 2866 quaerit
2006 2807 2098 2872 oc-

520 2878 766 2946 casiones
791 2877 1079 2946 iracundiae
1101 2880 1192 2946 aui
1220 2889 1479 2964 querelae,
1510 2896 1660 2960 utne
1687 2887 1935 2956 videatur
1965 2869 2105 2968 levi,-

523 2992 604 3039 ter
632 2993 687 3039 et
723 2973 923 3055 absque
953 2999 1113 3039 causa
1140 2982 1321 3058 egredi
1352 2998 1423 3038 ex
1461 2971 1731 3038 coenobio.
1783 2979 1895 3035 Nec
1922 2993 1988 3035 eo
2010 2977 2103 3058 ille

519 3077 680 3134 modo
706 3093 765 3133 se
794 3053 984 3152 gerere
1013 3053 1252 3142 dubitat,
1290 3053 1355 3131 aut
1387 3075 1571 3131 delicti
1598 3074 1680 3130 sui
1713 3053 2100 3143 opitulatorem

521 3169 787 3244 inveniat.
815 3163 897 3223 Ita
923 3153 1365 3244 porro‘seductus
1396 3182 1592 3223 avarus
1615 3180 1832 3222 suarum
1863 3166 1985 3236 igne
2007 3179 2100 3235 pe-
2137 3189 2150 3244 λ

521 3237 1134 3340 ειιηίδτυώ,ἠυωήυθίἧ
1164 3251 1217 3315 in
1246 3259 1575 3345 monasterio
1597 3267 1776 3329 potest
1795 3258 2097 3344 quiescere,
2127 3229 2174 3302 θ

521 3365 611 3411 aut
631 3355 732 3412 sub
758 3341 939 3426 regula
967 3337 1167 3428 vivere.
1187 3421 1204 3425 ﬂ
1224 3345 1356 3409 Cum
1393 3335 1569 3428 autem
1598 3341 1751 3407 illum
1778 3335 1990 3407 daemon
2027 3335 2100 3408 ex

520 3445 648 3501 ovili
675 3421 1009 3519 quasi'lupus
1032 3421 1357 3514 abrlipnerit,
1398 3424 1559 3513 atque
1587 3458 1655 3498 ex
1697 3442 1821 3497 ovili
1853 3456 2100 3512 segrega-

522 3545 656 3604 tum,
686 3552 717 3592 a
743 3553 801 3593 se
819 3529 1180 3592 devorandum
1206 3537 1495 3622 acceperit,
1525 3543 1637 3590 tum
1664 3543 1818 3590 curat
1848 3545 1904 3589 ut
1933 3547 2102 3604 opera

521 3647 643 3712 qua:
671 3633 823 3688 statis
849 3625 996 3687 horis
1025 3617 1079 3706 in
1109 3617 1356 3687 eoenobio
1382 3629 1688 3702 negligebat
1713 3628 1933 3683 omnino
1952 3668 1968 3694 ,
2003 3642 2099 3683 ea-

523 3726 645 3782 dem
677 3735 834 3781 nocte
857 3734 912 3780 et
940 3725 1029 3780 die
1058 3740 1252 3796 magna
1279 3740 1402 3780 cum
1437 3725 1713 3781 alacritate
1735 3725 1792 3780 in
1822 3725 1961 3781 cella
2002 3739 2100 3780 sua

521 3819 799 3891 perﬁciat;
846 3834 1020 3889 neque
1044 3818 1174 3874 sinit
1207 3833 1329 3873 eum
1361 3833 1580 3890 precum
1627 3817 2096 3887 consuetudinem,

520 3913 844 3984 jejuniorum
873 3926 1103 3979 morem,
1149 3912 1448 3983 vigiliarum
1491 3927 1735 3968 normam
1777 3913 2098 3978 observare;

523 4005 618 4063 sed
644 4007 714 4061 illi
738 4005 973 4060 avaritia:
987 4005 1170 4060 furore
1191 4007 1464 4077 colligato,
1497 4006 1687 4062 suadet
1705 4005 1773 4060 ad
1789 4021 1922 4075 opus
1940 4020 2096 4060 suum

524 4114 684 4154 omne
706 4099 963 4167 studium,
1005 4115 1220 4155 omnem
1248 4100 1484 4156 laborem
1508 4099 1836 4168 impendere.
1867 4097 2101 4167 llujusce

524 4206 654 4246 vero
691 4190 864 4246 morbi
910 4201 1018 4247 tres
1039 4201 1164 4246 sunt
1192 4191 1334 4246 modi
1369 4207 1400 4244 a
1435 4190 1631 4245 divinis
1661 4189 1954 4258 Scripturis
1985 4199 2038 4243 et
2069 4204 2100 4244 a

524 4283 740 4338 Patrum
771 4284 1012 4338 doctrina
1033 4299 1186 4354 teque
1207 4283 1485 4354 prohibiti.
1516 4282 1746 4350 Primus,
1777 4281 1847 4338 de
1872 4297 1980 4353 quo
2005 4296 2100 4337 su-

525 4379 709 4444 perius
737 4374 1072 4444 scripsimus,
1103 4375 1192 4445 qui
1221 4380 1374 4429 curat
1403 4382 1460 4428 ut
1480 4373 1686 4440 miseri,
1717 4387 1781 4427 ea
1810 4387 1929 4443 quae
1951 4386 2020 4426 ne
2046 4371 2103 4426 in

528 4468 729 4522 mundo
771 4466 989 4538 quidem
1033 4467 1298 4532 habuere,
1334 4465 1617 4536 acquirant
1656 4473 1711 4519 et
1737 4464 2098 4519 accumulent.

525 4562 680 4619 Alter
724 4563 776 4616 id
805 4563 914 4633 agit
962 4571 1021 4617 ut
1054 4577 1148 4617 eos
1166 4561 1256 4632 qui
1286 4561 1526 4631 pecuniis
1562 4560 1939 4616 renuntiarunt
1975 4557 2103 4614 facti

2205 559 2495 630 abiecerat,
2521 573 2627 612 non
2644 556 2815 610 solum
2833 569 2955 608 cum
2979 551 3044 606 ad
3057 547 3267 605 Domini
3292 548 3619 618 proditionem
3642 553 3731 608 ani.

2205 651 2774 738 mum’appulis‘set,_ex
2803 647 2971 728 choro
3000 641 3373 734 A‘postolorutn
3404 653 3629 722 extrusus
3648 651 3730 710 est,

2205 745 2298 801 sed
2329 732 2501 813 ipsam
2530 732 2988 813 carnalem‘vitam
3018 732 3254 802 violenta
3278 740 3443 813 morte
3469 732 3733 790 terminavit

2205 809 2423 910 (Matth.
2455 850 2622 912 xxvii,
2646 832 2727 910 5).
2760 809 2998 886 Ananias
3021 823 3074 914 et
3097 811 3375 912 Seppltira,
3396 809 3510 878 cum
3530 813 3732 894 quadam

2202 950 2271 1008 ex
2297 935 2360 990 iis
2386 913 2508 1006 qua:
2543 909 2773 985 Domino
2801 909 3194 1008 consecrarantl
3228 928 3604 1006 reservassent,
3628 933 3733 988 apo-

2146 1019 2150 1022 ’
2203 999 2519 1100 stolicoore
2546 1023 2736 1079 mortis
2784 999 3000 1091 poenam
3052 999 3209 1070 luunt
3251 1011 3393 1082 (Act.
3423 1011 3506 1083 v).
3551 999 3735 1100 Magnus

2203 1093 2382 1173 autem
2433 1115 2524 1171 ille
2564 1113 2775 1184 Moyses
2813 1110 2868 1164 in
2912 1103 3331 1163 Deuteronomio
3369 1099 3628 1183 mysticum
3665 1093 3736 1158 dat

2205 1189 2534 1279 praeceptum
2561 1204 2626 1259 iis
2648 1203 2739 1274 qui
2774 1199 2976 1256 mundo
3000 1193 3358 1253 renuntiaturi
3389 1201 3538 1259 sunt,
3567 1185 3736 1280 etquo:

2207 1277 2333 1355 dam
2362 1295 2689 1365 difﬁdentiae
2728 1300 2873 1348 metu
2905 1277 3135 1371 terrenis
3169 1284 3344 1341 adhuc
3377 1283 3654 1337 inhaerent:

2207 1371 2319 1480 quis
2339 1364 2490 1444 homo
2511 1387 2721 1442 timidus
2748 1385 2816 1439 sit
2844 1393 2890 1438 et
2912 1364 3065 1468 eo'rde
3099 1375 3345 1451 pavidus,
3367 1377 3529 1466 isnon
3557 1364 3738 1447 ρνοάίιῖι

2204 1461 2272 1539 (id
2302 1479 2518 1538 bellum:
2550 1481 2696 1534 abeat
2717 1477 2924 1532 domum
2948 1463 3114 1550 ibique
3136 1469 3361 1525 molliter
3386 1461 3620 1538 degat,ue
3635 1469 3738 1550 forte

2205 1593 2443 1649 pauorem
2473 1574 2690 1630 incutiat
2734 1570 2971 1627 cordibus
3003 1571 3225 1640 fratrum
3250 1578 3456 1617 suorum
3479 1561 3645 1630 (Deut.
3664 1549 3735 1632 si,

2204 1645 2304 1752 ἢ..
2337 1671 2502 1726 Estne
2541 1665 2817 1744 quidpiam
2863 1663 2970 1718 hoc
3011 1651 3320 1716 testimonio
3358 1653 3584 1711 securius
3611 1645 3738 1724 atque

2205 1739 2508 1835 liquidius?
2558 1739 2752 1817 Nonne
2793 1757 2860 1812 iis
2903 1751 3084 1810 verbis
3128 1747 3417 1832 ediscimus
3453 1746 3536 1816 qui
3573 1739 3739 1801 mundo

2130 1831 2181 1918 ii
2206 1829 2600 1932 renuntiamus,
2631 1847 2790 1932 nobis
2818 1850 3058 1932 perfecte
3088 1829 3499 1901 renuntiandum
3521 1851 3660 1911 atque
3681 1843 3735 1895 ita

2204 1950 2273 2006 ad
2301 1927 2509 2016 bellum
2545 1924 2945 2016 procedendum
2978 1953 3129 2004 esse,
3170 1950 3239 1991 ne
3274 1933 3412 1988 forte
3447 1948 3512 1988 ex
3540 1927 3667 1987 molli
3699 1941 3740 1988 et

2203 2023 2459 2110 corrupto
2476 2036 2640 2106 initio
2662 2033 2797 2091 alios
2822 2025 2892 2088 ab
2917 2025 3230 2106 evangelica
3265 2021 3584 2096 perfectione
3619 2037 3740 2078 aver-

2206 2107 2420 2190 tamus?
2447 2113 2889 2199 Quandoquidem
2909 2136 3038 2179 vero
3062 2113 3193 2174 illud
3229 2116 3397 2187 probe
3427 2114 3478 2169 in
3510 2107 3742 2199 Scriptura

2202 2227 2406 2285 dictum
2433 2268 2450 2298 ,
2474 2197 2784 2281 VBeatiusvest
2815 2217 2938 2290 dare
2961 2203 3372 2298 quantacc‘ipere
3396 2209 3527 2278 (Act.
3543 2223 3624 2298 ax,
3644 2197 3739 2298 5'5),

2203 2305 2344 2376 male
2364 2289 2580 2390 quidam
2607 2299 3056 2384 interpretantur,
3089 2291 3310 2390 vimque
3336 2302 3525 2357 litterae
3550 2289 3741 2368 iaciunt,

2203 2421 2365 2484 atque
2381 2380 2467 2466 'ad
2497 2380 2769 2481 propriam
2803 2393 3050 2459 fraudem
3089 2397 3145 2455 et
3177 2380 3506 2484 a‘d‘pecunia:
3533 2389 3744 2484 concupi-

2208 2471 2471 2562 scentiam
2497 2471 2632 2558 dicti
2665 2497 2988 2556 sententiam
3031 2481 3392 2563 detorquent,
3442 2503 3632 2543 necnon
3657 2471 3742 2541 bi)-

2203 2598 2336 2654 mini
2357 2581 2680 2660 doctrinam,
2710 2607 2829 2662 quae
2860 2589 2948 2668 sic,
2973 2577 3177 2668 habet:
3205 2573 3267 2639 Si
3297 2583 3368 2636 vis
3388 2581 3620 2654 perfectus
3641 2583 3742 2644 esse,

2204 2691 2361 2747 vende
2388 2689 2561 2742 omnia
2594 2700 2709 2758 qua
2745 2681 2897 2737 habes
2935 2663 2983 2735 Et
3010 2673 3078 2733 da
3113 2663 3427 2749 ~pauperibus
3449 2715 3470 2758 ,ι
3502 2681 3544 2727 et
3571 2669 3744 2725 habebit

2204 2789 2499 2842 thesaurum
2519 2784 2573 2838 in
2608 2767 2763 2849 caelo,
2810 2757 2859 2852 et
2885 2777 3021 2852 veni,
3072 2761 3282 2845 sequere
3314 2788 3393 2826 me
3418 2765 3625 2843 (Matth.
3655 2765 3742 2832 xii,

2203 2881 2331 2953 2t);
2354 2887 2409 2936 et
2429 2865 2673 2953 judicant
2702 2849 3012 2953 divitiarum
3041 2864 3354 2924 facultatem
3384 2870 3672 2948 paupertate
3693 2860 3745 2915 le-

2204 2945 2450 3046 liciorem.
2474 2945 2618 3037 esse,
2637 2950 2808 3048 seque
2837 2981 2904 3020 ex
2939 2949 3251 3032 huiusmodi
3281 2945 3596 3014 abundantia
3617 2959 3743 3024 posse

2205 3043 2570 3148 indigentibus
2613 3043 2837 3146 largiri;
2878 3045 3051 3116 sciant
3089 3043 3402 3126 hujnsmodi
3445 3050 3666 3138 homines
3699 3062 3745 3104 se

2205 3133 2447 3219 nondum
2479 3135 2677 3213 m‘ttndo
2698 3133 3061 3226 renuntiasse,
3090 3162 3270 3216 neque
3296 3133 3564 3199 ambulare
3590 3141 3636 3197 in
3657 3139 3746 3194 nio-

2204 3233 2409 3311 nastica
2438 3232 2791 3322 perfectione,
2815 3221 3074 3324 quamdiu
3101 3227 3437 3296 erubescunt
3459 3252 3547 3306 pro
3569 3233 3747 3324 Christo

2204 3327 2493 3428 gloriosam
2512 3358 2648 3416 cum
2687 3317 2947 3430 apostolo
2966 3317 3253 3428 .a'ssun'tere
3292 3317 3745 3428 paupertatem,.a't.

2204 3415 2311 3511 que
2348 3423 2417 3492 ex
2462 3426 2633 3505 opere
2677 3415 2933 3518 manuum
2960 3415 3064 3481 sibi
3103 3415 3427 3510 ’eg‘enisque
3483 3418 3746 3475 subvenire.

2202 3530 2358 3604 Quod
2385 3529 2431 3585 si
2452 3514 2765 3584 desiderent
2789 3514 3138 3578 monaSticam
3169 3531 3338 3602 opere
3369 3514 3626 3584 complere
3651 3525 3748 3580 pro-

2205 3601 2542 3694 missionem,
2570 3629 2626 3676 et
2651 3633 2774 3674 cum
2801 3603 3060 3686 Apostolo
3089 3601 3318 3682 gloriam
3363 3608 3616 3694 accipere,
3657 3603 3746 3656 dis-

2205 3717 2424 3773 tributis
2460 3691 2736 3788 veteribus
2774 3707 2975 3764 divitiis
3017 3703 3070 3760 in
3107 3691 3284 3767 fame,
3324 3702 3413 3756 siti
3448 3711 3499 3755 et
3529 3691 3746 3759 nuditate,

2203 3825 2324 3865 cum
2357 3806 2521 3863 Paulo
2546 3783 2823 3860 decertent
2851 3791 3051 3854 bonum
3079 3807 3355 3850 certamen
3381 3790 3449 3862 (ll
3467 3783 3746 3865 Tizn.tv',7).

2202 3901 2338 3959 Nam
2361 3901 2407 3956 si
2434 3875 2501 3954 ad
2529 3893 2938 3969 perfectionem,
2963 3883 3326 3944 necessariam
3351 3891 3638 3954 reputasset
3661 3859 3751 3946 ipsi:

2209 3971 2500 4066 Apostolus
2538 3999 2781 4044 veterum
2823 3977 3130 4039 divitiarum
3169 3977 3565 4049 possessionem
3588 4012 3601 4039 ,
3636 3969 3750 4039 prio-

2202 4109 2320 4149 rem
2344 4105 2498 4146 suam
2529 4073 2840 4162 dignitatem
2869 4081 3088 4150 minime
3102 4075 3442 4146 deSpexisset
3475 4089 3486 4124 :
3511 4085 3565 4124 se
3587 4064 3749 4135 quippe

2201 4185 2467 4240 illustrem
2485 4180 2719 4235 etcivctn
2735 4160 2904 4230 (fuisse
2927 4174 3226 4228 Romanum
3244 4175 3473 4222 testatur
3499 4160 3622 4233 (Act.
3643 4171 3748 4244 xm,

2203 4277 2319 4349 25).
2362 4274 2464 4343 Qui
2511 4255 2693 4328 autem
2738 4249 3093 4342 Je‘rosolymze
3144 4261 3340 4316 domos
3391 4253 3671 4349 vendebant
3709 4249 3751 4302 et

2205 4345 2404 4442 praedia
2425 4382 2546 4433 sua,
2597 4372 2652 4420 et
2691 4361 2760 4417 ad
2812 4359 2980 4431 pedes
3032 4355 3404 4426 apostolorum
3452 4345 3750 4442 deponebant

2210 4431 2347 4537 (Act.
2371 4479 2455 4532 tv,
2486 4431 2610 4532 53),
2639 4473 2975 4530 nequaquam
3005 4453 3138 4510 illud
3169 4454 3432 4526 egissent,
3475 4450 3521 4504 si
3549 4431 3749 4537 nossent,

2206 4533 2474 4631 aestimare
2521 4554 2800 4624 apostolos
2855 4549 3065 4606 felicius
3102 4562 3236 4624 esse
3281 4542 3522 4615 pecuniis
3572 4538 3677 4616 suis,
3699 4533 3752 4618 ali

531 4655 789 4725 poeniteat
809 4623 1318 4724 {suadetque-illis
1347 4661 1403 4706 ut
1437 4651 1717 4720 requirant
1750 4663 1812 4704 ea
1842 4662 1964 4718 quae
1991 4649 2103 4706 Deo
2128 4623 2180 4683 D
2205 4666 2364 4722 quam
2403 4623 2592 4704 labore
2632 4644 2852 4717 proprio
2881 4651 2936 4699 et
2976 4655 3231 4696 manuum
3279 4651 3468 4707 Opere.
3517 4627 3754 4699 Liquidius

528 4744 794 4801 obtulere.
836 4744 1046 4816 Tertius
1071 4744 1116 4799 is
1147 4752 1228 4800 est
1247 4745 1336 4811 qui
1357 4757 1478 4797 cum
1501 4741 1657 4797 initio
1679 4742 1999 4818 monachum
2029 4742 2106 4797 in-

529 4837 864 4895 credulitatis
907 4836 1183 4906 tepiditate
1217 4835 1470 4906 illigarit,
1519 4850 1624 4890 non
1662 4834 1793 4889 sinit
1825 4850 1948 4890 eum
1976 4849 2106 4903 per-

527 4928 668 4986 fecte
695 4929 979 4984 mundanis
1005 4929 1380 4990 abrenuntiare
1405 4928 1590 4996 rebus,
1614 4927 2108 5006 animojsubjiciens

527 5033 729 5079 metum
753 5019 1084 5091 paupertatis
1124 5028 1284 5089 atque
1316 5018 1666 5078 difﬁdentiam
1696 5018 1792 5073 Dei
1818 5017 2109 5086 providen-

529 5114 652 5180 tiae;
677 5113 932 5182 illumque
959 5113 1345 5182 promissorum
1375 5111 1692 5166 violatorem
1722 5110 1939 5165 exhibet
1957 5123 2103 5178 esse,

528 5223 716 5265 eorum
741 5207 950 5263 scilicet
994 5221 1114 5277 qua:
1140 5205 1411 5275 professus
1446 5215 1528 5260 est
1556 5204 1684 5260 dum
1724 5203 1926 5258 mundo
1946 5202 2105 5258 abre-

529 5305 820 5360 nuntiaret.
871 5303 1074 5358 Horum
1097 5315 1261 5369 porro
1289 5299 1447 5354 trium
1471 5298 1754 5354 modorum
1783 5297 2028 5365 exempla
2049 5295 2107 5352 in

529 5395 710 5452 divina
747 5379 1021 5464 Scriptura
1063 5391 1372 5448 abscondita
1408 5391 1730 5459 reperimus.
1791 5387 1926 5443 Nam
1957 5387 2104 5443 Giezi

531 5488 676 5559 quod
693 5488 957 5559 pecunias
971 5501 1102 5559 quas
1126 5493 1249 5541 ante
1269 5499 1376 5540 non
1399 5485 1659 5539 habuerat
1685 5482 2106 5552 concupivisset,

532 5581 770 5652 privatus
795 5590 879 5637 est
906 5578 1199 5650 prophetia
1225 5579 1394 5648 gratia
1413 5618 1428 5644 ,
1458 5591 1617 5647 quam
1645 5575 1864 5629 volebat
1892 5575 1971 5630 illi
1997 5591 2109 5629 ma-

524 5672 697 5748 gister
716 5675 832 5745 ejus
864 5673 1193 5730 haereditatis
1228 5673 1348 5728 loco
1370 5672 1711 5740 relinquere;
1744 5676 1797 5722 et
1823 5683 1919 5737 pro
1945 5667 2108 5723 bene-

533 5764 788 5834 dictione,
820 5781 914 5836 per
941 5765 1217 5835 prophetae
1246 5763 1592 5820 maledictum
1628 5769 1882 5816 aeternam
1919 5774 2104 5829 posse-

539 5851 844 5928 ditlepram
870 5858 962 5926 (IV
996 5858 1119 5927 Reg.
1142 5855 1218 5926 v).
1256 5853 1421 5910 ludas
1463 5868 1590 5910 vero
1617 5868 1737 5908 cum
1764 5853 1920 5909 vellet
1938 5866 2100 5921 pecu-

2206 4753 2386 4800 autem
2407 4757 2525 4798 eam
2555 4729 2670 4795 rem
2699 4739 2859 4794 docet
2885 4734 3176 4813 Apostolus
3205 4731 3256 4812 in
3299 4726 3490 4810 suaad
3519 4723 3754 4794 Romanos

2208 4833 2446 4904 Epistola
2477 4850 2491 4886 :
2524 4830 2679 4886 Nunc
2697 4839 2867 4884 autem
2902 4810 3200 4897 proficiscar
3237 4810 3293 4876 in
3339 4816 3647 4906 Jerusalem,
3675 4810 3754 4886 mig

2209 4927 2428 4982 nistrare
2494 4923 2704 4998 sanctis.
2775 4919 3148 4997 Probaveruut
3188 4915 3324 4969 enim
3389 4899 3755 4980 Macedonian

2210 5021 2403 5075 Achaia
2425 5060 2440 5085 ,
2465 5017 2787 5090 collationem
2812 5015 3039 5091 aliquam
3077 5014 3244 5091 facere
3292 5008 3349 5060 in
3387 5017 3624 5091 pauperes
3660 5011 3756 5091 san-

2212 5122 2432 5176 ctorum,
2483 5109 2571 5179 qui
2611 5113 2728 5160 sunt
2865 5085 3152 5178 Jerusalem
3189 5085 3375 5170 (Rom.
3397 5086 3755 5180 xv,‘25).rlpse

2211 5211 2389 5258 autem
2410 5199 2619 5255 vinetus
2642 5179 2960 5266 plerumque
2977 5202 3034 5270 et
3053 5192 3106 5244 in
3128 5187 3457 5250 carceribus,
3481 5179 3756 5246 itinerisque

2213 5291 2566 5351 incommodis
2591 5289 2856 5346 subditus.
2889 5296 3049 5355 atque
3075 5298 3140 5338 eo
3171 5279 3491 5349 impeditus,
3515 5289 3584 5356 ne.
3601 5271 3665 5326 uti
3683 5282 3755 5323 so-

2213 5381 2387 5453 lebat,
2416 5383 2650 5454 propriis
2674 5378 2934 5456 .manibus
2969 5374 3271 5432 necessaria
3305 5371 3412 5427 sibi
3456 5371 3756 5456 pararet,.ea

2213 5494 2272 5536 se
2297 5450 2570 5548 accepisse
2589 5453 2747 5531 docet
2773 5471 2840 5526 ab
2867 5471 2934 5524 iis
2957 5468 3049 5538 qui
3080 5482 3110 5522 e
3150 5461 3460 5544 Macedonia
3499 5450 3643 5534 erant
3673 5450 3757 5548 ira-

2213 5572 2404 5647 tribus,
2429 5567 2626 5642 quique
2647 5582 2706 5624 se
2724 5568 3113 5626 convenerant,
3132 5559 3280 5614 aiens
3317 5573 3331 5609 :
3364 5540 3500 5632 Nam
3513 5547 3640 5621 quod
3655 5540 3757 5647 mihi

2212 5637 2771 5740 deerat-suppleverunt
2793 5661 2977 5738 matres
3014 5655 3098 5724 qui
3137 5657 3384 5734 aen-erunt
3425 5665 3458 5700 a
3489 5637 3757 5738 Macedonia

2211 5735 2278 5828 (il
2309 5754 2427 5812 Cor.
2460 5770 2534 5820 xx,
2565 5753 2643 5823 9).
2684 5752 2753 5807 Et
2791 5735 2858 5804 ad
2905 5747 3282 5825 Philippenses
3315 5757 3330 5793 ι
3367 5736 3519 5806 Quod
3558 5735 3607 5788 in
3638 5735 3756 5828 prin-

2209 5851 2342 5919 cipio
2391 5846 2658 5916 Evangelii
2711 5861 2826 5900 cum
2863 5842 3010 5898 nulla
3057 5836 3288 5893 Ecclesia
3326 5822 3680 5887 communicavi
3713 5818 3756 5871 in
