4024 6336
324 234 440 321 885

1314 212 1659 312 Epiroiies
1696 230 1983 309 operum
2019 218 2337 311 tissimi
2373 218 2506 313 LlB.
2536 242 2600 312 ιι.

3495 230 3601 321 ssc

324 372 528 429 ratione
554 370 664 425 dati
690 377 780 441 aut
819 369 1034 441 accepti,
1074 369 1175 423 nisi
1203 367 1459 422 vobiscum
1505 366 1627 423 solis
1660 384 1678 422 :
1706 368 1828 439 quia
1863 373 1912 419 et
1938 368 1994 429 Α
2017 383 2161 435 mur,
2185 369 2443 441 scriptum
2472 368 2671 440 quippe
2698 376 2819 427 est:
2845 369 2926 427 Ira
2965 371 3126 428 etiam
3161 374 3452 444 prudentes
3487 377 3605 437 dis-i

325 465 707 521 Thessalonica:
744 465 899 521 semel
950 473 997 517 et
1026 464 1100 517 bis
1127 465 1179 517 in
1210 478 1360 517 usum
1388 463 1513 515 mihi
1543 462 1710 531 fuistis
1754 460 1913 531 (Phi-

326 557 711 629 fipp.1v,15).
763 556 880 611 Sim
944 554 1122 625 itaque
1160 554 1337 620 avari,
1396 554 1549 631 juxta
1600 569 1752 607 suam
1791 568 1914 607 sen-

329 653 587 719 tentiam,
626 650 883 720 Apostolo
930 648 1234 716 beatiores;
1280 645 1714 719 quandoquidem
1780 645 1915 717 ipsis

326 760 394 802 ex
425 745 639 815 pr0pria
665 742 985 819 substantia,
1012 758 1130 813 qua:
1156 742 1256 797 sibi
1291 742 1589 796 necessaria
1614 749 1757 806 sunt,
1782 756 1913 810 sup-

325 838 660 910 peditantur.
725 818 829 894 Sed
874 852 1033 892 nemo
1072 836 1174 891 nisi
1214 836 1269 890 in
1310 818 1608 892 extremam
1650 833 1915 889 deciderit

326 930 643 997 amentiam,
677 930 729 984 id
752 916 995 1000 proferre
1023 945 1185 986 ausus
1214 914 1399 984 fuerit.
1451 928 1508 983 Si
1538 929 1787 983 volumus
1814 929 1913 984 ita-

325 1036 434 1092 que
482 1020 850 1091 evangelicum
892 1031 944 1075 et
968 1021 1321 1090 apostolicum
1360 1020 1510 1090 sequi
1555 1030 1907 1095 praeceptum,

326 1124 492 1182 atque
522 1115 827 1169 universam
859 1130 1021 1182 supra
1048 1114 1321 1182 apostolos
1360 1114 1427 1167 ab
1462 1102 1614 1167 initio
1640 1114 1911 1168 fundatam

324 1203 656 1272 Ecclesiam,
711 1220 778 1260 ne
816 1204 1158 1274 Opiniouihus
1202 1206 1403 1259 nostris
1447 1202 1908 1276 obtemperemus,

324 1312 431 1353 nec
459 1314 521 1353 ea
544 1314 661 1371 quae
684 1298 851 1369 probe
872 1298 1013 1352 dicta
1043 1308 1167 1352 sunt
1209 1313 1494 1370 perperam
1524 1297 1909 1367 intelligamus,

324 1404 392 1444 ac
420 1392 697 1461 repudiato
718 1390 895 1461 tepido
914 1390 1004 1445 illo
1026 1400 1185 1459 atque
1210 1390 1491 1445 incredulo
1508 1392 1907 1459 animiafl‘ectu,

323 1492 639 1537 accuratum
668 1483 937 1553 Evangelii
960 1483 1193 1537 studium
1216 1499 1590 1551 assequamur.
1621 1485 1695 1539 Ea
1712 1486 1911 1559 quippe

324 1575 538 1629 ratione
565 1574 859 1629 valebimus
885 1586 1193 1629 sanctorum
1220 1572 1440 1629 Patrhm
1463 1576 1715 1647 subsequi
1748 1575 1912 1632 vesti-

321 1666 431 1736 gia,
448 1676 607 1737 atque
622 1684 650 1721 a
674 1660 907 1723 ctenobii
924 1668 1147 1721 scientia
1164 1678 1218 1721 et
1236 1668 1479 1722 instituto
1501 1683 1790 1736 numquam
1814 1666 1911 1724 ab-

2020 465 2231 534 perdit;
2290 480 2464 535 neque
2500 464 2725 535 justitim
2765 465 3129 536 gubernacula
3166 466 3405 536 vigilanti
3438 469 3605 526 Corde

2017 557 2253 611 retinere
2282 557 2523 612 valemus
2544 572 2664 611 cum
2687 558 2942 627 scriptum
2975 560 3043 613 sit
3072 577 3085 612 :
3112 556 3205 613 Ira
3232 561 3325 613 viri
3347 562 3604 630 justitiam

2016 646 2115 702 Dei
2144 664 2244 701 non
2273 658 2513 722 operatur
2544 648 2748 722 (Iacob.
2782 665 2821 717 ι,
2852 649 2980 721 20);
3032 638 3208 719 neque
3247 652 3484 706 omnium
3508 669 3605 709 ore

2018 740 2343 795 celebratam
2370 741 2686 797 modestiam
2714 742 3124 815 decentiamque
3150 730 3393 799 obtinere
3421 761 3604 815 possu-

2017 846 2177 885 mus:
2227 831 2658 903 quandoquidem
2711 836 2971 904 scriptum
2999 842 3126 890 est:
3174 822 3270 889 Vir
3324 837 3605 891 iracundus

2016 925 2277 979 modestus
2309 943 2409 979 non
2438 936 2512 979 est
2543 925 2729 996 (Prov.
2764 943 2841 997 xi,
2873 924 2985 999 25).
3040 926 3141 993 Qui
3192 916 3426 983 voluerit
3474 944 3600 999 ergo

2016 1015 2085 1071 ad
2138 1016 2521 1085 perfectionem
2568 1016 2863 1088 attingere,
2918 1020 3008 1090 qui
3058 1031 3280 1091 exoptat
3326 1022 3604 1091 spirituale

2015 1104 2291 1165 Certamen
2318 1102 2554 1181 legitime
2593 1109 2780 1179 obire,
2825 1112 2896 1167 ob
2932 1114 3081 1167 omni
3109 1114 3305 1169 delicto
3341 1118 3432 1169 ira:
3464 1117 3605 1172 furo-

2016 1204 2159 1259 risve
2189 1204 2395 1259 alienus
2427 1192 2518 1272 sit,
2551 1204 2843 1276 audiatque
2865 1206 2992 1277 quid
3025 1209 3301 1277 praecipiat
3330 1209 3431 1263 Vas
3471 1210 3603 1266 illud

2016 1297 2299 1353 electionis
2338 1315 2350 1351 :
2382 1298 2561 1353 Omnis
2609 1300 2897 1353 amaritudo
2928 1307 2976 1354 et
3012 1302 3089 1353 ira
3118 1312 3165 1355 et
3206 1303 3515 1375 indignatio,
3554 1311 3602 1361 el

2015 1390 2231 1456 clamor,
2259 1399 2306 1443 et
2330 1390 2645 1461 blasphemia
2667 1391 2883 1445 tollatur
2911 1409 2943 1445 a
2972 1391 3108 1445 vobis
3131 1410 3241 1446 cum
3274 1398 3410 1448 omni
3454 1396 3600 1449 mulio

2016 1484 2088 1535 tia
2118 1482 2337 1554 (Ephes.
2370 1499 2441 1548 ιν,
2468 1484 2583 1555 5i).
2624 1484 2757 1539 Cum
2805 1484 2879 1538 ait
2908 1494 3089 1539 autem
3116 1502 3315 1539 omnem
3336 1529 3349 1553 ,
3401 1488 3600 1544 nullam

2014 1574 2168 1630 nobis
2191 1576 2573 1645 indignationis
2623 1576 2983 1647 occasionem,
3034 1578 3118 1633 vel
3166 1579 3318 1648 quasi
3360 1594 3600 1634 necessac

2012 1667 2178 1731 riam,
2233 1650 2321 1743 vel
2349 1660 2500 1737 quasi
2548 1678 2967 1723 consentaneam
3008 1669 3241 1739 reliquit.
3292 1670 3393 1735 Qui
3442 1670 3600 1739 igitur

321 1756 584 1824 scedere,
644 1757 880 1827 itemque
927 1772 1110 1811 revera
1139 1755 1264 1810 huic
1325 1756 1528 1810 mundo
1572 1758 1905 1813 renuntiare.
1935 1748 1986 1811 B
2013 1764 2287 1812 errantem
2315 1758 2533 1812 fratrem
2562 1757 2838 1827 corripere
2857 1760 3362 1829 autcastigationem
3388 1761 3485 1829 ipsi
3519 1762 3601 1816 ins

320 1844 514 1916 Opera:
536 1857 712 1903 autem
754 1850 983 1918 pretium
1006 1847 1170 1903 fuerit
1198 1847 1301 1903 hoc
1330 1848 1450 1902 loco
1471 1860 1779 1903 sanctorum
1809 1851 1908 1906 Pa-

318 1946 466 1991 trum
512 1939 650 1993 dicta
689 1955 1012 1994 memorare.
1068 1938 1260 1994 Fertur
1298 1939 1477 2010 itaque
1518 1942 1689 1996 sancti
1728 1942 1910 1999 Basilii

316 2032 563 2103 episcopi
600 2032 861 2089 Caesareae
904 2031 1260 2103 Cappadocia:
1300 2048 1481 2088 sermo
1514 2032 1581 2087 ad
1620 2034 1906 2104 quemdam

313 2131 657 2184 senatorium
707 2130 916 2199 virum,
961 2130 1052 2201 qui
1081 2129 1283 2200 itepide
1323 2131 1525 2187 mundo
1562 2132 1907 2189 abrenuntia-

313 2222 417 2286 vit,
455 2230 509 2277 et
557 2224 646 2294 qui
694 2238 759 2277 ex
824 2224 1063 2295 pecuniis
1102 2224 1215 2279 suis
1253 2225 1525 2297 quidpiam
1574 2228 1903 2296 reservavit,

310 2314 523 2369 dictum
542 2316 804 2385 ejusmodi
836 2334 848 2371 :
874 2319 939 2370 Et
960 2320 1285 2373 senatorium
1312 2319 1613 2388 perdidisti,
1640 2330 1693 2374 et
1712 2336 1905 2376 mona-

310 2408 479 2461 chum
512 2423 615 2462 non
646 2408 836 2463 fecisti.
879 2410 1100 2480 Oportet
1120 2411 1282 2479 igitur
1301 2412 1444 2465 omni
1471 2426 1596 2465 cura
1619 2427 1689 2466 ex
1721 2423 1905 2489 nostra

310 2502 637 2557 exscindere
680 2504 856 2557 anima
904 2503 1139 2559 radicem
1168 2520 1229 2559 ac
1258 2503 1585 2575 principium
1638 2507 1906 2562 malorum

310 2595 583 2657 omnium,
610 2595 883 2649 avaritiam
908 2595 1150 2649 scilicet:
1184 2597 1669 2667 compertiSsimum
1704 2597 1908 2653 haben-

310 2692 420 2750 tes,
458 2696 706 2740 manente
749 2684 948 2752 radice,
1003 2701 1185 2742 ramos
1228 2686 1522 2757 pullulare,
1578 2687 1907 2757 difficileque

309 2792 439 2831 esse
472 2778 720 2832 virtutem
744 2793 1019 2849 exercere,
1055 2778 1159 2832 nisi
1192 2778 1243 2833 in
1266 2778 1514 2835 coenobio
1535 2768 1813 2850 degamus,
1847 2780 1905 2836 in

310 2868 439 2938 ipso
470 2873 613 2924 enim
642 2872 801 2926 etiam
827 2871 894 2925 de
921 2870 1241 2925 necessariis
1278 2870 1439 2926 rebhs
1470 2871 1604 2925 nihil
1630 2887 1902 2927 curamus.

309 2963 542 3019 Ananiae
566 2976 617 3019 et
640 2963 919 3035 Sapphirae
946 2962 1348 3019 damnationem
1378 2966 1517 3035 (Act.
1548 2961 1603 3036 v)
1638 2980 1746 3033 pra:
1776 2980 1907 3020 ocu-

309 3056 384 3113 lis
424 3034 725 3124 habentes,
756 3034 1103 3113 horreamus
1158 3058 1227 3113 de
1281 3034 1513 3128 antiquis
1562 3034 1906 3113 lfacultatibus

309 3149 590 3220 quidpiam
621 3150 776 3206 nobis
803 3166 1098 3206 reservare.
1140 3140 1399 3206 Similiter
1426 3151 1575 3207 Giezi
1597 3151 1903 3223 exemplum

312 3242 408 3312 (IV
434 3241 562 3314 Reg.
588 3240 644 3315 v)
676 3232 1135 3311 pertimescamus,
1164 3238 1253 3311 qui
1281 3228 1519 3299 avaritia:
1548 3261 1710 3299 causa
1742 3255 1901 3301 aeter-

311 3350 402 3389 na:
442 3335 603 3403 lepra:
646 3333 872 3389 traditus
902 3344 1001 3390 est.
1055 3332 1357 3390 Caveamus
1383 3354 1449 3390 ne
1490 3337 1643 3393 nobis
1678 3334 1904 3407 hujusce

310 3428 441 3481 vitae
472 3428 722 3496 pecunias
756 3428 1180 3495 accumulemus,
1212 3444 1346 3498 quas
1382 3444 1449 3483 ne
1481 3429 1531 3482 in
1561 3428 1661 3484 hoc
1686 3431 1902 3500 quidem

311 3516 518 3573 mundo
546 3517 901 3587 possedimus.
928 3517 1235 3573 Timeamus
1257 3517 1462 3585 itidem,
1491 3519 1682 3574 Judam
1709 3514 1902 3592 laqueo

312 3626 631 3684 pereuntem
659 3617 933 3670 nobiscum
963 3626 1296 3684 reputantes,
1328 3633 1395 3672 ne
1426 3618 1696 3687 quidpiam
1719 3634 1901 3677 serve-

311 3726 438 3763 mus
458 3710 600 3765 exiis
621 3711 870 3766 omnibus
887 3711 1081 3781 quibus
1110 3728 1231 3766 cum
1250 3724 1559 3781 contemptu
1574 3713 1901 3769 renuntiavi-

309 3821 457 3859 mus.
480 3805 559 3860 Ad
589 3806 701 3861 htec
730 3806 905 3861 omnia
922 3824 1029 3877 prae
1048 3808 1215 3862 oculis
1238 3823 1452 3878 semper
1475 3810 1734 3866 habentes
1763 3826 1902 3867 mor-

315 3898 391 3951 tis
417 3899 675 3953 incertam
710 3899 918 3961 horam,
938 3914 1225 3956 caveamus
1250 3916 1337 3967 ne,
1380 3917 1481 3970 qua
1514 3904 1644 3956 hora
1668 3918 1773 3957 non
1802 3919 1900 3973 pu-

313 4000 495 4043 tamus
545 3990 1066 4065 veniat‘Dominus,
1120 3976 1612 4063 conscientiamque
1658 4003 1901 4049 nostram

314 4070 559 4137 inveniat
606 4068 830 4139 avaritia
885 4088 1226 4151 maculatam,
1280 4066 1531 4159 dicatque
1574 4087 1727 4159 nobis
1768 4088 1899 4143 illud

313 4175 461 4243 quod
484 4175 633 4228 diviti
660 4176 733 4229 illi
766 4162 820 4229 in
858 4158 1148 4246 Evangelio
1170 4178 1372 4232 dictum
1401 4186 1484 4232 est
1514 4196 1526 4229 :
1568 4178 1773 4246 Stulte,
1804 4178 1900 4233 hac

312 4277 463 4320 nocte
490 4284 522 4320 a
550 4277 596 4321 te
628 4256 859 4340 repetunt
901 4270 1129 4322 animam
1151 4278 1321 4338 tuam,
1353 4286 1465 4341 qua:
1502 4280 1671 4325 autem
1702 4270 1901 4339 parasti

311 4362 466 4430 cujus
496 4370 637 4413 erunt
668 4358 818 4432 (Luc.
842 4376 939 4424 xu,
971 4358 1110 4431 9.0)?
1580 4434 1585 4439 ἢ
1890 4394 1902 4439 ,-

391 4452 446 4506 4.
478 4452 497 4522 (
524 4449 668 4505 Cass.
700 4452 838 4507 Inst.
870 4452 909 4509 ι.
941 4468 1053 4521 vnn,
1083 4468 1129 4506 c.
1166 4453 1192 4507 1
1221 4462 1267 4508 et
1294 4453 1464 4524 seqq.)
1514 4434 1773 4519 Quartum
1804 4432 1905 4509 no:

312 4544 401 4602 bis
414 4553 495 4599 est
518 4554 789 4600 certamen
809 4546 1069 4601 adversus
1088 4546 1335 4616 spiritum
1358 4547 1646 4601 iracundia:
1662 4589 1677 4613 ,
1699 4558 1755 4601 ut
1774 4562 1898 4603 cum

314 4636 431 4692 Deo
468 4635 803 4693 mortiferum
850 4637 1007 4707 hujus
1036 4652 1305 4693 venenum
1348 4622 1415 4692 ex
1469 4638 1657 4691 intimo
1706 4638 1898 4693 anima:

314 4741 517 4786 nostra:
545 4730 937 4786 exscindamus.
985 4733 1063 4786 Eo
1087 4730 1231 4786 enim
1258 4732 1395 4786 intra
1422 4746 1516 4786 cor
1546 4732 1788 4785 nostrum
1809 4746 1898 4787 rec

314 4822 527 4901 pesito,
555 4841 620 4881 ac
647 4826 947 4881 tenebrosis
988 4826 1304 4882 tumultibus
1334 4825 1551 4881 oculum
1582 4826 1779 4880 mentis
1805 4842 1899 4880 ex-

314 4930 555 4975 cmcante
575 4960 592 4989 ,
616 4920 814 4975 nullam
836 4935 1021 4975 eorum
1051 4935 1167 4990 quae
1184 4929 1547 4976 consentanea
1571 4921 1725 4976 nobis
1770 4929 1897 4976 sunt

314 5011 696 5067 discretionem
720 5012 918 5068 habere
946 5014 1221 5081 valemus,
1265 5029 1438 5083 neque
1464 5013 1759 5083 spiritualis
1798 5030 1894 5070 co-

313 5106 573 5176 gnitionis
599 5104 1140 5175 comprehensionem
1169 5106 1415 5161 invenire
1435 5146 1451 5171 ,
1476 5121 1575 5160 nec
1605 5121 1745 5160 verae
1774 5105 1898 5161 vitae

315 5198 611 5271 participes
632 5198 794 5267 effici,
822 5214 919 5254 nec
944 5214 1099 5257 mens
1128 5208 1310 5253 nostra
1340 5198 1539 5255 divinae
1568 5214 1634 5255 ac
1664 5214 1805 5254 vera:
1827 5199 1904 5254 lu-

316 5288 395 5344 cis
425 5304 595 5359 capax
622 5289 749 5345 erit.
792 5290 950 5359 Nam,
982 5290 1237 5345 Turbatus
1264 5298 1359 5358 est,
1392 5291 1484 5357 ait,
1525 5308 1556 5344 a
1584 5295 1756 5360 furore
1777 5306 1898 5345 ocu-

317 5379 399 5436 lus
426 5396 567 5435 meus
601 5380 827 5452 (Psalm.
859 5397 930 5447 vr,
961 5382 1037 5451 8).
1086 5381 1270 5451 Neque
1310 5382 1585 5452 sapientiae
1617 5382 1903 5451 participes

318 5464 545 5540 erimus,
574 5458 782 5528 etiamsi
813 5474 963 5527 nobis
992 5474 1123 5544 ipsis
1163 5474 1432 5543 sapientes
1460 5474 1760 5541 videamur,
1784 5490 1906 5531 cum

322 5568 581 5635 scriptum
623 5567 688 5621 sit
716 5584 729 5620 :
762 5564 936 5620 Furor
978 5568 1031 5621 in
1082 5568 1201 5621 sinu
1244 5567 1585 5637 insipientium
1619 5565 1908 5633 habitabit;

324 5660 417 5715 sed
442 5676 617 5731 neque
643 5662 907 5716 salutares
930 5662 1268 5715 discretionis
1308 5661 1488 5715 radios
1513 5660 1773 5729 consequi
1796 5676 1910 5730 pos-

326 5768 531 5825 sumus,
549 5755 652 5812 etsi
676 5754 741 5810 ab
762 5755 1064 5812 hominibus
1082 5772 1341 5826 perquam
1365 5756 1633 5825 sapientes
1645 5755 1910 5812 existime-

2011 1848 2157 1905 ferre
2196 1838 2464 1918 veluerit,
2532 1850 2743 1905 studeat
2788 1868 2847 1905 se
2899 1850 3276 1907 commolionis
3320 1854 3571 1921 perturba
3592 1854 3609 1901 ι’

2013 1940 2279 2011 tionisque
2305 1950 2581 2009 expertem
2633 1940 2943 2010 custodire;
2997 1959 3067 2000 ne
3098 1943 3226 1997 dum
3276 1945 3438 1997 alium
3486 1943 3599 1999 vult

2008 2047 2216 2107 curare,
2253 2033 2500 2087 morbum
2532 2033 2633 2086 sibi
2668 2012 2845 2088 trahut
2894 2051 3029 2089 neve
3052 2034 3259 2090 dicatur
3289 2038 3336 2090 ei
3368 2051 3600 2107 evange-

2008 2122 2169 2179 licum
2202 2123 2330 2179 illud
2364 2143 2378 2179 :
2411 2125 2630 2195 Mediae,
2662 2144 2783 2180 cura
2814 2127 3030 2197 tcipsum
3060 2127 3220 2199 (Luc.
3254 2145 3324 2195 tv,
3356 2131 3461 2198 ci5)
3487 2147 3501 2195 ;
3532 2145 3597 2186 ac

2009 2229 2265 2271 rursum:
2301 2218 2438 2284 Quid
2468 2229 2522 2272 tu
2561 2219 2699 2273 vides
2728 2220 2976 2290 festucam
3008 2222 3060 2273 in
3117 2222 3264 2275 oculo
3292 2222 3466 2289 fratris
3498 2224 3595 2291 tui,

2010 2313 2202 2362 trabem
2230 2318 2399 2363 autem
2427 2310 2480 2363 in
2508 2311 2658 2365 oculo
2685 2320 2771 2365 tuo
2793 2329 2894 2365 non
2929 2302 3312 2383 intelligisPaut
3339 2316 3596 2381 quomodo

2008 2404 2146 2459 dices
2160 2405 2310 2476 fratri
2333 2415 2418 2459 tuo
2433 2420 2453 2460 :
2468 2406 2611 2473 Sine,
2634 2407 2835 2479 ejiciam
2849 2409 3095 2477 festucam
3129 2424 3191 2460 ex
3211 2407 3357 2461 oculo
3380 2419 3485 2472 tuo,
3510 2409 3597 2478 qui

2009 2499 2204 2550 trabem
2234 2497 2285 2551 in
2315 2498 2526 2577 praprio
2540 2498 2687 2552 oculo
2705 2498 2862 2552 habes
2890 2500 3193 2577 operientem
3222 2501 3369 2553 illunt
3403 2502 3601 2571 (Marc.

2008 2605 2103 2656 vn,
2135 2589 2263 2661 25)?
2315 2590 2564 2659 Qualibet
2592 2591 2736 2646 enim
2768 2592 2835 2647 de
2862 2608 3044 2661 causa,
3091 2594 3185 2647 irae
3216 2603 3393 2650 motus
3438 2596 3593 2652 cfler-

2007 2692 2216 2751 vescat,
2244 2686 2443 2739 mentis
2473 2686 2658 2739 oculos
2681 2698 2937 2753 exetecat,
2972 2703 3145 2757 neque
3170 2689 3296 2742 sinit
3322 2688 3596 2746 hominem

2009 2778 2281 2848 respicere
2324 2778 2505 2833 Solem
2530 2779 2775 2849 justitire.
2827 2782 3287 2847 Quemadmodum
3328 2786 3470 2839 enim
3502 2787 3597 2856 qui

2009 2871 2186 2927 oeulis
2214 2872 2441 2941 imponit
2464 2887 2627 2927 aurea
2650 2882 2705 2928 et
2728 2874 2974 2944 plumbea
3000 2876 3214 2929 metalla
3239 2918 3255 2945 ,
3295 2894 3446 2947 atque
3490 2880 3594 2934 im-

2008 2962 2159 3033 pedit
2183 2962 2399 3019 videndi
2431 2964 2741 3020 facultatem
2768 3008 2781 3033 ,
2815 2982 2916 3022 nec
2942 2968 3093 3023 aurei
3122 2970 3323 3024 metalli
3364 2972 3595 3040 pretium

2009 3061 2247 3133 aliquam
2279 3062 2408 3117 facit
2437 3064 2693 3120 caicitatis
2715 3065 3071 3121 differentiam
3097 3107 3113 3134 ,
3160 3066 3232 3121 ita
3260 3083 3324 3120 ex
3354 3066 3594 3136 qualibet

2009 3171 2172 3212 causa
2198 3156 2294 3211 ira:
2321 3158 2615 3227 commotio
2641 3157 2963 3213 accendatur
2989 3200 3003 3225 ,
3050 3160 3243 3213 anima:
3268 3158 3482 3213 videndi
3513 3158 3591 3214 fa‘

2009 3251 2262 3308 cultatem
2292 3250 2631 3306 obtenebrat.
2666 3250 2815 3305 Tunc
2856 3250 3027 3305 solum
3052 3252 3203 3320 juxta
3234 3262 3477 3305 naturam
3512 3251 3593 3304 in-a

2009 3344 2320 3415 dignatione
2346 3345 2570 3409 utimur,
2599 3360 2721 3399 cum
2743 3344 3003 3399 adversus
3027 3346 3248 3400 vitiosas
3275 3355 3327 3400 et
3352 3348 3591 3415 volupta-

2006 3435 2115 3490 rias
2143 3436 2496 3506 cogitationes
2521 3450 2639 3492 eam
2671 3451 2968 3492 movemus.
3016 3438 3074 3493 ld
3114 3439 3309 3509 quippe
3339 3455 3434 3493 nos
3466 3454 3591 3507 pro-

2006 3526 2167 3599 pheta
2183 3528 2349 3581 David
2376 3527 2533 3593 docet
2560 3543 2681 3582 cum
2702 3527 2776 3582 ait
2793 3546 2804 3601 ;
2820 3526 3119 3583 Irascimini
3145 3540 3191 3582 et
3208 3529 3366 3583 nolite
3383 3546 3590 3599 peccare

2006 3616 2232 3687 (Psalm.
2265 3635 2339 3685 tv,
2369 3618 2460 3689 5);
2502 3619 2555 3673 id
2586 3633 2669 3674 est
2694 3662 2707 3685 ,
2743 3621 3000 3693 adversus
3043 3622 3286 3691 pr0prias
3316 3624 3591 3689 passiones

2005 3694 2140 3763 iram
2173 3719 2385 3766 movete
2408 3751 2424 3776 ,
2459 3727 2559 3767 nec
2586 3728 2689 3766 non
2720 3712 2975 3768 adversus
3003 3729 3191 3783 pravas
3214 3714 3586 3779 cegitatioues,

2004 3820 2181 3876 neque
2208 3805 2417 3875 agendo
2450 3822 2569 3875 qua:
2592 3806 2744 3860 vobis
2774 3818 3132 3877 suggeruntur
3152 3807 3220 3860 ab
3251 3806 3374 3869 illis,
3400 3820 3587 3873 pecce-

2004 3898 2075 3952 tis
2120 3912 2325 3966 :quam
2373 3897 2533 3968 plane
2582 3899 3075 3967 interpretationem
3124 3898 3396 3963 declarat,
3428 3897 3587 3965 {quod

2002 3990 2245 4059 sequitur
2272 4008 2286 4046 :
2318 3990 2446 4055 Qua:
2473 3990 2643 4043 dicitis
2669 4031 2683 4055 ,
2714 3990 2924 4060 inquit,
2956 3991 3007 4042 in
3036 3988 3270 4041 cordibus
3295 3990 3467 4041 t'cstris
3487 4031 3501 4055 ,
3532 3990 3586 4041 in

2004 4084 2255 4139 cubilibus
2300 4086 2480 4138 vestris
2528 4084 2931 4154 compungimini
2980 4081 3205 4153 (Ibid);
3239 4082 3287 4163 id
3320 4093 3437 4149 est,
3462 4097 3586 4136 cum

2002 4178 2349 4233 ascenderint
2375 4193 2553 4247 pravm
2583 4177 2935 4246 cogitationes
2966 4174 3019 4228 iu
3047 4189 3139 4229 cor
3170 4184 3408 4228 vestrum
3434 4217 3447 4241 ,
3492 4172 3584 4241 eji-

2003 4272 2108 4326 cite
2154 4270 2275 4325 illas
2295 4311 2312 4337 ,
2362 4270 2699 4324 concitantes
2730 4268 2987 4323 adversus
3013 4280 3104 4321 eas
3135 4267 3266 4321 iram
3322 4275 3585 4329 vestram;

2004 4374 2285 4435 postquam
2315 4378 2446 4419 vero
2491 4364 2679 4433 ejecta:
2708 4362 2944 4425 fuerint,
2997 4361 3145 4429 quasi
3191 4360 3245 4413 iu
3299 4358 3439 4412 lecto
3488 4372 3585 4416 seu

2007 4459 2335 4527 quiete,tum
2362 4457 2786 4527 compungimini
2815 4455 2881 4510 ad
2910 4454 3294 4523 paenitentiam.
3312 4452 3405 4507 llis
3426 4467 3585 4522 porro

2008 4561 2270 4606 consonat
2297 4551 2493 4605 beatus
2523 4548 2741 4613 Paulus,
2764 4549 2854 4617 qui
2878 4547 3100 4615 hujusce
3120 4546 3245 4601 dicti
3281 4546 3585 4600 testimonio

2000 4652 2085 4698 est
2108 4658 2237 4697 usus
2262 4682 2278 4707 ,
2311 4651 2471 4711 atque
2497 4641 2629 4695 illud
2657 4639 2856 4708 adjecit
2895 4656 2907 4690 :
2940 4638 3035 4693 Sol
3076 4655 3177 4691 non
3208 4638 3403 4689 occidat
3433 4651 3585 4703 super

2000 4735 2325 4789 iracundiam
2347 4742 2585 4802 vestram,
2624 4729 2781 4785 nolite
2801 4729 2924 4783 dare
2949 4730 3117 4783 locum
3143 4729 3349 4781 diabolo
3373 4726 3585 4797 (Ep/tes.

2000 4841 2074 4892 tv,
2091 4826 2217 4896 ‘26);
2238 4825 2290 4880 id
2314 4833 2419 4890 est,
2439 4841 2506 4879 ne
2540 4824 2719 4894 pravis
2740 4823 3154 4892 cogitationibus
3176 4822 3586 4885 consentiendo,

2002 4919 2183 4976 Solem
2211 4918 2437 4989 iustitiae
2460 4914 2731 4974 Christum
2754 4915 3047 4980 irritantes,
3081 4914 3330 4969 efficiatis
3359 4922 3416 4966 ut
3448 4912 3587 4966 occi-

2001 5013 2094 5067 dat
2125 5014 2179 5067 in
2199 5012 2457 5067 cordibus
2484 5012 2708 5074 vestris;
2740 5016 2795 5062 ut
2816 5023 2884 5063 ne
2913 5008 3027 5077 ejus
3054 5005 3298 5075 discessu
3334 5006 3505 5057 locum
3537 5002 3588 5063 in
3646 5040 3649 5043 γ

2003 5107 2159 5162 vobis
2209 5105 2448 5161 inveniat
2491 5104 2758 5163 diabolus.
2804 5103 2879 5157 De
2926 5101 3028 5155 isto
3057 5098 3181 5155 Sole
3208 5096 3285 5151 ait
3321 5096 3461 5148 Deus
3495 5109 3587 5161 per
3644 5118 3651 5175 ζ

2005 5198 2322 5272 prOphetam
2345 5216 2358 5251 :
2388 5197 2697 5251 Timentibus
2720 5211 2902 5250 nomen
2924 5206 3089 5246 meum
3114 5190 3304 5242 orietur
3327 5186 3421 5241 Sol
3435 5186 3588 5257 justi-
3641 5180 3647 5190 ’

2008 5295 2112 5359 tite,
2144 5302 2193 5345 et
2223 5290 2472 5344 medicina
2493 5289 2587 5343 erit
2607 5289 2662 5340 in
2682 5286 2780 5340 alis
2801 5289 2912 5356 ejus
2941 5280 3194 5356 (Maluch.
3228 5277 3397 5347 ΝΑ).
3438 5276 3589 5343 Quod
3652 5300 3656 5307 α

2008 5385 2055 5440 si
2082 5385 2282 5441 dictum
2313 5380 2443 5437 illud
2474 5378 2768 5449 (Apostoli)
2798 5377 2865 5430 ad
2892 5376 3121 5429 litteram
3150 5368 3495 5438 accipiamus,
3522 5382 3590 5423 ne

2008 5476 2225 5548 quidem
2253 5474 2320 5529 ad
2366 5487 2615 5527 occasum
2646 5484 2815 5539 usque
2848 5466 2974 5521 solis
3013 5462 3321 5519 conceditur
3352 5458 3505 5514 nobis
3532 5466 3591 5517 ut

2012 5568 2144 5621 iram
2176 5580 2481 5622 servemus.
2510 5562 2645 5631 Quid
2670 5562 2827 5631 igitur
2852 5557 2917 5612 de
2942 5557 3046 5610 illis
3075 5555 3315 5609 dicemus
3345 5554 3433 5622 qui
3461 5550 3591 5605 feri-

2014 5671 2121 5717 tate
2149 5670 2310 5730 atque
2363 5635 2565 5711 insania
2592 5652 2761 5708 vitiati
2783 5649 3025 5715 allectus,
3052 5662 3157 5701 non
3181 5646 3246 5699 ad
3274 5659 3438 5713 osque
3461 5642 3593 5701 Solis

2014 5758 2237 5822 hujusce
2254 5766 2505 5811 occasum
2524 5744 2893 5803 tantummodo
2916 5751 3129 5798 servant
3144 5742 3301 5805 itam,
3316 5738 3410 5794 sed
3428 5736 3593 5825 etiam
