4024 6336
1758 94 1958 115 »ν”ίᾟ
2021 90 2071 95 λ’

489 191 598 250 887

1473 184 1531 240 S.
1572 176 1903 262 EUCBERII
1938 167 2421 232 LUGDUNENSIS
2462 162 2774 224 EPISCOPI
3655 161 3744 219 333

491 309 558 365 ad
587 305 788 362 multos
826 303 942 360 dies
971 288 1272 372 producunt
1309 310 1426 354 eam
1455 337 1469 362 ,
1501 311 1531 350 a
1572 302 1762 349 mutuo
1806 290 2076 356 colloquio
2104 291 2156 351 Α
2183 300 2290 358 que
2320 284 2386 338 iis
2415 282 2619 338 sentire
2648 275 2900 372 concedit
2943 273 3140 346 quibus
3166 273 3280 372 sint
3303 272 3638 372 passionibus
3662 281 3744 334 ob-

491 402 855 455 abstinentes:
887 411 1060 464 neque
1081 392 1260 448 verbis
1287 390 1516 446 ulterius
1542 386 1874 443 iracundiam
1909 383 2083 453 expri-

491 503 639 546 munt
665 507 814 545 suam
844 531 857 553 ,
886 487 980 544 sed
1012 487 1228 541 silentio
1269 484 1335 537 ad
1372 483 1600 537 invicem
1645 489 1879 542 servato,
1934 478 2080 531 virus

490 582 769 638 metuaris:
797 578 1113 648 injuriarum
1142 576 1210 630 ad
1241 590 1395 629 suam
1429 572 1723 642 perniciem
1749 568 2080 625 accendunt:

493 676 805 742 ignorantes
838 685 944 724 non
975 667 1135 722 modo
1172 683 1202 721 a
1241 673 1462 735 peccato
1492 663 1638 734 quod
1683 677 1846 730 opere
1891 673 2086 729 perpe-

494 776 666 817 tratur
694 759 1075 816 abstinendum
1108 772 1264 823 esse,
1313 755 1408 811 sed
1437 755 1601 810 etiam
1638 754 1705 808 ab
1743 767 1808 807 eo
1847 750 1987 822 quod
2031 749 2084 803 in

493 867 676 912 mente
696 855 1027 924 concipitur;
1079 867 1146 907 ne
1173 851 1410 905 tenebris
1442 847 1834 904 recordationis
1862 844 2089 913 injuria-

495 967 613 1006 rum
636 951 916 1004 obscurata
945 960 1122 1009 mens,
1154 941 1369 999 excidat
1394 956 1425 995 a
1451 940 1651 995 lumine
1679 936 2004 1008 cognitionis
2026 950 2089 990 ac

495 1044 856 1106 discretionis,
894 1048 1054 1108 atque
1089 1039 1328 1106 privetur
1371 1035 1544 1089 sancti
1591 1032 1828 1102 Spiritus
1879 1029 2092 1083 habita-

498 1139 665 1193 tinne.
713 1134 1078 1201 Quamobrem
1109 1131 1261 1199 jubet
1282 1129 1544 1183 Dominus
1586 1126 1639 1180 in
1671 1122 1979 1192 Evangeliis
2006 1137 2090 1176 re-

496 1231 665 1301 linqui
724 1244 920 1283 munus
966 1240 1129 1294 super
1184 1224 1390 1289 altare,
1447 1229 1501 1275 et
1543 1216 1885 1274 reconciliari
1939 1215 2089 1270 fratri

500 1322 716 1395 (Matth.
749 1336 801 1386 ν,
831 1318 920 1389 4);
970 1316 1112 1386 quod
1151 1314 1269 1368 fieri
1300 1320 1530 1383 nequeat
1573 1318 1849 1379 acceptum
1895 1321 2092 1362 munus

498 1427 622 1467 esse
648 1455 662 1478 ,
706 1409 864 1464 nobis
908 1410 986 1463 ira
1032 1422 1094 1462 ac
1131 1407 1448 1475 injuriarum
1478 1401 1741 1458 memoria
1790 1399 2091 1468 occupatis.

501 1501 791 1571 Apostolus
819 1514 951 1554 vero
979 1513 1102 1553 cum
1126 1496 1220 1560 ait,
1251 1496 1370 1550 sine
1400 1493 1802 1548 intermissione
1825 1491 2092 1546 orandum

501 1607 643 1652 esse,
677 1592 728 1644 in
761 1591 1019 1658 omnique
1049 1588 1170 1642 loco
1199 1585 1490 1642 elevandas
1517 1599 1638 1638 esse
1665 1591 1882 1637 sanctas
1903 1594 2094 1635 manus

2189 374 2367 439 noxii;
2399 373 2702 440 quinimmo
2735 368 2801 423 iis
2826 382 2963 437 quas
2991 366 3232 438 suggerit
3261 364 3558 435 phantasiis
3583 370 3747 426 suadet

2188 467 2322 540 ipsis
2360 464 2501 536 quod
2545 459 3033 532 aequanimitatem,
3077 459 3223 530 quod
3273 458 3621 515 humilitatem
3660 465 3746 519 sint

2187 560 2420 616 assecuti
2451 599 2465 623 ,
2494 557 2670 612 donec
2698 553 2860 608 adest
2898 567 3059 608 nemo
3086 553 3174 622 qui
3216 551 3458 606 concitet
3501 562 3553 606 et
3585 556 3746 622 probet

2188 653 2365 724 ipsos;
2390 666 2515 707 eum
2544 649 2742 705 accidit
2771 655 2950 703 autem
2980 647 3196 702 occasio
3226 661 3334 716 qua
3367 646 3684 702 concitentur
3707 659 3748 705 et

2190 753 2582 809 exerceantur,
2631 740 2930 798 recondita:
2960 738 3141 796 statim
3188 754 3260 794 ac
3304 737 3516 807 pridem
3557 742 3748 798 occulta

2191 839 2495 909 passiones,
2527 849 2629 890 ceu
2653 832 2891 888 efi‘renes
2921 831 3045 903 equi
3068 846 3134 887 ex
3156 830 3392 886 stabulis
3419 843 3746 900 erumpentes,

2191 948 2254 986 ac
2285 933 2440 1001 longa
2476 929 2657 1000 quiete
2684 937 2738 983 et
2765 928 3047 983 otiositate
3095 925 3339 996 perpasti
3369 966 3387 991 ,
3419 925 3750 982 vehementius

2193 1023 2577 1092 efferatinsque
2607 1022 2846 1089 equitem
2880 1020 2932 1074 in
2965 1019 3265 1090 perniciem
3298 1017 3608 1086 conjiciunt.
3649 1019 3750 1076 Pas-

2193 1115 2377 1171 siones
2405 1114 2604 1184 quippe
2649 1111 2703 1167 in
2730 1113 2842 1166 otio
2883 1125 3059 1180 neque
3088 1109 3346 1164 excitata:
3377 1109 3444 1162 ab
3489 1109 3750 1167 hominibus

2193 1207 2367 1277 magis
2415 1206 2710 1260 efferantur
2750 1205 2803 1258 in
2847 1203 3046 1259 nobis:
3082 1202 3373 1271 ipsamque
3421 1201 3674 1270 patientia:
3710 1211 3752 1259 et

2194 1297 2616 1366 aequanimitatis
2663 1295 2908 1349 umbram
2933 1338 2947 1362 ,
2994 1309 3157 1364 quam
3189 1292 3479 1363 phantasia
3509 1301 3686 1348 tantum
3709 1305 3752 1350 et

2195 1391 2452 1461 opinione
2481 1397 2747 1455 tenemus,
2765 1389 2808 1440 si
2833 1385 3092 1440 fratribus
3117 1399 3218 1438 nos
3242 1383 3652 1452 immisceamus,
3679 1401 3752 1455 per

2195 1485 2507 1542 solitudinis
2539 1485 2731 1551 otium,
2756 1484 2826 1538 ob
2856 1483 3243 1553 negligentiam
3275 1482 3603 1537 exercitandi
3629 1488 3752 1539 amit-

2199 1580 2382 1634 timus.
2425 1576 2892 1645 Quemadmodum
2944 1576 3087 1630 enim
3117 1583 3391 1629 venenata
3425 1574 3686 1640 animalia,
3711 1577 3752 1632 in

503 1685 543 1755 (l
576 1683 756 1738 Thess.
791 1697 847 1744 ν,
883 1682 946 1734 17
978 1680 1020 1750 ),
1051 1681 1257 1749 absque
1288 1679 1390 1743 ira,
1424 1676 1635 1731 etiamsi
1667 1675 1720 1728 in
1751 1675 1863 1728 sola
1891 1672 2096 1742 cogita-
2125 1675 2174 1735 B
2201 1671 2417 1726 deserto
2439 1679 2493 1724 et
2524 1671 2574 1723 in
2603 1669 2872 1723 cubilibus
2914 1669 3027 1722 suis
3057 1666 3462 1733 recumbentia,
3496 1678 3608 1721 tunc
3635 1667 3752 1724 furo-

503 1775 651 1829 tione
681 1776 770 1839 sit,
797 1771 850 1827 id
882 1771 1150 1842 agendum
1174 1785 1294 1824 esse
1323 1768 1500 1823 docet.
1527 1768 1712 1821 Restat
1738 1767 1902 1836 igitur
1930 1775 1986 1818 ut
2011 1764 2097 1818 vel

501 1880 795 1935 numquam
824 1879 1061 1929 oremus,
1089 1872 1246 1932 atque
1267 1861 1337 1915 ita
1366 1860 1582 1915 obnoxii
1607 1859 1777 1912 simus
1798 1855 2096 1927 apostolico

503 1968 780 2030 praecepto
806 1999 821 2025 ,
855 1965 946 2011 aut
972 1957 1016 2010 si
1055 1963 1319 2024 praecepta
1360 1968 1580 2008 servare
1605 1965 1859 2006 curemus
1879 1989 1895 2014 ,
1918 1957 1979 2003 ut
2002 1949 2094 2002 ah-

505 2066 640 2121 squc
672 2052 748 2104 ira
771 2059 823 2105 et
849 2049 1226 2104 recordatione
1255 2046 1572 2116 injuriarum
1597 2043 1727 2098 illud
1753 2057 1999 2112 agamus.
2028 2040 2100 2096 At

507 2142 940 2213 quandoquidem
970 2142 1284 2210 plerumque
1325 2138 1713 2206 contingitut,
1766 2132 2100 2188 contriStatis

506 2243 601 2288 aut
644 2233 970 2301 perturbatis
1021 2231 1279 2286 fratribus
1306 2274 1321 2298 ,
1368 2246 1471 2284 nos
1515 2244 1629 2284 rem
1687 2238 2100 2282 contemnamus

509 2337 669 2394 atque
698 2325 939 2379 dicamus
967 2339 1071 2378 non
1105 2339 1201 2377 nos
1234 2325 1285 2377 in
1325 2338 1484 2377 causa
1516 2336 1638 2377 esse
1669 2319 1810 2388 quod
1845 2318 1923 2372 illi
1971 2334 2099 2372 con-

510 2416 825 2481 tristentur;
855 2415 1159 2468 animarum
1184 2414 1447 2478 medicus,
1476 2422 1534 2466 ut
1555 2413 1650 2466 ira:
1675 2411 1988 2465 occasiones
2016 2423 2104 2461 ra-

512 2506 710 2560 dicitus
727 2505 925 2560 evellat
945 2520 1010 2560 ex
1034 2505 1199 2559 corde
1226 2513 1435 2568 nostro,
1457 2519 1564 2557 non
1589 2502 1770 2568 modo,
1792 2505 1838 2556 si
1859 2517 1954 2556 nos
1975 2516 2104 2555 con-

513 2597 710 2651 tristati
737 2605 792 2651 et
817 2597 935 2650 irati
962 2597 1130 2651 simus
1165 2596 1219 2650 in
1265 2596 1485 2650 fratrem
1517 2603 1761 2649 nostrum
1790 2634 1805 2659 ,
1847 2594 2002 2663 jubet
2047 2602 2104 2647 ut

514 2704 712 2745 munus
738 2691 1130 2760 relinquamus,
1158 2699 1212 2746 et
1238 2689 1654 2744 reconciliemur
1675 2689 1774 2756 ipsi
1802 2687 2020 2759 (Matth.
2043 2703 2099 2754 v,

516 2785 604 2858 4);
637 2784 733 2839 sed
763 2784 974 2838 etiamsi
1009 2785 1123 2852 ipse
1147 2783 1199 2836 in
1230 2797 1328 2836 nos
1350 2782 1473 2853 jure
1496 2798 1566 2836 an
1595 2781 1789 2850 injuria
1814 2782 2102 2847 irascatur,

517 2889 578 2936 ut
621 2879 973 2934 excusatione
1017 2887 1203 2934 nostra
1239 2879 1374 2932 iram
1400 2879 1516 2947 ejus
1547 2877 1804 2932 sedemus
1826 2918 1842 2941 ,
1894 2884 1950 2931 et
1979 2886 2106 2930 tunc

519 2985 716 3026 munus
761 2969 1072 3044 offeramus.
1115 2969 1222 3025 Sed
1263 2969 1391 3039 quid
1433 2969 1639 3023 diutius
1681 2967 2014 3038 evangelicis
2053 2976 2107 3021 et

2200 1779 2315 1820 rem
2348 1779 2503 1818 suum
2529 1761 2945 1823 demonstrant,
2974 1774 3098 1813 cum
3128 1757 3481 1812 accedentem
3513 1760 3751 1828 quemdam

2200 1855 2420 1924 capiunt
2447 1895 2461 1919 ,
2493 1855 2566 1907 ita
2599 1854 2845 1906 homines
2875 1849 3228 1921 passionibus
3259 1849 3482 1903 obnoxii
3508 1890 3522 1915 ,
3551 1865 3643 1904 non
3666 1853 3748 1906 vir-

2202 1946 2329 1999 tutis
2353 1943 2571 2012 affectn,
2588 1945 2685 1998 sed
2709 1959 2773 1998 ex
2789 1943 2991 1997 deserti
3018 1942 3126 1996 loci
3157 1943 3470 1997 necessaria
3493 1944 3752 1999 conditione

2201 2037 2576 2106 quiescentes,
2609 2046 2718 2088 tum
2751 2035 2948 2088 anima:
2975 2033 3126 2087 virus
3157 2043 3465 2099 evomunt,
3494 2049 3605 2088 cum
3631 2051 3750 2091 acce-

2202 2129 2419 2185 dentem
2453 2129 2760 2199 quempiam
2802 2137 2858 2183 et
2881 2127 3194 2188 irritantem
3232 2143 3295 2183 se
3319 2127 3749 2198 apprehenderint.

2203 2221 2567 2288 Quamobrem
2599 2221 2690 2288 qui
2722 2219 3156 2276 mansuetudinis
3182 2221 3565 2289 perfecnouem
3599 2225 3751 2291 exqui-

2204 2326 2463 2384 runt,par
2479 2313 2705 2368 omnino
2732 2323 2814 2369 est
2843 2323 2902 2368 ut
2931 2327 3040 2368 non
3060 2314 3223 2369 modo
3242 2314 3528 2368 adversum
3548 2315 3750 2372 homines

2204 2427 2311 2465 non
2340 2409 2666 2474 irascantur,
2698 2409 2792 2464 sed
2825 2425 3000 2479 neque
3031 2409 3295 2463 adversus
3327 2409 3504 2478 bruta,
3535 2409 3676 2463 immo
3701 2427 3750 2466 ne

2205 2505 2466 2560 adversus
2480 2505 2771 2559 inanimata
2787 2503 3025 2573 quidem.
3043 2503 3265 2558 Memini
3295 2519 3381 2557 me
3398 2518 3515 2557 cum
3535 2505 3582 2556 in
3602 2519 3750 2558 eremo

2206 2602 2458 2671 degerem
2487 2643 2503 2668 ,
2551 2609 2739 2654 contra
2769 2599 3034 2653 calamum
3087 2598 3222 2652 iram
3255 2597 3567 2666 concepisse
3589 2637 3601 2659 ,
3639 2597 3750 2667 quod

2208 2697 2325 2766 ejus
2352 2693 2513 2749 modo
2544 2695 2805 2756 densitas,
2837 2691 3002 2746 modo
3029 2691 3269 2745 tenuitas
3300 2689 3622 2759 displiceret;
3649 2705 3749 2743 con-

2209 2797 2288 2844 tra
2329 2787 2532 2858 lignum
2563 2787 2713 2852 item,
2737 2783 2880 2855 quod
2904 2783 3224 2838 exscindere
3255 2798 3380 2836 cum
3406 2782 3605 2848 vellem,
3633 2781 3745 2837 cele-

2207 2883 2342 2936 riter
2372 2896 2477 2935 non
2499 2894 2711 2949 possem
2741 2895 2756 2944 ;
2784 2892 2998 2932 rursum
3025 2885 3216 2931 contra
3252 2876 3535 2945 igniarium
3563 2875 3747 2938 silicem,

2209 2974 2374 3045 quod,
2410 2988 2495 3028 me
2519 2972 2809 3028 festinante
2841 2971 3018 3041 ignem
3042 2970 3304 3035 educere,
3327 2983 3433 3022 non
3451 2968 3615 3022 statim
3638 2967 3753 3021 exsi-

519 3061 834 3130 apostolicis
859 3060 1146 3129 praeceptis
1169 3059 1539 3124 immoremur,
1559 3074 1680 3114 cum
1701 3073 1768 3113 ex
1784 3057 1952 3112 veteri
1976 3058 2104 3111 item

2213 3067 2341 3121 liret
2366 3064 2720 3130 scintilla;ita
2746 3063 2998 3117 nimirum
3028 3072 3312 3132 grassatur
3344 3061 3515 3123 ira,ut
3536 3059 3594 3113 ad
3619 3074 3751 3128 usque

521 3154 639 3223 lege
676 3154 834 3208 liceat
863 3153 963 3208 hoc
991 3152 1264 3208 ediscere:
1290 3169 1408 3222 qua:
1435 3153 1651 3207 tametsi
1688 3167 1757 3207 cx
1781 3152 1870 3206 illa
1901 3150 2110 3206 severi-

523 3258 632 3301 tate
651 3246 939 3302 deﬂectere
966 3262 1028 3300 ac
1041 3262 1160 3301 sese
1180 3253 1544 3315 attemperare
1562 3246 1776 3300 videtur
1790 3290 1804 3314 ,
1828 3245 1899 3298 ita
1919 3244 2107 3298 habet:

525 3339 610 3394 Ne
639 3340 810 3393 oderis
840 3341 1049 3409 fratrem
1074 3348 1222 3393 tuum
1249 3340 1300 3390 in
1332 3338 1483 3391 corde
1505 3348 1591 3390 tuo
1621 3337 1806 3409 (Leuit.
1837 3353 1950 3405 xtx,
1985 3335 2109 3405 i7):

525 3447 590 3485 ac
621 3445 864 3485 rursum:
912 3429 1024 3483 Via:
1052 3446 1225 3483 eorum
1252 3430 1338 3500 qui
1365 3430 1680 3499 injuriarum
1710 3430 2010 3482 memoriam
2040 3440 2112 3481 te-

525 3534 666 3587 nent,
693 3525 761 3575 ad
781 3533 999 3576 mortem
1027 3521 1211 3594 (Prov.
1249 3538 1343 3588 xu,
1371 3521 1485 3592 25).
1536 3521 1649 3576 Hoc
1679 3523 1823 3576 enim
1856 3522 1977 3577 loco
2005 3537 2113 3577 non

528 3617 690 3672 modo
712 3631 831 3670 eam
853 3631 974 3686 quae
996 3617 1048 3670 in
1067 3631 1203 3686 opus
1230 3615 1554 3686 prorumpit,
1582 3615 1678 3670 sed
1701 3630 1818 3670 eam
1847 3616 1974 3671 item
1995 3632 2116 3686 qua:

528 3719 710 3766 mente
737 3710 1008 3765 retinetur
1030 3710 1188 3779 iram,
1213 3719 1361 3765 vetat
1389 3720 1552 3779 atque
1574 3711 1880 3766 ulciscitur.
1915 3712 2117 3778 Quam-

529 3804 716 3859 obrem
742 3811 957 3872 oportet
987 3803 1183 3857 divinis
1214 3803 1423 3872 legibus
1452 3803 1801 3868 inhaerentes,
1822 3804 1952 3859 tctis
1986 3804 2115 3858 viri-

535 3896 634 3952 bus
649 3905 838 3950 contra
859 3895 1107 3966 spiritum
1137 3895 1231 3950 irae
1259 3897 1636 3963 decertare,et
1653 3905 1845 3951 contra
1869 3898 2115 3952 morbum

531 3987 682 4044 illum
715 3989 856 4043 intra
895 4004 994 4043 nos
1037 3989 1232 4044 situm:
1260 4005 1438 4058 neque
1477 4001 1667 4045 contra
1700 3989 1947 4046 homines
1980 3992 2118 4045 iram

533 4081 830 4147 concitare,
857 4096 920 4137 ac
945 4082 1065 4136 ideo
1087 4081 1432 4137 solitudinem
1458 4092 1512 4137 et
1533 4083 1962 4152 segregationem
1990 4099 2120 4139 con-

533 4173 766 4236 sectari;
807 4187 914 4241 quo
959 4172 1168 4226 scilicet
1213 4172 1428 4227 nemine
1460 4173 1530 4226 ibi
1566 4182 1834 4242 praesente
1880 4174 1970 4242 qui
2020 4190 2122 4230 nos

531 4263 771 4317 concitet
797 4263 861 4317 ad
891 4265 1048 4331 iram,
1077 4263 1254 4318 virtus
1276 4265 1698 4332 mquanimitatis
1731 4265 1889 4320 facile
1916 4267 1969 4320 in
1993 4269 2120 4322 soli-

534 4355 720 4410 tudine
750 4367 1102 4410 exerceatur:
1135 4371 1256 4409 nam
1289 4364 1398 4410 tum
1430 4371 1498 4411 ex
1527 4357 1802 4426 superbia,
1834 4366 1945 4411 tum
1974 4358 2120 4428 quod

2213 3158 2547 3214 insensibilia
2562 3166 2617 3212 et
2637 3158 2926 3211 inanimata
2939 3154 3219 3210 efferatur.
3234 3153 3296 3210 Si
3321 3154 3588 3222 cupiamus
3610 3151 3751 3220 itaque

2214 3252 2472 3321 eonsequi
2499 3249 2896 3306 beatitudinem
2927 3247 3126 3302 Christi
3153 3289 3167 3315 ,
3198 3262 3307 3301 non
3342 3245 3497 3299 modo
3523 3245 3638 3297 iram
3661 3258 3752 3312 qua

2215 3343 2282 3396 ad
2337 3356 2470 3411 opus
2504 3339 2830 3410 prorumpit,
2858 3339 2938 3394 uti
2976 3353 3138 3408 supra
3169 3337 3377 3392 dictum
3406 3345 3487 3391 est
3509 3377 3522 3402 ,
3545 3349 3753 3390 coercere

2215 3435 2476 3490 debemus
2501 3474 2518 3500 ,
2561 3433 2656 3489 sed
2711 3449 2831 3488 eam
2863 3447 3077 3503 quoque
3102 3447 3225 3502 qua:
3275 3441 3454 3486 mente
3480 3429 3751 3496 concipitur.

2217 3526 2333 3582 Non
2374 3527 2519 3580 enim
2562 3523 2895 3579 tantumdem
2937 3523 3099 3578 affert
3137 3523 3388 3577 utilitatis
3431 3537 3490 3576 os
3523 3521 3752 3575 continere

2220 3634 2373 3674 suum
2394 3659 2409 3685 ,
2439 3629 2492 3673 et
2520 3618 2780 3673 furiosum
2814 3617 3119 3686 quodquam
3152 3616 3360 3670 dictum
3387 3631 3489 3669 non
3517 3612 3748 3684 proferre,

2220 3719 2478 3781 quantum
2528 3724 2622 3764 cor
2669 3724 2899 3779 purgare
2944 3709 3011 3763 ab
3058 3707 3376 3778 injuriarum
3425 3707 3676 3768 memoria,
3713 3712 3752 3756 et

2222 3819 2416 3875 pravas
2444 3820 2550 3858 non
2582 3802 2766 3859 fovere
2796 3803 3172 3873 cogitationes.
3206 3803 3376 3857 Docet
3404 3801 3543 3857 enim
3570 3811 3750 3865 evange-

2222 3897 2326 3951 lica
2364 3895 2609 3951 doctrina
2656 3895 2867 3950 excisas
2919 3906 3175 3966 oportere
3203 3900 3540 3964 peccatorum
3587 3890 3752 3944 radices

2221 3990 2401 4059 pctius
2430 4002 2592 4058 quam
2620 4002 2823 4041 ramos.
2883 3987 3074 4041 Excisa
3103 3986 3306 4056 quippe
3336 4001 3367 4042 a
3396 3984 3552 4041 corde
3587 3982 3665 4036 irze
3687 3995 3752 4034 ra-

2223 4081 2367 4147 dice,
2396 4080 2601 4135 nullum
2623 4079 2831 4147 odium,
2857 4079 3006 4134 nulla
3036 4079 3240 4134 invidia
3268 4079 3336 4134 ad
3367 4093 3497 4148 opus
3522 4090 3667 4144 usque
3689 4074 3754 4127 deo

2224 4172 2482 4227 ducetur:
2518 4185 2642 4226 nam
2691 4173 2782 4242 qui
2812 4171 2925 4225 odit
2956 4171 3172 4226 fratrem
3202 4186 3359 4225 suum
3389 4167 3631 4224 homicida
3655 4173 3749 4227 est,

2224 4265 2477 4319 nimirum
2506 4265 2683 4333 quoad
2718 4265 2970 4320 affectum
2997 4265 3106 4319 odii
3145 4265 3346 4319 occidit
3368 4278 3507 4319 eutn.
3549 4259 3748 4314 Occisum

2226 4367 2405 4411 autem
2435 4356 2578 4412 videt
2610 4357 2757 4411 illum
2789 4357 2964 4411 Deus:
2995 4357 3148 4423 cujus
3169 4355 3486 4426 sanguinem
3508 4395 3522 4418 ,
3552 4366 3641 4404 non
3665 4347 3749 4418 gla-

535 4445 771 4500 nolimus
802 4463 900 4501 nos
929 4449 1072 4514 ipsos
1101 4447 1352 4502 incusare
1375 4490 1391 4515 ,
1417 4459 1725 4520 nostraeque
1751 4451 2000 4520 segnitiei
2024 4452 2120 4506 ira:
2146 4448 2201 4508 D
2225 4447 2315 4502 dio
2342 4449 2569 4503 effusum
2606 4448 2795 4502 vident
2826 4449 3104 4513 homines,
3139 4447 3234 4502 sed
3265 4463 3335 4502 ex
3361 4445 3545 4500 an‘ectu
3577 4439 3667 4496 odii
3687 4438 3751 4490 ille

535 4549 726 4590 causas
756 4538 1027 4592 ascribere
1056 4580 1071 4604 ,
1104 4538 1338 4594 efficitur
1365 4548 1423 4592 ut
1452 4549 1774 4610 exoptemus
1795 4557 1824 4596 a
1857 4539 2120 4598 fratribus

534 4628 1101 4698 segregari.Qnamdiu
1121 4632 1300 4700 itaque
1314 4631 1700 4688 imbecillitatis
1713 4645 1913 4689 nostrae
1927 4651 2118 4692 causas

539 4718 660 4772 aliis
688 4718 1035 4788 impntamus,
1054 4723 1389 4791 impossibile
1411 4733 1494 4778 est
1517 4739 1614 4779 nos
1632 4725 1699 4779 ad
1728 4727 2117 4794 perfectionem

539 4814 961 4884 tequanimitatis
982 4816 1270 4886 attingere.
1309 4817 1530 4872 Summa
1556 4820 1758 4890 quippe
1786 4822 2122 4894 emendatio-

537 4907 624 4962 nis
657 4914 878 4973 nostrar,
920 4923 1030 4962 non
1057 4923 1125 4962 ex
1175 4909 1405 4977 proximi
1433 4926 1557 4978 erga
1587 4926 1687 4964 nos
1718 4912 2122 4981 aequanimitate

537 4998 835 5064 obtinetur,
881 4998 976 5053 sed
1003 5014 1070 5054 ex
1099 5010 1282 5055 nostra
1313 5017 1440 5072 erga
1473 5002 1774 5072 proximum
1800 5006 2125 5075 longanimi-

541 5095 653 5143 tate
681 5103 744 5143 ac
771 5089 1086 5158 injuriarum
1113 5091 1410 5146 oblivione.
1440 5093 1571 5148 Cum
1595 5105 1774 5151 autem
1806 5100 2121 5167 aequanimi-

541 5180 667 5233 tatis
689 5190 962 5236 certamen
1007 5177 1271 5250 fugientes
1301 5198 1543 5239 eremum
1575 5189 1808 5255 petimus
1851 5197 1907 5244 et
1932 5190 2122 5244 solitu-

541 5272 743 5340 dinem,
759 5288 1124 5344 quaseumque
1147 5274 1281 5329 illuc
1303 5277 1539 5330 nondum
1563 5287 1777 5334 curatus
1796 5281 2122 5351 sedatasque

541 5367 820 5434 passiones
848 5367 1122 5422 afferimus
1144 5409 1159 5433 ,
1191 5370 1433 5424 occultas
1462 5386 1555 5426 eas
1577 5417 1590 5440 ,
1619 5389 1724 5427 non
1750 5375 1956 5430 deletas
1997 5390 2121 5433 esse

542 5465 813 5525 putemus.
860 5457 1150 5514 Enimvero
1190 5476 1409 5515 eremus
1447 5471 1607 5532 atque
1638 5480 1887 5521 secessus
1918 5468 1983 5522 iis
2033 5469 2124 5539 qui

544 5548 782 5602 nondum
809 5551 1317 5618 passionibusliberi
1350 5564 1620 5620 sunt,non
1652 5573 1934 5614 reservare
1963 5560 2123 5616 modo

545 5637 1002 5710 imperfectiones,
1036 5644 1128 5698 sed
1161 5659 1250 5699 eas
1280 5647 1554 5704 occultare
1576 5666 1794 5719 quoque
1818 5655 1986 5707 novit.
2025 5653 2127 5708 Ne-

2226 4543 2435 4596 occisus
2480 4541 2601 4596 fuit.
2646 4541 2788 4595 Deus
2817 4541 2996 4610 itaque
3028 4556 3134 4595 non
3172 4539 3336 4594 modo
3385 4553 3476 4607 pro
3509 4533 3746 4605 operibus.

2227 4635 2321 4689 sed
2350 4635 2511 4690 etiam
2537 4649 2635 4704 pro
2666 4633 3087 4703 cogitationibus
3114 4642 3170 4688 et
3196 4631 3474 4702 proposito
3521 4625 3751 4692 unicuique

2227 4743 2457 4783 coronas
2478 4740 2568 4782 aut
2597 4728 2858 4797 supplicia
2884 4727 3179 4791 retribuet,
3212 4720 3637 4795 quemadmodum
3665 4719 3749 4786 ipse

2227 4836 2324 4890 per
2353 4822 2672 4891 prophetam
2703 4823 2807 4874 ait:
2835 4819 2944 4890 Ego
2970 4819 3128 4874 venio
3149 4819 3433 4874 collectum
3462 4808 3749 4884 opera,cogi-

2228 4915 2463 4969 taliones
2484 4923 2538 4968 et
2565 4913 2943 4968 meditationes
2973 4927 3183 4967 eorum.
3204 4916 3278 4966 Ac
3295 4924 3500 4965 rursum
3516 4910 3546 4960 A
3559 4903 3746 4976 postolus

2229 5005 2306 5058 ait
2341 5021 2353 5056 :
2387 5002 2533 5057 Inter
2557 5021 2610 5057 se
2637 5005 2851 5057 invicem
2879 5004 3274 5074 cogitationibus
3303 4998 3658 5058 accusantibus,
3682 5000 3747 5044 aut

2229 5099 2380 5151 etiam
2410 5097 2818 5167 defendentibus,
2852 5098 2904 5149 in
2929 5098 3011 5150 die
3040 5113 3155 5150 cum
3174 5095 3427 5166 judicabit
3451 5093 3574 5147 Deus
3595 5085 3749 5142 occulta

2230 5188 2490 5243 hominum
2524 5187 2701 5261 (Rom.
2736 5205 2795 5255 n,
2831 5187 2942 5258 15).
2976 5189 3097 5259 Ipse
3125 5197 3303 5242 autem
3334 5185 3574 5240 Dominus
3594 5180 3748 5234 docens

2230 5290 2488 5351 Oportere
2528 5296 2627 5336 nos
2673 5296 2888 5337 omnem
2923 5281 3257 5336 iracun’diam
3287 5279 3581 5348 deponere,
3625 5270 3685 5325 ait
3706 5268 3745 5322 in

2230 5375 2532 5444 Evangeliis
2560 5393 2572 5428 :
2605 5373 2756 5440 Quod
2780 5376 3085 5445 quicumque
3106 5374 3345 5428 irascitur
3369 5368 3511 5442 fratri
3535 5380 3633 5431 sua,
3659 5375 3746 5413 reus

2229 5471 2324 5523 erit
2341 5469 2543 5541 judicio
2567 5468 2784 5538 (Matth.
2818 5485 2872 5532 v,
2902 5468 3019 5540 22).
3073 5467 3148 5521 lta
3171 5467 3316 5522 enim
3338 5463 3526 5520 habent
3546 5459 3746 5512 accurata

2231 5561 2583 5629 exemplaria:
2636 5575 2757 5614 nam
2813 5560 2902 5613 illa
2949 5575 3077 5625 vox,
3121 5568 3326 5622 temere,
3367 5548 3614 5622 adjectitia
3651 5550 3743 5597 est:

2233 5653 2372 5722 quod
2402 5652 2573 5720 palam
2615 5663 2698 5708 est
2739 5669 2803 5707 ex
2844 5651 3177 5722 prmeedenti
3224 5650 3501 5717 Scriptura
3533 5635 3738 5698 clausula.
