4024 6336
221 296 333 360 889

1205 298 1545 358 EPITOMES
1587 295 1868 355 οΡΕιιυιι
1908 299 2229 361 CASSIANI
2278 303 2408 382 LIB.
2448 302 2513 361 11.

3396 307 3502 367 890

224 419 437 490 Scopus
467 432 697 489 namque
725 416 937 474 Domini
968 417 1084 473 vult
1113 431 1215 473 nos
1244 418 1481 473 radicem
1513 433 1576 473 ac
1603 415 1816 474 scintil-
1842 416 1897 475 Α
1924 430 2020 485 pro
2068 434 2249 474 rerum
2285 420 2601 476 conditione
2641 430 2910 478 movente.
2940 420 3280 493 Quapropter
3314 432 3503 479 contra

224 518 332 571 lam
365 518 460 570 ira:
489 527 709 583 prorsus
739 512 1083 578 abscindere,
1112 527 1176 568 ac
1203 528 1271 567 ne
1302 513 1575 567 minimam
1610 514 1704 566 iraa
1729 526 1817 565 oc-

222 608 502 664 casionem
537 608 675 661 intra
706 620 803 659 nos
831 620 1081 669 servare;
1114 614 1175 659 ut
1203 621 1268 661 ne
1291 606 1501 663 scilicet
1526 607 1570 661 si
1598 622 1664 660 ex
1687 620 1819 661 con-

226 712 488 755 sentanea
520 698 729 753 ratione
761 698 893 751 iram
939 699 1275 753 concitemus
1300 741 1313 766 ,
1346 699 1563 755 demum
1593 700 1643 753 in
1676 699 1816 753 bruti

224 791 395 843 animi
424 789 661 843 furorem
694 788 1019 844 incidamus.
1048 790 1282 858 Hujusce
1311 807 1472 860 porro
1494 791 1670 846 morbi
1704 790 1820 846 haec

225 894 312 937 est
345 883 583 953 perfecta
613 882 843 948 medela,
873 891 931 936 ut
953 884 1159 940 scilicet
1182 900 1502 955 persuasum
1527 886 1819 940 habeamus

225 976 390 1030 nobis
420 992 595 1047 neque
622 977 765 1045 justa
789 992 963 1047 neque
994 978 1188 1047 injusta
1213 980 1281 1034 de
1304 995 1468 1035 causa
1492 980 1658 1035 licere
1682 978 1820 1034 indi-

221 1069 543 1137 gnationem
590 1068 867 1123 concitare
902 1077 1165 1123 nostram.
1218 1070 1350 1124 Nam
1391 1071 1436 1124 si
1476 1071 1696 1140 spiritus
1724 1072 1818 1125 ira:

222 1172 466 1215 mentem
498 1160 751 1215 obscuret
780 1161 934 1215 nobis
957 1202 970 1225 ,
1003 1176 1175 1231 neque
1204 1163 1293 1216 lux
1321 1163 1694 1228 discretionis,
1727 1178 1820 1218 ne-

221 1267 331 1322 qtte
355 1254 489 1307 recti
521 1253 738 1308 consilii
760 1253 1089 1322 justitiaeque
1119 1254 1543 1324 gubernaculum
1577 1256 1629 1309 in
1662 1254 1818 1309 nobis

224 1346 562 1415 reperietur;
588 1363 763 1417 neque
786 1347 975 1415 spiritu
1006 1348 1098 1401 irm
1129 1348 1443 1404 dominante
1472 1349 1589 1403 fieri
1642 1358 1821 1418 potest

222 1446 286 1491 ut
316 1438 497 1492 anima
537 1450 721 1493 nostra
764 1438 1020 1506 templum
1068 1438 1243 1493 sancti
1276 1440 1507 1508 Spiritus
1529 1439 1816 1494 efficiatur.

223 1528 455 1583 Demum
486 1539 700 1599 oportet
721 1539 778 1583 ut
808 1532 1067 1585 incertam
1094 1532 1488 1586 mortishoram
1512 1548 1624 1603 prae
1648 1534 1819 1587 oculis

226 1620 520 1682 habentes,
553 1620 924 1676 custodiamus
956 1636 1054 1676 nos
1077 1623 1144 1675 ab
1164 1623 1264 1687 ira,
1294 1638 1356 1677 ac
1387 1623 1622 1678 sciamus
1644 1639 1818 1694 neque

221 1717 466 1781 ascesin,
501 1731 673 1785 neque
726 1718 1159 1786 temperantiam,
1196 1733 1369 1785 neque
1419 1718 1816 1773 abdicationem

1920 511 2208 568 interiores
2232 515 2535 583 passiones,
2552 522 2720 570 totum
2751 516 2908 570 nobis
2931 518 3000 571 sit
3021 516 3239 571 bellum.
3265 515 3334 570 lis
3358 518 3500 571 enim

1921 602 2017 657 Dei
2072 605 2274 659 auxilio
2324 606 2534 675 ejectis,
2592 623 2700 662 non
2732 608 2850 663 dico
2877 624 2997 662 cum
3028 608 3353 675 hominibus,
3408 610 3505 664 sed

1921 711 2044 751 cum
2073 697 2201 752 feris
2231 699 2393 753 etiam
2416 700 2572 755 facile
2598 701 2879 770 degemus,
2901 702 3051 771 juxta
3077 701 3206 755 illud
3228 700 3504 757 beatiJobi

1920 791 2157 845 dictum:
2191 790 2451 848 Immunes
2481 797 2603 863 ferte
2632 810 2805 862 pacem
2830 806 2994 848 tecum
3019 794 3271 847 habebunt
3301 792 3502 865 (Job.v,

1920 882 2035 952 23).
2065 882 2121 936 In
2172 884 2359 952 primis
2389 884 2551 954 igitur
2570 885 2912 955 pugnandum
2941 896 3127 940 contra
3149 885 3393 952 Spiritum
3418 884 3509 939 tri-

1925 974 2110 1041 stitiae,
2177 974 2269 1045 qui
2323 977 2556 1029 animam
2607 977 2825 1046 conjicit
2854 978 2905 1030 in
2937 976 3400 1049 desperationem;
3448 982 3509 1029 ut

1920 1064 2168 1137 (malum)
2198 1066 2329 1121 illud
2362 1080 2432 1121 ex
2465 1066 2629 1121 corde
2663 1078 2846 1122 nostro
2888 1069 3173 1137 pellamus.
3196 1066 3330 1121 Illud
3358 1069 3502 1120 enim

1922 1174 2029 1212 non
2059 1159 2191 1213 sivit
2217 1158 2446 1215 Cainum
2487 1168 2609 1229 post
2637 1160 2821 1214 fratris
2845 1161 3046 1215 caedem
3076 1162 3368 1230 paenitere,
3414 1177 3507 1216 ne-

1921 1265 2026 1319 que
2067 1250 2259 1306 Judam
2310 1261 2432 1321 post
2480 1251 2697 1306 Domini
2742 1252 3125 1321 proditionem.
3167 1253 3297 1306 Eam
3333 1253 3506 1307 solam

1924 1342 2217 1398 habeamus
2260 1345 2531 1398 tristitiam
2582 1360 2701 1413 quae
2745 1343 3117 1413 paenitentiam
3164 1353 3506 1412 peccatorum

1922 1435 2144 1505 respicit
2172 1477 2187 1501 ,
2218 1450 2339 1490 cum
2372 1436 2510 1490 bona
2544 1449 2641 1505 spe
2684 1435 3021 1505 conjunctam
3048 1475 3063 1499 ,
3106 1443 3160 1489 et
3186 1450 3306 1504 quas
3347 1436 3509 1490 cmle-

1923 1530 2085 1583 stium
2122 1528 2385 1583 bonorum
2409 1527 2806 1596 possessionem
2836 1527 3119 1593 conciliat;
3144 1528 3209 1581 de
3238 1542 3338 1597 qua
3370 1528 3511 1584 dixit

1924 1621 2218 1690 Apostolus
2257 1638 2269 1673 :
2304 1620 2433 1685 Qua:
2461 1620 2744 1674 secundum
2770 1619 2939 1675 Deum
2965 1620 3172 1674 tristitia
3192 1629 3263 1673 est
3293 1619 3359 1693 (11
3386 1619 3505 1675 Cor.

1921 1730 2017 1779 vn,
2044 1711 2325 1783 lO)........
2358 1713 2433 1767 Ea
2457 1713 2637 1781 itaque
2669 1712 2886 1767 tristitia
2910 1726 3029 1781 qua:
3056 1712 3388 1780 pcenitentite
3413 1726 3510 1781 spe

221 1812 303 1865 rei
335 1810 513 1863 omnis
541 1810 837 1863 matcrialis
860 1851 873 1873 ,
916 1826 1092 1881 neque
1117 1810 1321 1879 jejunia
1358 1818 1413 1866 et
1436 1811 1665 1880 vigilias,
1717 1811 1818 1865 uti-
1849 1805 1896 1864 B
1923 1806 2017 1859 alit
2044 1804 2277 1859 animant
2301 1847 2313 1869 ,
2363 1805 2556 1875 gaudio
2599 1806 2891 1860 commixta
2935 1812 3021 1859 est
3045 1822 3058 1857 :
3084 1819 3253 1873 quare
3278 1805 3508 1859 alacrem

222 1903 369 1957 litati
409 1902 567 1956 nobis
618 1901 755 1967 fore,
808 1902 852 1955 si
908 1902 984 1955 ira
1041 1912 1202 1971 atque
1252 1902 1376 1956 odio
1426 1904 1681 1973 correpti,
1740 1905 1817 1959 rei

221 1994 399 2048 simus
423 1992 647 2062 judicio.
680 1992 798 2058 Quo
827 1993 1033 2046 utinam
1066 1993 1382 2059 liberemur,
1407 1994 1576 2063 gratia
1610 1995 1818 2049 Domini

223 2086 400 2139 nostri
434 2084 560 2138 Jesu
591 2083 824 2149 Christi,
849 2086 933 2139 cui
962 2085 1129 2154 gloria
1164 2086 1214 2138 in
1247 2086 1441 2139 srecula
1473 2086 1817 2140 saeculorum.

394 2178 563 2247 (Cass.
598 2178 731 2231 Inst.
767 2179 804 2232 Ι.
836 2195 889 2232 tx
917 2220 930 2243 ,
967 2197 1013 2233 ε.
1048 2181 1073 2234 1
1105 2188 1151 2233 et
1183 2181 1345 2250 seqq.)
1378 2180 1635 2247 Quintum
1667 2180 1820 2235 nobis

222 2277 312 2323 est
336 2279 609 2323 certamen
632 2270 893 2322 adverSus
920 2268 1171 2337 spiritum
1203 2270 1455 2333 tristitiae,
1474 2270 1561 2338 qui
1586 2269 1817 2322 animam

223 2362 489 2417 obscurat
542 2372 782 2417 nostram
820 2371 879 2415 ut
906 2363 1037 2415 nulli
1069 2363 1240 2431 possit
1283 2362 1551 2431 spirituali
1580 2372 1819 2417 contem-

222 2456 454 2525 plationi
508 2470 724 2520 vacare,
785 2456 1111 2526 cohibetque
1163 2455 1309 2509 illam
1360 2456 1429 2509 ab
1482 2457 1629 2509 omni
1678 2458 1821 2511 bono

220 2562 414 2615 opere.
445 2545 577 2601 Cum
607 2551 749 2601 enim
778 2562 981 2617 pravus
1012 2548 1105 2602 ille
1126 2548 1345 2615 spiritus
1374 2549 1608 2601 animam
1637 2564 1823 2619 appre-

219 2638 487 2694 ltenderit
535 2650 809 2709 totamque
857 2640 1251 2703 obscuraverit,
1308 2656 1411 2694 non
1464 2656 1653 2710 preces
1698 2659 1820 2697 cum

216 2732 507 2787 alacritate
537 2732 759 2787 fundere
788 2732 1057 2795 concedit,
1097 2748 1201 2785 non
1226 2733 1279 2785 in
1320 2747 1596 2787 sacrarum
1630 2735 1820 2789 lectio-

216 2838 354 2877 num
388 2825 641 2893 capienda
677 2826 904 2879 utilitate
946 2840 1171 2891 vacare,
1228 2841 1333 2880 non
1369 2825 1626 2880 fratribus
1667 2843 1819 2881 man-

215 2925 439 2970 suetum
471 2928 524 2970 et
555 2917 903 2971 commodum
930 2932 1053 2971 esse
1080 2917 1237 2971 sinit:
1265 2917 1445 2971 odium
1475 2918 1651 2971 omnis
1678 2920 1825 2974 circa

213 3022 391 3075 opera
441 3007 641 3072 studii,
691 3008 973 3078 ipsiusque
998 3010 1120 3062 vita:
1161 3008 1518 3078 professionis
1562 3012 1819 3079 suggerit.

218 3099 369 3153 Dum
402 3101 588 3154 omnia
636 3100 867 3172 denique
900 3098 1398 3156 salutaria'animm
1430 3103 1650 3157 consilia
1696 3118 1825 3157 con-

215 3194 402 3250 fundit
436 3196 675 3265 tristitia,
694 3198 919 3266 ejusque
947 3198 1256 3252 ﬁrmitatem
1281 3213 1345 3252 ac
1368 3199 1824 3268 persevcrantiam
1855 3180 1900 3242 (ἶ

214 3288 429 3350 solvit,
473 3288 627 3357 quasi
656 3290 875 3342 stultam
905 3289 1054 3342 illam
1098 3297 1153 3343 et
1195 3291 1477 3344 attonitam
1516 3290 1715 3353 cfticit,
1762 3306 1826 3346 ac

217 3380 447 3436 demum
482 3397 599 3436 eam
643 3382 1039 3450 desperationis
1085 3383 1413 3452 cogitatione
1442 3384 1629 3453 illigat.
1685 3384 1826 3448 Qua-

214 3484 454 3542 propter
481 3488 619 3527 unus
647 3474 804 3529 nobis
851 3475 922 3528 sit
961 3489 1155 3542 scopus
1182 3520 1195 3543 ,
1231 3475 1515 3543 spirituale
1547 3485 1823 3532 certamen

212 3578 463 3629 certare,
493 3567 715 3636 spiritus
749 3566 1002 3636 nequitia:
1024 3583 1146 3621 cum
1182 3568 1294 3621 Deo
1320 3568 1537 3622 vincere
1560 3610 1575 3632 ,
1605 3579 1659 3622 et
1680 3571 1826 3624 omni

214 3660 473 3719 custodia
528 3674 622 3713 cor
675 3672 919 3714 nostrum
978 3676 1204 3716 servare
1256 3677 1287 3715 a
1346 3662 1536 3730 spiritu
1591 3663 1827 3717 tristitiae

215 3753 413 3827 (Prov.
446 3769 519 3817 ιν,
548 3750 661 3823 25).
685 3753 1153 3819 Quemadmodum
1187 3753 1333 3806 enim
1366 3752 1509 3807 tinea
1542 3756 1829 3808 vestimen-

216 3860 364 3916 tum,
393 3856 449 3901 et
474 3849 679 3902 vermis
710 3848 939 3916 lignum,
973 3848 1043 3901 ita
1075 3848 1293 3901 tristitia
1317 3847 1558 3902 corrodit
1591 3847 1828 3902 hominis

212 3943 485 4006 animam,
510 3941 636 3994 dum
661 3940 851 3995 suadet
884 3941 963 3993 illi
999 3949 1055 3994 ut
1076 3941 1144 3994 ab
1176 3941 1325 3995 omni
1359 3941 1529 4010 probo
1556 3946 1827 3996 consortio

212 4034 486 4099 declinet,
517 4048 695 4103 neque
721 4032 971 4087 concedit
998 4032 1074 4086 illi
1106 4042 1161 4086 ιιι
1202 4048 1230 4085 a
1258 4034 1398 4087 veris
1429 4034 1617 4087 amicis
1647 4035 1827 4088 consi-

218 4128 363 4182 lium
387 4127 752 4196 accipiat,nec
766 4135 825 4179 ut
843 4127 1025 4181 mitem
1051 4134 1104 4180 et
1124 4126 1398 4196 pacificam
1417 4127 1825 4195 responsionem

210 4218 310 4275 det
344 4220 511 4288 ipsis;
547 4219 641 4273 sed
671 4220 904 4272 animam
956 4218 1241 4272 conturbat
1274 4228 1440 4273 totam
1494 4218 1736 4283 tristitia,
1774 4228 1828 4273 et

217 4313 439 4368 incuria
494 4313 707 4381 replet;
756 4322 917 4381 atque
956 4311 1172 4366 demum
1207 4311 1398 4366 suadet
1442 4320 1501 4365 ιιι
1550 4312 1717 4381 fugiat
1762 4312 1830 4366 ab

213 4404 566 4471 hominibus,
596 4405 749 4473 quasi
776 4404 878 4458 sibi
904 4404 953 4456 in
976 4419 1134 4458 causa
1150 4403 1348 4458 fuerint
1369 4404 1825 4472 perturbationis;

208 4512 403 4567 neque
436 4498 561 4551 sinit
585 4512 706 4552 eam
739 4510 1054 4564 agnoscere,
1084 4511 1189 4549 non
1222 4498 1482 4560 exterius,
1534 4497 1627 4550 sed
1686 4496 1827 4550 inte-

1922 1907 1977 1952 et
2006 1897 2072 1952 ad
2100 1912 2259 1952 omne
2292 1899 2489 1952 bonum
2532 1912 2669 1967 opus
2708 1897 3098 1967 obsequentem
3140 1896 3316 1953 reddit
3340 1896 3511 1952 homi-

1923 2008 2066 2061 nem,
2100 2006 2324 2047 accessu
2348 2008 2562 2062 quoque
2587 1991 2797 2046 facilem
2822 2001 2877 2045 et
2907 1990 3186 2045 humilem.

1926 2103 2026 2157 Hic
2052 2105 2189 2158 deest
2213 2122 2370 2158 unum
2395 2105 2598 2175 folium,
2629 2105 2823 2157 scilicet
2849 2104 2988 2174 quod
3017 2113 3247 2167 superest
3270 2104 3511 2175 adversus

1993 2176 2215 2229 tristitia:
2232 2174 2493 2246 spiritum,
2527 2186 2574 2229 et
2609 2176 2811 2229 initium
2838 2192 3013 2228 eorum
3040 2190 3156 2245 qua:
3185 2174 3427 2227 dicuntur
3448 2174 3512 2226 de

1993 2250 2215 2317 torporis
2236 2249 2439 2314 spiritu.

1995 2361 2045 2413 6.
2091 2359 2260 2428 (Cass.
2321 2357 2454 2412 Inst.
2507 2360 2623 2421 1.x,
2679 2377 2726 2412 c.
2770 2360 2837 2413 l3
2884 2369 2928 2412 et
2972 2358 3259 2429 seqq.).....
3310 2358 3507 2412 Panem

1925 2452 2270 2507 manducent.
2301 2452 2595 2506 Audiamus
2618 2468 2775 2520 quam
2796 2453 3068 2521 sapienter
3094 2451 3247 2505 nobis
3265 2451 3512 2506 ostendat

1926 2544 2214 2613 Apostolus
2245 2544 2478 2613 torporis
2510 2545 2734 2612 hujusce
2762 2558 2973 2599 causas.
3020 2543 3282 2615 lnquietos
3314 2545 3512 2613 quippe

1926 2646 2081 2692 vocat
2110 2636 2177 2706 (11
2219 2635 2397 2690 Thess.
2432 2652 2522 2701 Ill,
2567 2638 2624 2705 (ἰ)
2662 2651 2757 2690 eos
2786 2637 2876 2706 qui
2907 2652 3012 2689 non
3043 2645 3365 2704 operantur:
3396 2635 3498 2689 hac

1926 2744 2029 2783 una
2052 2743 2185 2783 voce
2210 2730 2431 2783 multam
2462 2729 2744 2783 declarans
2774 2728 3055 2781 malitiam.
3090 2726 3192 2794 Qui
3216 2727 3357 2781 enim
3382 2728 3514 2781 otio-

1925 2837 2018 2877 sus
2036 2830 2140 2889 est,
2168 2822 2349 2877 verbis
2381 2838 2594 2893 quoque
2629 2822 2951 2876 temerarius
2982 2821 3188 2880 existit,
3214 2826 3514 2889 promptus-

1926 2931 2030 2987 que
2057 2915 2124 2973 ad
2152 2916 2563 2970 conviciamlum
2586 2956 2600 2981 ,
2633 2930 2694 2969 ac
2722 2914 2938 2969 demum
2972 2913 3037 2966 ad
3065 2912 3303 2982 quietam
3349 2910 3515 2964 vitam

1927 3009 2189 3080 agendam
2211 3010 2445 3078 ineptus,
2475 3017 2532 3063 et
2563 3008 2796 3077 torporis
2825 3022 3034 3061 servus.
3058 3002 3307 3074 Praecipit
3336 3004 3516 3072 itaque

1933 3114 1991 3158 ut
2020 3100 2423 3168 subtrahamus,
2448 3103 2499 3156 id
2529 3112 2632 3165 est,
2651 3116 2997 3172 segregemus
3025 3114 3125 3153 nos
3147 3097 3345 3160 abillo,
3365 3094 3515 3165 quasi

1932 3211 1961 3250 a
1992 3195 2250 3265 pestifero
2270 3196 2484 3250 morbo.
2517 3194 2718 3249 Deinde
2734 3194 2861 3263 quid
2891 3194 2994 3245 ait:
3029 3191 3092 3244 fit
3118 3207 3217 3244 non
3238 3188 3517 3242 secundum

1931 3290 2258 3344 traditionem
2285 3305 2439 3352 quam
2477 3298 2777 3359 acceperunt
2809 3304 2841 3338 α
2867 3285 3009 3339 nobis
3035 3284 3102 3351 (ll
3126 3281 3306 3335 Thess.
3331 3296 3410 3350 ιιι,
3434 3279 3513 3348 6),

1933 3396 1996 3436 ac
2028 3397 2121 3450 per
2153 3382 2253 3435 hoc
2283 3381 2483 3435 dictum
2516 3380 2754 3433 ostendit
2783 3395 2878 3434 eos
2908 3393 3030 3432 esse
3061 3376 3328 3447 superbos
3349 3415 3363 3439 ,
3390 3390 3519 3428 con-

1932 3482 2251 3543 temptores,
2287 3483 2339 3527 et
2365 3474 2787 3540 apostolicarum
2821 3470 3170 3524 traditionum
3198 3468 3515 3520 violatores.

1932 3570 2008 3622 Ac
2036 3582 2251 3620 rursum
2289 3584 2299 3617 :
2342 3564 2521 3635 Neque
2550 3565 2709 3635 gratis
2736 3579 2940 3633 partem,
2972 3560 3068 3626 ait,
3098 3556 3520 3612 manducavimus

1931 3662 1997 3714 ab
2031 3661 2231 3731 aliqua,
2263 3660 2353 3714 sed
2390 3661 2442 3712 in
2470 3659 2645 3712 labore
2671 3668 2715 3710 et
2746 3659 2797 3711 in
2830 3656 3154 3728 fatigatione,
3197 3661 3342 3706 nocte
3368 3659 3414 3704 et
3439 3649 3522 3702 dia

1934 3766 2237 3825 operantes,
2288 3770 2349 3806 ne
2395 3768 2545 3821 quem
2582 3760 2803 3804 vestrum
2851 3763 3176 3821 grat'aremus
3212 3743 3403 3817 (Ibid.,
3440 3741 3518 3811 8).

1934 3844 2134 3899 Doctor
2157 3844 2246 3898 ille
2277 3842 2557 3908 Gentium,
2595 3841 2871 3911 Evangelii
2903 3854 3100 3907 praeco,
3155 3838 3246 3907 qui
3280 3835 3521 3890 sublatus

1933 3945 2016 3989 est
2044 3949 2214 4003 usque
2250 3934 2315 3987 ad
2362 3935 2581 3988 tertium
2612 3932 2808 3987 coelum
2835 3928 3045 4002 (llCor.
3088 3944 3180 3993 stt,
3217 3926 3300 3997 2),
3331 3925 3421 3995 qui
3450 3927 3523 3981 ait

1929 4030 2158 4099 jnssisse
2176 4028 2462 4083 Dominum
2493 4036 2550 4081 ut
2572 4042 2667 4080 eos
2684 4026 2771 4095 qui
2802 4024 3154 4091 Evangelium
3178 4019 3519 4085 annuntiant,

1933 4138 1998 4179 ex
2029 4122 2320 4192 Evangelio
2361 4122 2549 4174 vivant
2577 4118 2620 4191 (1
2649 4117 2770 4173 Cor.
2808 4134 2861 4173 ιιι
2882 4157 2897 4181 ,
2925 4116 3036 4185 lt),
3063 4115 3118 4168 in
3150 4114 3333 4169 labore
3362 4120 3521 4165 nocte

1933 4226 1987 4271 et
2012 4217 2101 4269 die
2128 4216 2474 4285 operabatur,
2502 4229 2567 4268 ne
2587 4228 2745 4282 quem
2769 4218 3038 4278 gravaret.
3069 4207 3207 4274 Quid
3241 4205 3401 4275 igitur
3422 4219 3522 4258 nos

1934 4323 2157 4378 agemus
2195 4307 2287 4377 qui
2323 4322 2434 4374 prae
2461 4316 2679 4374 torpore
2706 4318 2842 4372 Opus
2873 4315 3187 4355 aversamur
3208 4338 3224 4362 ,
3269 4310 3523 4365 corpora-

1935 4401 2148 4468 lemque
2195 4399 2559 4469 perquirimus
2586 4401 2855 4466 quietem;
2887 4394 3081 4464 quibus
3111 4405 3211 4446 nec
3246 4386 3523 4458 Evangelii

1934 4488 2272 4561 prmdicatio,
2307 4504 2482 4557 neque
2526 4487 2894 4541 Ecclesiarum
2939 4499 3067 4539 cura
3097 4482 3387 4537 commissa
3417 4488 3519 4545 est,

209 4594 339 4649 rius
365 4592 740 4662 :rgritudiuem
769 4605 891 4645 esse
919 4591 1098 4653 sitam,
1126 4605 1246 4659 quae
1279 4598 1403 4642 tunc
1428 4598 1672 4659 apparet,
1698 4606 1819 4644 cum
1846 4568 1899 4625 Π
1925 4585 2019 4639 sed
2044 4585 2210 4639 solius
2234 4584 2427 4636 animae
2446 4581 2677 4650 propria:
2690 4578 2999 4634 sollicitudo
3017 4576 3297 4632 incumbit.
3323 4573 3525 4629 Deinde

210 4688 544 4757 ingruentes
572 4685 899 4739 tentationes
930 4684 1302 4753 experimento
1345 4683 1494 4736 illam
1526 4684 1707 4751 palam
1750 4684 1826 4737 fa-

205 4780 389 4835 ciunt.
445 4777 747 4847 Numquam
775 4776 917 4831 enim
970 4776 1132 4828 homo
1161 4774 1387 4829 laedatur
1435 4774 1502 4828 ab
1528 4775 1671 4839 alio,
1723 4777 1827 4829 nisi

211 4871 374 4926 intus
404 4870 567 4924 silum
592 4870 792 4924 habeat
822 4869 1094 4931 morbum,
1126 4867 1336 4922 scilicet
1364 4868 1671 4935 passionum
1702 4884 1828 4921 cau-

206 4977 310 5018 sas
346 4977 506 5030 :ane
540 4976 700 5015 causa
730 4960 982 5029 estquod
1010 4959 1258 5015 omnium
1292 4959 1475 5027 opifex
1526 4968 1580 5014 et
1620 4959 1827 5014 anima-

207 5069 344 5108 rum
374 5052 617 5108 medicus
639 5053 903 5121 Deus,qui
921 5052 1067 5105 solus
1088 5052 1255 5123 probe
1283 5062 1333 5105 et
1352 5062 1605 5106 accurate
1627 5054 1824 5107 animm

205 5145 445 5201 vulnera
480 5144 662 5211 novit,
712 5160 821 5198 non
872 5144 1149 5199 hominum
1202 5144 1475 5199 consortia
1520 5144 1826 5213 relinquere

205 5238 508 5309 prmcipiat
530 5278 545 5302 ,
598 5238 690 5292 sed
721 5238 942 5291 malitiae
970 5252 1161 5291 causas
1207 5237 1259 5290 in
1294 5237 1449 5289 nobis
1477 5236 1825 5300 exscindere,

204 5346 428 5403 gnarus
458 5344 676 5386 causam
708 5331 955 5384 sanitatis
990 5330 1218 5395 animae,
1266 5342 1373 5381 non
1399 5328 1450 5381 in
1482 5330 1824 5396 separatione

209 5425 289 5477 ab
314 5423 630 5478 hominibus
653 5424 910 5487 obtineri,
936 5423 1028 5476 sed
1059 5423 1110 5477 in
1135 5421 1550 5476 conversatione
1575 5436 1696 5477 cum
1728 5421 1822 5476 ho-

206 5516 463 5572 minibus
487 5525 544 5570 et
572 5515 625 5569 in
658 5515 1068 5570 exercitatione.
1120 5514 1257 5567 Cum
1285 5515 1463 5584 itaque
1492 5516 1560 5568 ob
1588 5528 1818 5570 consen-

207 5617 411 5663 taneas
443 5608 700 5678 quasdam
733 5608 1049 5661 occasiones
1078 5607 1278 5661 fratres
1308 5606 1699 5675 relinquimus,
1732 5623 1818 5661 ne-

201 5717 495 5772 quaquam
528 5702 763 5756 tristitiae
796 5702 1114 5756 occasiones
1129 5700 1494 5771 prtecidimus,
1514 5701 1608 5753 sed
1637 5700 1813 5755 solum

197 5794 671 5851 commutavimus
701 5808 823 5858 eas.
866 5793 1057 5849 morbo
1089 5793 1294 5850 scilicet
1329 5792 1479 5848 intus
1508 5793 1693 5858 posito
1722 5808 1812 5847 eas

1927 4678 2126 4733 clarius
2158 4676 2457 4731 ostendens
2503 4683 2762 4745 quantum
2808 4689 2872 4727 ex
2903 4672 3017 4727 otio
3055 4670 3235 4725 damni
3280 4668 3522 4730 accedat,

1927 4770 2234 4841 subiungit:
2273 4768 2421 4823 Nihil
2472 4778 2741 4838 aperantes
2767 4810 2782 4833 ,
2826 4768 2915 4821 sed
2943 4766 3146 4819 curiose
3196 4769 3404 4832 agentes
3449 4760 3519 4832 (ll

1932 4864 2113 4918 Thess.
2140 4879 2223 4928 ιιι,
2258 4863 2385 4933 Η);
2417 4878 2481 4916 ex
2504 4860 2617 4915 otio
2648 4860 2997 4922 inordinatio,
3028 4856 3523 4911 exinordinatione

1932 4955 2110 5009 omnis
2133 4953 2337 5007 malitia
2367 4950 2629 5006 exoritur.
2667 4949 2871 5005 Deinde
2903 4950 3029 5002 huic
3061 4946 3358 5002 remedium
3385 4960 3522 5011 prce-

1934 5064 2127 5118 parans
2148 5049 2260 5116 ait_:
2289 5045 2364 5101 Iis
2389 5054 2562 5099 autem
2588 5045 2674 5115 qui
2714 5043 2969 5115 ejusmodi
2989 5050 3107 5097 sunt
3133 5040 3519 5099 denuntiamus,

1932 5152 1979 5195 et
2021 5142 2319 5206 hortamur,
2364 5150 2419 5191 ut
2450 5156 2569 5191 cum
2604 5137 2811 5192 silentio
2853 5144 3120 5207 operante:
3160 5148 3308 5186 suum
3339 5145 3522 5198 panem

1937 5234 2247 5287 manducent
2290 5230 2483 5301 (Ibid.,
2528 5229 2640 5300 12),
2690 5238 2852 5299 atque
2887 5243 3009 5283 cum
3050 5238 3238 5294 magna
3278 5222 3525 5292 increpa-

1933 5324 2079 5379 tione
2107 5323 2356 5393 subjicit:
2389 5322 2450 5377 Si
2475 5322 2589 5391 quis
2616 5338 2719 5375 non
2744 5319 2851 5373 vult
2880 5317 3099 5390 operari,
3131 5330 3222 5367 nec
3251 5313 3523 5367 mandaret

1931 5420 2124 5489 (Ibid.,
2156 5418 2270 5487 10).
2302 5418 2462 5472 Hisce
2491 5416 2803 5485 apostolicis
2833 5410 3113 5481 praeceptis
3143 5408 3313 5463 sancti
3345 5415 3523 5475 patres

1929 5508 2169 5581 Egyplii
2198 5508 2415 5573 eruditi,
2458 5521 2525 5561 ne
2555 5506 2781 5561 minimo
2804 5503 3021 5574 quidem
3053 5509 3302 5568 tempore
3329 5511 3524 5552 conce-

1927 5605 2061 5657 dunt
2114 5602 2319 5657 otiosos
2378 5616 2499 5657 esse
2557 5600 2885 5663 monachos,
2936 5595 3169 5651 maxime
3227 5594 3518 5663 juniores,

1923 5697 2075 5767 gnari
2124 5711 2185 5753 se
2241 5712 2335 5765 per
2394 5695 2709 5764 patientiam
2769 5692 2973 5761 operis,
3024 5700 3293 5759 torporem
3346 5688 3523 5742 elimi-

1922 5805 2075 5848 nsre.
2125 5803 2390 5852 suumque
2447 5789 2547 5842 sibi
2596 5787 2916 5841 alimentum
2971 5797 3309 5852 comparare,
3360 5790 3519 5851 atque
