4024 6336
655 247 782 324 sat

1144 267 1206 327 S.
1245 267 1573 328 EUCHERII
1607 264 2086 326 LUGDUNENSIS
2121 261 2431 320 EPISCOPI
2470 264 2814 327 EPITOMES
2852 269 3140 330 OPERUM
3177 273 3303 332 LIB.
3340 279 3405 338 li.

3740 303 3815 366 89%

654 383 937 453 egentibus
963 385 1163 441 auxilio
1191 401 1332 442 esse.
1360 385 1475 440 Non
1506 386 1667 440 modo
1693 386 1837 440 enim
1879 399 1976 455 pro
1999 384 2114 439 suis
2136 398 2230 439 ne-
2255 384 2306 443 Δ
2333 382 2498 450 mini,
2536 393 2592 439 ut
2633 386 2978 442 ostenderem
3024 385 3079 442 i'n
3123 383 3370 460 quantam
3418 395 3723 469 insipientiam
3756 416 3816 478 hic

653 478 996 534 cessitatibus
1022 489 1336 546 operantur,
1365 480 1458 534 sed
1502 478 1798 550 peregrinis
1819 479 2000 544 etiam,
2025 492 2229 548 paupe-

653 569 824 636 ribus,
843 571 1049 625 carceri
1073 569 1305 638 traditis,
1337 572 1696 641 omnibusque
1723 571 1906 641 egenis
1929 570 2233 626 necessaria

653 678 720 718 ex
751 677 850 718 suo
877 678 1043 732 opere
1071 663 1419 734 suppeditant
1452 682 1466 716 ε
1499 663 1835 734 creduntque
1857 663 2094 719 ofﬂcium
2131 663 2233 718 bu-

650 754 889 823 jusmodi
933 753 1260 810 sacrificium
1299 770 1420 810 esse
1458 756 1573 812 Deo
1608 766 1913 827 acceptum.
1959 757 2073 812 Hoc
2103 757 2231 811 item

651 846 802 900 aiunt
851 847 1074 912 Patres,
1103 863 1226 902 eum
1257 848 1348 918 qui
1377 858 1650 918 operatur,
1681 864 1802 904 cum
1849 865 1956 904 uno
1984 849 2233 903 daemone

655 955 918 1010 pugnare,
944 955 1008 994 ac
1036 941 1350 1010 plerumque
1376 942 1556 996 abillo
1583 943 1854 1009 tribulari;
1885 944 2116 998 otiosum
2135 958 2233 1022 au-

653 1039 758 1084 tem
787 1031 1010 1086 infinitis
1033 1032 1366 1088 daemonibus
1391 1047 1511 1088 esse
1532 1034 1822 1104 captivum.
1838 1032 2027 1103 Operm
2051 1043 2232 1089 autem

653 1123 888 1189 pretium
912 1124 1284 1180 fueritdictum
1302 1139 1606 1181 memorare
1624 1126 1834 1182 abbatis
1853 1126 2077 1198 Moysis,
2094 1127 2233 1182 inter

653 1211 844 1268 Patres
883 1215 1298 1283 Spectatissimi,
1346 1215 1488 1285 quod
1517 1215 1585 1270 ad
1632 1231 1720 1270 me
1768 1216 1978 1271 locutus
2007 1219 2108 1272 'est.
2149 1217 2234 1274 Me

649 1305 845 1374 quippe
890 1306 1040 1362 brevi
1085 1315 1329 1376 tempore
1370 1306 1649 1362 sedentem
1694 1306 1749 1361 in
1794 1321 2010 1374 eremo,
2044 1317 2233 1378 torpor

659 1395 873 1463 afﬂixit,
899 1405 1063 1468 atque
1085 1398 1348 1453 accedens
1371 1398 1438 1452 ad
1465 1397 1638 1464 illum,
1669 1398 1748 1453 sic
1786 1399 2064 1470 alloquor:
2098 1401 2234 1456 Tor-

650 1504 781 1560 pore
805 1490 1045 1560 graviter
1073 1489 1328 1555 afﬂictus,
1355 1498 1535 1561 “atque
1575 1489 1867 1545 admodum
1903 1492 2229 1560 infirmatus,

650 1595 758 1636 non
787 1583 936 1652 prius
965 1596 1033 1636 eo
1060 1582 1323 1637 liberatus
1352 1597 1468 1636 sum
1497 1597 1658 1652 quam
1681 1582 1886 1638 abirem
1908 1594 1961 1638 et
1981 1585 2233 1640 abbatem

649 1673 871 1730 Paulum
900 1677 1274 1731 convenirem.
1300 1676 1600 1746 Respondit
1621 1676 1756 1730 mihi
1787 1677 1956 1732 abbas
1976 1677 2226 1749 Moyses:

2335 476 2546 534 daemon
2583 480 2839 548 conjiciat
2867 481 3163 537 hominem.
3201 484 3296 551 Qui
3327 490 3434 544 vult
3466 493 3619 564 itaque
3645 476 3816 571 perfecte

2334 579 2566 640 certare,
2602 583 2657 628 et
2677 573 2901 641 justitize
2915 589 3117 631 corona
3141 579 3400 650 redimiri,
3429 589 3816 671 omnibussatagat

2334 664 2510 719 modis
2534 664 2920 722 multiformem
2949 666 3091 724 hanc
3113 685 3364 739 superare
3390 674 3559 746 feram,
3582 697 3672 751 pne
3698 664 3816 754 oculis

2334 771 2548 828 semper
2579 757 2789 814 habens
2818 760 3020 818 dictum
3062 763 3192 818 illud
3235 768 3404 822 sancti
3434 770 3625 830 Davidis
3652 799 3663 831 :
3691 784 3816 843 Domi.

2337 866 2434 904 nus
2460 851 2855 919 dissipavitossa
2879 869 3056 909 eorum
3082 856 3171 925 qui
3199 857 3478 915 hominibus
3504 865 3673 935 placent
3697 875 3813 944 (Pint.

2335 959 2430 1012 ut,
2455 942 2546 1014 6);
2576 945 2823 1016 nihilque
2853 958 2980 1018 agat
3024 947 3225 1006 intuitu
3263 952 3469 1010 laudum
3511 942 3815 1041 humanarum,
3883 975 3892 992 '

2335 1039 2431 1093 sed
2454 1039 2758 1096 mercedem
2786 1050 2998 1112 quaerat
3021 1057 3052 1097 a
3085 1044 3214 1111 Deo,
3246 1060 3308 1101 ac
3324 1039 3816 1129 cogitationespmpris

2335 1131 2530 1201 laudis,
2563 1148 2658 1189 cor
2687 1148 2844 1189 suum
2869 1137 3182 1194 invadentes
3205 1155 3418 1210 semper
3441 1144 3658 1216 abjiciat:
3683 1161 3817 1215 sesein

2335 1237 2628 1292 conspectu
2651 1225 2747 1281 Dei
2767 1226 3052 1296 despiciat.
3072 1229 3185 1285 Hoc
3215 1231 3471 1303 siquidem
3505 1249 3639 1307 pacto
3665 1249 3816 1316 poterit,

2336 1316 2451 1372 Deo
2475 1317 2717 1388 juvante,
2741 1319 2962 1376 liberari
2993 1323 3441 1396 abinattisgloria?
3457 1329 3683 1401 daemone,
3703 1344 3818 1407 gratia

2336 1409 2551 1464 Domini
2572 1411 2746 1466 nostri
2767 1412 2917 1481 Jesu,
2944 1415 3031 1470 cui
3058 1416 3227 1486 gloria
3253 1417 3307 1472 in
3336 1421 3541 1475 saecula.
3569 1424 3722 1484 Amen.

2405 1500 2459 1556 8.
2493 1500 2670 1573 (Cass.
2696 1503 2833 1558 Inst.
2867 1505 2905 1559 ι.
2934 1520 3039 1574 xu,
3068 1523 3115 1562 ε.
3137 1507 3166 1560 1
3197 1518 3244 1563 et
3267 1510 3441 1584 seqq.)
3473 1513 3690 1573 Octavum
3716 1524 3818 1581 nobis

2335 1604 2419 1651 est
2446 1606 2725 1654 certamen
2771 1599 3034 1656 adversus
3063 1603 3310 1673 spiritum
3341 1609 3612 1680 superbire,
3638 1618 3744 1685 quod
3765 1633 3817 1677 est

2336 1690 2550 1759 gravius
2598 1691 2885 1762 acriusque
2931 1694 3142 1750 caeteris
3192 1698 3477 1766 omnibus,
3528 1709 3619 1771 auo
3665 1709 3818 1776 perfecti

649 1765 998 1838 Perspectum
1051 1769 1188 1824 habe
1227 1770 1459 1839 teipsum
1504 1769 1726 1825 minime
1754 1770 1822 1825 ab
1857 1785 1924 1826 eo
1967 1769 2228 1828 hactenus
2257 1766 2305 1827 Β
2331 1784 2565 1840 maxime
2601 1797 3012 1857 oppugnantur,
3041 1789 3241 1860 quique
3269 1805 3362 1845 eos
3387 1791 3476 1862 qui
3504 1765 3601 1851 fere
3629 1765 3682 1852 ad
3708 1765 3819 1859 virtu.

648 1858 930 1926 liberasse,
956 1861 1126 1915 immo
1151 1861 1329 1930 potius
1351 1861 1652 1916 dedititium
1684 1871 1736 1917 te
1752 1872 1916 1934 atque
1940 1878 2156 1919 servum
2176 1865 2228 1920 ei

653 1952 961 2008 tradidisse.
993 1951 1138 2007 Scito
1155 1953 1314 2023 igitur
1333 1955 1549 2024 gravius
1570 1963 1640 2020 te,
1663 1964 1848 2024 utpote
1869 1956 2226 2025 desertorem,

648 2044 719 2110 ab
743 2059 810 2100 eo
842 2043 1221 2099 debellandum
1267 2060 1409 2115 esse,
1458 2046 1562 2101 nisi
1598 2047 1854 2116 deinceps
1895 2064 1991 2118 per
2017 2050 2228 2118 patien-

655 2139 809 2202 tiam,
854 2137 1155 2193 orationem
1187 2146 1244 2194 et
1277 2152 1412 2210 opus
1458 2155 1737 2208 manuum,
1768 2155 1891 2196 eum
1921 2155 2232 2214 oppugnare

646 2229 936 2285 studueris.

717 2323 770 2376 7.
810 2321 979 2394 (Cass.
1005 2321 1140 2377 Inst.
1170 2324 1258 2378 tib.
1287 2340 1362 2391 x1,
1386 2342 1437 2380 ε.
1461 2325 1488 2380 1
1507 2336 1553 2380 et
1567 2329 1732 2399 seqq.)
1750 2327 2049 2398 Septimum
2075 2332 2233 2387 nobis

644 2424 728 2470 est
752 2424 1024 2471 certamen
1051 2416 1312 2472 adversus
1339 2419 1586 2487 spiritum
1607 2419 1785 2476 inanis
1807 2422 2020 2491 gloriae,
2046 2425 2232 2479 multi-

643 2506 872 2562 formem
899 2507 1048 2563 illam
1075 2522 1141 2564 ac
1172 2510 1544 2565 tenuissimam
1571 2512 1897 2581 passionem,
1924 2530 2046 2585 quae
2070 2531 2139 2572 ne
2167 2517 2234 2572 ab

643 2613 709 2655 eo
737 2599 950 2669 quidem
977 2601 1070 2671 qui
1103 2610 1339 2658 tentatur
1367 2607 1870 2675 comprehenditur.
1902 2607 2233 2666 Ca'eterarum

641 2694 845 2764 quippe
867 2695 1178 2763 passionum
1203 2697 1551 2768 irruptiones,
1576 2703 1874 2770 apertiores
1901 2713 2048 2771 sunt,
2073 2715 2233 2775 atque

641 2783 853 2842 facilius
875 2801 997 2843 cum
1018 2788 1084 2843 iis
1105 2797 1372 2859 pugnatur
1395 2808 1408 2844 :
1435 2793 1612 2848 anima
1639 2793 1862 2864 quippe,
1888 2810 2007 2849 cum
2030 2795 2233 2852 bellum

641 2878 919 2948 agnoscit,
960 2881 1310 2951 repugnando
1348 2893 1400 2938 et
1434 2884 1641 2940 orando
1676 2895 1914 2954 superat.
1948 2888 2018 2942 At
2054 2887 2235 2945 inanis

639 2971 828 3040 gloria:
857 2973 1061 3027 malitia
1091 2975 1438 3031 multiformis
1466 2991 1588 3032 cum
1619 2979 1718 3044 sit,
1745 2980 1821 3034 uti
1843 2995 2003 3049 supra
2027 2981 2232 3037 dictum

639 3072 744 3129 est,
777 3075 1080 3136 expugnato
1109 3068 1346 3124 difficilis
1375 3079 1478 3126 est.
1509 3072 1566 3126 In
1591 3074 1734 3128 omni
1766 3075 1963 3143 quippe
1993 3074 2228 3132 hominis
2249 3068 2286 3143 ’ς

2334 1881 2445 1928 tum
2502 1875 2771 1944 fastigium
2817 1893 3135 1948 pervenere,
3179 1881 3499 1940 subvertere
3548 1893 3748 1959 conatui;
3779 1913 3819 1952 ac

2331 1967 2504 2023 morbi
2533 1969 2778 2039 pestiferi
2799 1972 2971 2028 instar
3008 1989 3117 2029 non
3158 1983 3367 2044 partem
3395 1983 3637 2052 corporis,
3666 1986 3736 2040 sed
3768 1998 3819 2043 to-

2331 2069 2446 2116 tum
2474 2064 2674 2132 perdit.
2711 2063 2781 2119 Et
2819 2065 2940 2120 alia:
2979 2066 3199 2137 quidem
3232 2069 3451 2140 singulae
3482 2074 3739 2146 passiones,
3765 2088 3818 2135 ων

2333 2155 2492 2209 metsi
2521 2155 2755 2210 animam
2777 2158 3019 2230 turbant,
3051 2160 3177 2229 quia
3211 2171 3388 2217 tamen
3414 2178 3527 2219 cum
3557 2183 3646 2220 una
3679 2177 3819 2227 tantum

2334 2247 2534 2302 virtute
2573 2247 2678 2303 sibi
2710 2251 2956 2319 opposita
2992 2253 3264 2323 pugnant',
3319 2263 3475 2324 atque
3507 2271 3609 2311 eam
3640 2276 3820 2329 superare

2335 2341 2602 2407 nituntur,
2640 2356 2708 2397 ex
2745 2354 2898 2411 parte
2937 2345 3111 2400 solum
3161 2346 3394 2402 animam
3441 2349 3690 2405 obscurant
3713 2365 3821 2422 atque

2333 2436 2686 2504 conturbant;
2729 2438 3000 2508 superbiae
3045 2447 3224 2495 autem
3264 2442 3441 2511 passio
3475 2451 3621 2498 totam
3655 2447 3820 2502 tenebris

2333 2525 2582 2595 offundit,
2607 2536 2661 2583 et
2687 2529 2753 2583 ad
2783 2531 3081 2586 extremam
3115 2531 3338 2587 deducit
3376 2533 3592 2590 ruinam.
3632 2535 3762 2606 thue
3781 2537 3821 2592 li-

2334 2618 2546 2688 quidius
2579 2620 2722 2688 quod
2759 2620 2964 2677 dictum
3013 2631 3099 2679 est
3138 2625 3528 2694 excogitemus,
3569 2627 3652 2681 hac
3677 2629 3822 2684 ratione

2334 2726 2448 2767 rem
2481 2715 2847 2782 speculcmur.
2871 2714 3020 2772 Gulze
3051 2717 3240 2772 vitium
3275 2718 3626 2774 abstinentiam
3649 2735 3822 2776 corrum-

2334 2815 2464 2875 pere
2492 2807 2708 2878 satagit,
2749 2807 3039 2866 fornicatio
3074 2812 3487 2878 continentiam,
3522 2816 3710 2870 avaritia
3737 2832 3822 2884 pan.

2334 2909 2624 2968 pertatem,
2682 2901 2978 2974 indignatio
3031 2906 3524 2974 mansuetudinem,
3574 2923 3628 2963 ac
3665 2909 3822 2978 reliqua

2335 2991 2542 3060 species
2569 2993 2810 3061 malitiae,
2841 2997 3138 3051 contrarias
3168 2998 3274 3053 sibi
3298 2999 3538 3066 virtutes;
3563 3008 3609 3054 at
3629 2997 3822 3068 superbia

2334 3085 2538 3140 malitia
2573 3101 2695 3140 cum
2737 3087 2951 3142 misera:
2988 3087 3181 3143 anima:
3217 3089 3540 3158 dominatur,
3579 3087 3692 3146 haud
3717 3105 3823 3146 secus

639 3156 818 3211 studio
853 3173 1096 3227 praesens
1135 3174 1194 3216 se
1234 3161 1408 3229 sistit,
1440 3164 1496 3218 in
1528 3163 1718 3220 habitu
1750 3141 1985 3234 scilicet,
2019 3165 2222 3237 forma,
2250 3141 2296 3204 C
2331 3177 2444 3246 agit
2482 3193 2640 3247 quam
2680 3180 3175 3236 truculentissimus
3225 3182 3441 3251 quidam
3486 3193 3727 3255 tyrannus,
3762 3182 3822 3250 qui

637 3251 852 3319 gressu,
884 3267 1162 3322 sermone,
1206 3255 1424 3325 vigiliis,
1457 3256 1698 3327 jejuniis,
1739 3258 1794 3312 in
1828 3262 2103 3326 oratione,
2148 3261 2225 3316 le-

639 3343 852 3406 ctione,
885 3342 1097 3412 quiete,
1139 3345 1195 3398 in
1231 3347 1653 3416 aequanimitate.
1695 3348 1764 3403 lis
1793 3350 1939 3403 enim
1971 3351 2224 3408 omnibus

639 3440 866 3486 conatur
899 3431 1131 3489 militem
1165 3434 1369 3492 Christi
1403 3439 1716 3496 confodere.
1755 3440 1924 3508 Quem
1959 3443 2106 3497 enim
2135 3457 2226 3499 ve-

637 3529 1015 3586 stimentorum
1055 3534 1465 3603 sumptuositate
1507 3535 1757 3606 decipere
1805 3541 2019 3607 nequit,
2061 3548 2119 3595 et
2157 3540 2227 3596 ad

639 3632 832 3676 vanam
879 3623 1107 3692 gloriam
1147 3625 1470 3694 deflectere,
1511 3643 1634 3683 eum
1672 3629 1981 3686 vestimenti
2016 3632 2226 3690 vilitate

640 3723 828 3770 tentat.
866 3717 932 3772 Et
965 3734 1124 3788 quem
1163 3736 1269 3774 non
1305 3722 1481 3791 potuit
1511 3723 1746 3792 honore,
1785 3741 1905 3781 eum
1945 3727 2228 3786 dedecoris

639 3808 896 3876 patientia
927 3811 992 3865 ad
1015 3811 1379 3882 insipientiam
1411 3831 1582 3887 usque
1609 3818 1789 3885 inﬂat;
1816 3817 1973 3890 quem
1999 3823 2225 3878 scientia

639 3899 705 3954 ad
731 3915 919 3956 vanam
939 3904 1164 3974 gloriam
1190 3903 1456 3964 deducere
1481 3912 1741 3982 nequivit,
1756 3927 1878 3967 eum
1898 3927 1964 3968 ex
1986 3913 2223 3983 silentio,

643 3995 796 4061 quasi
840 3998 1080 4064 quietum
1129 3998 1433 4067 hominem,
1483 4002 1734 4073 decipere
1772 4007 2026 4073 conatur;
2067 4023 2226 4077 quem

641 4085 881 4142 ciborum
921 4089 1127 4145 lautitia
1176 4091 1243 4146 ad
1284 4093 1562 4150 mollitiem
1616 4098 1829 4156 trahere
1876 4115 1982 4156 non
2026 4103 2224 4171 valuit,

641 4191 763 4234 eum
787 4180 997 4252 jejunio
1018 4184 1083 4238 ad
1113 4186 1328 4240 laudum
1359 4190 1704 4256 cupiditatem
1732 4193 1967 4249 deducit.
1999 4196 2226 4254 Demum

635 4281 772 4342 opus
794 4288 973 4343 omne,
1021 4291 1181 4333 omne
1217 4279 1487 4347 studium,
1535 4282 1662 4338 belli
1711 4286 2047 4341 occasionem
2101 4289 2226 4345 huic

636 4365 869 4422 damoni
913 4369 1136 4437 praebet.
1186 4372 1266 4426 Ad
1309 4372 1427 4428 haec
1474 4376 1564 4443 qui
1615 4375 1683 4430 ab
1725 4377 1818 4431 illo
1861 4390 2221 4450 oppugnatur,

635 4473 1039 4532 nonnumquam
1084 4465 1187 4518 sibi
1239 4467 1379 4520 sacri
1429 4468 1631 4524 ordinis
1683 4471 1884 4541 gradus
1937 4475 2229 4546 confingit.

638 4551 852 4608 Memini
881 4555 1160 4625 cujusdam
1191 4559 1356 4628 senis,
1387 4561 1498 4629 qui,
1524 4575 1646 4616 cum
1675 4563 1729 4617 in
1757 4563 1916 4621 Scete
1938 4565 2212 4637 degerem,

638 4643 888 4701 cellulam
914 4649 1045 4704 adiit
1071 4651 1349 4718 cujusdam
1383 4652 1563 4710 fratris
1588 4656 1838 4713 visitandi
1867 4674 2047 4731 causa,
2078 4673 2134 4718 et
2159 4673 2218 4719 ut

636 4737 812 4809 janua:
842 4741 993 4795 cellae
1022 4745 1495 4816 appropinquavit,
1529 4749 1703 4818 ipsum
1730 4752 1932 4808 audivit
1966 4754 2108 4811 intus
2136 4757 2218 4813 lo-

637 4840 920 4900 quentem;
963 4843 1165 4890 etcum
1202 4847 1414 4907 putaret
1451 4855 1615 4896 senex
1653 4843 1938 4914 quidpiam.
1965 4847 2112 4902 illum
2149 4864 2217 4905 ex

637 4921 914 4993 Scriptura
946 4933 1210 4994 repetere,
1245 4932 1395 4984 stetit
1422 4933 1839 5003 auscultaturus,
1861 4947 2022 5007 atque
2050 4940 2218 4995 sensit

637 5015 785 5070 illum
815 5024 881 5071 ex
912 5016 1056 5070 inani
1087 5018 1254 5086 gloria
1280 5021 1535 5088 insanire,
1564 5038 1629 5080 ac
1653 5032 1775 5081 Sese
1811 5027 2094 5084 diaconum
2124 5046 2215 5084 or—

636 5109 844 5178 dinare,
885 5109 1392 5184 catechumenisque
1434 5116 1800 5174 dimissionem
1858 5121 2110 5178 tribdere.
2159 5124 2217 5180 id

636 5215 757 5258 cum
786 5203 1026 5261 audisset
1054 5208 1250 5270 seiie’x,
1279 5207 1496 5264 demum
1541 5217 1722 5283 aperta
1747 5213 1910 5284 janua
1950 5217 2216 5284 introivit,

635 5296 718 5352 cui
752 5295 915 5352 frater
934 5301 1223 5353 occurrens
1258 5295 1326 5354 de
1354 5315 1504 5357 more
1527 5302 1778 5360 salutavit
1807 5315 1957 5373 cum,
1991 5307 2220 5378 rogavit-

635 5395 740 5457 qae
777 5402 844 5442 an
874 5389 964 5443 diu
999 5389 1066 5444 ad
1095 5389 1316 5459 januam
1355 5393 1615 5449 stetisset.
1640 5396 1774 5451 Tum
1808 5403 1972 5454 senex
2007 5401 2218 5469 placide

633 5481 916 5549 respondit
942 5481 1018 5536 illi
1045 5501 1058 5536 :
1085 5484 1210 5540 ‘Mox
1243 5486 1441 5557 inquit,
1480 5488 1701 5557 adveni,
1733 5505 1852 5546 cum
1888 5501 1938 5549 tu
1965 5497 2218 5550 catechu-

635 5573 810 5626 menis
854 5573 1223 5632 dimissionem
1269 5579 1565 5636 tribuebas.
1620 5581 1714 5637 His
1773 5583 1937 5640 frater
1989 5587 2217 5654 auditis,

633 5664 868 5734 procidit
893 5667 959 5719 ad
991 5668 1135 5722 senis
1179 5669 1374 5737 pedes,
1414 5681 1470 5726 ut
1509 5675 1756 5743 precibus
1793 5680 2089 5747 postularet
2117 5680 2218 5737 sibi

636 5754 838 5812 omnis
875 5756 1247 5825 hujuscemodi
1288 5761 1682 5825 liberationem.
1719 5767 1953 5839 Hujusce
1991 5771 2069 5828 rei
2106 5785 2218 5829 me-

2329 3271 2506 3339 ampla
2537 3280 2591 3326 et
2626 3273 2843 3327 excelsa
2881 3285 3032 3342 capta
3056 3274 3224 3340 urbe,
3261 3284 3428 3329 totam
3453 3275 3600 3330 diruit
3625 3285 3671 3330 et
3698 3275 3824 3330 afan-

2327 3360 2594 3418 damcntis
2620 3365 2832 3419 evertit.
2865 3361 3030 3434 Cujus
3061 3368 3139 3421 rei
3173 3367 3332 3422 testis
3368 3377 3449 3422 est
3483 3367 3674 3436 angelus
3699 3366 3822 3433 quiet

2327 3457 2467 3512 casio
2497 3468 2717 3526 propter
2748 3458 3051 3528 superbiam
3081 3458 3313 3526 cecidit;
3360 3449 3446 3531 qui
3488 3475 3518 3515 a
3547 3460 3642 3515 Deo
3673 3471 3822 3514 creatus

2325 3557 2383 3604 et
2410 3551 2556 3603 omni
2583 3550 2782 3606 virtute
2807 3566 2871 3606 ac
2902 3552 3163 3622 sapientia
3189 3557 3442 3622 ornatus,
3472 3569 3567 3608 non
3590 3551 3668 3607 Dei
3691 3553 3822 3621 gratia

2328 3640 2446 3696 haec
2476 3640 2746 3697 ascribere
2771 3642 2967 3710 voluit,
3010 3643 3106 3698 sed
3139 3645 3376 3714 propriae
3415 3645 3627 3710 naturas;
3658 3641 3763 3696 unde
3785 3656 3822 3696 se

2329 3734 2443 3790 Deo
2471 3736 2728 3805 aequalem
2760 3751 2883 3792 esse
2918 3737 3120 3806 putavit
3146 3755 3160 3792 :
3191 3753 3352 3808 quam
3384 3739 3495 3808 ejus
3529 3736 3820 3808 cogitationem

2327 3841 2561 3897 arguens
2591 3827 2854 3898 propheta
2883 3829 3015 3890 dicit
3039 3849 3050 3884 :
3080 3828 3277 3886 Dixisti
3303 3833 3359 3886 in
3388 3832 3535 3887 corde
3559 3841 3661 3885 tuo:
3681 3829 3822 3884 Sedabo

2327 3920 2382 3973 in
2409 3929 2578 3974 monte
2605 3919 2807 3976 excelso
2827 3962 2842 3988 ,
2883 3937 3075 3992 ponam
3105 3921 3353 3976 thronum
3379 3939 3540 3978 meum
3573 3937 3699 3985 supra
3716 3919 3821 3972 nubes

2328 4021 2378 4067 et
2395 4012 2578 4067 similis
2605 4029 2691 4067 ero
2712 4011 2977 4068 Altissimo
3005 4011 3161 4085 (Isai.
3189 4031 3303 4082 nv,
3337 4017 3448 4086 15).
3488 4014 3561 4071 Tu
3581 4031 3679 4070 vero
3703 4015 3821 4077 homo,

2329 4115 2376 4158 et
2406 4122 2508 4159 non
2536 4103 2673 4160 Deus
2712 4105 2849 4176 (Id.,
2900 4121 3032 4160 nat
3055 4148 3069 4172 ,
3097 4106 3174 4178 5).
3209 4107 3468 4179 Aliusque
3495 4107 3715 4178 propheta
3748 4106 3818 4157 ait:

2331 4196 2470 4260 Quid
2490 4197 2728 4268 gloriaris
2750 4197 2802 4250 in
2822 4196 3021 4250 malitia
3042 4198 3128 4267 qui
3151 4209 3331 4266 potens
3349 4201 3439 4255 es?
3460 4209 3511 4254 ct
3537 4197 3821 4269 paucisintet-

2323 4287 2484 4356 jectis
2508 4305 2522 4342 :
2555 4287 2794 4342 Dilcxisti
2823 4289 2995 4342 omnia
3020 4287 3171 4343 verba
3198 4292 3745 4360 dmtersionisJinguam
3760 4287 3820 4339 do~

2327 4381 2511 4436 locum.
2544 4381 2826 4452 PrOpterea
2865 4382 3002 4436 Deus
3030 4383 3250 4438 destruet
3283 4395 3330 4439 te
3352 4387 3404 4439 in
3429 4386 3593 4455 ﬁnem,
3632 4382 3766 4437 evellet
3787 4387 3818 4434 te

2328 4483 2374 4528 et
2405 4477 2680 4546 transferet
2701 4482 2750 4528 te
2779 4475 2843 4528 de
2866 4475 3194 4530 tabernaculo
3219 4485 3328 4542 tuo,
3354 4488 3401 4532 et
3427 4477 3637 4531 'ra'di'cem
3660 4484 3764 4528 tuam
3780 4470 3822 4523 dc
3922 4523 3923 4540 η

2323 4577 2460 4623 terra
2480 4567 2778 4622 uiuentium.
2817 4565 3072 4621 Videbunt
3105 4569 3319 4636 jusli'et
3358 4570 3626 4634 timebunt,
3658 4565 3822 4634 uesper

2322 4677 2439 4716 eum
2466 4660 2705 4714 ridebunt
2749 4668 2797 4713 et
2835 4660 3005 4714 dicent
3037 4677 3056 4715 :
3081 4659 3217 4716 Ecce
3259 4660 3413 4716 homo
3455 4661 3540 4733 qui
3579 4677 3667 4714 non
3703 4655 3820 4726 possit

2323 4752 2491 4808 Deum
2535 4753 2827 4824 adjutorem
2867 4767 3050 4818 suum,
3087 4762 3136 4806 et
3175 4754 3447 4820 mavoluit
3473 4754 3528 4806 in
3555 4751 3820 4805 sanitatum

2325 4841 2549 4915 (Psalm.
2582 4840 2682 4914 ιι).
2712 4842 2838 4897 Haec
2863 4858 2988 4899 cum
3018 4844 3280 4910 sciamus,
3323 4844 3597 4898 timeamus
3620 4883 3632 4908 ,
3656 4851 3698 4895 et
3721 4840 3820 4892 omni

2324 4935 2566 4990 custodia
2597 4947 2877 4989 servemus
2910 4949 3007 4990 cor
3042 4942 3286 4990 nostrum
3325 4934 3505 5003 (Prov.
3536 4949 3603 5002 iv,
3629 4933 3704 5001 25)
3727 4944 3748 4982 a
3768 4927 3820 4981 le-

2327 5026 2525 5082 thifero
2563 5027 2753 5097 spiritu
2791 5028 3101 5097 superbiae,
3143 5028 3301 5083 nobis
3341 5028 3474 5098 ipsis
3499 5028 3607 5083 haec
3639 5019 3821 5093 Δροειοῐὶ

2327 5119 2618 5176 recitantes
2640 5159 2657 5186 ,
2688 5119 2904 5190 quando
2932 5120 3146 5175 virtutis
3174 5121 3476 5191 cujuspiam
3500 5133 3624 5190 opus
3645 5114 3821 5188 perfece-

2323 5216 2494 5271 rimus'
2522 5233 2536 5269 :
2569 5213 2693 5270 Non
2718 5231 2810 5285 ego
2839 5225 3030 5284 autem,
3050 5215 3140 5269 sed
3160 5215 3330 5285 gratia
3350 5215 3447 5269 Dei
3471 5230 3578 5283 quis
3599 5219 3756 5266 meum
3775 5211 3822 5259 est

2324 5305 2535 5378 (ICOr.
2564 5315 2656 5374 xv,
2690 5305 2884 5376 10);et
2909 5305 3053 5376 quod
3083 5321 3111 5360 a
3140 5306 3370 5361 Domino
3395 5305 3588 5360 dictum
3610 5311 3680 5357 est
3701 5317 3712 5352 :
3737 5297 3822 5352 Siue

2324 5415 2407 5454 me
2429 5399 2563 5454 nihil
2584 5399 2790 5470 potestis
2811 5403 2978 5470 facere
2996 5399 3176 5470 (Joan.
3210 5413 3300 5465 xv,
3334 5399 3427 5469 5):
3471 5406 3522 5452 et
3547 5394 3672 5466 quod
3694 5407 3718 5446 a
3739 5401 3823 5460 pro-

2323 5492 2485 5562 pheta
2509 5492 2712 5546 dictum
2744 5497 2827 5545 est
2852 5508 2865 5543 :
2891 5489 3012 5544 Nisi
3035 5489 3288 5543 Dominus
3312 5487 3625 5559 aediﬁcaverit
3651 5484 3820 5540 domum,

2323 5585 2379 5638 in
2402 5600 2588 5638 uanum
2608 5582 2964 5636 laboraverunt
2991 5582 3078 5652 qui
3101 5581 3362 5649 adiﬁcam
3387 5597 3495 5633 eam
3527 5576 3822 5650 (Psat.cml.

2328 5679 2416 5748 l);
2446 5677 2780 5746 iterumque:
2815 5673 2938 5728 Non
2962 5674 3193 5741 volentis,
3217 5688 3376 5740 neque
3397 5670 3647 5734 currentis,
3667 5664 3738 5717 sed
3757 5660 3823 5711 nti-

2328 5770 2539 5826 serentis
2567 5778 2640 5823 est
2663 5767 2760 5822 Dei
2784 5765 2959 5837 (Rom.
2988 5781 3062 5836 sx,
3098 5765 3207 5834 l6).
3236 5764 3369 5822 Nam
3414 5750 3823 5830 etiamsiquitlh'
