4024 6336
178 388 290 449 895

570 387 666 447 AD
699 386 926 446 orsus
965 388 1023 446 s.
1063 386 1392 448 EUCHERll
1428 387 1798 446 APPENDIX.
1837 343 2310 445 conamina
2347 341 2413 444 tu
2450 385 2770 445 GENESIM.
2807 385 2936 443 ιω.
2979 384 3021 442 t.

3346 349 3456 470 sai.

177 511 376 568 critate
401 507 618 564 fervens
638 545 654 572 ,
704 521 768 562 ac
807 507 1084 577 proposito
1111 506 1385 563 studiosus
1415 508 1574 561 fuerit
1593 549 1609 576 ,
1663 507 1758 563 sed
1782 513 1836 571 Α
1862 506 1958 562 Dei
1986 506 2130 560 salus
2159 505 2399 573 accedat,
2433 507 2582 560 testis
2613 507 2697 560 est
2728 480 2865 560 latro
2894 505 2983 560 ille
3009 504 3098 574 qui
3130 517 3236 558 non
3261 502 3313 558 in
3337 502 3447 557 vir-

179 617 348 659 carue
378 600 614 670 illigatus
644 607 697 656 et
724 597 1006 669 sanguine,
1030 614 1134 654 non
1159 600 1358 670 poterit
1382 597 1448 654 ad
1477 598 1761 670 perfectio-

175 711 306 752 nem
337 697 625 766 pervenire
649 736 666 762 ,
697 693 801 750 nisi
826 693 895 749 ad
938 693 1057 750 haec
1102 695 1283 748 omnia
1314 693 1367 748 in
1395 677 1765 747 misericordia

173 797 233 844 et
265 788 322 844 in
350 785 523 858 gratia
550 785 755 841 Christi
784 787 1084 856 speraverit
1120 802 1136 841 :
1167 801 1313 851 nam,
1339 785 1493 856 juxta
1520 784 1764 841 divinum

173 877 441 935 Iacobum
481 894 498 934 :
530 875 695 933 Omne
719 859 898 932 datum
918 879 1123 941 bonum,
1148 886 1196 932 et
1215 893 1362 932 omne
1384 878 1572 932 donum
1597 879 1765 949 perfe-

173 965 316 1044 ctlt'm
335 970 606 1026 desursum
624 977 713 1037 est,
729 967 1039 1026 descendens
1059 987 1092 1024 a
1115 969 1270 1023 Patre
1284 969 1533 1024 luminum
1553 968 1758 1042 (Iacob.

174 1075 218 1128 ι,
246 1062 365 1132 17).
399 1063 466 1116 Et
491 1062 692 1118 Paulus
717 1062 977 1130 ait:Quid
1003 1063 1138 1116 enim
1163 1060 1318 1117 habes
1337 1062 1474 1134 quod
1500 1078 1602 1116 non
1620 1077 1762 1115 acce-

167 1154 338 1228 pisti?
361 1154 425 1211 Si
452 1153 623 1209 autem
649 1143 909 1223 accepisti,
925 1154 1050 1222 quid
1074 1155 1310 1226 gloriaris
1335 1155 1483 1223 quasi
1505 1153 1605 1208 non
1627 1157 1765 1210 acce-

173 1247 312 1319 peris
334 1246 380 1318 (1
402 1239 521 1328 σόντ
551 1261 628 1313 tv,
647 1233 868 1318 7)?Sed
893 1245 962 1324 de
990 1235 1178 1328 alienis
1207 1243 1362 1300 donis
1385 1245 1536 1315 quasi
1560 1245 1627 1300 de
1656 1237 1762 1300 'tuis

172 1339 482 1394 eatolleris.
509 1335 663 1406 Quod
690 1346 870 1394 autem
900 1327 1056 1393 nobis
1083 1337 1257 1405 gratia
1308 1344 1364 1393 et
1391 1335 1762 1392 misericordia

1869 598 1998 652 tutis
2044 597 2321 666 praemium
2367 611 2588 666 regnum
2630 597 2891 653 caelorum
2929 595 3154 665 adeptus
3194 603 3306 663 est,
3349 585 3446 648 sed

1865 687 2042 760 gratia
2073 695 2128 743 et
2151 688 2519 765 misericordia
2551 688 2645 743 Dei
2677 687 2830 760 (Luc.
2861 673 3012 752 iam,
3039 683 3298 758 b5).ﬂ:ec
3322 700 3443 762 cum

1868 780 2037 850 probe
2078 788 2302 834 nossent
2346 788 2526 848 patres
2555 781 2763 846 nostri,
2808 795 2913 834 una
2949 794 3138 834 omnes
3176 778 3442 833 sententia

1867 871 2208 928 tradiderunt
2245 888 2350 926 non
2389 887 2546 940 posse
2592 885 2691 927 nos
2732 872 2945 926 firmum
2974 871 3040 926 ad
3077 870 3292 924 virtutis
3321 883 3444 939 per-

1864 965 2154 1022 fectionem
2169 965 2353 1044 jacere
2373 964 2799 1031 fundamentum,
2830 964 2933 1019 nisi
2959 978 3053 1033 per
3079 955 3441 1016 humilitatem

1862 1076 1984 1132 qua:
2009 1076 2038 1114 a
2070 1059 2200 1124 fide,
2229 1057 2642 1114 mansuetudine
2661 1067 2714 1111 et
2741 1056 2978 1126 perfecta
2996 1064 3304 1125 paupertate
3322 1070 3443 1122 pro-

1861 1154 2033 1220 cedit;
2061 1153 2256 1223 quibus
2281 1150 2522 1222 perfecta
2553 1151 2790 1207 Charitas
2815 1148 3090 1204 obtinetur
3128 1149 3298 1216 gratia
3339 1147 3443 1200 Do-

1865 1235 1995 1300 mini
2022 1235 2193 1300 nostri
2224 1243 2352 1299 .lesu
2382 1242 2606 1314 Christi,
2639 1259 2760 1298 cum
2789 1257 2894 1313 quo
2919 1240 3064 1296 Patri
3093 1240 3283 1310 gloria,
3317 1255 3438 1293 cum

1863 1347 2052 1395 sancto
2081 1337 2286 1407 Spiritu
2317 1336 2370 1391 itt
2399 1337 2620 1392 saecula.
2644 1340 2837 1391 Amen.

1331 1562 2293 1692 APPENDIX

747 1885 1487 2065 omna
1587 1771 2805 2067 sfaucnaan

193 2291 674 2377 SCRIPTA
744 2294 957 2375 VEL
1032 2297 1352 2372 DUBIE
1431 2293 1639 2369 VEL
1713 2295 1753 2368 Ῑ

1858 2297 2053 2370 LSO
2131 2297 2226 2373 s.
2307 2299 2644 2373 PATBI
2707 2291 3338 2378 ATTMBUTA

569 2575 1842 2726 COMMENTARII
1916 2537 2138 2723 IN
2237 2583 3026 2724 GENESIM

1333 2793 1400 2848 IN
1431 2795 1593 2848 TRES
1624 2795 1846 2849 LIBROS
1889 2795 2277 2848 DISTRIBUTI.

1207 3003 1686 3132 LIBER
1761 3007 2392 3129 PRIMUS.

235 3193 506 3268 verentes
558 3205 875 3277 mttltiplicta
928 3220 1249 3272 congerere.
1309 3222 1377 3262 ne
1429 3207 1739 3263 stomachus
1773 3212 1818 3272 Β
1846 3205 1986 3262 facta
2022 3218 2178 3273 sunt,
2216 3209 2462 3263 ordinem
2490 3216 2697 3265 texere.
2741 3209 2999 3264 Creatttra
3039 3212 3157 3266 caeli
3201 3220 3253 3264 et
3279 3220 3438 3267 terras

164 3285 464 3356 legentium
498 3292 765 3356 saturatas
795 3297 900 3356 non
940 3279 1127 3356 solum
1159 3279 1619 3356 oblata__renttat,_
1647 3279 1742 3356 sed

170 3349 467 3426 et'ingesta
496 3353 722 3422 rejiciat,
757 3352 1068 3421 priusquam
1096 3349 1162 3403 de
1189 3350 1370 3426 mundi
1398 3350 1659 3426 principio
1681 3351 1752 3405 sit

166 3422 526 3496 loqtt€rtdum,
549 3426 833 3479 dicendum
855 3431 938 3476 est
955 3429 1142 3496 contra
1164 3431 1258 3474 eos
1275 3422 1362 3496 qui
1382 3423 1752 3496 ore_sa_cri|ego

167 3493 378 3552 de‘Deo
395 3497 675 3568 diSptttare
691 3497 947 3568 nituntur,
969 3493 1211 3568 dicentes
1237 3508 1248 3544 :
1272 3493 1448 3568 Quare
1467 3493 1592 3546 fecit
1613 3494 1751 3549 Deus

163 3571 365 3624 ctblurn
415 3557 500 3623 et'
531 3567 763 3622 terram?
803 3557 944 3632 Quid
984 3557 1216 3617 faciebat
1270 3563 1409 3616 Deus
1459 3573 1746 3632 antequam

165 3643 370 3695 ctelum
401 3649 457 3694 et
487 3649 684 3694 terram
711 3636 946 3690 faceret?
963 3634 1072 3688 Cur
1098 3648 1231 3686 nova
1262 3634 1508 3686 voluntas
1536 3635 1587 3687 in
1620 3639 1748 3700 lico,

165 3723 219 3764 ut
239 3709 503 3765 conderet
531 3707 809 3769 mundum.
838 3714 1022 3760 exorta
1053 3705 1168 3758 est?
1189 3703 1294 3757 Sed
1314 3705 1750 3768 restiondendum

163 3793 244 3836 est
270 3783 379 3834 illis
415 3799 428 3835 :
453 3781 598 3834 Nova
623 3784 868 3832 voluntas
894 3779 944 3829 in
973 3777 1080 3828 Deo
1107 3785 1292 3828 exorta
1322 3791 1428 3828 non
1459 3785 1544 3829 est
1579 3793 1590 3826 :
1625 3777 1750 3843 quia

164 3855 263 3907 etsi
287 3856 344 3906 iu
362 3867 419 3906 re
442 3849 675 3906 mundus
690 3863 793 3902 non
817 3857 954 3912 erat,
978 3848 1030 3900 in
1050 3855 1253 3900 aeterna
1275 3844 1451 3900 tamen
1477 3846 1752 3901 voluntate

164 3937 388 3991 semper
418 3931 565 3984 erat;
593 3934 723 3991 ergo
770 3919 966 3972 frustra
999 3919 1197 3971 dicitur
1235 3932 1248 3969 :
1295 3918 1433 3991 Cur,
1480 3933 1572 3991 per
1604 3929 1746 3991 tanta

167 3987 322 4048 retro
355 4002 592 4053 tempora
637 3990 747 4043 Deo
775 3997 1016 4052 vacante,
1054 4003 1190 4041 nova
1220 3989 1474 4040 mundum
1520 3987 1750 4041 faciendi

167 4075 286 4118 orta
315 4055 504 4117 fuisset
533 4061 806 4131 cogitatio,
843 4062 1056 4126 quando
1087 4059 1137 4131 in
1164 4059 1262 4112 suo
1293 4068 1496 4111 aeterno
1539 4074 1750 4124 semper

164 4143 350 4189 manet
374 4129 815 4187 consulio‘mut‘tdi
846 4129 1208 4190 constructio;
1241 4144 1339 4182 nec
1371 4137 1581 4197 tempus
1624 4141 1750 4183 ante

164 4207 516 4273 principium,
544 4204 636 4258 sed
662 4203 937 4256 aeternitas
957 4201 1086 4265 fuit;
1114 4209 1323 4273 tempus
1347 4201 1488 4253 enim
1507 4216 1535 4253 a
1559 4201 1753 4255 substi-

164 4271 380 4330 tutione
401 4287 690 4337 creaturae,
717 4287 823 4328 non
854 4283 1097 4325 creatura
1127 4271 1291 4337 coepit
1313 4287 1340 4320 a
1377 4279 1641 4324 tempore.

235 4347 393 4414 (Cap.
428 4347 470 4400 l.
501 4373 573 4386 ο·-
598 4344 751 4399 Vers.
790 4342 865 4411 1.)
900 4341 965 4395 In
999 4342 1258 4414 principio
1300 4341 1416 4408 fecit
1456 4339 1620 4414 Deus.
1655 4342 1753 4414 llic

164 4411 364 4473 senSus
404 4417 613 4471 duobus
657 4414 832 4468 modis
876 4414 996 4468 sine
1029 4411 1324 4466 oﬂ'ensione
1352 4413 1617 4477 accipitur
1649 4428 1664 4470 :
1699 4413 1751 4466 id

165 4499 245 4545 est
272 4531 288 4550 ,
334 4497 429 4541 aut
476 4489 702 4555 primum
727 4484 966 4539 omnium
1005 4479 1162 4555 iecit;
1217 4494 1310 4555 aut
1354 4485 1404 4535 in
1449 4483 1746 4555 principio,

163 4561 308 4627 quod
343 4552 727 4647 .estﬁa'pientia
751 4597 766 4619 ,
802 4555 853 4610 id
882 4564 985 4647 est,
1017 4556 1071 4608 in
1108 4553 1284 4647 Verbo
1305 4570 1405 4635 suo
1452 4552 1605 4647 fecit;
1635 4556 1748 4647 ipse
1778 4584 1822 4647 ρ

163 4623 248 4685 est
268 4633 418 4686 enim
446 4623 632 4694 Filius,
650 4643 745 4697 per
765 4641 930 4697 quem
946 4624 1079 4678 facta
1105 4633 1228 4677 sunt
1249 4625 1429 4677 omnia
1452 4623 1656 4694 (Joau.,
1685 4624 1746 4694 t);

163 4702 278 4771 ipse
317 4695 663 4771 principium,
691 4699 742 4751 itt
773 4711 880 4764 quo
909 4695 1052 4771 facta
1085 4705 1209 4771 sunt
1237 4698 1436 4771 omnia.

229 4763 432 4843 (ΠΜ.)
457 4771 650 4824 Cretum
677 4777 723 4821 et
753 4763 964 4843 terram.
999 4767 1054 4822 Si
1079 4767 1253 4843 primo
1281 4768 1518 4843 omnium
1549 4763 1745 4843 factum

164 4837 252 4896 est
277 4837 480 4896 malum
513 4849 569 4894 et
598 4849 763 4902 terra,
792 4838 966 4908 angeli
996 4837 1335 4905 postmodum
1360 4837 1482 4908 facti
1515 4849 1669 4908 sunt:
1703 4838 1750 4891 si

163 4914 344 4982 angeli
370 4921 496 4966 ante
523 4911 649 4964 facti
677 4916 823 4982 sunt,
844 4905 960 4982 non
990 4907 1162 4982 primo
1183 4910 1420 4982 omnium
1452 4905 1579 4982 fecit
1607 4907 1750 4982 Deus

162 4978 362 5039 etclam
393 4993 446 5036 et
471 4993 686 5036 terram.
720 4979 851 5035 Caeli
883 4980 1098 5033 nomine
1119 4979 1333 5047 quidam
1364 4980 1661 5038 celestcm,
1697 4978 1747 5032 id

161 5062 265 5120 est,
291 5054 592 5123 angelicam
614 5061 916 5123 creaturam
939 5062 1175 5102 creatam
1207 5051 1494 5110 aestimant,
1512 5048 1576 5101 ad
1595 5049 1748 5115 cuius

161 5121 631 5193 comparationem
655 5122 850 5178 coelum
884 5121 984 5173 hoc
1013 5131 1506 5193 corporettttt_terra
1524 5135 1748 5193 _nuncu-

164 5189 346 5276 patur.
365 5194 549 5276 Terrae
571 5204 751 5276 autem
770 5189 1282 5276 nominemateria‘m
1303 5191 1446 5276 illam
1462 5189 1747 5276 informem

162 5261 447 5331 insinuat,
491 5280 556 5320 ex
595 5279 697 5333 qua
739 5263 839 5316 lt'oc
874 5261 1088 5333 visibile
1130 5262 1324 5333 coelum
1377 5271 1433 5314 et
1479 5270 1653 5333 terra,
1693 5271 1749 5314 et

163 5330 436 5391 universa
465 5330 635 5391 moles
685 5335 842 5403 hujus
891 5332 1074 5403 mundi
1122 5332 1345 5403 formata
1386 5341 1504 5398 est,
1549 5330 1617 5385 de
1645 5347 1748 5399 qua

163 5409 475 5463 scribitur:
525 5407 626 5472 Qui
667 5401 830 5473 fecisti
870 5401 1118 5464 mundum
1154 5402 1217 5456 de
1260 5402 1468 5469 informi
1511 5403 1747 5455 materia.

163 5477 272 5534 Sed
303 5478 527 5532 materia
550 5479 686 5530 facta
706 5487 790 5530 est
813 5491 879 5530 ex
904 5473 1092 5539 nihilo,
1119 5474 1302 5527 mundi
1319 5479 1494 5526 autem
1517 5473 1747 5536 species,

164 5549 234 5604 de
283 5545 506 5602 informi
536 5547 754 5602 materia
775 5585 792 5611 ,
823 5560 943 5613 quae
968 5544 1090 5599 caeli
1121 5553 1174 5599 et
1211 5553 1368 5598 terra:
1397 5544 1618 5597 nomine
1651 5558 1748 5610 ap-

238 5621 365 5675 llata
397 5628 482 5673 est
524 5636 538 5672 :
571 5634 677 5672 non
708 5619 832 5686 quia
876 5617 986 5685 jam
1035 5616 1136 5668 hoc
1162 5627 1312 5680 erat,
1359 5615 1453 5668 sed
1482 5614 1604 5686 quia
1639 5613 1750 5680 jam

239 5633 365 5675 Ilata
397 5633 482 5673 est
524 5636 538 5672 :
571 5634 677 5672 non
708 5633 832 5686 quta
876 5633 986 5685 jam
1035 5633 1136 5668 ttoc
1162 5633 1312 5680 erat,
1359 5633 1453 5668 seu
1482 5633 1604 5681 quta
1639 5633 1750 5680 tam

161 5633 272 5746 Ege
321 5690 449 5746 inde
472 5704 592 5744 esse
621 5698 854 5756 poterat.
887 5686 1069 5739 Primo
1097 5687 1254 5755 igitur
1282 5685 1454 5740 voluit
1475 5685 1668 5738 ctelunt
1694 5691 1753 5737 et

166 5774 370 5819 terram
403 5762 549 5817 velut
602 5755 891 5829 quamdam
939 5757 1269 5825 spiritualem
1305 5755 1750 5829 corporalemque

166 5835 453 5892 materiam
483 5825 691 5899 dicere,
725 5838 782 5887 et
829 5829 947 5898 sic,
979 5829 1430 5899 quemadmodum
1476 5825 1747 5894 sigillatum

1857 3293 1964 3345 quo
1995 3280 2152 3331 modo
2197 3279 2548 3334 historialiter
2573 3281 2641 3335 ab
2670 3282 2898 3335 exordio
2929 3282 3174 3348 principii
3223 3285 3436 3338 condita

1856 3351 1947 3415 sit,
1981 3349 2235 3419 legimus;
2277 3352 2369 3404 sed
2417 3351 2648 3417 qualiter
2674 3355 2726 3404 in
2760 3353 2995 3406 Ecclesia
3045 3354 3358 3420 spiritaliter
3407 3365 3437 3420 ξ

1859 3422 2170 3495 doctoribus
2199 3421 2515 3488 accipiatur,
2542 3423 2928 3495 ἱέιιςξιιίιειιιιιιιεῖιΖ
2952 3423 3014 3474 In
3045 3419 3296 3492 principio
3316 3419 3440 3495 fecit

1859 3491 1997 3546 Deus
2019 3492 2202 3546 cretum
2232 3503 2279 3544 et
2310 3501 2518 3546 terram.
2550 3493 2872 3562 Principtum
2897 3491 3145 3550 Christus
3172 3491 3277 3555 est,
3301 3491 3440 3549 sient

1853 3563 1970 3634 ipse
1991 3564 2065 3616 ait
2083 3565 2133 3616 in
2157 3563 2358 3634 Enna.
2383 3580 2397 3615 :
2431 3564 2539 3632 Ego
2564 3565 2888 3633 m‘t'ttripium,
2915 3566 3004 3630 qui
3021 3575 3066 3617 et
3093 3564 3277 3634 loquor
3303 3568 3442 3620 vobis

1855 3632 2052 3701 (Idem,
2077 3634 2218 3699 VIII).
2237 3633 2291 3686 lu
2314 3634 2415 3687 hoc
2439 3636 2596 3700 igitur
2620 3632 2882 3700 principio
2899 3635 3022 3688 fecit
3053 3632 3190 3688 Deus
3215 3637 3434 3701 caelum,

1853 3705 1905 3759 id
1927 3717 2028 3765 est,
2055 3705 2342 3773 spiritales,
2369 3706 2456 3774 qui
2479 3707 2716 3760 coeleSIia
2742 3707 3068 3760 meditantur
3091 3719 3138 3759 et
3165 3717 3433 3774 quaerunt.

1852 3775 1910 3830 In
1961 3775 2079 3848 ipso
2131 3774 2257 3848 fecit
2306 3787 2360 3828 et
2388 3779 2632 3831 carnales
2658 3818 2673 3844 ,
2718 3780 2809 3848 qui
2843 3788 3117 3832 terrenum
3158 3777 3433 3833 hominem

1853 3846 2082 3902 necdum
2112 3847 2504 3911 deposuerunt.
2739 3846 2750 3848 ’
3251 3890 3253 3892 .

1924 3916 2104 3983 (Vers.
2136 3916 2216 3986 ἓ.)
2251 3916 2410 3970 Terra
2433 3926 2602 3970 autem
2627 3929 2732 3973 erat
2759 3920 2928 3972 inanis
2959 3930 3008 3972 et
3032 3935 3213 3971 vacua.
3245 3919 3301 3972 Id
3327 3928 3433 3983 est,

1852 3988 2027 4041 adhuc
2059 3988 2304 4041 informis
2333 4000 2446 4041 erat
2482 3991 2592 4056 ipsa
2643 3992 2866 4042 materia
2899 4007 2914 4044 :
2951 3990 3069 4058 quia
3104 3990 3329 4043 necdum
3369 4006 3435 4046 ex

1853 4074 1914 4112 ea
1947 4059 2143 4111 coelum
2195 4069 2247 4111 et
2295 4069 2458 4121 terra,
2493 4061 2719 4113 necdum
2769 4063 2945 4113 omnia
2993 4062 3218 4113 formata
3251 4071 3432 4128 erant,

1853 4143 1973 4197 qua:
2002 4129 2221 4183 formari
2251 4132 2523 4182 restabant
2553 4148 2564 4182 :
2602 4133 2716 4184 lure
2735 4133 2873 4184 enim
2901 4131 3144 4193 materia,
3171 4148 3233 4184 ex
3267 4131 3435 4184 nihilo

1852 4200 2015 4263 facta,
2048 4202 2326 4266 przrcessit
2353 4209 2533 4254 tamen
2565 4217 2654 4254 res
2677 4217 2743 4255 ex
2773 4219 2831 4254 se
2861 4203 3048 4267 laetas,
3080 4218 3183 4254 non
3215 4204 3431 4270 quidem

1852 4271 2154 4325 aeternitate
2180 4273 2265 4324 vel
2293 4283 2555 4340 tempore,
2578 4274 2708 4324 sicut
2740 4273 2996 4340 praecedit
3015 4274 3432 4340 liguumarcam;

1852 4343 1945 4394 sed
1977 4343 2091 4394 sola
2147 4344 2372 4409 origine,
2423 4342 2589 4403 sicut,
2620 4344 2872 4410 praecedit
2900 4359 2999 4396 vox
3043 4346 3300 4402 verbum,
3349 4343 3435 4397 vel

1853 4425 2018 4464 sonus
2073 4424 2288 4465 cantum
2327 4431 2340 4466 :
2375 4429 2496 4465 nam
2530 4415 2616 4478 qui
2661 4415 2776 4466 vivit
2814 4417 2866 4466 in
2913 4426 3162 4468 wtcrnum
3189 4455 3203 4473 .
3249 4416 3436 4468 creavit

1854 4485 2028 4535 omnia
2044 4484 2214 4536 simul.
2239 4484 2400 4537 Terra
2425 4489 2603 4538 'carnis
2622 4493 2819 4538 nostra?
2845 4488 3015 4538 inanis
3034 4496 3146 4537 erat
3170 4493 3222 4538 et
3247 4499 3434 4549 vaCua,

1857 4555 2165 4623 priusquam
2198 4556 2458 4608 doctrinae
2501 4565 2770 4624 acctperet
2814 4556 3066 4610 formam.
3104 4554 3170 4606 Et
3216 4558 3437 4610 tenebrat

1855 4635 1999 4677 erant
2025 4641 2177 4694 super
2202 4626 2385 4694 faciem
2427 4625 2618 4695 abyssi.
2650 4627 2771 4680 lltec
2800 4627 3080 4682 tenebrosa
3107 4627 3333 4697 abyssus
3359 4627 3438 4694 ip.

1855 4709 1968 4748 sam
1999 4697 2174 4748 adhuc
2202 4698 2448 4750 informis
2477 4699 2710 4752 materiae
2741 4699 3124 4752 obscuritatem
3157 4699 3432 4764 designat,

1854 4765 1977 4833 quia
2009 4768 2242 4821 nondunt
2275 4769 2377 4820 ulla
2399 4771 2606 4835 species
2629 4768 2796 4823 videri
2821 4780 2920 4824 aut
2952 4769 3172 4823 tractari
3200 4777 3430 4836 poterat.

1854 4838 2094 4905 Abyssus
2122 4854 2352 4907 namque
2380 4840 2639 4892 immensa
2670 4854 2927 4908 aquarum
2957 4841 3290 4909 profunditas
3337 4855 3434 4908 ap-_

1857 4909 2118 4972 pellatur.
2175 4911 2299 4978 quia
2359 4909 2676 4963 delictorum
2733 4911 2945 4964 caecitas
2997 4921 3053 4965 et
3098 4912 3433 4978 ignorantia,

1853 4978 2117 5050 profunda
2148 4980 2447 5033 obscuritas
2479 4982 2641 5033 corda
2667 4991 2847 5034 nostra
2880 4983 3112 5050 tegebat.
3133 4980 3198 5033 Et
3221 4981 3434 5049 spiritus

1857 5048 1954 5121 Dei
1985 5049 2240 5121 ferebatur
2284 5067 2438 5121 super
2465 5067 2640 5120 aquas.
2692 5052 2863 5106 Etiam
2913 5048 3167 5121 aquarum
3221 5048 3437 5104 nomine

1856 5118 2025 5188 ipsam
2055 5120 2200 5173 illam
2253 5118 2535 5174 informem
2588 5122 2865 5176 materiam
2913 5118 3281 5185 demonstrat,
3317 5136 3436 5189 qua:

1856 5190 2170 5257 suhjacebat
2197 5191 2263 5244 ad
2302 5191 2629 5245 voluntatem
2661 5190 2932 5247 Creatoris
2976 5195 3040 5248 ad
3072 5192 3435 5246 confirmanda

1856 5260 1909 5314 in
1941 5263 2053 5314 suis
2096 5262 2384 5329 generibus
2413 5262 2595 5316 omnia
2626 5280 2639 5315 :
2676 5279 2799 5326 nam
2845 5279 2960 5319 sive
2993 5275 3186 5317 terram
3224 5263 3434 5322 inanem

1857 5330 2026 5398 dicas,
2056 5335 2174 5386 sive
2190 5334 2442 5402 abyssum
2465 5331 2832 5397 tenebrosam,
2856 5336 2968 5388 sive
2990 5347 3205 5402 aquam,
3225 5332 3436 5386 diversa

1859 5402 2074 5470 quidem
2102 5403 2339 5464 nomina,
2371 5403 2465 5457 sed
2497 5419 2597 5456 una
2623 5405 2919 5470 eademque
2957 5405 3201 5458 materia.
3236 5403 3438 5456 Idcirco

1862 5481 2002 5526 terra
2034 5474 2208 5528 inanis
2235 5483 2288 5527 et
2311 5489 2500 5538 vacua,
2526 5475 2650 5542 quia
2677 5477 2908 5528 nondum
2937 5485 3054 5529 erat
3087 5474 3434 5528 universitate

1855 5554 2223 5597 creaturarum
2255 5545 2547 5612 completa.
2583 5545 2686 5600 Pro
2727 5561 2790 5598 eo
2842 5543 3394 5614 abyssusiteuebrosa
3424 5585 3436 5604 .

1854 5615 1978 5683 quia
2010 5616 2243 5683 speciem
2278 5615 2494 5668 luminis
2523 5617 2758 5668 nondum
2787 5613 3041 5668 habebat.
3073 5613 3178 5668 Pro
3205 5631 3270 5668 eo
3300 5632 3437 5681 aqua

1855 5695 2062 5754 vocata,
2096 5689 2220 5754 quia
2267 5686 2380 5740 sive
2409 5701 2558 5749 caro,
2587 5686 2702 5738 sive
2729 5687 2907 5738 omnia
2929 5727 2942 5749 ,
2975 5701 3096 5754 qua:
3127 5685 3434 5752 gignuntur.

1853 5753 2074 5812 humida
2099 5753 2222 5810 sunt
2245 5799 2258 5821 ,
2299 5767 2353 5810 et
2377 5773 2443 5812 ex
2477 5757 2701 5814 humore
2730 5753 3154 5818 concretasunt.
3197 5756 3329 5810 Nam
3381 5768 3436 5814 et

1854 5824 1957 5883 hoc
1984 5829 2180 5884 coelum
2207 5842 2526 5896 corporeum
2544 5869 2558 5895 ,
2591 5826 2734 5895 quod
2760 5825 3161 5885 ﬁrmamentum
3188 5837 3436 5888 vocatur.
