4024 6336
603 297 712 353 8υό

1623 295 1720 353 AD
1756 292 1989 352 OPERA
2026 291 2086 350 S.
2127 288 2459 350 EUCHERII
2497 293 2868 354 APPENDIX.

601 416 834 475 secunda
863 417 951 475 die
975 427 1099 488 pOSt
1134 416 1500 472 conditionem
1532 416 1666 471 lucis
1715 417 1912 471 factum
1956 425 2068 481 est;
2127 420 2186 469 et
2209 413 2264 474 Δ
2287 428 2518 488 quorum
2545 417 2744 483 unitas,
2770 428 2825 472 ut
2849 417 3253 482 ostenderetur,
3282 430 3392 472 non
3412 424 3501 473 est
3518 417 3754 488 dictum,
3778 421 3888 478 dies

602 491 719 545 haec
767 501 906 545 terra
939 500 1064 544 tunc
1110 489 1318 558 accepit
1371 488 1638 554 formam,
1687 488 1902 556 quando
1955 489 2184 557 abyssus

599 561 850 618 distincta
877 570 979 616 est.
1008 560 1145 630 Ipsae
1170 576 1384 629 quoque
1411 574 1564 628 aqua:
1587 568 1712 613 tunc
1738 560 1973 628 Speciem
1996 573 2184 627 sump-

598 641 824 697 serunt,
869 634 1086 702 quando
1116 632 1168 684 in
1219 647 1380 684 unum
1423 633 1523 685 sub
1562 631 1900 702 firmamento
1942 632 2184 686 collecta:

596 713 751 767 sunt;
805 718 869 758 ac
892 701 998 772 per
1024 704 1126 757 hoc
1165 717 1274 756 non
1320 702 1450 756 illud
1500 702 1695 758 coelum
1724 701 1828 757 hoc
1863 717 2183 772 corporeum

597 775 821 840 coelum,
855 776 950 830 sed
981 774 1272 842 spiritualis
1298 773 1648 844 intelligenda
1679 782 1764 830 est
1785 775 1989 830 creatio
2019 789 2186 842 ange-

595 845 803 907 lorum;
856 861 954 900 nec
1006 846 1094 899 illa
1143 855 1285 898 terra
1336 845 1421 899 vel
1467 847 1734 915 abyssus,
1789 847 1902 898 hinc
1948 845 2181 899 visibilia

595 917 890 982 elementa;
923 917 1018 971 sed
1059 915 1188 970 illud
1239 914 1638 976 intelligendum
1671 925 1790 982 est,
1845 914 2090 970 informis
2129 924 2184 970 et

593 988 822 1042 obscura
856 989 1038 1042 mundi
1083 990 1326 1058 materia.
1381 986 1448 1040 Et
1491 987 1707 1042 tenebrae
1741 997 1887 1041 erant
1917 1003 2073 1054 super
2103 989 2183 1058 fa-

595 1059 724 1112 cient
749 1061 938 1128 abyssi.
965 1057 1191 1126 Quidam
1215 1057 1396 1112 dicere
1421 1059 1594 1114 solent
1619 1075 1630 1111 :
1665 1058 1817 1112 Unde
1845 1067 2002 1112 erant
2026 1067 2177 1113 tene-

592 1129 704 1184 brae
729 1140 1018 1199 antequam
1047 1130 1199 1183 ﬁeret
1230 1129 1356 1183 lux?
1386 1130 1517 1196 Quis
1564 1144 1658 1185 eas
1701 1129 1936 1184 fecerat?
1986 1133 2090 1183 Aut
2134 1131 2179 1185 si

594 1216 754 1255 nemo
801 1201 1022 1265 fecerat,
1054 1211 1271 1254 aeternae
1320 1211 1464 1255 sunt.
1512 1201 1714 1268 Quibus
1764 1201 2118 1270 respondetur
2161 1219 2173 1254 :

592 1269 708 1326 Non
731 1272 852 1342 quia
880 1272 1079 1342 aliquid
1107 1281 1232 1325 sunt
1258 1272 1514 1336 tenebrm,
1549 1272 1643 1326 sed
1674 1273 1787 1342 ipsa
1822 1271 1955 1326 lucis
1978 1272 2175 1327 absen-

595 1344 669 1396 tia
723 1345 825 1398 hoc
853 1341 1048 1398 nomen
1098 1344 1339 1412 accepit:
1387 1344 1524 1396 sicut
1556 1343 1698 1396 enim
1730 1341 2002 1397 silentium
2045 1345 2178 1398 nihil

593 1424 700 1475 est.
745 1416 838 1470 sed
868 1416 958 1470 ubi
986 1431 1090 1468 vox
1120 1429 1223 1468 non
1252 1423 1366 1478 est,
1397 1414 1668 1468 silentium
1699 1414 1896 1468 dicitur
1929 1433 1941 1468 :
1977 1415 2056 1468 sic
2096 1425 2176 1469 te.

592 1485 774 1539 nebra:
803 1486 932 1540 nihil
957 1496 1099 1552 sunt,
1133 1485 1225 1538 sed
1245 1485 1332 1539 ubi
1361 1486 1451 1538 lux
1483 1499 1586 1539 non
1608 1493 1714 1553 est,
1734 1485 2174 1540 tenebrzedicun-

591 1564 697 1628 tur.
731 1555 801 1610 Et
853 1557 1082 1628 Spiritus
1130 1555 1228 1610 Dei
1262 1555 1518 1628 ferebatur
1542 1573 1696 1626 super
1727 1573 1906 1625 aquas.
1948 1558 2177 1624 Spiritus

591 1625 840 1697 sa'nctus,
886 1625 1028 1682 Deus
1055 1639 1169 1692 est,
1201 1629 1290 1696 qui
1322 1642 1428 1681 non
1463 1627 1582 1680 loco
1608 1625 1916 1681 continetur
1949 1636 2042 1682 aut
2065 1630 2176 1683 dis-

591 1699 846 1766 tenditur,
903 1715 1001 1755 nec
1032 1708 1333 1766 temporum
1365 1699 1749 1752 mutationibus
1772 1699 2042 1768 subjacet,
2076 1702 2172 1756 sed

591 1778 677 1851 est
707 1771 908 1851 ubique
930 1785 1167 1851 praesens
1196 1785 1268 1851 ac.
1294 1779 1458 1851 totus.
1496 1770 1798 1839 Superlerri
1841 1779 2021 1851 autem
2069 1771 2173 1851 Do-_-
2202 1792 2250 1851 Β

591 1842 722 1894 mini
769 1841 1001 1909 Spiritus
1028 1842 1180 1911 aquis
1219 1841 1449 1902 dicitur,
1505 1855 1608 1894 non
1639 1841 2041 1909 pervagatione,
2074 1844 2168 1898 sed

590 1920 890 1980 potestate;
925 1930 1030 1968 non
1063 1913 1335 1974 localiter,
1386 1914 1482 1966 sed
1515 1911 1903 1982 potentialiter;
1937 1930 2040 1966 non
2076 1929 2172 1982 per

590 1983 760 2049 spatia
781 1984 1018 2038 locorum
1036 1987 1174 2038 sicut
1197 1995 1356 2037 terra:
1370 1981 1740 2046 solsull'ertur,
1760 1983 1852 2037 sed
1870 1998 1963 2048 per
1983 1994 2172 2052 poten-

592 2055 717 2106 tiam
749 2055 1094 2110 sublimitatis
1130 2069 1263 2109 suze.
1297 2054 1439 2108 Deus
1467 2053 1612 2107 enim
1643 2070 1748 2108 non
1780 2069 1847 2108 ex
1878 2055 2167 2122 indigentia

589 2123 715 2177 fecit
762 2141 925 2192 opera
952 2143 1070 2192 sua,
1121 2127 1213 2180 sed
1247 2141 1312 2179 ex
1347 2124 1701 2178 beneficentia
1733 2132 1893 2192 atque
1922 2129 2171 2197 omnipo-

590 2197 756 2249 tentia
786 2213 799 2248 :
829 2197 920 2266 qui
952 2199 1084 2252 nihil
1117 2198 1364 2266 indigens
1385 2197 1562 2249 omnia
1589 2202 1758 2259 creat,
1784 2205 1838 2250 et
1862 2199 2169 2254 misericors

589 2275 781 2321 cuncta
813 2269 1077 2333 vivificat,
1109 2278 1162 2323 et
1193 2271 1243 2322 in
1274 2267 1609 2337 plenitudine
1638 2277 1823 2321 sancta
1855 2281 2164 2336 permanet;

589 2351 694 2391 non
737 2341 934 2393 nostris
965 2340 1299 2407 ampliandas
1331 2337 1607 2400 laudibus,
1639 2339 1732 2391 sed
1779 2340 1890 2392 suis
1931 2344 2168 2395 innotes-

588 2408 791 2463 cendus
817 2412 1153 2464 collaudatur
1178 2409 1430 2478 operibus
1457 2427 1468 2460 :
1496 2423 1667 2478 neque
1687 2411 1829 2462 enim
1864 2410 2053 2465 horum
2087 2413 2168 2467 in-

588 2478 734 2547 diget
759 2497 876 2546 qure
901 2481 1044 2538 facit.
1082 2481 1332 2550 Indiguus
1363 2481 1558 2549 quippe
1580 2491 1739 2546 atque
1763 2496 1960 2547 egenus
1991 2498 2164 2549 amor,

587 2550 869 2617 subjicitur
899 2553 1058 2606 rebus
1093 2567 1226 2621 quas
1256 2550 1428 2620 diligit
1461 2569 1473 2603 :
1503 2552 1851 2620 quamobrem
1883 2568 1986 2606 non
2018 2553 2164 2609 indi-

559 2635 724 2694 ‘gtius
771 2637 924 2676 amor
977 2624 1304 2690 superfertiir
1355 2622 1518 2676 rebus
1592 2637 1724 2691 quas
1775 2624 1966 2693 diligit.
2041 2626 2164 2682 Ideo

589 2691 788 2745 dictum
822 2702 940 2759 est,
973 2693 1262 2764 superferri
1291 2703 1554 2748 creaturae
1588 2694 1844 2761 Spiritum
1874 2691 2118 2750 Sanctum
2145 2739 2161 2764 ,

588 2764 711 2836 quia
732 2779 837 2818 non
860 2781 927 2819 ex
949 2767 1238 2836 indigentia
1260 2777 1514 2836 operatus
1533 2777 1613 2818 est
1642 2766 1807 2832 ipsam
1835 2778 2158 2825 creaturam.

585 2832 786 2908 Pro‘eo
807 2845 982 2891 autem
1007 2832 1146 2907 quod
1173 2840 1224 2890 in
1250 2832 1448 2908 nostris
1469 2836 1746 2890 codicibus
1772 2839 2030 2905 scriptum
2053 2851 2156 2908 est,

585 2904 869 2976 ferebatur,
931 2909 982 2962 in
1024 2904 1259 2962 ‘llehraao
1307 2907 1536 2961 habetur
1571 2916 1814 2972 nan-wn,
1870 2904 2011 2977 quod
2064 2904 2162 2966 nos

584 2979 854 3044 appellare
887 2984 1172 3044 possumus
1196 3021 1210 3044 ,
1242 2979 1537 3043 incubabat,
1568 2980 1680 3032 sive
1711 2982 2008 3047 confovebat
2036 3024 2051 3048 ,
2105 2983 2158 3038 in

583 3047 986 3103 similitudinem
1017 3051 1282 3114 volucris,
1341 3064 1442 3104 ova
1496 3049 1674 3104 calore
1720 3047 2045 3106 animantis.
2075 3055 2156 3108 Ex

584 3121 1082 3191 quointclligitnus,
1118 3138 1220 3175 non
1250 3123 1318 3176 de
1343 3124 1533 3189 spiritu
1559 3121 1742 3175 mundi
1773 3122 1898 3188 dici,
1933 3131 1991 3177 ut
2021 3140 2159 3178 non-

584 3189 722 3264 nulli
749 3189 1100 3260 arbitrantur,
1133 3192 1226 3248 sed
1259 3193 1325 3247 de
1357 3195 1557 3260 Spiritu
1587 3203 1794 3257 sancto,
1845 3193 1936 3259 qui
1964 3205 2017 3249 et
2048 3198 2163 3264 ipse

583 3259 881 3335 vivificator
929 3259 1165 3317 omnium
1216 3281 1244 3317 a
1297 3259 1559 3335 principio
1601 3264 1820 3318 dicitur.
1865 3266 1955 3321 Sic
1985 3259 2165 3323 autem

581 3331 903 3403 viviticator,
930 3336 1079 3403 quasi
1111 3331 1359 3390 conditor
1383 3346 1435 3390 et
1467 3336 1629 3389 Deus.
1667 3335 1857 3388 Emitte
1885 3338 2056 3402 enim,
2091 3341 2167 3394 ait.

583 3400 853 3478 Scriptura
873 3400 988 3478 (
1007 3405 1142 3476 cm),
1169 3407 1419 3478 Spiritum
1439 3416 1604 3474 tuum,
1625 3417 1672 3458 et
1698 3407 2021 3462 creabuntur.
2044 3400 2166 3465 Νο-

582 3473 802 3529 tandum
831 3473 972 3546 (ιιίοά
1003 3479 1054 3531 in
1083 3473 1444 3545 ipso'exordio
1468 3480 1588 3532 coeli
1618 3488 1670 3530 et
1704 3487 1892 3545 terrm,
1929 3489 2034 3534 tota
2065 3484 2163 3535 tri-

582 3545 725 3599 nitas
767 3548 1063 3602 insinuatur
1105 3548 1377 3603 Creatoris
1429 3566 1441 3601 :
1487 3564 1607 3602 nam
1641 3548 1822 3612 Pater,
1871 3552 1922 3602 in
1955 3551 2050 3606 Dei
2084 3554 2166 3606 iti-

582 3615 838 3686 telligitur
869 3620 1111 3685 nomine;
1147 3620 1329 3686 Filius,
1367 3620 1416 3674 in
1448 3620 1727 3689 principii;
1773 3619 2002 3689 Spiritus
2035 3639 2162 3680 vero

580 3697 835 3760 sanctus,
885 3692 974 3760 qui
1007 3691 1443 3760 superferebatur
1474 3691 1647 3760 aquis.
1698 3691 1933 3760 Spiritus
1981 3706 2160 3751 autem

581 3755 679 3811 Dei
706 3776 868 3826 super
896 3755 989 3835 cor
1009 3755 1250 3816 nostrum
1275 3755 1624 3835 tenebrosum
1655 3773 1709 3816 et
1733 3755 1979 3835 liuidum,
2009 3768 2162 3835 quasi

579 3842 745 3897 super
773 3846 938 3900 aquas
964 3832 1074 3902 jatn
1099 3833 1556 3903 superfercbatur,
1585 3835 1636 3886 in
1668 3849 1775 3902 quo
1802 3832 2162 3894 subsistentes

579 3903 1080 3976 requiescerentus,
1129 3905 1388 3974 cujusque
1446 3905 1840 3960 vivificaremur
1892 3906 2057 3976 flatu,
2106 3919 2163 3965 et

577 3976 730 4038 cujus
761 3975 900 4028 unda
931 3975 1258 4030 ablueretur.

650 4043 828 4118 (Vers.
863 4046 942 4115 5.)
971 4046 1118 4101 Dixit
1169 4045 1330 4111 Detts,
1361 4045 1484 4101 Fiat
1511 4047 1624 4101 luas.
1658 4047 1724 4100 Et
1755 4049 1893 4118 facta
1937 4060 2010 4104 cst
2049 4052 2157 4105 lux.

577 4113 634 4190 Si
662 4113 714 4190 in
748 4117 836 4172 die
865 4113 1028 4186 dixit,
1060 4119 1428 4186 temporaliter
1467 4119 1637 4184 dixit;
1693 4113 1765 4173 si'
1790 4122 2160 4190 temporaliter

577 4187 749 4254 dixit,
807 4203 902 4256 per
935 4191 1170 4260 aliquam
1203 4200 1506 4244 creaturam
1550 4190 1713 4255 dixit;
1746 4207 1873 4260 ergo
1903 4187 2028 4246 'non
2077 4205 2160 4250 est

577 4261 748 4333 prima
777 4269 1022 4314 creatura
1057 4263 1166 4325 lux,
1185 4263 1308 4331 quia
1335 4262 1605 4332 jamlerat,
1633 4276 1728 4331 per
1748 4278 1908 4330 quam
1931 4264 2156 4333 diceret,

577 4326 700 4383 Fiat
731 4333 836 4385 lux.
875 4333 1007 4387 Vere
1030 4334 1173 4387 enim
1200 4326 1299 4388 nec
1322 4326 1374 4387 in
1404 4326 1491 4388 die
1521 4326 1685 4397 dixit,
1720 4326 1820 4386 nec
1848 4326 2159 4402 temporali;

577 4409 659 4455 ter
688 4402 856 4465 dixit,
883 4405 1005 4473 quia
1033 4417 1157 4459 ante
1185 4420 1398 4458 omnem
1423 4415 1724 4458 creaturam
1756 4406 1976 4459 verbum
2001 4423 2156 4463 suum

573 4475 778 4542 genuit.
806 4473 979 4528 Dictio
1001 4477 1179 4545 itaque
1201 4477 1313 4542 Dei,
1340 4477 1559 4530 verbum
1586 4476 1679 4530 Dei
1703 4485 1784 4530 est
1809 4491 1822 4527 :
1851 4477 1944 4531 sed
1973 4477 2149 4534 divina

2290 486 2533 561 primus:
2571 488 2699 552 sed,
2727 489 2836 561 dies
2875 505 3036 544 unus.
3070 489 3327 561 Exoritur
3350 499 3530 545 autem
3563 486 3800 561 quaestio
3830 494 3887 550 de

2286 558 2494 626 angelis
2518 600 2534 624 ,
2580 575 2686 628 quo
2716 559 2875 614 modo
2904 563 2955 614 in
2987 559 3266 616 creatione
3295 575 3390 615 sex
3420 558 3636 616 dierum
3670 572 3885 624 prater-

2286 630 2594 702 mittantur,
2629 641 2900 697 tamquam
2935 649 3038 684 non
3073 633 3178 685 sint
3211 633 3263 685 in
3293 633 3549 700 aperibus
3580 632 3717 688 Dei?
3747 633 3885 702 Opus

2286 708 2466 754 autem
2530 701 2625 756 Dei
2673 717 2795 756 esse
2831 705 3052 772 angelos
3095 705 3329 774 hymnus
3371 704 3528 758 trium
3595 719 3882 771 puerorum

2285 781 2552 825 testatur:
2582 789 2704 826 nam
2729 788 2849 827 cum
2868 775 3183 839 praedictum
3213 784 3384 839 esset,
3415 774 3742 841 Benedicite,
3761 793 3870 829 om-

2283 843 2372 895 nia
2409 859 2566 910 Opera
2608 844 2814 898 Domini
2858 845 3080 899 Domino
3123 843 3240 915 (Ps.
3275 844 3393 916 cn);
3437 847 3493 900 in
3524 850 3876 904 exsecutione

2287 915 2605 987 earumdem
2634 931 2886 985 operum,
2917 918 3079 971 etiam
3114 915 3691 987 angelosnominavit.
3726 917 3796 972 Et
3833 920 3881 975 in

2288 982 2540 1048 Psalmis,
2563 982 2686 1041 cuni
2701 987 2905 1042 diceret
2928 989 3068 1042 inter
3087 982 3306 1052 cmtéra,
3326 986 3562 1041 Laudate
3576 987 3877 1056 Dominum,

2283 1059 2658 1129 omnesAangeli
2678 1060 2790 1127 ejus
2807 1076 2826 1123 ;
2843 1059 3093 1128 subjecit,
3116 1059 3373 1126 Quoniam
3386 1061 3496 1129 ipse
3516 1060 3659 1113 diait
3684 1069 3732 1112 et
3755 1060 3879 1129 facta

2281 1137 2402 1200 sunt
2429 1127 2754 1198 (Ps.’cxvn).
2780 1131 2876 1184 llis
2899 1127 3028 1200 ergo
3055 1132 3345 1199 exemplis,
3364 1127 3531 1186 aDeo
3555 1127 3877 1199 angeli‘lacti

2281 1195 2745 1270 demonstrantur,
2775 1202 2871 1256 sed
2896 1195 3001 1270 quo
3030 1201 3118 1256 die
3142 1195 3310 1257 creati
3342 1201 3447 1256 sint
3485 1195 3764 1270 nusquam
3803 1202 3877 1257 in-

2280 1266 2404 1344 fert.
2445 1269 2731 1344 Sed_quia
2778 1272 2830 1326 in
2863 1266 3142 1343 Scriptura
3192 1282 3379 1327 sancta
3429 1266 3633 1344 legitur
3679 1272 3874 1330 dixisse

2281 1335 2448 1394 Deum
2481 1382 2494 1406 ,
2556 1335 2776 1408 Quando
2824 1344 2964 1410 facta
2989 1335 3134 1398 'sunt
3161 1344 3366 1407 sidera,
3405 1335 3761 1398 laudauerunt
3805 1361 3874 1400 me

2281 1424 2454 1484 omnes
2478 1415 2652 1483 angeli
2665 1415 2796 1479 mei;
2816 1414 2924 1484 jam
2947 1423 3103 1471 erant
3119 1416 3298 1484 angeli
3321 1415 3643 1482 quartodie,
3663 1416 3873 1484 quando

2278 1481 2459 1556 sidera
2500 1481 2714 1538 condita
2740 1481 2884 1538 sunt.
2925 1485 3066 1556 Ergo
3096 1481 3215 1540 nec'
3243 1481 3518 1541 die’tertia
3557 1481 3700 1539 facti
3733 1497 3868 1540 sunt.

2281 1550 2337 1604 ln
2369 1565 2616 1624 promptu
2643 1566 2725 1610 est
2748 1557 2893 1609 enim
2922 1550 3064 1625 qtth
3091 1556 3180 1611 die
3201 1556 3291 1611 illa
3316 1567 3458 1612 terra
3485 1557 3558 1612 ab
3585 1557 3748 1626 aquis
3772 1557 3871 1611 dis-

2278 1629 2494 1698 cerpta,
2532 1627 2708 1694 pabuli
2752 1628 2973 1680 herbam
3000 1628 3285 1697 produxit;
3322 1641 3452 1698 ergo
3489 1642 3597 1682 nec
3635 1628 3870 1683 secundo

2278 1691 2706 1761 die’facti'sunt,
2748 1705 2877 1752 tunc
2902 1691 3045 1752 enim
3095 1700 3237 1754 iacto
3268 1691 3648 1763 firmamento,
3685 1698 3867 1754 divisio

2278 1763 2728 1838 fuitsuperiorum
2743 1778 2902 1837 atque
2924 1769 3236 1824 inferiorum
3256 1784 3516 1838 aquarum
3534 1811 3551 1833 ,
3571 1768 3652 1822 nil
3677 1769 3864 1823 mirum

2275 1836 2418 1910 enim
2449 1839 2493 1891 si
2526 1839 2576 1892 in
2601 1836 2855 1906 operibus
2875 1857 2970 1895 sex
2999 1841 3206 1896 dierum
3229 1836 3404 1910 angeli
3431 1841 3572 1894 locis
3595 1839 3866 1907 significa-

2277 1905 2600 1979 tiOnecreati
2617 1905 2992 1979 intelliguntur
3008 1933 3018 1965 :
3037 1923 3163 1967 ante
3175 1905 3390 1966 umnam
3405 1912 3549 1966 enim
3565 1905 3865 1967 creaturam

2274 1975 2400 2031 facti
2429 1992 2574 2049 sttnt,
2607 1982 2729 2050 quia
2764 1975 2910 2049 prior
2942 1984 3182 2038 omnium
3218 1992 3398 2037 creata
3435 1991 3520 2036 est
3571 1983 3862 2049 sapientia;

2271 2051 2360 2118 qui
2395 2065 2683 2119 propterea
2711 2053 2963 2107 dicuntur
2986 2055 3247 2123 sapientia
3268 2097 3282 2121 ,
3311 2053 3638 2108 inhaerendo
3665 2053 3865 2110 scilicet

2271 2131 2490 2176 aeterna:
2542 2125 2839 2192 sapientiae.
2890 2123 3270 2181 Verumtamen
3321 2123 3585 2193 numquid
3639 2135 3696 2176 et
3740 2135 3856 2180 ante

2273 2198 2518 2266 tempora
2546 2195 2669 2247 facti
2702 2203 2858 2258 sunt,
2889 2196 3011 2264 quia
3045 2197 3196 2266 prior
3224 2196 3465 2249 omnium
3498 2194 3644 2249 facta
3670 2203 3757 2248 est
3780 2211 3861 2249 sa-

2272 2262 2507 2330 pientia,
2542 2267 2688 2332 prior
2733 2262 2938 2321 scilicet
2967 2262 3244 2330 omnium,
3293 2267 3456 2321 etiam
3498 2275 3557 2320 et
3592 2268 3864 2331 tempore?

2269 2333 2567 2401 Oportebat
2615 2338 2759 2391 enim
2795 2348 2852 2391 ut
2896 2348 3143 2392 creatura
3187 2339 3509 2393 inconcusse
3539 2337 3859 2400 adhaerens,

2269 2404 2371 2478 etsi
2401 2421 2506 2460 non
2539 2421 2639 2461 suo
2666 2409 2896 2464 creatori
2929 2411 3176 2478 aequalis,
3210 2409 3359 2463 omni
3390 2408 3584 2464 saltem
3617 2423 3860 2463 creatura

2269 2476 2416 2550 prior
2451 2489 2595 2532 esset
2629 2489 2683 2534 et
2723 2481 2914 2533 melior
2946 2496 2962 2534 :
2997 2476 3094 2550 qui
3126 2481 3342 2550 quidem
3373 2479 3501 2533 dum
3540 2480 3658 2533 sittt
3695 2492 3863 2533 muta.

2269 2547 2405 2601 biles
2439 2559 2629 2605 natura
2654 2596 2667 2617 ,
2705 2551 2830 2605 facit
2863 2547 3042 2606 tamen
3074 2547 3171 2608 eos
3197 2551 3564 2606 immutabiles
3591 2561 3760 2618 atque
3789 2550 3862 2605 in-

2267 2629 2552 2688 corruptos
2601 2623 2771 2690 gratia
2827 2624 3155 2691 sempiterna
3206 2641 3219 2676 :
3271 2637 3397 2676 nam
3442 2623 3488 2676 si
3545 2631 3749 2676 natura
3790 2623 3862 2676 in-

2266 2691 2677 2746 commutabiles
2707 2702 2915 2759 essent,
2936 2693 3181 2750 diabolus
3211 2709 3318 2748 non
3341 2694 3524 2762 utique
3542 2693 3857 2756 cecidisset,

2265 2764 2732 2818 conimutaliilitati
2788 2780 3022 2834 namque
3068 2775 3272 2821 naturae
3304 2766 3356 2819 in
3407 2766 3486 2820 eis
3526 2763 3861 2833 suffragatur

2265 2834 2647 2905 contemplatio
2696 2836 2990 2890 Creatoris.
3032 2835 3162 2892 Inde
3200 2838 3437 2905 privatus
3486 2845 3575 2892 eat
3617 2845 3860 2905 apostata

2265 2903 2512 2972 angelus,
2547 2906 2674 2960 dum
2718 2906 3088 2963 fortitudinem
3117 2903 3270 2964 suam
3324 2923 3430 2962 non
3457 2923 3489 2961 a
3516 2903 3667 2973 Deo,
3696 2906 3793 2960 sed
3832 2921 3858 2959 a

2267 2988 2328 3028 se
2353 2977 2521 3030 voluit
2547 2985 2817 3033 constare.
2856 2979 3044 3033 Tantae
3074 2980 3219 3034 enim
3263 2981 3452 3046 gratias
3491 2988 3624 3032 sunt
3653 2978 3857 3045 angeli,

2264 3053 2323 3117 ut
2350 3061 2450 3100 nec
2479 3048 2716 3116 ipsorum
2739 3050 2978 3104 accessio
3005 3050 3322 3106 decessiove
3341 3049 3501 3105 fuerit
3524 3059 3855 3117 temporum.

2267 3115 2410 3170 Duas
2433 3115 2575 3191 enim
2607 3135 2727 3175 esse
2758 3136 2845 3175 res
2871 3122 2922 3175 in
2947 3122 3213 3176 creaturis
3247 3130 3488 3179 constat.
3520 3115 3758 3191 quarum
3791 3122 3859 3172 vi-

2188 3177 2234 3239 C
2267 3189 2528 3244 cissitudo
2548 3200 2851 3259 temporum
2875 3192 3264 3260 comprehendi
3287 3208 3392 3246 non
3414 3177 3563 3245 valet
3586 3207 3604 3246 :
3631 3191 3858 3260 primum

2268 3261 2664 3334 enim‘angeli,
2701 3273 2918 3332 propter
2950 3263 3094 3334 quod
3142 3263 3665 3334 incommutabiliter
3695 3265 3856 3316 iubae.

2269 3342 2389 3384 rent
2411 3332 2688 3398 Creatori;
2718 3332 3015 3389 secundum
3046 3336 3266 3390 materia
3298 3335 3385 3389 illa
3417 3333 3710 3400 informis,
3743 3333 3856 3403 quis

2269 3417 2370 3457 nec
2398 3405 2516 3477 ejus
2556 3405 3038 3477 comprehenditur
3071 3415 3283 3477 tempus
3321 3406 3642 3477 priusquam
3696 3420 3764 3461 ex
3798 3420 3855 3459 ea

2267 3475 2446 3547 omnia
2480 3475 2577 3528 ista
2607 3475 2967 3547 formarentiir
2997 3494 3116 3546 qua:
3143 3475 3510 3547 temporaliter
3539 3476 3852 3531 volvuntur.

2268 3546 2412 3600 Dixit
2437 3561 2651 3616 quoque
2685 3549 2845 3616 Deus,
2874 3545 2998 3601 Fiat
3019 3545 3132 3603 lux.
3161 3549 3222 3603 ld
3251 3545 3354 3608 est.
3382 3548 3721 3602 illuminatio
3745 3562 3854 3602 cre-

2267 3617 2510 3670 dulitatis
2539 3629 2814 3687 appareat.
2849 3621 3024 3674 Prima
3053 3621 3196 3674 enim
3222 3620 3310 3675 die
3340 3621 3514 3675 lucem
3541 3618 3853 3680 ﬁdeidedit,

2267 3690 2391 3751 quia
2424 3688 2597 3756 prima
2630 3699 2712 3742 est
2747 3690 2800 3744 in
2831 3693 3186 3748 conversione
3220 3691 3375 3746 ﬁdes.
3420 3690 3578 3745 Unde
3627 3700 3682 3743 et
3721 3688 3852 3743 istud

2267 3761 2500 3831 primum
2534 3760 2587 3814 in
2622 3761 2715 3831 Dei
2752 3763 3038 3831 praeceptis
3082 3764 3394 3817 mandatum
3437 3769 3554 3827 est,
3604 3759 3850 3814 Dominus

2264 3829 2410 3905 Deus
2454 3841 2593 3905 tuus,
2613 3829 2791 3905 _Deus
2818 3829 2953 3888 unus
2979 3841 3050 3888 est
3081 3833 3260 3903 (Deut.
3291 3835 3390 3905 v1).
3431 3832 3669 3901 Propter
3685 3845 3850 3905 quam

2265 3903 2424 3958 tidem
2468 3903 2584 3970 ipse
2613 3902 2873 3959 Dominus
2901 3905 3063 3960 etiam
3093 3902 3393 3960 ivisihiliter
3429 3905 3483 3958 in
3527 3903 3738 3957 mundo
3765 3918 3849 3971 ap-

2264 3988 2454 4043 parere
2480 3975 2666 4028 voluit.

2335 4045 2515 4115 (Vers.
2553 4047 2586 4100 4
2621 4046 2763 4116 seq.)
2795 4044 2866 4101 Et
2895 4047 3019 4100 vidit
3045 4045 3186 4102 Deus
3213 4049 3405 4112 lucem,
3434 4046 3558 4114 quia
3590 4043 3728 4099 bona
3754 4054 3844 4098 est.

2263 4115 2396 4170 Nam
2438 4117 2580 4185 quod
2625 4117 2805 4172 subito
2843 4119 3040 4172 viderit
3085 4118 3230 4172 Deus
3276 4119 3476 4184 lucem,
3519 4116 3671 4186 quod
3713 4123 3849 4186 esset

2263 4185 2428 4253 bona,
2461 4196 2515 4241 et
2542 4187 2678 4242 visio
2709 4189 2757 4242 ei
2793 4189 3087 4244 contulerit
3110 4188 3418 4255 scientiam,
3451 4185 3579 4244 cum
3617 4188 3673 4240 in
3701 4185 3846 4239 nobis

2261 4272 2424 4313 omne
2459 4274 2592 4327 opus
2640 4261 2908 4328 praecedat
2947 4260 3198 4314 voluntas
3239 4272 3446 4324 nOStra,
3480 4260 3612 4314 dum
3653 4261 3844 4325 cogita-

2261 4344 2413 4395 mus,
2449 4329 2577 4397 quid
2621 4331 2838 4397 operari
2880 4330 3204 4396 debeamus;
3252 4347 3361 4386 non
3403 4331 3545 4385 enim
3597 4330 3843 4398 ignorans

2263 4400 2458 4469 aliquis
2483 4401 2612 4456 facit
2641 4401 2866 4470 aliquid,
2895 4402 3024 4456 dum
3050 4403 3252 4471 cogitat
3277 4401 3513 4472 qualiter
3541 4401 3842 4472 ﬁant,qu2

2264 4472 2504 4528 facienda
2526 4473 2811 4540 cogitando
2829 4473 3101 4542 disposuit
3119 4489 3134 4527 :
3153 4483 3207 4527 et
3223 4471 3344 4528 cum
3371 4473 3474 4528 hoc
3495 4472 3550 4526 in
3576 4471 3840 4524 hominem

576 4545 850 4621 Scriptura
888 4544 1137 4621 parvulis
1155 4561 1475 4621 congruens,
1511 4556 1565 4600 et
1607 4547 1838 4621 quodam
1870 4549 2032 4603 modo
2061 4564 2157 4606 eos
2182 4561 2236 4621 Ι)
2262 4544 2590 4621 caderenon
2617 4545 2806 4610 possit,
2832 4553 2894 4621 ut
2922 4544 3121 4621 aliquid
3150 4545 3404 4614 ignorans
3432 4545 3621 4621 faciat,
3649 4549 3839 4621 quanto

575 4615 811 4689 lactans,
866 4626 921 4670 ut
953 4617 1237 4685 proficiant
1266 4615 1278 4617 ⁷
1300 4627 1354 4672 et
1379 4618 1557 4672 cibum
1591 4619 1886 4686 spiritalem
1918 4623 2151 4689 capiant,

574 4686 744 4758 voluit
796 4701 1011 4752 semper
1063 4704 1158 4758 per
1199 4704 1414 4743 omnem
1461 4698 1722 4743 creaturae
1777 4686 2153 4748 formationem

572 4756 863 4813 dictionem
895 4759 988 4815 Dei
1013 4756 1321 4832 nuncupare
1351 4778 1362 4814 :
1399 4769 1485 4832 ut,
1505 4760 1652 4814 verbi
1681 4775 1861 4832 causa,
1897 4761 1945 4816 si
1977 4766 2154 4832 requi-

573 4843 663 4883 ras
701 4845 810 4900 quo
859 4832 1020 4884 modo
1065 4831 1203 4886 facta
1237 4845 1322 4886 est
1369 4831 1494 4885 lux?
1518 4832 1726 4895 audias,
1775 4831 1830 4885 lu
1864 4833 2028 4887 verbo
2056 4831 2154 4890 Dei

571 4911 708 4966 erat,
736 4911 794 4955 iit
818 4900 991 4957 fieret.
1015 4903 1131 4968 Quo
1154 4904 1314 4958 modo
1337 4903 1532 4958 factum
1557 4911 1641 4957 est
1657 4903 1888 4957 cmlum?
1909 4903 1964 4957 ln
1989 4908 2154 4961 verbo

571 4970 669 5026 Dei
695 4983 830 5037 erat,
867 4982 923 5026 ut
949 4974 1122 5028 fieret.
1155 4975 1222 5029 Et
1247 4986 1442 5029 castora
1478 4989 1573 5044 per
1599 4975 1865 5042 ordinem,
1900 4979 1943 5030 si
1975 4980 2154 5043 requi-

569 5057 657 5097 ras
684 5059 788 5113 quo
821 5045 979 5100 modo
1011 5045 1146 5100 facta
1172 5047 1333 5100 sunt?
1355 5046 1410 5100 In
1444 5045 1608 5100 verbo
1638 5045 1732 5100 Dei
1759 5055 1934 5111 erant,
1969 5059 2026 5101 tit
2055 5051 2150 5102 tie-

569 5126 709 5187 rent.
743 5115 854 5170 lloc
883 5119 1024 5170 enim
1057 5129 1159 5185 est,
1187 5117 1329 5172 Dixit
1363 5116 1539 5171 Deus:
1575 5115 1698 5169 Fiat
1723 5118 1840 5184 lux,
1867 5117 2023 5183 dixit,
2056 5135 2152 5187 pro

568 5184 692 5240 fecit
712 5228 724 5249 ,
752 5188 929 5256 posuit
959 5191 1215 5257 scriptor,
1248 5199 1303 5242 ut
1329 5189 1691 5254 celeritatem,
1719 5188 1805 5241 vel
1837 5184 2148 5245 facilitatem

565 5258 747 5331 operis
775 5258 866 5331 Dei
896 5261 1237 5325 o‘stenderet;
1269 5275 1440 5331 neque
1467 5262 1613 5314 enim
1636 5261 2011 5329 corporalibus
2035 5277 2151 5315 mo-

565 5327 648 5381 dis
677 5329 910 5398 loquitur
937 5331 1118 5385 divina
1151 5327 1389 5386 natura':
1425 5347 1524 5386 nec
1551 5327 1766 5396 quoties
1795 5331 1961 5400 dixit,
1990 5333 2149 5388 toties

566 5400 728 5454 verba
761 5401 1010 5456 formavit
1042 5421 1055 5455 :
1091 5418 1254 5456 unum
1279 5403 1421 5474 enim
1448 5403 1682 5474 Verbum
1713 5403 1897 5474 genuit
1922 5415 2147 5458 cumter-

563 5484 691 5542 num
758 5481 810 5525 et
837 5474 1338 5528 consubstantivum
1361 5473 1490 5536 sibi,
1520 5476 1572 5527 itt
1605 5473 1729 5542 quo
1752 5475 1931 5529 omnia
1958 5476 2144 5530 inell'a-

559 5540 743 5596 biliter
763 5553 816 5597 et
850 5544 1277 5614 intemporaliter
1308 5545 1471 5610 dixit;
1499 5540 1782 5599 talisienim
1811 5547 1902 5600 Dei
1924 5548 2143 5612 locutio,

561 5627 670 5668 non
725 5617 1093 5684 temporaliter
1118 5618 1434 5686 praeteriens
1479 5631 1675 5682 sonus,
1709 5619 1801 5671 sed
1833 5620 1946 5672 sola
1977 5619 2144 5673 dictio

559 5696 642 5738 est
665 5687 908 5741 rationis.
935 5688 1078 5741 Dixit
1098 5689 1254 5754 Deus,
1282 5686 1406 5742 Fiat
1427 5689 1537 5743 lux.
1558 5689 1612 5743 In
1633 5689 1731 5742 hac
1753 5690 1870 5743 luce
1892 5689 2144 5745 historia-

561 5754 1328 5834 literirecapitulaturncreatio
1354 5761 1696 5834 angelorum,
1723 5762 1810 5831 qui
1846 5777 1946 5834 pro
1976 5762 2143 5832 partia

559 5826 828 5891 stipatione
851 5839 1065 5884 aeternae
1094 5832 1252 5894 lucis,
1287 5831 1380 5886 lux
1409 5826 1464 5886 ἐι
1491 5833 1608 5887 dies
1640 5826 1928 5896 nun’cup’ati
1969 5826 2096 5886 iunt
2127 5841 2138 5884 ι

2260 4617 2432 4682 magis
2460 4617 2512 4668 in
2549 4615 2734 4678 Deum,
2765 4616 2854 4683 qui
2885 4611 3065 4668 omnia
3094 4611 3300 4670 aeterno
3325 4625 3380 4670 et
3410 4614 3591 4670 stabili
3621 4611 3839 4667 concilio

2258 4699 2358 4739 suo
2390 4685 2552 4740 facit?
2580 4686 2720 4756 Ergo
2750 4701 2851 4741 nec
2879 4686 3074 4750 discit,
3106 4686 3202 4740 sed
3233 4688 3389 4741 docet
3420 4687 3623 4756 factum
3651 4685 3702 4737 in
3733 4690 3838 4756 arte

2259 4757 2563 4812 faciendum
2597 4776 2608 4809 :
2643 4753 2698 4811 et
2742 4773 2839 4812 nec
2875 4759 3030 4812 aliter
3067 4759 3225 4825 facta,
3259 4773 3359 4812 nec
3399 4760 3562 4812 aliter
3601 4753 3835 4809 facienda

2259 4829 2409 4881 vidit.
2437 4829 2516 4882 Eo
2542 4829 2720 4894 itaque
2749 4829 2912 4883 modo
2939 4828 3072 4881 vidit
3099 4827 3258 4892 facta,
3281 4843 3389 4897 quo
3412 4829 3618 4882 viderat
3649 4827 3834 4881 iacien-

2257 4899 2344 4953 da.
2370 4899 2498 4953 inde
2520 4910 2602 4953 est
2629 4900 2772 4965 quod
2800 4900 2950 4964 dicit,
2975 4898 3115 4952 Vidit
3139 4899 3276 4954 Deus
3295 4900 3435 4970 quod
3463 4911 3596 4954 esset
3623 4899 3832 4970 bonum;

2255 4971 2308 5024 id
2338 4982 2437 5040 est,
2471 4972 2521 5024 in
2550 4985 2612 5025 ea
2644 4971 2882 5025 bonitate
2913 4972 3109 5037 placuit
3133 4982 3193 5024 ut
3218 4979 3486 5032 maneret,
3517 4971 3570 5023 in
3602 4985 3704 5036 qua
3729 4969 3834 5040 pla-

2255 5043 2365 5095 cuit
2396 5053 2452 5095 ut
2479 5042 2666 5108 fieret,
2690 5045 2833 5112 quod
2870 5042 3014 5095 fecit.
3048 5040 3117 5112 Et
3148 5042 3318 5096 divisit
3343 5043 3512 5095 lucem
3542 5057 3574 5094 a
3604 5039 3831 5093 tenebris.

2257 5113 2458 5166 Divisio
2489 5113 2626 5167 lucis
2668 5111 2715 5166 a'
2741 5113 3012 5178 tenebris,
3044 5111 3173 5166 boni
3200 5115 3378 5181 angeli
3409 5113 3647 5180 separati
3673 5127 3700 5164 a
3729 5124 3834 5163 ma-

2253 5183 2340 5237 lis.
2385 5183 2455 5238 Et
2493 5185 2614 5252 quia
2655 5200 2726 5238 ex
2768 5186 2850 5238 liis
2891 5183 3151 5254 quosdam
3187 5183 3509 5252 prresciebat
3538 5197 3634 5251 per
3656 5195 3832 5249 super-

2252 5254 2394 5309 biam
2433 5270 2686 5320 casuros,
2724 5271 2819 5323 per
2858 5255 3450 5309 incommutabilitatem
3492 5254 3833 5322 prmscientim

2253 5340 2365 5400 sua:
2405 5327 2588 5379 divisit
2624 5328 2762 5400 inter
2803 5327 2974 5400 bonos
3015 5335 3070 5379 et
3108 5327 3298 5400 malos.
3325 5327 3507 5400 ‘ltlalos
3547 5326 3704 5400 igitur
3739 5337 3828 5400 ap-

2253 5399 2462 5467 pellans
2499 5397 2779 5467 tenebras,
2815 5399 2989 5452 bonos
3017 5396 3297 5467 appellans
3325 5397 3502 5452 lucem
3523 5442 3537 5465 ,
3569 5397 3623 5450 in
3655 5395 3734 5448 his
3754 5393 3831 5444 di-

2251 5466 2409 5532 eens,
2440 5468 2584 5522 Vidit
2612 5466 2755 5522 Deus
2784 5469 2905 5538 quia
2939 5468 3059 5522 boni
3094 5478 3250 5533 sunt;
3285 5466 3341 5521 in
3382 5468 3495 5522 illis
3537 5468 3834 5538 nullatenus

2249 5541 2463 5604 dicens,
2501 5541 2640 5594 sicut
2683 5540 2736 5594 in
2775 5536 3028 5594 omnibus
3059 5540 3316 5608 operibus
3356 5538 3490 5602 Dei,
3532 5537 3666 5592 Vidit
3701 5536 3831 5587 Deus

2248 5613 2371 5682 quia
2395 5613 2584 5686 bonum
2615 5620 2687 5664 est
2707 5625 2819 5686 :‘ne
2842 5612 3043 5686 malum
3069 5613 3541 5686 prtevaricatorum
3570 5609 3831 5686 videretur
3854 5647 3856 5654 .

2248 5679 2571 5758 approbare_
2591 5683 2928 5758 angelorum.
2978 5682 3045 5736 Et
3069 5682 3262 5758 divisit
3305 5681 3474 5735 lucem
3511 5699 3547 5758 a_
3583 5679 3865 5758 tene_bris_:"

2249 5749 2378 5811 tunc
2403 5755 2510 5823 jam
2537 5749 2686 5809 Deus
2709 5755 2862 5823 juxta
2889 5753 3248 5824 praescientiae
3275 5768 3386 5824 suae
3412 5753 3635 5824 gratiam
3659 5749 3832 5801 divisit

2249 5822 2592 5881 interlucem
2625 5835 2679 5881 et
2709 5822 2994 5893 tenebras,
3028 5823 3082 5880 id
3109 5835 3229 5892 est,
3263 5823 3400 5879 filios
3429 5822 3526 5878 Dei
3557 5834 3608 5879 et
3632 5825 3770 5875 luces
3797 5829 3828 5866 ι
