4024 6336
139 315 243 376 897

1161 313 1638 374 COMMENTARH
1677 309 1745 373 ΙΝ
1791 311 2116 374 GENESIM.
2167 315 2296 374 LIB.
2337 307 2382 372 Ῑ.

3315 317 3420 383 898

140 432 541 507 peccatoribus,
588 439 859 497 tamquam
909 445 936 483 a
984 430 1258 507 tenebris,
1304 432 1804 507 justosvocansA
1832 431 2180 507 lidainentiim
2199 441 2504 507 sanctarum
2530 413 3414 507 scripturarum.Firmamentum,

137 503 314 573 diem,
347 516 400 559 et
441 505 564 558 illos
603 513 849 567 noctem;
881 517 1002 556 nam
1043 504 1167 570 quia
1212 503 1263 556 in
1305 503 1546 573 Ecclesia
1589 506 1720 558 lucis

138 570 355 631 noniine
391 574 524 642 justi
561 574 920 642 appellentur,
953 573 1073 626 audi
1103 575 1455 642 Apostolum,
1496 570 1719 638 Fuistis,

139 648 343 715 inquit,
371 645 650 715 aliquando
680 645 914 715 tenebris,
948 661 1085 697 nunc
1115 653 1284 696 autem
1308 645 1399 700 lux
1421 646 1474 697 iu
1504 643 1724 699 Domitio

139 712 305 788 (Eph.
332 712 416 790 έν).
448 712 716 790 sequitur,
748 712 970 768 Factum
995 725 1294 790 est_respere
1321 724 1366 768 et
1394 716 1721 790 mane._Ves-

140 785 322 858 perae,
371 785 598 841 conditae
637 796 895 858 creatura:
935 787 1234 848 terminus;
1283 802 1471 858 mane,
1512 785 1722 858 initium

140 857 440 914 condendae
477 867 736 911 creatura:
774 857 1014 910 alterius.
1060 859 1320 922 Quaerunt
1357 857 1556 924 aliqui,
1599 873 1724 912 cum

141 931 376 999 primum
409 944 722 997 vesperum,
754 936 936 996 postea
977 942 1134 981 mane
1174 929 1450 996 Scriptura
1489 943 1726 982 comme-

141 1001 469 1065 moraverit;
499 1017 564 1055 ne
594 999 732 1053 forte
754 1008 963 1051 noctem
995 1001 1324 1066 priusquam
1353 999 1494 1053 diem
1523 999 1728 1068 signiﬁ-

145 1086 272 1126 care
297 1071 543 1124 videatur
571 1088 585 1124 :
615 1085 718 1123 nec
747 1068 1031 1138 advertunt
1074 1071 1302 1135 primum
1335 1069 1476 1138 quod
1518 1071 1728 1136 praemi-

142 1143 278 1196 serit
302 1142 477 1206 diem,
508 1141 764 1204 dicendo,
803 1137 868 1193 Et
897 1139 1089 1194 vocavit
1123 1139 1260 1193 Deus
1293 1137 1428 1193 diem
1464 1141 1646 1204 lucem,
1683 1151 1728 1194 et

143 1213 376 1266 tenebras
401 1221 616 1265 noctem.
649 1211 777 1264 Inde
805 1219 891 1264 est
921 1211 1060 1280 quod
1089 1225 1306 1274 vestiera
1344 1211 1462 1264 ﬁnis
1498 1211 1604 1264 diei
1636 1213 1725 1278 sit,

143 1293 197 1339 et
226 1299 385 1336 mane
416 1285 534 1336 linis
565 1283 757 1336 noctis.
789 1281 928 1347 Ergo
968 1291 1026 1334 ut
1065 1280 1384 1336 beneﬁcium
1418 1290 1540 1334 ante
1581 1282 1730 1335 obla-

144 1366 260 1408 tiitii
292 1354 694 1423 prrerogativaa,
724 1362 776 1406 et
808 1354 1065 1419 primatus
1096 1353 1387 1406 nativitatis
1417 1352 1525 1406 diei
1555 1352 1726 1416 daret,

145 1427 292 1494 prius
326 1425 483 1479 ﬁnem
513 1423 618 1478 diei
644 1423 983 1492 signiﬁcavit,
1015 1432 1132 1492 post
1159 1437 1318 1492 quem
1348 1437 1592 1476 secutura
1623 1439 1729 1478 nox

143 1505 314 1549 esset.
346 1495 548 1549 Deinde
575 1505 761 1562 postea
793 1494 951 1548 ﬁnem
983 1495 1156 1548 noctis
1185 1494 1451 1564 adjunxit,
1475 1495 1727 1560 dicendo,

146 1564 471 1634 Factumque
512 1575 585 1619 est
621 1581 852 1636 vespere,
889 1574 936 1618 et
967 1580 1114 1617 mane
1149 1564 1256 1618 dies
1285 1581 1437 1617 unus.
1475 1565 1596 1618 Dies
1629 1567 1730 1619 iste

145 1652 284 1690 unus
329 1642 474 1705 prior
511 1636 716 1699 factus,
750 1645 968 1706 propter
1004 1636 1347 1689 concordiam
1393 1637 1728 1706 residuorum

146 1708 463 1776 angelorum
506 1706 583 1760 sic
622 1705 924 1776 appellatus
959 1715 1072 1772 est,
1103 1721 1326 1774 quorum
1361 1716 1582 1776 propter
1608 1705 1731 1759 uni-

149 1775 314 1832 tatem
349 1775 720 1832 insinuanda’in
747 1792 851 1830 non
883 1777 998 1832 dies
1028 1776 1259 1842 primus,
1294 1777 1384 1830 sed
1415 1775 1531 1830 dies
1557 1775 1732 1832 dictus

145 1859 232 1903 est
255 1865 417 1911 unus,
446 1859 497 1902 et
533 1849 732 1902 idcirco
755 1847 871 1928 ipse
896 1825 1154 1930 repeiitiir
1181 1825 1393 1930 semper
1420 1847 1471 1899 iii
1502 1861 1730 1900 exsecu-
1764 1825 1810 1884 Β

148 1923 301 1973 tione
329 1932 690 1972 creaturarum
733 1936 744 1971 :
776 1919 898 1986 quia
929 1919 1044 1986 ipse
1078 1918 1227 1982 dies,
1262 1917 1363 1971 hoc
1397 1929 1513 1985 eSt,
1545 1926 1732 1972 natura

145 1990 484 2058 angelorum,
512 1990 726 2059 quando
748 1999 1049 2043 creaturam
1081 1993 1273 2056 ipsam,
1292 2003 1455 2059 quam
1489 1990 1626 2041 Deus
1651 1988 1731 2042 fa-

145 2057 366 2124 ciebat,
395 2057 878 2128 contemplabatur,
909 2062 1139 2130 qundam
1184 2057 1342 2112 modo
1385 2074 1736 2126 veSperasce-

146 2132 244 2186 bat
293 2151 307 2184 :
359 2141 759 2195 verumtamen,
805 2133 926 2199 quia
975 2146 1079 2183 non
1130 2132 1477 2198 permanebat
1523 2133 1573 2182 iii
1616 2131 1732 2199 ejus

147 2213 418 2256 creatura:
442 2205 652 2266 intuitu,
679 2202 771 2255 sed
793 2202 1006 2255 laudem
1038 2202 1156 2269 ejus
1187 2201 1252 2254 ad
1281 2199 1447 2253 Deum
1470 2201 1731 2266 referens,

148 2272 328 2342 ipsam
377 2277 564 2326 melius
602 2273 656 2327 in
699 2273 880 2325 divina
926 2273 1129 2324 ratione
1166 2271 1565 2342 constiiciebat,
1611 2283 1732 2326 tunc

152 2341 418 2398 continuo
448 2343 600 2413 quasi
625 2358 779 2396 inane
811 2343 1006 2402 fiebat;
1038 2359 1157 2395 nam
1197 2341 1242 2396 si
1270 2355 1611 2410 permaneret
1643 2359 1734 2398 ne-

148 2416 330 2482 glecto
350 2414 605 2469 Creatnre
636 2416 688 2468 in
719 2423 933 2482 aspectu
967 2424 1248 2478 creaturae,
1276 2414 1384 2480 jam
1418 2429 1520 2464 non
1548 2428 1736 2482 vespe-

147 2501 232 2547 ra,
281 2489 373 2540 sed
401 2501 527 2539 ‘nox
577 2485 761 2551 utique
807 2486 977 2539 ﬁeret.
1021 2484 1294 2552 Sequitur,
1350 2482 1493 2534 Dixit
1537 2501 1736 2552 quoque

149 2553 317 2622 Deus,
344 2555 464 2608 Fiat
488 2558 882 2622 ﬁrmamentum.
910 2554 1253 2608 Firtnamcnti
1281 2555 1512 2617 nomine,
1539 2557 1735 2610 caelum

151 2629 498 2696 significavit,
525 2643 620 2695 pro
641 2643 705 2682 eo
727 2625 870 2695 quod
895 2626 1099 2679 fortiter
1121 2637 1173 2678 et
1197 2627 1348 2678 ﬁrme
1376 2627 1735 2692 compositum

150 2710 260 2765 est,
287 2700 625 2765 maximeque
649 2707 929 2766 proiiterea
951 2704 1194 2750 vocatum
1217 2707 1296 2748 cst
1316 2696 1732 2765 ﬁrmamentum,

150 2779 375 2838 propter
411 2769 738 2831 ﬁrmitatem,
767 2768 880 2822 sive
916 2768 1388 2830 sustentationem,
1415 2776 1470 2819 et
1499 2767 1732 2822 intrans.

148 2841 490 2910 greSsibilem
517 2839 803 2910 terminum
835 2841 1170 2910 superiorum
1197 2852 1476 2905 aquarum.

225 2910 410 2978 (Vers.
453 2907 539 2982 7.)
582 2909 646 2963 Et
691 2911 810 2980 fecit
849 2909 987 2982 Deus
1027 2909 1433 2982 ﬁrmamentum,
1474 2907 1738 2982 diuisitque

148 2977 316 3050 aquas
338 2983 400 3034 ab
424 2977 590 3050 aquis,
617 2977 729 3050 qua:
748 2991 890 3034 erant
905 2980 998 3033 sub
1025 2981 1366 3044 ﬁrmamento.
1387 2977 1504 3032 Iam
1532 2982 1620 3048 qui
1643 2977 1736 3034 ad-

149 3053 315 3114 didit,
345 3053 408 3104 Et
431 3053 598 3104 divisit
623 3068 780 3118 aquas
805 3051 867 3104 ab
893 3052 1059 3120 aquis,
1084 3050 1427 3120 qiiicreudum
1451 3059 1532 3102 est
1557 3060 1734 3104 utrum

152 3125 303 3177 hunc
339 3138 518 3178 aerem
559 3123 875 3177 nebulosum
914 3121 1153 3175 nominet
1185 3121 1612 3187 ﬁrmamentum,
1646 3123 1734 3191 qui

1832 503 1884 557 in
1939 505 2173 560 Ecclesia
2229 505 2515 569 Scripturze
2571 506 2766 560 divina!
2821 506 3217 572 intelliguntur;
3280 503 3419 568 sicut

1831 573 2086 643 scriptum
2120 584 2232 641 est,
2266 577 2457 630 (Icelum
2488 575 2764 643 plicabitur
2794 577 2922 629 sicut
2953 577 3098 633 liber.
3133 581 3421 636 Disc'evit-

1829 661 1934 713 quc
1962 661 2122 713 super
2152 646 2254 701 hoc
2285 649 2680 701 ﬁrmamentum
2714 662 2902 717 aquas,
2936 649 2986 702 id
3018 660 3132 715 est,
3167 653 3418 707 cmlestes

1830 717 2056 784 pupulas
2084 718 2399 785 angelorum
2421 759 2434 780 ,
2466 720 2556 787 qui
2588 735 2693 772 non
2721 734 2855 788 opus
2887 719 3086 774 habent
3117 723 3216 777 hoc
3246 729 3419 779 susci-

1829 801 1958 860 pere
1987 789 2405 860 ﬁrmamentum,
2439 799 2496 841 ut
2525 789 2764 856 legentes
2788 793 3007 860 audiant
3039 793 3260 847 verbum
3287 794 3419 860 Dei;

1831 857 2017 929 vident
2045 858 2340 929 enimcum
2373 873 2608 925 semper,
2643 869 2700 914 et
2726 859 2974 929 diligunt.
3013 861 3118 917 Sed
3149 857 3416 929 superan

1829 928 1937 982 suit
1974 928 2150 1002 ipsum
2182 927 2577 984 ﬁrmamentum
2620 931 2750 999 legis
2791 927 2902 985 sine
2941 948 3103 1002 super
3131 927 3417 991 inﬁrmita-

1833 1008 1941 1052 tem
1973 999 2286 1052 inferiorum
2323 1001 2671 1071 populorum,
2707 1010 2764 1054 ut
2801 1001 2873 1056 ibi
2904 999 3290 1071 suspicientes,
3321 1023 3415 1061 cn-

1832 1081 2091 1146 gtioscant
2122 1071 2353 1146 qualiter
2381 1069 2692 1125 discernunt
2721 1074 2856 1146 inter
2890 1069 3123 1129 carnalia
3164 1085 3220 1130 et
3261 1079 3419 1146 spiri-

1832 1140 1994 1211 talia,
2037 1142 2188 1211 quasi
2231 1156 2392 1210 super
2437 1156 2602 1209 aquas
2645 1143 2955 1211 superiores
3006 1155 3059 1198 et
3109 1140 3412 1204 inferiores.

1832 1210 2110 1287 Sequitur,
2144 1210 2284 1287 Dixit
2308 1228 2504 1287 quoque
2536 1213 2694 1276 Deus,
2717 1210 3106 1287 Congregentur
3133 1233 3279 1287 aqua:
3306 1236 3421 1287 quia

1832 1283 1926 1335 sub
1955 1283 2080 1336 calo
2109 1293 2225 1336 sunt
2244 1284 2308 1356 in
2337 1283 2503 1336 locum
2530 1300 2706 1336 unum.
2743 1284 2798 1337 Si
2829 1283 2996 1338 totum
3025 1283 3186 1354 aquis
3202 1283 3414 1356 plenum

1834 1361 2107 1424 erat,gquo
2137 1353 2295 1407 modo
2327 1363 2575 1422 poterant
2608 1369 2762 1424 aqum
2790 1353 3104 1422 congregari
3135 1353 3416 1414 in'unum?

1837 1423 1947 1477 Scd
1972 1422 2082 1491 jam
2114 1425 2362 1492 superius
2390 1424 2591 1478 dictum
2635 1422 2720 1480 est
2759 1426 2902 1494 quod
2932 1442 3092 1495 super
3121 1442 3312 1494 aquam
3344 1435 3424 1486 fe-

1835 1495 2051 1548 rebatur
2084 1495 2314 1561 Spiritus
2356 1495 2481 1560 Dei,
2513 1496 2654 1550 unde
2688 1505 2806 1550 erat
2844 1498 2982 1550 Deus
3013 1500 3190 1552 omnia
3224 1501 3422 1555 forma-

1837 1573 2016 1628 turiis;
2049 1581 2190 1637 nunc
2217 1581 2348 1637 vero
2377 1581 2498 1619 cum
2530 1566 2748 1629 dicitur,
2775 1565 3154 1637 Congregeiitur
3173 1572 3225 1622 in
3256 1572 3423 1637 locum

1837 1651 2028 1698 unum,
2064 1635 2165 1688 lioc
2207 1636 2401 1690 dicitur
2450 1645 2505 1689 ut
2552 1637 2639 1690 illa
2671 1635 2900 1692 materia
2925 1635 3280 1706 incorporalis
3314 1635 3423 1697 [εἶτ-

1838 1713 2076 1775 tnaretur
2104 1705 2159 1758 in
2188 1721 2249 1759 ea
2279 1707 2456 1775 specie
2494 1721 2651 1775 quam
2687 1708 2883 1762 habent
2915 1711 3028 1762 ista:
3059 1705 3212 1774 aqua:
3239 1715 3423 1770 visibi-

1837 1773 1946 1832 les:
1980 1775 2110 1854 ipsa:
2139 1777 2280 1854 enim
2303 1773 2651 1854 congregata:
2689 1780 2743 1832 in
2770 1795 2936 1854 unum
2956 1820 2970 1843 ,
3004 1773 3119 1848 ipsa
3146 1794 3230 1837 est
3259 1801 3422 1854 aqua-

1838 1861 1953 1922 rum
2004 1844 2257 1922 formatio
2302 1844 3082 1922 haruquuasnvidemusrWet
3130 1844 3420 1922 tangimus.

1838 1916 2110 1993 A-ppareat
2141 1918 2310 1970 arida.
2354 1917 2489 1993 Quid
2534 1917 2620 1993 hic
2669 1919 2816 1993 aliud
2846 1916 3266 1993 intelligendum
3315 1938 3419 1993 est,

1840 1989 1941 2039 nisi
1974 1995 2029 2040 ut
2059 1988 2146 2040 illa
2179 1991 2403 2067 materia
2444 1989 2674 2067 accipiat
2699 1992 2966 2067 visibilem
2982 1988 3226 2067 formam
3258 1988 3420 2067 quani

1839 2072 1982 2110 nunc
2003 2067 2205 2132 terram
2239 2059 2667 2132 istatirvidemus
2698 2062 2934 2117 habere?
2977 2062 3238 2132 Superius
3276 2059 3420 2122 enim

1837 2127 2055 2195 quando
2083 2129 2756 2208 cogito-minabaturterra,
2794 2133 2973 2208 inanis
3002 2127 3242 2190 et'vacua
3262 2179 3274 2201 ,
3306 2140 3424 2208 ipsa

1839 2214 2016 2251 rerum
2075 2200 2297 2252 materia
2357 2201 2762 2274 nominabatur,
2827 2205 3062 2258 nondum
3131 2200 3421 2274 generibus

1838 2278 2204 2345 creaturarum
2235 2271 2501 2339 completa
2532 2273 2890 2341 corporalium
2939 2294 2950 2326 :
2993 2287 3045 2330 et
3074 2271 3215 2345 quod
3249 2285 3423 2334 notui-

1838 2340 2066 2417 nabatur
2105 2354 2262 2409 aqua,
2295 2355 2454 2417 supra
2503 2340 2666 2417 quam
2705 2345 2974 2417 ferebatur
3019 2340 3253 2416 Spiritus
3304 2351 3420 2417 Dei,

1838 2411 2024 2490 eadem
2057 2426 2246 2490 rursus
2271 2415 2492 2466 materia
2527 2415 2922 2490 nominabatur,
2958 2411 3096 2472 nunc
3127 2435 3254 2472 vero
3283 2411 3419 2490 aqua

1839 2480 1936 2556 ista
1956 2490 2023 2556 get
2054 2491 2194 2534 terra
2226 2481 2490 2556 formatur
2519 2499 2582 2536 ex
2616 2485 2709 2538 illa
2741 2492 2987 2556 materia,
3021 2504 3140 2556 qum
3171 2490 3300 2556 ipsis
3334 2480 3425 2546 no-

1839 2551 2070 2605 minibus
2099 2553 2489 2628 appellabatur,
2527 2566 2812 2628 antequam
2849 2551 3076 2628 fortnam
3120 2551 3272 2628 aquas
3303 2563 3421 2618 istas

1838 2637 1973 2691 quas
2015 2637 2156 2702 nunc
2198 2623 2440 2702 videmus
2486 2627 2823 2702 acciperent.
2857 2627 2922 2680 Et
2961 2623 3417 2702 vocavit-aridam,

1839 2701 2048 2771 terram.
2081 2693 2248 2747 Terra
2297 2695 2419 2771 ideo
2451 2707 2674 2750 vocatur
2711 2699 2894 2760 arida,
2927 2699 3047 2764 quia
3099 2701 3238 2756 sicut
3281 2693 3420 2771 ignis

1838 2766 2097 2827 calorem,
2127 2774 2182 2818 et
2207 2779 2342 2834 aqua
2377 2768 2690 2833 humorem;
2722 2771 2792 2822 ita
2829 2780 2966 2822 terra
3000 2766 3423 2828 naturaliter'lia-

1840 2834 1942 2915 bet.
1966 2834 2754 2915 siccitatem.“Cougregationes
2792 2857 2991 2910 quoque
3031 2859 3284 2910 aquarum
3323 2862 3419 2915 ap-

1837 2905 2043 2974 pellavit
2071 2907 2250 2980 maria.
2272 2905 2584 2980 ANotat'idu'm
2616 2911 2757 2978 quod
2788 2905 2962 2964 omnis
2991 2905 3250 2980 aquarum
3285 2905 3419 2970 coii-

1837 2980 2076 3053 gregatio
2106 2977 2414 3053 indliebraia
2437 2977 2718 3053 locutione
2747 2982 2908 3034 maria
2939 2977 3334 3053 nuncupentur.

1914 3045 2099 3115 (Vers.
2127 3046 2192 3100 10
2220 3050 2397 3123 seqq.)
2427 3049 2492 3123 Et
2515 3051 2644 3123 Δυἱίιίι
2672 3052 2809 3104 Deus
2833 3055 2954 3123 quia
2976 3055 3104 3106 bona
3121 3045 3225 3110 'est.
3258 3057 3423 3113 Docet

1840 3115 2039 3188 bonum
2080 3133 2201 3172 esse
2240 3115 2387 3188 quod
2427 3120 2580 3182 fecit,
2620 3137 2724 3176 non
2771 3115 2948 3178 discit.
2983 3123 3243 3180 Germt'net
3282 3138 3421 3183 terra

149 3194 541 3271 dividitaquas
563 3192 872 3262 superiores
899 3193 1114 3271 nubium
1137 3191 1204 3245 ab
1226 3186 1736 3271 inferioribus,qii_:n
1763 3207 1810 3271 ρ
1839 3186 2333 3271 Iterbam‘virenteiu,
2369 3201 2414 3244 et
2447 3193 2731 3271 facientem
2744 3211 2935 3271 semen,
2968 3207 3014 3271 et
3039 3197 3234 3271 lignum
3254 3202 3421 3269 pomi-

150 3265 203 3319 in
235 3267 404 3320 terris
433 3265 633 3328 ﬂuunt;
669 3280 790 3318 nam
823 3276 875 3317 et
906 3263 1018 3327 ipse
1049 3279 1141 3316 aer
1166 3264 1361 3316 caelum
1389 3273 1631 3330 vocatur,
1659 3266 1734 3317 si-

148 3347 239 3389 cut
274 3337 508 3405 legimus
533 3335 823 3403 :J’olucres
841 3333 952 3387 ctzli
975 3332 1147 3405 (Psal.
1180 3342 1328 3402 vni);
1371 3332 1496 3385 (lum
1531 3349 1634 3387 non
1671 3335 1739 3389 de

149 3407 243 3460 illo
276 3408 562 3466 superiore
602 3407 828 3472 dicatur,
860 3405 954 3458 sed
988 3407 1054 3458 de
1086 3407 1188 3458 isto
1217 3406 1268 3456 in
1310 3418 1415 3472 quo
1443 3419 1570 3458 aves
1601 3405 1737 3458 voli-

151 3487 291 3532 tant.
329 3476 483 3534 Unde
511 3480 676 3546 qul'i
708 3486 880 3546 potest
910 3491 1014 3544 quo
1043 3475 1202 3528 modo
1227 3475 1555 3546 elementum
1587 3490 1738 3546 aqua:

151 3548 333 3618 possit
361 3563 481 3602 esse
511 3545 673 3616 supra
711 3545 909 3610 caelos;
940 3561 1074 3615 aqua
1106 3548 1251 3599 enim
1289 3545 1433 3618 cedit
1473 3545 1649 3612 terrae,
1686 3556 1742 3602 et

150 3615 246 3673 aer
275 3619 424 3673 cedit
448 3615 621 3688 aquai,
645 3631 698 3673 et
726 3618 860 3688 ignis
885 3619 1026 3670 cedit
1053 3619 1164 3670 aeri
1196 3633 1210 3669 :
1243 3615 1382 3672 unde
1411 3615 1741 3682 impossibile

149 3691 372 3744 videtur
400 3701 456 3742 ut
485 3687 774 3744 secundum
801 3689 1149 3751 elementum,
1183 3687 1325 3752 quod
1364 3695 1446 3740 est
1482 3702 1640 3756 aqua,
1670 3693 1744 3744 sit

148 3775 323 3830 supra
353 3770 624 3827 quartum,
655 3761 795 3828 quod
836 3768 920 3813 est
951 3761 1106 3830 ignis.
1138 3758 1255 3825 Quo
1285 3757 1444 3810 modo
1473 3769 1525 3830 et
1554 3760 1740 3829 quales

147 3828 261 3885 sitit
283 3847 440 3899 aquze
471 3832 595 3896 illm,
616 3847 746 3897 quas
768 3831 1038 3898 Scriptura
1068 3828 1201 3884 dicit
1223 3841 1383 3896 supra
1406 3828 1592 3896 ccelos,
1621 3845 1740 3884 esse

147 3917 244 3957 eas
277 3903 480 3956 ibidem
510 3903 730 3956 minimc
756 3901 1060 3954 dubitamus
1084 3916 1203 3967 ane
1238 3915 1342 3951 non
1371 3900 1610 3953 locorum
1651 3915 1741 3956 se-

150 3973 340 4038 dibus,
374 3972 470 4026 sed
501 3974 759 4041 dignitate
799 3982 1026 4032 naturm,
1057 3971 1303 4024 videntur
1336 3984 1496 4041 supra
1524 3973 1689 4026 cmlos
1724 3988 1739 4025 :

147 4045 293 4098 sicut
317 4046 460 4098 enim
485 4039 652 4097 nubes
676 4047 792 4096 ista
814 4059 932 4111 quze
955 4043 1150 4110 ubique
1170 4049 1296 4094 sunt
1324 4039 1566 4112 feruntur
1583 4057 1744 4112 super

148 4130 343 4170 acrem
365 4154 381 4178 ,
411 4115 551 4183 quod
581 4123 664 4167 est
694 4110 906 4168 tertium
937 4112 1292 4175 elementum;
1327 4110 1398 4183 ita
1439 4112 1555 4166 ﬁeri
1587 4110 1743 4181 posse

150 4186 400 4239 arbitror
423 4182 482 4238 ut
501 4200 654 4253 aquas
675 4195 863 4239 tenues
885 4191 1043 4252 atque
1069 4184 1295 4237 subtiles
1325 4182 1564 4237 ferantur
1583 4200 1745 4252 super

155 4258 362 4310 etclam
403 4275 415 4308 :
447 4271 572 4308 nam
613 4270 680 4309 ex
729 4255 830 4308 hnc
869 4257 1106 4320 pondere
1144 4254 1562 4316 elementorum,
1595 4255 1745 4309 multi

153 4326 610 4395 pliilnsoiiliorum
633 4325 1077 4379 resurrectionem
1103 4326 1280 4378 carnis
1303 4324 1610 4388 illudentes,
1638 4343 1742 4380 non

152 4413 323 4467 posse
343 4397 469 4456 fieri
499 4399 743 4466 inquiunt
779 4409 833 4450 iit
863 4397 1152 4467 homo,qui
1186 4395 1368 4467 utique
1397 4409 1461 4448 ex
1492 4405 1631 4449 terra
1665 4396 1742 4448 fa-

155 4465 283 4522 ctus
315 4479 398 4522 est
421 4512 435 4535 ,
466 4470 533 4522 sit
564 4470 614 4520 in
642 4470 796 4522 emta.
831 4466 937 4521 Sed
969 4465 1068 4519 hos
1093 4466 1290 4518 vei-itas
1319 4467 1620 4531 convincit,
1654 4468 1746 4536 qui

149 4541 289 4593 facit
337 4541 504 4593 inulta
549 4539 796 4591 animalia
848 4549 1060 4591 terrena
1112 4537 1337 4589 volitare
1395 4537 1446 4589 in
1501 4553 1646 4600 aere,
1691 4548 1748 4593 et

149 4625 354 4679 aquam
388 4625 510 4663 esse
535 4625 696 4679 supra
728 4624 906 4662 aerem
930 4616 1032 4679 ,et
1059 4609 1257 4676 ignem,
1289 4607 1428 4679 quod
1456 4615 1540 4661 est
1568 4610 1746 4674 utique

149 4677 411 4752 quartum
440 4677 784 4752 elementum,
807 4693 928 4752 esse
953 4678 1004 4731 in
1031 4687 1192 4752 terra.
1218 4679 1364 4752 Ergo
1384 4677 1475 4730 Dei
1510 4681 1744 4745 potentia

148 4747 276 4820 qua:
312 4754 427 4804 tunc
453 4751 628 4805 facere
656 4749 1002 4819 approbatur,
1028 4749 1154 4802 facit
1181 4758 1241 4801 ut
1269 4757 1324 4801 et
1352 4747 1514 4801 homo
1533 4761 1587 4802 et
1608 4766 1744 4818 aqua

153 4825 219 4874 sit
273 4838 436 4891 supra
478 4823 693 4876 caelum.
729 4827 906 4890 Aquas
937 4835 1065 4872 vero
1096 4821 1224 4873 istas
1253 4821 1492 4873 visibiles
1529 4822 1746 4888 quidam

150 4895 327 4962 impie
359 4902 554 4962 negant
583 4892 747 4944 factas
775 4906 894 4945 esse
923 4906 950 4943 a
985 4891 1092 4943 Deo
1112 4930 1127 4956 ,
1163 4904 1256 4958 pro
1286 4905 1350 4962 eo
1381 4891 1521 4959 quod
1559 4895 1609 4944 iii
1643 4892 1747 4947 Ge-

147 4960 272 5017 neSi
330 4960 450 5016 nm.‘
487 4972 978 5016 commemorantur
1027 4962 1112 5014 tibi
1163 4962 1271 5013 sint
1320 4960 1491 5024 facta},
1540 4977 1635 5030 pro
1681 4977 1746 5017 eo

147 5035 302 5103 quod
335 5035 592 5103 scriptum
625 5049 728 5086 non
760 5041 872 5096 est,
905 5031 1224 5103 DixitqDeus
1258 5031 1386 5084 ﬁant
1414 5045 1586 5099 aquae.
1619 5033 1746 5097 Qui-

149 5102 258 5158 bus
293 5107 366 5158 ita
400 5102 830 5173 respondendum
871 5115 952 5156 est
985 5119 996 5154 :
1039 5102 1172 5169 Quia
1219 5105 1346 5155 dum
1395 5103 1592 5157 dictum
1641 5115 1744 5171 est,

148 5173 221 5228 In
250 5176 512 5242 principio
533 5175 649 5244 fecit
674 5174 808 5227 Deus
833 5174 1015 5227 caelum
1043 5185 1090 5226 et
1119 5181 1344 5236 terram;
1376 5174 1485 5228 illic
1513 5186 1564 5227 et
1595 5190 1746 5244 aqua:

147 5246 526 5315 intelligenda:
557 5254 710 5309 sunt;
743 5260 850 5298 uno
879 5245 1018 5298 enim
1043 5245 1259 5298 nomine
1285 5255 1568 5312 utrumque
1598 5261 1746 5299 coui-

148 5324 492 5385 prehensum
515 5325 616 5378 est,
644 5325 798 5384 tropo
829 5317 1206 5383 metonyinico,
1232 5318 1380 5384 quasi
1417 5332 1508 5383 per
1535 5331 1595 5370 ea
1627 5334 1745 5382 qua:

147 5390 443 5442 continent
474 5388 525 5440 id
553 5388 693 5456 quod
722 5391 1025 5440 continetur
1058 5403 1225 5456 :ﬂnam
1268 5386 1432 5456 ipsius
1460 5398 1534 5439 est
1563 5403 1702 5440 mare
1724 5427 1742 5454 ,

146 5469 198 5512 et
249 5462 364 5526 ipse
405 5460 522 5527 fecit
565 5455 718 5527 illud.
761 5457 1029 5527 Sequitur,
1063 5455 1370 5527 vocavitque
1400 5455 1538 5509 Deus
1569 5461 1746 5523 ﬁrma-

147 5525 414 5590 mentum,
437 5533 617 5582 calum
649 5525 766 5598 (Ps.
799 5526 968 5597 xcsx).
1001 5526 1138 5592 Quid
1169 5540 1251 5581 est
1279 5528 1419 5594 quod
1451 5529 1645 5582 caelum
1679 5529 1747 5581 fa-

147 5610 308 5652 ctum
354 5601 517 5664 dicit,
553 5608 606 5653 et
652 5601 753 5653 hoc
792 5599 1185 5651 ﬁrmamentum
1219 5600 1559 5667 postmodum
1593 5615 1751 5654 voca-

148 5676 284 5723 tur?
318 5674 416 5723 nisi
449 5671 571 5740 quia
603 5679 788 5723 natura
819 5670 1083 5738 angelica,
1106 5686 1224 5737 qua:
1257 5671 1400 5735 prius
1432 5671 1750 5726 mirabiliter

148 5748 243 5792 est
277 5741 525 5805 coadita,
560 5756 627 5795 ne
668 5741 860 5795 cadere
891 5757 1138 5807 umquam
1174 5743 1332 5807 possit
1358 5783 1371 5804 ,
1409 5743 1746 5809 pnsuiiodutu

151 5819 244 5866 cst
278 5810 580 5870 mirabilius
609 5814 946 5869 continuata.
977 5811 1424 5880 Firmamentum,
1458 5812 1510 5868 id
1541 5826 1643 5880 est,
1667 5829 1749 5868 εο-

1842 3257 2010 3326 ferum
2049 3261 2240 3329 faciens
2279 3257 2519 3329 fructum.
2555 3263 2836 3318 Benedixit
2879 3257 3098 3320 lierbttii
3154 3257 3416 3325 virentem

1843 3338 1898 3383 et
1929 3330 2131 3397 lignum
2165 3331 2504 3410 pomiferum.
2534 3333 2704 3410 fl‘e‘rra
2731 3336 2876 3388 arida
2917 3349 2968 3410 et
3009 3337 3302 3410 fructuosa,
3326 3357 3422 3410 per

1842 3410 2129 3474 peccatum
2170 3403 2404 3474 hominis
2443 3405 2752 3471 maledicta,
2800 3407 3047 3474 produxit
3098 3403 3337 3464 tribulos
3365 3422 3422 3467 et

1841 3471 2046 3548 spinas.
2087 3470 2257 3548 Unde,
2278 3476 2505 3548 quaestio
2536 3470 2776 3530 nascitur
2800 3470 2822 3529 ἐ
2854 3475 2986 3530 Cum
3021 3478 3164 3534 Deus
3191 3484 3418 3548 septima

1843 3541 1932 3594 die
1963 3545 2286 3617 requieverit
2328 3544 2580 3617 abgotnni
2623 3562 2788 3608 onere
2816 3563 2933 3612 suo,
2967 3565 3072 3617 qu-i
3115 3541 3274 3603 modn
3306 3552 3423 3608 haec

1846 3613 2185 3691 postmodum
2232 3615 2468 3691 condidit
2514 3619 2699 3691 novat
2731 3613 3158 3691 quamvis—enim
3204 3637 3423 3691 propter

1845 3693 2123 3751 peccatum
2150 3685 2380 3739 hominis
2405 3689 2519 3741 haec
2545 3685 2761 3742 condita
2785 3689 3054 3752 dicantur,
3083 3685 3215 3744 nihil
3243 3685 3422 3750 tamen

1846 3755 2188 3831 postmodum
2205 3767 2458 3831 creatum
2484 3768 2567 3812 est
2599 3775 2815 3822 novum,
2847 3763 2971 3830 quia
3004 3777 3108 3815 non
3146 3773 3262 3829 post
3294 3779 3420 3831 pec-

1844 3825 2325 3900 catumbominis,
2371 3834 2520 3894 quasi
2561 3831 2626 3882 ad
2668 3825 2879 3899 pcenani
2921 3831 3034 3900 ejus
3073 3825 3310 3887 creatum
3353 3838 3426 3888 sit

1844 3896 2057 3963 aliquod
2084 3912 2303 3961 novum,
2335 3901 2571 3953 maxime
2602 3896 2728 3954 dum
2757 3903 2807 3953 iii
2836 3896 3082 3956 eumdem
3113 3904 3287 3957 lucum
3314 3921 3418 3960 non

1847 3965 2056 4041 dicatur
2099 3983 2110 4018 :
2155 3965 2422 4041 Spiitasct
2460 3971 2673 4023 tribulos
2701 3974 2869 4041 pariat
2897 3982 3062 4037 terra;
3089 3975 3212 4038 sed,
3251 3973 3424 4029 Par-iet

1846 4037 1936 4111 tibi
1957 4046 2112 4111 terra,
2139 4038 2294 4111 quasi
2323 4038 2528 4094 diceret
2554 4059 2564 4094 :
2593 4037 2813 4111 incipiet
2838 4044 2930 4097 tibi
2961 4045 3107 4098 nasci
3132 4037 3204 4098 ad
3227 4047 3425 4102 laberis

1846 4107 2249 4182 exitiutnquod
2281 4110 2408 4162 olim
2437 4123 2675 4166 creatum
2705 4107 2798 4168 'est
2831 4116 2895 4166 ad
2938 4116 3186 4182 pabulum
3211 4117 3426 4182 jumen-

1848 4185 2047 4232 torum.
2082 4178 2272 4255 lierbae
2302 4191 2482 4234 autem
2515 4198 2832 4255 venenosa},
2865 4178 3186 4254 quamquam
3212 4178 3277 4238 ad
3313 4203 3424 4255 pna-

1848 4264 1971 4302 Iiam
2012 4250 2099 4323 vel
2134 4252 2353 4303 exitium
2386 4254 2690 4308 mortalium
2722 4256 2828 4308 sint
2857 4250 3083 4323 c'reatai,
3121 4250 3324 4311 habent
3346 4271 3424 4310 ta-

1847 4335 1968 4372 men
2012 4321 2140 4389 ipsm
2177 4323 2419 4390 qua-dam
2462 4326 2698 4397 remedia
2741 4321 3111 4380 salubritatum
3164 4345 3177 4381 :
3219 4342 3273 4382 et
3306 4345 3426 4397 qna:

1849 4400 2474 4468 non_pr:estantgescain,
2510 4396 2828 4468 medicinam
2863 4397 3188 4465 ministrant,
3213 4411 3264 4452 et
3309 4396 3427 4468 qua:

1849 4463 2153 4537 tinxia__sutit
2178 4466 2366 4537 usibus
2388 4463 2686 4537 hominum,
2706 4466 2984 4521 innoxium
3012 4463 3251 4537 praibent
3274 4463 3425 4537 feris,

1851 4540 1906 4586 et
1932 4532 2120 4608 avibus
2159 4535 2436 4608 pabulum.
2465 4535 2627 4590 Juxta
2667 4554 2824 4608 genus
2847 4532 3023 4592 suum.
3067 4538 3133 4594 Ut
3167 4551 3311 4594 esset
3337 4532 3434 4594 ικιὲ

1853 4604 2126 4658 scentibus
2155 4606 2380 4680 singulis
2405 4608 2576 4661 virtus
2599 4604 2906 4675 seminaria,
2941 4619 2993 4663 et
3015 4611 3306 4664 secundum
3338 4627 3432 4680 ge-

1853 4688 1952 4727 nus
1979 4689 2165 4729 eorum
2199 4677 2392 4729 similia
2425 4690 2795 4742 nascerentur,
2834 4681 3088 4734 distincta
3118 4677 3431 4736 similitudi-

1853 4759 1942 4810 ne,
1985 4746 2125 4799 sicut
2164 4749 2394 4822 origine.
2438 4748 2566 4802 Post
2606 4751 2742 4822 ltzec,
2790 4751 2876 4804 die
2917 4758 3097 4815 tertio,
3131 4753 3352 4822 collegit
3380 4753 3432 4806 in

1852 4831 2016 4889 unum
2046 4832 2210 4889 aquas
2237 4819 2517 4872 inferiores
2545 4821 2716 4874 salsas
2749 4839 2762 4875 :
2799 4823 2898 4875 hoc
2930 4832 3050 4889 est,
3081 4819 3324 4877 homines
3354 4827 3436 4877 iti-

1852 4887 2066 4961 ﬁdeles,
2100 4888 2572 4961 quicupiditatum
2605 4902 2953 4961 tempestate,
2987 4887 3044 4947 ct
3071 4896 3432 4948 tentationum

1851 4958 2148 5034 carnalium
2189 4959 2437 5034 fluctibus
2468 4958 2802 5034 quatiuntur,
2833 4976 2885 5018 et
2923 4967 2974 5018 in
3018 4967 3212 5034 seipsis
3233 5006 3247 5028 ,
3280 4964 3434 5030 quasi

1851 5031 2172 5104 amaritudo,
2191 5031 2558 5104 includuntur.
2585 5032 3002 5104 Segregavitquc
3024 5031 3184 5090 abeis
3201 5035 3429 5089 aridam.

1851 5099 2109 5176 Populum
2135 5101 2340 5176 scilicet
2366 5103 2568 5158 fontem
2604 5105 2728 5158 ﬁdei
2755 5099 3056 5172 sitientem;
3093 5111 3310 5176 fixitque
3341 5107 3436 5159 de-

1851 5170 1976 5244 hinc
2007 5174 2358 5244 superboruui
2388 5176 2609 5241 limites,
2644 5187 2696 5229 et
2724 5177 2967 5231 enercuit
2996 5170 3111 5244 ens,
3143 5170 3431 5232 ne'tnrbu.

1850 5243 2012 5296 lentis
2048 5243 2390 5309 iniquitatnm
2432 5262 2651 5301 suarum
2685 5247 2957 5310 fluetibus,
2983 5243 3207 5310 aridam,
3247 5248 3294 5300 id
3327 5259 3433 5314 est,

1849 5314 2078 5365 animam
2125 5315 2391 5369 sitientem
2442 5316 2608 5371 Deum
2655 5321 2979 5373 conturbent
3020 5337 3033 5372 :
3074 5320 3336 5385 liceatque
3384 5322 3433 5372 ei

1848 5388 2152 5454 germinare
2188 5387 2446 5440 bonorum
2484 5404 2706 5456 operum
2752 5393 2990 5454 fructus,
3024 5389 3438 5457 secunduui‘ge-

1851 5470 1954 5508 nus
1989 5471 2166 5508 suum.
2201 5457 2437 5527 Diligens
2471 5461 2790 5524 proximum,
2827 5461 2878 5513 iti
2909 5459 3163 5512 subsidiis
3193 5463 3433 5512 necessi-

1853 5539 2019 5580 tatum
2044 5531 2362 5593 carnalium,
2393 5531 2597 5586 habens
2628 5533 2678 5587 in
2711 5548 2768 5586 se
2795 5546 3003 5595 semen,
3033 5534 3328 5584 secundum
3359 5529 3432 5582 si-

1851 5600 2207 5654 militudinem
2229 5641 2242 5664 ,
2277 5612 2334 5654 ut
2374 5618 2438 5656 ex
2472 5618 2565 5656 sua
2615 5603 2924 5656 inlirmitate
2953 5601 3334 5669 cotiipatiatur,
3367 5599 3433 5652 ad

1851 5672 2278 5725 Stichnienduui
2331 5674 2712 5743 indigentibus.
2764 5671 3092 5733 Prnditccns,
3137 5681 3190 5743 et
3231 5673 3431 5743 liguiitii

1852 5745 1988 5794 l'nite
2022 5744 2213 5797 rubore
2234 5786 2248 5808 ,
2280 5758 2328 5798 et
2361 5739 2726 5807 fructiferutii,
2761 5745 2808 5796 id
2838 5753 2955 5811 est,
2988 5741 3336 5808 beneﬁcium,
3368 5739 3434 5794 ad

1853 5815 2188 5883 eripiendum
2234 5835 2353 5870 cuin
2391 5836 2479 5886 qui
2528 5816 2777 5885 injuriatu
2808 5816 3026 5884 patitur,
3049 5816 3115 5870 de
3156 5827 3321 5870 manu
3349 5825 3442 5884 po-
