4024 6336
522 360 628 426 003

1510 361 1603 418 AD
1638 360 1867 419 OPERA
1906 363 1966 419 S.
2009 360 2336 420 EUCHERII
2372 362 2737 419 APPENDIX.

3673 363 3781 424 904

521 493 621 543 rte.
646 493 750 534 non
777 484 954 532 autem
984 475 1219 532 cessavit
1242 475 1308 528 ab
1324 488 1495 546 opere
1522 475 1764 546 regendi,
1798 476 1884 531 vel
1912 474 2089 530 admi-
2117 476 2171 536 Α
2199 474 2253 528 in
2283 474 2372 546 illa
2400 483 2551 529 sexta
2581 474 2669 529 die
2695 474 3031 546 serpentium
3065 483 3119 530 et
3143 474 3377 530 terarum
3406 491 3609 546 genera
3636 457 3779 532 terra

524 548 783 605 nistrandi
810 548 989 601 omnia
1013 562 1130 615 qiue
1157 545 1381 599 creavit.

593 619 774 686 (Vers.
797 620 877 687 5.)
901 615 967 670 Et
1009 616 1263 670 benedixit
1299 616 1381 687 die
1416 615 1649 687 septimo,
1678 625 1728 669 et
1756 616 2094 687 sanctiﬁcavit

524 705 658 744 eum.
682 691 791 742 Cur
833 688 1086 741 Dominus
1128 686 1487 740 sanctiﬁeavit
1528 686 1668 739 diem
1707 686 1906 753 quietis
1950 702 2091 752 suae,

528 760 632 813 nisi
655 760 776 828 quia
806 772 866 811 se
908 766 1172 828 creaturae
1199 771 1355 828 quam
1389 758 1514 810 fecit
1537 756 1867 828 diligendum
1903 771 2095 828 propo-

524 830 652 893 suit,
675 825 788 882 non
819 826 1165 881 sanctiﬁcans
1194 825 1336 880 diem
1371 841 1478 894 quo
1503 840 1568 880 ea
1595 825 1836 881 facienda
1867 827 2096 880 inchoa—

524 900 621 962 vit,
644 897 909 951 necillum
940 898 990 949 in
1019 913 1123 965 quo
1148 910 1208 949 ea
1238 895 1481 964 perfecit,
1507 912 1574 950 ne
1598 897 1702 951 illis
1730 908 1821 950 aut
1849 896 2093 951 facienda

524 971 607 1023 vel
641 967 794 1038 factis
822 978 1105 1037 augmento
1131 966 1247 1038 ejus
1275 967 1509 1038 gaudere
1528 967 1819 1038 videretur,
1848 967 1942 1021 sed
1970 978 2096 1038 tunc

525 1037 880 1094 Ianetiﬁcavit
904 1036 1138 1104 quando
1182 1036 1252 1089 ab
1296 1037 1426 1104 ipsis
1465 1037 1519 1090 in
1549 1052 1608 1090 se
1647 1037 1766 1104 ipso
1808 1036 2093 1105 requievit.

525 1108 662 1165 Post
689 1110 911 1162 istorum
952 1110 1130 1175 itaque
1172 1107 1321 1175 quasi
1360 1121 1452 1161 sex
1496 1107 1705 1161 dierum
1753 1121 1914 1175 opera
1957 1109 2096 1161 bona

529 1179 685 1234 valde
724 1185 903 1247 sperat
949 1176 1107 1232 homo
1147 1179 1647 1247 quieteni_mentis,
1693 1177 2013 1231 constitutus
2044 1177 2097 1230 in

529 1245 776 1316 paradiso
817 1248 1078 1315 spiritali,
1107 1245 1212 1316 quo
1247 1245 1582 1311 signiﬁcatur
1617 1248 1726 1301 vita
1773 1248 1924 1301 beata
1956 1263 1971 1298 :
2004 1246 2099 1301 ubi

530 1320 652 1375 fons
675 1327 760 1374 est
779 1318 1053 1385 sapientiae
1074 1318 1279 1371 divi~us
1301 1317 1350 1371 iu
1376 1333 1446 1387 qu
1465 1328 1603 1370 ιιιιιιι·
1625 1328 1800 1382 partes
1818 1318 2096 1383 virtutum,

529 1392 622 1446 ubi
654 1391 778 1444 edat
830 1390 954 1458 ligni
1000 1389 1124 1441 vita!
1164 1389 1411 1456 gratiam,
1444 1389 1534 1441 ubi
1581 1389 1743 1442 utiles
1786 1387 2099 1453 disciplinas

530 1475 761 1522 morum,
792 1459 944 1527 quasi
976 1458 1179 1511 fructus
1209 1460 1470 1524 lignorum
1505 1471 1709 1523 carpat.
1736 1458 1829 1512 Est
1868 1471 2101 1525 namque

533 1533 822 1602 paradisus
854 1529 957 1582 vita
990 1529 1293 1602 beatorum,
1328 1540 1556 1602 quatuor
1599 1530 1839 1602 ﬁumina,
1870 1536 2103 1602 quatuor

532 1597 779 1664 virtutes,
810 1599 951 1669 ligna
992 1599 1111 1667 ejus
1151 1614 1342 1651 omnes
1386 1600 1543 1652 utiles
1580 1597 1897 1667 disciplinae,
1931 1598 2103 1665 ligno-

533 1687 652 1727 rum
682 1672 885 1723 fruetus
916 1684 1091 1723 mores
1120 1670 1330 1736 piorum
1366 1686 1377 1720 :
1409 1669 1610 1738 lignum
1644 1669 1764 1722 vitae
1797 1670 1909 1737 ipsa
1935 1670 2104 1721 bono-

537 1759 653 1796 ruin
685 1741 922 1794 omnium
968 1751 1136 1793 mater
1177 1738 1450 1804 Sapientia
1481 1749 1583 1803 est,
1612 1740 1678 1792 de
1708 1754 1811 1806 qua
1846 1739 2101 1805 scriptum

539 1822 646 1875 est,
671 1810 959 1866 Salomone
986 1810 1232 1862 dicente:
1259 1808 1473 1879 Lignum
1517 1811 1633 1861 vita:
1681 1818 1753 1861 est
1791 1809 1854 1879 iis
1899 1809 1983 1875 qui
2010 1823 2103 1877 ap-

599 1883 857 1935 elteudunt
879 1895 1011 1947 eam,
1044 1889 1091 1933 et
1110 1881 1196 1947 qui
1220 1877 1433 1932 tenuerit
1456 1894 1565 1931 eam
1595 1877 1962 1947 beatus(Prov.
1990 1880 2094 1946 In).

599 1900 857 1935 euenaum
879 1900 1011 1947 eam,
1044 1900 1091 1933 et
1110 1900 1194 1947 qut
1220 1900 1432 1932 tenuerit
1456 1900 1565 1931 eam
1595 1900 1962 1947 ocatustrrav.
1990 1900 2094 1946 Ill).

536 1900 760 2021 riguum
790 1950 1025 2004 scicniiie
1055 1949 1179 2003 boni
1212 1960 1264 2002 et
1296 1950 1806 2021 lllilliAll‘alngl‘eSSlO
1839 1958 1922 2003 est
1949 1963 2100 2021 man-

535 2018 665 2076 daii.
691 2021 908 2086 Expleta
951 2020 1211 2073 hactenus
1253 2033 1349 2072 sex
1391 2018 1599 2073 dierum
1645 2034 1830 2087 opera,
1872 2019 2100 2087 qualiter

539 2093 594 2146 in
633 2092 869 2146 Ecclesia
908 2089 1222 2158 Spiritaliter
1250 2088 1628 2158 intelligantur.
1660 2090 1903 2157 exposita
1938 2100 2095 2151 sunt;

537 2162 730 2216 deinde
754 2161 880 2228 quid
921 2162 974 2213 in
1023 2160 1189 2227 ﬁgura
1232 2159 1415 2212 8336"“
1453 2159 1762 2228 significent
1806 2158 2100 2227 subjicien-

538 2232 668 2286 dum
697 2241 799 2285 est.
825 2230 930 2285 Sex
956 2228 1142 2284 diebus
1164 2236 1553 2282 consummavit
1577 2231 1713 2283 licus
1732 2229 1912 2283 omnia
1937 2242 2097 2298 opera

540 2316 658 2365 sua,
690 2310 742 2354 et
781 2302 1009 2369 septimo
1053 2300 1337 2367 requievit.
1369 2299 1471 2353 Sex
1513 2300 1761 2353 aetatibus
1809 2301 2098 2352 humanum

539 2387 708 2436 genus
753 2371 803 2424 in
855 2374 957 2424 hoc
995 2371 1215 2433 saeculo,
1246 2384 1339 2438 per
1383 2371 1751 2424 successiones
1798 2380 2100 2437 temporum

542 2441 636 2496 Dei
686 2441 1185 2511 operaiinsinuant,
1214 2455 1439 2511 quarum
1488 2440 1657 2507 prima
1701 2448 1785 2494 est
1810 2442 1879 2511 ab
1929 2442 2097 2493 Adam

542 2509 805 2576 usquead
836 2510 968 2574 Noe,
997 2512 1227 2564 secunda
1272 2525 1301 2563 a
1331 2509 1444 2564 Noe
1490 2525 1659 2578 usque
1696 2510 1761 2563 ad
1800 2509 2096 2575 Abraham,

548 2584 705 2635 tertia
744 2582 812 2636 ab
853 2580 1122 2634 Abraham
1155 2593 1322 2648 usque
1346 2581 1411 2632 ad
1442 2579 1626 2643 David,
1660 2590 1846 2649 quarta
1875 2597 1904 2635 a
1935 2581 2100 2634 David

543 2666 710 2721 usque
736 2651 801 2705 ad
826 2650 1343 2721 transmigrationem
1374 2650 1703 2720 Babyloniae,
1736 2654 1921 2721 quinta
1952 2650 2102 2705 dein-

546 2720 812 2789 de’usque
834 2721 900 2775 ad
933 2720 1184 2774 humilem
1215 2724 1499 2775 adventum
1535 2720 1941 2776 Domini’nostri
1973 2723 2101 2776 Jesu

544 2791 765 2856 Christi,
796 2801 944 2845 sexta
974 2806 1093 2861 qua:
1126 2806 1267 2845 nunc
1296 2793 1472 2860 agitur
1517 2806 1686 2860 usque
1725 2807 1831 2860 quo
1873 2793 2102 2846 mundus

547 2864 784 2927 ﬁniatur,
816 2863 987 2916 donec
1021 2861 1272 2916 Excelsus
1311 2863 1489 2914 veniat
1518 2862 1582 2915 ad
1609 2862 1866 2929 judicium
1897 2880 1909 2914 :
1937 2864 2105 2929 septi-

544 2948 629 2987 nia
658 2948 788 2987 vero
814 2931 1126 3001 intelligitur
1150 2933 1202 2986 in
1246 2932 1429 3001 requie
1454 2941 1783 2996 sanctorum,
1807 2934 1927 3001 qua:
1954 2933 2103 2986 scili-

544 3013 632 3057 cet
661 3018 939 3073 vesperam
990 3017 1094 3073 non
1128 3003 1309 3066 habet,
1340 3004 1462 3069 quia
1501 3018 1618 3056 eam
1645 3002 1765 3071 ijam
1797 3003 1971 3056 nullus
2000 3013 2106 3073 ter-

544 3074 722 3128 minus
760 3072 999 3128 claudit.
1053 3072 1342 3141 Pergamus
1396 3088 1524 3142 ergo
1579 3074 1810 3127 breviter
1866 3088 1960 3140 per
2008 3072 2104 3125 bas

546 3144 729 3198 mundi
756 3158 945 3197 omnes
964 3151 1169 3207 aetates,
1197 3142 1519 3211 replicantes
1538 3143 1781 3199 ordinem
1805 3152 2102 3208 temporum

545 3225 843 3277 earum,.et
890 3214 1117 3283 mystice
1156 3201 1277 3283 ejus
1324 3210 1651 3267 differentias
1695 3201 2105 3281 distinguamus.
2135 3201 2181 3264 C

546 3287 727 3339 Primo
752 3284 895 3339 enim
921 3282 1120 3337 sieculo
1158 3282 1327 3336 iactus
1368 3291 1451 3336 est
1491 3292 1759 3350 tamquam
1810 3283 1897 3336 lux
1949 3284 2113 3336 homo

549 3356 604 3408 in
639 3356 909 3421 paradiso.
934 3352 989 3407 In
1018 3368 1119 3421 qua
1148 3360 1306 3406 aetate
1334 3351 1498 3406 Filios
1524 3352 1613 3406 Dei
1644 3354 1695 3405 in
1736 3353 1869 3406 lucis
1900 3353 2114 3408 nomine

548 3425 731 3478 divisit
775 3423 916 3479 Deus
963 3438 991 3475 a
1047 3422 1171 3476 ﬁliis
1214 3422 1522 3487 hominum,
1571 3423 1719 3490 quasi
1768 3438 1800 3476 a
1851 3423 2110 3488 tenebris,

552 3496 718 3563 titque
741 3495 896 3561 hujus
913 3492 1016 3546 diei
1046 3507 1267 3563 vespera
1298 3492 1576 3546 diluvium.
1608 3492 1912 3547 Secundum
1943 3507 2114 3547 sacu-

549 3564 659 3618 luin
689 3575 769 3618 est
802 3568 1023 3629 tactum,
1047 3563 1197 3630 quasi
1244 3562 1637 3615 ﬁrmamentum
1678 3564 1816 3617 inter
1841 3578 2031 3630 aquam
2061 3571 2117 3617 et

549 3648 765 3702 aquam.
789 3635 928 3689 Area
968 3633 1151 3701 utique
1182 3632 1273 3687 illa
1311 3646 1431 3702 qua:
1463 3635 1667 3686 natavit
1704 3631 1844 3686 inter
1879 3633 2114 3701 pluviam

555 3700 741 3766 maris,
764 3711 821 3758 et
858 3700 1212 3757 anterioribus
1248 3700 1457 3770 populis
1490 3712 1705 3769 propter
1730 3700 2113 3756 immanitatem

550 3774 813 3829 scelerum
845 3774 1002 3826 ﬁnem
1035 3773 1308 3839 imposuit,
1335 3781 1390 3824 et
1420 3773 1802 3840 posterioribus
1832 3783 1952 3841 post
1978 3772 2113 3838 Noe,

552 3857 616 3898 ac
656 3844 797 3908 ﬁliis,
829 3845 946 3907 ejus
976 3843 1293 3910 principium
1340 3841 1516 3907 dedit;
1556 3842 1713 3910 hujus
1752 3856 1973 3909 vespera
2014 3842 2116 3897 fuit

552 3913 796 3968 confusio
847 3916 1167 3983 linguarum.
1206 3911 1449 3983 Tertium
1488 3916 1739 3968 saeculum
1781 3914 1975 3983 factum
2033 3923 2115 3968 est

553 3984 769 4053 quando
821 3982 1091 4049 separavit
1136 3982 1390 4052 populum
1442 3997 1674 4053 suuma
1718 3982 1963 4052 gentibus
2023 3998 2117 4053 per

554 4052 849 4117 Abraham,
879 4054 1023 4107 velut
1047 4067 1079 4107 a
1106 4053 1262 4108 salsis
1289 4052 1728 4122 etiamarissimis
1759 4058 1932 4122 aquis,
1962 4052 2115 4122 quasi

554 4123 756 4178 aridam
796 4125 863 4178 ab
913 4125 1097 4193 aquis,
1139 4132 1198 4175 ut
1249 4121 1516 4192 proferret
1558 4137 1777 4193 germen
1812 4121 2115 4177 herbarum

554 4207 715 4263 atque
744 4192 1032 4263 lignorum,
1055 4193 1105 4246 id
1133 4201 1239 4259 est,
1265 4202 1481 4247 sanctos
1501 4204 1557 4263 et
1579 4192 1783 4248 fructus
1810 4201 2115 4248 sanctarum

554 4262 973 4333 Scripturaruin.
1008 4263 1179 4333 llujus
1217 4277 1439 4331 vespera
1472 4262 1585 4333 fuit
1633 4272 1905 4331 peccatum
1958 4273 2118 4329 atque

553 4336 753 4389 malitia
786 4334 1001 4404 pessimi
1037 4332 1178 4403 regis
1206 4333 1358 4404 Saul.
1390 4332 1517 4404 Inde
1542 4346 1788 4404 quartum
1828 4334 1990 4402 coepit
2018 4348 2120 4388 ste-

554 4405 733 4459 culutn
762 4401 798 4458 a'
826 4402 1012 4468 David,
1042 4401 1257 4474 quando
1280 4401 1558 4474 constituit
1580 4403 1730 4459 'Deus
1752 4401 2033 4457 luminaria
2060 4405 2114 4457 in

552 4477 892 4530 ﬁrmamento
915 4473 1073 4538 coeli,
1090 4474 1141 4528 id
1162 4482 1265 4537 est,
1295 4473 1637 4543 splendorem
1669 4474 1815 4542 regni
1848 4484 2115 4542 tamquam

2133 1846 2180 1905 B

2198 545 2478 617 produxit,
2520 547 2589 597 ita
2642 553 2700 599 et
2734 543 2799 599 in
2825 543 2926 599 hac
2973 559 3123 600 sexta
3170 558 3329 600 :ctate
3366 543 3550 602 siculi
3592 562 3782 617 gentes

2194 615 2358 688 vitam
2388 621 2704 683 appetentes
2733 624 2992 688 aeternam
3027 617 3264 671 Ecclesia
3290 615 3780 688 generavitfquem

2195 685 2357 740 etiam
2388 700 2604 739 sensum
2645 701 2739 739 vas
2769 687 2930 740 Petro
2976 695 3249 741 ostensum
3293 685 3684 743 inanitestavit.
3715 691 3781 744 Et

2195 756 2647 822 quemadmodum
2670 755 2758 811 die
2783 766 2934 811 sexta
2952 767 3165 811 creatur
3186 760 3453 813 masculus
3482 769 3535 813 et
3556 759 3777 825 femina,

2198 826 2277 878 sic
2306 826 2358 878 in
2391 828 2489 878 ista
2520 825 2701 879 surculi
2736 836 2896 880 aetate
2926 830 3296 883 manifestatur
3318 829 3569 884 Christus
3598 843 3653 884 et
3681 829 3763 884 Ec

2197 896 2383 969 clesia.
2414 895 2483 949 Et
2511 896 2668 969 sicuti
2695 896 3221 969 przeponiturbomo
3257 900 3308 952 in
3336 900 3423 955 die
3446 900 3547 969 illa
3570 900 3780 969 pecori!

2201 965 2324 1029 bus,
2354 968 2696 1032 serpentibus
2722 979 2777 1021 et
2816 967 2938 1021 caeli
2968 968 3293 1032 volatilibus,
3318 972 3389 1024 ita
3445 979 3501 1023 et
3524 965 3779 1024 Christus

2199 1035 2252 1089 in
2278 1037 2378 1107 hac
2409 1045 2567 1090 :etate
2602 1037 2781 1090 saeculi
2809 1037 3077 1107 gentibus.
3112 1039 3322 1107 p0pulis
3377 1049 3431 1094 et
3462 1041 3782 1095 nationibus

2200 1114 2259 1178 ut
2284 1105 2445 1178 abeo
2475 1115 2750 1174 regantur,
2778 1105 2871 1178 vel
2894 1109 3095 1162 carnali
3124 1105 3581 1178 concupiscentiae
3612 1111 3781 1165 dediti

2198 1177 2359 1230 sicuti
2412 1190 2647 1244 pecora;
2703 1176 2789 1231 vel
2854 1185 3066 1231 terrena
3117 1176 3427 1235 curiositate
3476 1182 3778 1245 obscurati,

2202 1245 2355 1320 quasi
2384 1258 2703 1320 serpentes;
2730 1248 2818 1302 vel
2848 1247 2976 1320 elati
3004 1252 3297 1317 superbia,
3324 1251 3477 1320 quasi
3524 1266 3681 1305 aves.
3717 1252 3780 1306 Et

2199 1317 2340 1369 sicut
2383 1315 2439 1369 in
2478 1316 2569 1369 illa
2617 1316 2705 1371 die
2747 1319 2985 1440 pascitur
3031 1315 3215 1383 homo,
3247 1315 3302 1374 et
3340 1315 3627 1387 animalia,
3658 1336 3780 1390 qua:

2201 1399 2322 1439 cum
2353 1386 2445 1438 illo
2472 1396 2617 1440 sunt.
2649 1388 2744 1440 her
2786 1389 2829 1440 is
2858 1388 3230 1440 seminalibus.
3253 1400 3307 1440 et
3332 1390 3493 1440 lienis
3523 1390 3777 1440 fructifeo

2201 1399 2322 1459 cum
2353 1386 2445 1438 illo
2472 1396 2617 1459 sunt,
2649 1386 2829 1459 herbis
2858 1388 3230 1455 seminalibus,
3253 1400 3307 1445 et
3332 1390 3493 1459 lignis
3523 1386 3777 1446 fructifeo

2203 1457 2300 1517 ris,
2332 1464 2387 1509 et
2419 1456 2600 1510 herbis
2624 1456 2907 1522 viridibus,
2934 1459 3013 1513 sic
3034 1469 3087 1512 et
3116 1459 3216 1514 ista
3249 1456 3399 1515 sexta
3430 1462 3623 1515 szeculi
3645 1471 3779 1515 arta-

2203 1532 2278 1596 te,
2322 1526 2585 1596 jspiritalis
2633 1530 2815 1596 homo,
2850 1528 2940 1595 qui
2993 1529 3163 1583 bonus
3218 1532 3464 1587 minister
3512 1543 3603 1586 est
3649 1531 3781 1586 Jesu

2203 1594 2409 1649 Christi
2435 1640 2449 1662 ,
2473 1612 2613 1668 _eum
2644 1598 2764 1665 ipso
2794 1594 2992 1666 popqu
3018 1600 3335 1667 spiritaliter
3365 1602 3607 1668 pascitur
3651 1617 3778 1656 san-

2205 1674 2432 1739 clarum
2465 1665 2877 1739 Scripturarum
2909 1665 3179 1725 alimentis
3227 1679 3282 1725 et
3326 1665 3442 1739 lege
3488 1673 3671 1726 divina
3713 1672 3780 1727 ad

2207 1735 2691 1803 concupiscendam
2721 1736 3105 1810 fecunditatem
3134 1735 3402 1795 rationum
3437 1751 3607 1810 atque
3654 1755 3778 1796 scr-

2210 1820 2449 1882 monum,
2481 1816 2748 1875 tamquam
2777 1808 2958 1863 herbis
3007 1811 3362 1882 seminalibus
3397 1829 3409 1864 :
3456 1808 3660 1882 partim
3712 1813 3777 1866 ad

2206 1875 2493 1951 utilitatem
2526 1892 2734 1951 morum
2764 1881 3189 1951 conversationis
3212 1875 3478 1948 humanae,
3502 1893 3777 1951 tamquam

2202 1944 2363 2020 lignis
2392 1945 2710 2020 fructiferis;
2744 1951 2938 2016 partim
2978 1950 3044 2002 ad
3093 1952 3333 2019 vigorem
3380 1944 3526 2017 ﬁtei,
3567 1944 3690 2020 Spei
3727 1963 3780 2007 et

2200 2016 2481 2089 etiaritatis
2522 2017 2575 2070 iu
2612 2018 2773 2089 vitam
2811 2027 3090 2083 :eternam,
3121 2016 3391 2089 tamquam
3434 2016 3622 2077 herbis
3650 2024 3779 2076 viri-

2201 2085 2380 2158 dibus,
2418 2101 2538 2154 qua:
2568 2087 2718 2140 nullo
2747 2097 2880 2142 testu
2926 2085 3334 2158 tribulationum
3382 2103 3671 2158 arescunt;
3703 2092 3780 2147 sic

2200 2156 2254 2208 in
2287 2156 2413 2231 istis
2455 2158 2782 2231 spiritalibus
2826 2159 2965 2213 cibis
3003 2155 3382 2226 alimentTSque
3425 2155 3688 2231 pascitur,
3726 2173 3780 2216 ut

2202 2226 2367 2301 multa
2399 2226 2681 2296 intelligat.
2714 2229 2995 2301 Caruales_
3016 2238 3222 2295 autem,
3256 2232 3306 2285 id
3336 2226 3439 2298 est,
3474 2226 3693 2301 parvuli
3725 2236 3776 2288 in

2198 2294 2433 2372 Christo,
2468 2294 2739 2367 tamquam
2767 2313 2929 2372 pecus
2966 2298 3082 2372 Dei,
3127 2312 3185 2353 ut
3212 2294 3381 2355 multa
3412 2294 3626 2363 credat.
3659 2320 3778 2372 qua:

2199 2366 2431 2438 necdum
2471 2366 2783 2437 intettigere’
2802 2370 2946 2423 valet
2973 2370 3059 2423 vel
3099 2379 3309 2438 potest;
3345 2385 3521 2427 tamen
3554 2366 3776 2428 eosdem

2201 2437 2348 2490 cibos
2371 2451 2563 2512 omnes
2598 2439 2821 2492 habent.
2860 2437 3243 2512 Hujusaétatis
3286 2455 3464 2497 autem
3505 2444 3661 2512 quasi
3693 2460 3778 2498 ve-

2200 2521 2359 2583 spera
2391 2511 2592 2583 utinam
2613 2523 2725 2583 nos_
2742 2525 2847 2563 non
2878 2511 3133 2565 inveniat!
3166 2512 3256 2583 Illa
3285 2523 3367 2567 est
3396 2511 3540 2567 enim
3574 2517 3643 2567 de
3674 2530 3774 2583 qua

2205 2577 2462 2630 Dominus
2488 2578 2619 2632 dicit
2643 2594 2659 2631 :
2684 2579 2916 2633 Putasne
2952 2583 3154 2635 veniens
3188 2580 3362 2635 Filius
3389 2585 3614 2637 hominis
3641 2577 3778 2639 ince-

2202 2648 2303 2699 niet
2335 2646 2489 2723 ﬁdem
2517 2665 2670 2718 super
2700 2659 2888 2704 terram
2914 2649 3068 2723 (Luc.
3114 2652 3301 2722 xvm)?
3345 2652 3475 2709 Post
3505 2655 3653 2708 illam
3684 2671 3774 2710 ve-

2208 2732 2423 2787 speram
2459 2720 2550 2772 tiet
2577 2735 2755 2792 mane,
2782 2720 2996 2789 quando
3022 2722 3139 2792 ipse
3170 2720 3425 2792 Dominus
3449 2726 3502 2777 in
3526 2726 3776 2780 claritate

2204 2798 2464 2842 venturus
2489 2799 2593 2843 est.
2623 2791 2771 2843 Tune
2798 2791 3142 2860 requiesc’eut
3168 2809 3291 2847 cum
3319 2791 3539 2850 Christo
3568 2797 3643 2849 ab
3668 2812 3772 2849 om-

2205 2859 2360 2912 nibus
2405 2860 2659 2928 operibus
2687 2862 2818 2930 suis
2863 2859 2899 2915 ii
2947 2864 3141 2930 quibus
3180 2863 3385 2918 dictum
3429 2876 3511 2919 est
3545 2883 3559 2918 :
3598 2865 3777 2920 Estote

2204 2930 2435 3006 perfecti,
2453 2930 2583 3006 sicut
2605 2939 2651 3006 et
2674 2928 2833 3006 Pater
2852 2928 3010 2985 vester
3026 2934 3113 3006 qui
3137 2934 3187 2986 in
3209 2935 3345 2987 ctzlis
3366 2945 3436 2988 est
3461 2935 3683 3006 (Uouit.
3699 2938 3776 3004 v).

2206 2998 2363 3075 Tales
2413 3001 2557 3054 enim
2602 2998 3210 3075 faciunt‘opera'bona
3266 2998 3606 3075 valde;'post
3657 2998 3779 3061 talia

2206 3068 2350 3145 enim
2396 3084 2581 3136 opera,
2614 3068 3007 3145 speranda‘est
3034 3075 3248 3141 requies
3289 3077 3343 3129 in
3388 3068 3494 3131 die'
3517 3077 3773 3145 septimo,

2209 3140 2748 3212 qui_yespera_m_non
2776 3144 2958 3195 habet.
2983 3140 3239 3212 Sequitur
3268 3162 3281 3196 :

2282 3209 2465 3277 (\‘ers.
2502 3208 2734 3286 tibi};
2773 3208 3121 3286 generationes
3146 3215 3259 3267 caeli
3301 3226 3349 3267 et
3377 3224 3546 3284 teme,
3571 3218 3781 3286 quando

2212 3290 2395 3351 creatae
2431 3291 2546 3332 sunt
2575 3282 2629 3333 in
2659 3282 2905 3351 die,’qua
2931 3285 3048 3351 fecit
3090 3284 3227 3336 Deus
3251 3287 3432 3339 coelum
3478 3282 3539 3339 et
3567 3282 3782 3341 terram.

2213 3347 2316 3415 Qui
2341 3352 2487 3423 enim
2510 3353 2755 3418 superius
2780 3347 2874 3419 per
2898 3347 3014 3406 dies
3039 3351 3297 3423 singulos,
3326 3356 3583 3410 distincte
3606 3358 3785 3413 omnia

2214 3420 2430 3472 condita
2476 3423 2680 3486 retulit,
2723 3422 2955 3490 qualiter
2983 3420 3147 3478 nunc'
3167 3424 3324 3478 simul
3354 3427 3535 3480 omnia
3563 3428 3785 3482 uno.die

2215 3500 2394 3564 creata
2446 3490 2585 3557 sint,
2635 3492 2911 3560 subjunxit
2964 3508 2977 3544 :
3019 3500 3083 3548 ut
3126 3495 3413 3564 aliquando
3469 3497 3785 3551 ostenderet

2213 3560 2354 3632 quod
2386 3574 2633 3632 creatura
2660 3564 2837 3616 omnis
2863 3564 3021 3616 simul
3053 3579 3147 3632 per
3177 3560 3532 3619 substantiam
3557 3568 3784 3631 exstitit,

2215 3630 2309 3706 sed
2342 3644 2449 3706 non
2468 3631 2629 3706 simul
2654 3646 2748 3700 per
2776 3632 3013 3702 speciem
3042 3630 3325 3706 processit.
3354 3635 3554 3690 Rerum
3584 3638 3785 3706 quippe

2215 3699 2367 3768 origo
2406 3702 2570 3755 simul
2607 3699 2941 3767 creata—est,
2979 3705 3075 3758 sed
3121 3705 3284 3759 simul
3327 3709 3508 3773 specie
3557 3699 3787 3763 formata

2217 3783 2322 3843 non
2353 3777 2467 3833 est;
2499 3780 2552 3823 et
2577 3774 2717 3843 quod
2745 3773 2903 3826 simul
2926 3776 3136 3827 exstitit
3164 3791 3260 3843 per
3288 3777 3649 3830 substantiam
3672 3791 3785 3830 ma-

2218 3840 2389 3913 teriae,
2421 3856 2524 3893 non
2548 3841 2731 3913 simul
2762 3844 3005 3910 apparuit
3033 3860 3129 3913 per
3153 3840 3386 3911 speciem
3414 3846 3608 3900 formae
3633 3862 3784 3900 :cum

2216 3911 2359 3964 enim
2405 3911 2560 3964 simul
2592 3911 2792 3965 factum
2822 3911 3104 3968 coelum‘et
3132 3924 3272 3968 terra
3302 3916 3582 3978 scribitur,
3630 3917 3787 3973 simul

2218 3989 2292 4052 et,
2319 3980 2597 4052 spiritalia,
2620 3991 2675 4052 et
2702 3984 3026 4049 corporalia,
3057 3985 3218 4039 simul
3247 3984 3505 4052 quidquid
3547 3988 3619 4039 de
3650 3988 3788 4041 coelo

2217 4051 2408 4124 oritur,
2442 4051 2604 4124 simul
2634 4051 2863 4124 iactum,
2896 4054 3151 4121 quidquid
3180 4056 3246 4108 de
3269 4051 3415 4124 terra
3444 4056 3785 4124 producitur,

2218 4120 2501 4192 indicatur.
2551 4120 2739 4175 Sidera
2786 4124 2983 4191 quippe
3011 4120 3199 4192 quarta
3242 4124 3331 4179 die
3378 4120 3622 4180 in'cmlo
3651 4125 3788 4182 facta

2219 4189 2721 4266 perliibeiitur._Sed
2755 4189 2897 4266 quod
2920 4189 3128 4262 quarto
3149 4193 3237 4249 die
3278 4197 3545 4266 processit
3574 4197 3629 4249 in
3664 4210 3789 4266 spe-

2218 4263 2322 4332 cie,
2358 4260 2530 4328 primo
2557 4261 2643 4332 die
2674 4264 2725 4314 in
2757 4262 2910 4317 costis
2938 4260 3142 4317 éXslllll
3173 4260 3629 4332 per'substantia:
3657 4260 3785 4320 con-

2219 4330 2495 4385 ditionem.
2546 4331 2636 4386 Sic
2679 4341 2735 4385 et
2782 4343 2998 4386 extera.
3040 4330 3309 4401 Scriptum
3348 4345 3433 4388 est
3472 4336 3619 4389 enim
3652 4337 3787 4401 ερκὶ

2217 4402 2429 4474 vivitin
2468 4411 2753 4474 retentum,“
2783 4404 2970 4455 creavit
3011 4406 3180 4456 omnia
3205 4405 3358 4461 simul
3388 4404 3583 4474 (Eccli.
3618 4409 3784 4473 xviii).

2294 4470 2473 4540 (Vers.
2496 4472 2573 4545 5.)
2605 4469 2673 4525 In
2701 4471 2783 4525 die
2807 4488 2908 4541 quo
2933 4474 3049 4542 fecit
3076 4490 3221 4526 omne
3241 4469 3518 4543 virgultum
3539 4478 3676 4545 agri.
3702 4469 3786 4530 ou-

555 4547 683 4600 solis
711 4546 1103 4620 excellentiam,
1138 4553 1194 4598 et
1233 4543 1286 4597 in
1328 4542 1510 4611 specie
1552 4543 1695 4597 luna:
1733 4544 2112 4620 obteniperan-
2137 4558 2193 4620 ι)
2222 4550 2422 4620 tequum
2452 4542 2670 4596 oriretur
2699 4545 2752 4620 in
2778 4550 3259 4620 teri'a,‘omnemque
3288 4542 3505 4620 {tertiam
3544 4542 3783 4620 rcgionis,

554 4624 684 4681 tem,
718 4625 983 4683 tamquam
1014 4616 1192 4669 lunam
1232 4627 1579 4684 synagogam,
1607 4623 1663 4668 et
1688 4614 1871 4667 stellas
1916 4615 2116 4682 princi-

555 4700 651 4756 pes
672 4685 819 4753 i-jns;
847 4687 999 4753 cujus
1026 4685 1200 4739 aetatis
1227 4683 1285 4737 ﬁt
1311 4697 1530 4756 vespera
1547 4684 1609 4756 in
1641 4686 1877 4756 peccatis
1906 4699 2112 4753 regum,

556 4753 747 4836 Quibus
764 4770 894 4836 gens
916 4757 1001 4811 illa
1025 4757 1218 4836 meruit
1239 4753 1515 4836 captivari.
1538 4754 1714 4836 Porro
1736 4755 1920 4836 quinto
1947 4769 2116 4808 saecu-

555 4821 633 4893 lo,
666 4825 718 4878 id
749 4821 850 4889 est,
877 4827 929 4879 in
962 4821 1429 4895 transniigratione
1459 4821 1787 4895 Babylonite,
1817 4821 1960 4879 facta
1993 4836 2118 4878 sunt

555 4898 706 5021 quasi
749 4896 996 4949 animalia
1028 4898 1079 4950 in
1120 4894 1271 4967 aquis
1301 4906 1354 4949 et
1393 4894 1624 4948 volatilia
1664 4895 1812 4959 cteli,
1838 4897 1961 4964 quia
1988 4903 2117 4950 tunc

594 4964 728 5020 uda-i
756 4969 895 5020 inter
921 4974 1108 5021 nentes
1134 4976 1403 5021 laumuam
1444 4967 1496 5018 in
1536 4966 1666 5019 mari
1718 4966 1899 5019 vivere
1942 4980 2117 5021 eosne-

594 4964 728 5020 uda-i
756 4969 895 5020 inter
921 4974 1108 5036 gentes
1134 4964 1403 5034 tamquam
1428 4967 1496 5036 in
1536 4966 1666 5019 mari
1718 4966 1899 5019 vivere
1942 4980 2118 5033 cmpe-

557 5046 703 5102 ruut,
728 5053 826 5091 nec
856 5035 1120 5090 habebant
1149 5038 1394 5091 stabilem
1425 5035 1601 5089 locum
1632 5043 1900 5103 tamquam
1931 5039 2117 5090 volan-

474 5154 484 5167 ,
559 5118 639 5162 tes
668 5122 814 5161 aves.
851 5107 1018 5176 llujus
1050 5108 1153 5161 diei
1191 5107 1341 5175 quasi
1380 5120 1601 5174 vespera
1626 5116 1711 5161 est
1747 5106 2115 5173 multiplicatio

556 5188 900 5247 peccatorum
928 5180 981 5232 in
1013 5177 1206 5245 populo
1232 5176 1560 5239 Judieorum,
1584 5178 1799 5243 quando
1837 5176 1915 5229 sic
1939 5191 2116 5231 διετε-

558 5249 661 5303 ca:i
702 5260 857 5314 sunt,
898 5259 955 5301 ut
996 5249 1155 5300 etiam
1201 5247 1481 5300 Dominum
1528 5248 1709 5302 Jesum
1753 5261 1859 5299 non
1899 5256 2119 5316 possent

557 5334 870 5388 agnoscere.
901 5320 1018 5373 Jam
1050 5319 1303 5388 sjeculum
1318 5328 1540 5388 sextum
1573 5316 1631 5370 ﬁt
1665 5318 1716 5371 in
1735 5317 1981 5388 adventu
2013 5318 2117 5388 Do-

559 5386 690 5444 mini
722 5393 887 5444 nostri
910 5390 1036 5444 Jesu
1063 5386 1284 5443 Christi.
1316 5386 1446 5440 Nam
1478 5389 1615 5440 sicut
1643 5389 1693 5440 in
1731 5386 1822 5441 illa
1854 5397 2002 5441 sexta
2026 5387 2115 5441 die

560 5463 764 5530 primus
790 5461 951 5515 homo
978 5458 1147 5515 Adam
1177 5462 1243 5512 de
1268 5458 1397 5511 lituo
1431 5466 1586 5511 terra!
1610 5458 1680 5530 ad
1710 5459 1992 5526 imaginem
2022 5456 2120 5530 Dei

560 5529 817 5586 l’orinatus
844 5546 957 5596 est;
982 5532 1058 5586 sic
1088 5533 1138 5583 in
1169 5531 1269 5583 iSta
1290 5540 1438 5581 sexta
1460 5529 1639 5599 saeculi
1667 5537 1825 5599 aetate
1850 5529 2115 5583 secundus

558 5602 750 5669 Adam,
782 5605 832 5656 id
875 5612 977 5661 est.
1010 5600 1275 5667 Christus,
1306 5600 1358 5653 in
1404 5598 1565 5653 carne
1611 5597 1678 5652 de
1707 5598 1867 5652 Maria
1914 5598 2119 5667 virgine

554 5683 718 5728 'tiatus
746 5684 827 5727 i-st
854 5689 870 5726 :
900 5674 985 5727 ille
1013 5677 1062 5726 in
1090 5676 1324 5726 animam
1367 5672 1653 5733 viventem,
1683 5669 1768 5721 hic
1798 5669 1848 5721 in
1875 5672 2119 5737 spiritum

563 5745 939 5799 viviﬁcantem.
975 5744 1037 5798 Et
1064 5745 1202 5798 sicut
1224 5744 1278 5796 in
1305 5741 1391 5795 illa
1417 5742 1501 5795 die
1531 5741 1587 5793 lit
1614 5741 1787 5792 anima
1813 5740 1951 5802 viva,
1970 5740 2048 5792 sic
2067 5746 2123 5791 et

563 5815 623 5871 in
654 5820 756 5870 isto
780 5819 974 5872 stucqu
1002 5817 1162 5871 vitam
1187 5812 1555 5869 desiderantes
1591 5820 1867 5867 aeternam.
1891 5811 1959 5867 Et.
1982 5810 2121 5865 sicut

2218 4613 2511 4684 priusquam
2555 4612 2879 4684 gernu'noret.
2918 4613 3036 4677 Quo
3080 4617 3240 4667 modo
3287 4614 3454 4669 herba
3506 4625 3566 4671 et
3603 4612 3785 4672 viridia

2220 4682 2331 4751 agri
2370 4682 2656 4750 antequam
2696 4682 3033 4736 exorirentur
3071 4684 3283 4739 condita
3326 4685 3488 4738 sunt?
3514 4696 3573 4740 et
3601 4690 3646 4739 si
3685 4703 3782 4739 non

2221 4762 2375 4824 erant
2403 4763 2612 4824 exorta,
2643 4766 2751 4823 quo
2789 4753 2950 4806 modo
2976 4763 3129 4824 erant
3166 4754 3345 4809 facta?
3375 4757 3478 4824 nisi
3506 4756 3635 4824 quia
3667 4772 3784 4810 cau~

2221 4822 2406 4877 saliter
2430 4822 2484 4875 in
2510 4823 2600 4875 illo
2626 4824 2713 4876 die
2738 4824 2953 4891 quando
2981 4823 3180 4879 dictum
3206 4835 3290 4880 est
3319 4841 3333 4877 :
3364 4822 3636 4880 Producot
3657 4837 3785 4881 terra

2220 4892 2429 4946 herbam
2463 4893 2734 4963 uirentem;
2776 4903 2905 4948 tunc
2927 4909 2989 4947 ea
3019 4895 3343 4962 producendi
3387 4900 3598 4963 accepit
3628 4899 3784 4950 virtu-

2223 4972 2352 5029 tem,
2380 4972 2431 5015 et
2460 4962 2513 5016 in
2541 4977 2601 5033 ea
2633 4972 2904 5029 tamquam
2934 4963 2987 5017 in
3015 4966 3305 5028 radicibus.
3336 4974 3396 5019 ut
3425 4966 3505 5019 ita
3524 4962 3779 5033 dixerim,

2220 5041 2522 5104 temporum
2574 5030 2711 5087 facta
2758 5043 2936 5097 erant,
2995 5050 3115 5103 qua:
3172 5051 3267 5104 per
3319 5044 3565 5104 tempora
3617 5030 3783 5090 futura

2217 5112 2393 5158 erant.
2437 5101 2560 5173 Non
2604 5104 2736 5156 enim
2789 5105 2987 5170 pluerat
3008 5101 3270 5159 Dominus
3315 5101 3457 5158 Deus
3502 5122 3659 5173 super
3692 5116 3783 5161 ter-

2219 5188 2352 5247 ram,
2384 5183 2430 5226 et
2456 5172 2608 5247 Itonia
2636 5189 2736 5247 non
2763 5182 2895 5247 erat,
2923 5177 3009 5243 qui
3035 5184 3327 5247 Operarelur
3357 5191 3501 5234 eam.
3518 5176 3630 5247 Cur
3651 5178 3779 5244 quod

2215 5244 2326 5313 jam
2356 5251 2511 5298 sexta
2535 5244 2624 5298 die
2646 5244 2842 5298 factum
2873 5244 3076 5311 fuerat,
3096 5247 3195 5300 hoc
3218 5246 3623 5313 recapitulaudo
3644 5261 3781 5300 com-

2221 5323 2507 5381 memorat,
2558 5314 2659 5367 nisi
2687 5315 2809 5382 quia
2840 5317 3053 5383 quando
3091 5316 3235 5386 fecit,
3260 5316 3399 5369 Deus
3426 5316 3622 5370 viridia
3651 5316 3778 5386 agri,

2222 5385 2460 5440 nendum
2500 5386 2730 5451 pluerat,
2762 5386 2995 5439 nondum
3023 5386 3183 5438 homo
3216 5384 3386 5440 factus
3413 5387 3626 5440 fuerat?

2293 5453 2471 5527 (Vers.
2503 5455 2582 5524 6.)
2628 5454 2732 5527 Sed
2761 5457 2877 5524 {ous
2921 5457 3224 5527 ascendebat
3266 5455 3330 5509 de
3366 5467 3526 5519 terra,
3574 5456 3781 5526 irrigant

2222 5524 2510 5580 universam
2536 5524 2856 5592 superﬁciem
2881 5534 3048 5580 terra.
3076 5525 3303 5581 Fontem
3333 5524 3780 5592 singularemvnu-

2224 5611 2431 5650 merum
2473 5610 2569 5664 pro
2612 5596 2800 5664 plurali
2845 5597 3059 5663 posuit:
3092 5597 3245 5665 quasi
3270 5596 3475 5651 diceret
3505 5595 3779 5665 :Nondum

2222 5667 2402 5737 pluvia
2442 5675 2576 5730 erat,
2611 5665 2705 5719 sed
2747 5665 2924 5720 t‘untes
2966 5682 3065 5735 per
3104 5664 3413 5720 universam
3457 5664 3653 5720 terram
3680 5670 3778 5737 suis

2222 5736 2522 5807 qiiibusque
2554 5737 2687 5789 locis
2714 5749 3077 5807 erumpentes,
3110 5739 3359 5806 regiones
3398 5738 3642 5807 proprias
3667 5736 3775 5789 irri-

2222 5804 2449 5882 gabant.’
2463 5805 2647 5867 Noluit
2674 5804 2761 5861 hic
2786 5808 2962 5864 fontes
2984 5804 3278 5879 appellare,
3311 5808 3411 5863 sed
3428 5805 3655 5875 fontem,
3672 5819 3779 5879 pro-
