4024 6336
227 264 334 324 905

1273 254 1748 313 COMMENTARII
1784 252 1852 310 IN
1889 255 2214 314 GENESIM.
2255 255 2386 316 LIB.
2427 256 2471 312 l.

3405 265 3513 326 906

226 388 350 454 pter
393 382 600 454 natura;
649 371 944 454 unitatem;
992 367 1079 423 vel
1117 378 1264 454 certe
1295 380 1354 426 ut
1391 371 1818 454 intelligeremus
1847 371 1894 432 Α
1926 377 1986 424 ut
2025 370 2090 454 ad
2133 369 2598 454 immortalitatem
2643 366 3028 454 transiremon
3059 375 3381 454 posslt_nisl
3419 396 3514 450 pet-

226 443 487 520 quantum
523 445 714 520 prima
737 452 893 520 terrae
923 443 1202 520 generatio
1239 443 1601 520 aposteriore
1629 443 1812 520 distet,

227 511 348 592 quae
375 514 715 592 moruliskad
750 514 1049 592 pluviarum
1086 511 1572 592 irrigatiottenrvix
1598 515 1818 592 tandem

227 583 286 647 et
319 593 471 644 tarde
519 585 834 655 perﬁcitur;
879 583 968 655 illa
1001 599 1128 637 vero
1178 583 1820 655 adjubentis‘itnperium

229 680 358 718 mox
390 652 574 716 exorta
608 658 874 725 apparuit.
905 654 1028 708 Ista:
1057 656 1409 724 generationes
1430 652 1545 708 cali
1577 664 1622 707 et
1651 665 1820 719 teme,

226 735 435 801 quando
481 739 665 783 creatis
708 726 943 801 sunt,_in
991 726 1072 779 die
1101 743 1203 801 quo
1233 726 1350 796 fecit
1383 725 1527 801 Deus
1565 725 1746 801 (telum
1777 736 1822 780 et

229 796 442 868 terram,
467 812 512 856 et
538 815 685 854 omne
708 796 987 869 virgultum
1015 799 1151 868 agri,
1185 813 1482 869 omnemque
1508 798 1719 850 herbam
1745 813 1826 850 re-

229 876 740 947 gionis,__antequam
785 868 912 947 esset
966 885 1118 938 super
1173 880 1384 921 terram.
1435 868 1822 947 Superiusse-

230 938 379 1017 ptem
409 944 524 999 dies
568 938 840 1017 numerati
892 950 1016 991 sum
1049 957 1062 992 :
1092 955 1233 1017 nunc
1278 955 1417 1017 unus
1446 938 1566 1017 dies
1606 939 1825 1017 dicitur,

227 1010 340 1088 quo
367 1018 488 1070 iecit
518 1014 715 1088 caelum
753 1022 806 1065 et
838 1020 1062 1088 terram,
1094 1010 1654 1088 et,'_or_tute_vir_-gultum
1687 1011 1823 1080 agri,

230 1079 557 1156 dmuetuque
586 1085 805 1156 herbam
837 1079 1092 1149 regiOnis.
1131 1081 1301 1150 llujus
1323 1080 1440 1156 diei
1486 1082 1705 1156 nomine
1735 1079 1828 1156 se-

232 1150 486 1214 cundum'
509 1155 846 1224 prophetam,
879 1168 1038 1206 omne
1085 1162 1295 1224 tempus
1323 1150 1482 1224 hujus
1509 1154 1630 1206 vita:
1648 1152 1828 1224 rsigni-

230 1231 451 1293 ﬂeatur,
481 1223 532 1281 in
564 1241 672 1295 quo
694 1226 886 1280 caelum
917 1233 970 1276 et
993 1233 1134 1276 terra
1165 1223 1382 1295 factum,
1420 1223 1469 1277 id
1501 1234 1607 1290 est,
1639 1223 1694 1295 in
1724 1239 1829 1292 quo

229 1309 502 1356 creaturae
548 1293 791 1352 visibiles
837 1295 1217 1363 disponuntur.
1267 1293 1372 1348 Sed
1405 1295 1534 1362 quid
1583 1294 1684 1346 sibi
1719 1298 1830 1347 vult

231 1371 383 1442 quod
410 1383 574 1431 nunc,
604 1366 880 1442 nominato
911 1367 1124 1442 (mloct
1152 1373 1318 1429 terra,
1346 1365 1584 1442 adjecit:
1613 1363 1828 1437 γεφαί-

232 1434 347 1496 tum
378 1442 514 1510 agri,
549 1447 597 1494 et
624 1437 830 1492 herbam
872 1434 1120 1507 regionis,
1145 1444 1218 1510 _ct
1259 1437 1423 1510 tacuit
1461 1445 1681 1510 Cretera,
1711 1434 1830 1510 qua:

232 1522 368 1568 sunt
411 1505 463 1567 in
495 1505 634 1564 curio
677 1520 730 1562 et
763 1505 1040 1572 terra,_\'el
1087 1507 1246 1559 etiam
1295 1505 1348 1560 in
1382 1506 1540 1575 mari,
1574 1506 1676 1560 nisi
1707 1507 1827 1574 quia

231 1599 338 1656 per
377 1583 664 1656 virgultum
711 1580 846 1656 agri,
893 1576 1222 1656 invisibilem
1246 1590 1577 1656 “creaturam
1607 1577 1830 1656 demou-

232 1647 381 1709 strat
407 1647 659 1719 intelligi,
692 1647 832 1702 sicut
862 1658 948 1703 est
971 1649 1169 1719 anima
1190 1647 1392 1719 ?_Dicta
1425 1659 1600 1702 autem
1637 1647 1833 1718 virgul-

237 1738 380 1790 tum,
417 1717 651 1794 propter
670 1720 903 1788 vigorem
935 1717 1086 1782 vitaz;
1118 1717 1303 1794 herba.
1339 1728 1555 1794 propter
1583 1720 1831 1794 eamdem

233 1787 430 1850 vitam
452 1787 742 1858 numquam
771 1799 1218 1844 utareescentem.
1258 1787 1463 1844 Deinde
1489 1791 1634 1859 quod
1678 1789 1832 1844 addi-

233 1868 320 1921 dit
353 1886 366 1920 :
395 1863 680 1930 Antequam
721 1870 850 1915 esset
880 1875 1035 1928 super
1081 1869 1291 1922 terram,
1328 1861 1646 1926 intelligitur
1681 1871 1834 1914 ante-

236 1937 618 2008 quamianitna
666 1941 914 2002 peccaret
948 1949 962 1985 :
996 1931 1228 1986 terrenis
1260 1932 1405 1986 enim
1448 1930 1834 2008 cupiditatibus

235 2003 543 2071 sordidata,
589 2014 859 2070 tamquam
907 2017 1070 2070 super
1113 2012 1309 2056 terram
1362 2014 1508 2065 nata,
1553 2003 1632 2056 vel
1674 2017 1836 2071 super

239 2092 450 2134 terram
479 2091 616 2136 esse.
653 2083 800 2129 recte
828 2073 1049 2142 dicitur.
1077 2071 1230 2127 Unde
1253 2084 1305 2127 et
1334 2073 1560 2142 adjecit:
1583 2073 1836 2127 Nondum

235 2153 377 2205 enim
399 2150 601 2221 pluerat
621 2145 878 2200 Dominus
902 2141 1042 2196 Deus
1063 2152 1440 2221 super_terram.
1461 2143 1628 2221 Quasi
1649 2155 1837 2221 aperte

233 2215 488 2276 diceret:
522 2220 821 2286 Antequam
856 2225 1104 2284 peccaret
1142 2215 1346 2280 anima,
1396 2219 1632 2269 nomium
1676 2217 1835 2269 nubi-

237 2293 348 2347 bus
393 2285 790 2359 Scripturarum
840 2287 1078 2354 pluviam
1138 2286 1401 2359 doctrina;
1457 2285 1836 2359 Dominus_ad

237 2367 480 2418 animam
505 2356 833 2429 irrigandarn
856 2366 1228 2429 concesserat;
1251 2357 1484 2410 nondum
1506 2370 1724 2429 propter
1740 2356 1838 2411 ho-

247 2433 481 2495 minem,
525 2427 728 2501 quiest
772 2439 937 2493 terra,
971 2427 1229 2501 Dominus
1262 2437 1466 2493 noster,
1499 2428 1693 2501 nubem
1722 2444 1838 2481 car-

242 2507 341 2560 nis
367 2497 735 2566 assunt'pserat
769 2519 780 2552 :
811 2513 909 2569 per
935 2513 1094 2566 quam
1126 2497 1352 2552 imbrem
1386 2502 1554 2552 sancti
1585 2499 1835 2569 Evange-

240 2576 303 2630 lii
365 2575 722 2645 largissimum
774 2568 992 2645 int'udit.
1043 2569 1196 2635 Quod
1239 2583 1366 2622 vero
1417 2571 1690 2639 ςυΙι]υηχίι
1724 2568 1841 2645 ;_’_E¢

239 2649 402 2701 homo
441 2641 543 2698 non
589 2655 717 2707 erat,
765 2642 853 2711 qui
891 2650 1192 2706 operaretur
1238 2651 1448 2708 terram,
1491 2645 1614 2711 quia
1663 2641 1841 2695 nullus

241 2716 420 2773 homo
446 2725 697 2785 Operatus
727 2723 811 2768 εει
841 2714 897 2785 iu_
937 2711 1152 2785 Virgine
1198 2711 1342 2766 unde
1381 2721 1545 2785 natus
1575 2722 1657 2785 est
1685 2712 1839 2785 Chri-

242 2800 392 2844 ειυς.
427 2781 546 2858 Ipse
575 2787 720 2858 enim
766 2792 846 2858 est
881 2781 1011 2853 lapis
1048 2783 1120 2858 ‘de
1145 2791 1320 2858 monte
1345 2784 1455 2836 sine
1485 2783 1722 2858 manibus
1747 2783 1837 2836 ab-

242 2852 631 2928 scissus-(Dan.
655 2853 714 2926 ιι)
749 2872 762 2906 :
799 2855 849 2928 id
880 2852 983 2916 est,
1014 2852 1217 2928 absque
1239 2854 1382 2928 coitu
1416 2861 1470 2907 et
1496 2853 1732 2928 humano
1755 2869 1841 2910 se-

241 2932 420 2993 mine,
463 2924 530 2984 de
565 2924 814 2995 virginali
843 2935 1020 2991 utero,
1065 2926 1216 2993 quasi
1244 2925 1318 2995 de
1365 2937 1548 2980 monte
1581 2924 1842 2995 humana:

242 3014 460 3055 natura:
515 3009 571 3054 et
617 2994 918 3052 substantia
971 2995 1153 3050 carnis
1208 2994 1500 3050 abscissus.
1563 2994 1673 3052 Sed
1725 2995 1843 3066 fons

243 3072 560 3126 ascendebat
608 3069 672 3122 de
706 3076 863 3134 terra,
908 3067 1138 3136 irrigans
1184 3066 1473 3120 universam
1519 3068 1841 3136 superﬁciem

1925 452 2176 496 mortem.
2205 443 2338 496 Illud
2361 457 2488 496 vero
2512 457 2707 508 corpus
2727 443 2867 511 quod
2893 443 2943 495 in
2968 443 3367 504 resurrectiOne
3395 443 3514 506 ore-

1923 513 2102 565 (“llan
2127 513 2384 573 futurum,
2428 513 2732 568 immortale
2761 515 2929 568 semel
2956 516 3230 582 ell'ectum,
3266 522 3403 576 mori
3433 525 3516 578 ul-

1926 593 2008 636 tra
2033 598 2137 636 non
2177 585 2369 650 poterit
2399 601 2412 637 :
2441 584 2583 650 qttod
2615 600 2736 640 cum
2766 585 2927 640 fuerit
2971 585 3290 644 immortalis
3320 597 3515 650 animae

1927 669 2124 726 corpus
2153 655 2431 722 ellectum,
2455 657 2597 709 sicut
2621 656 2689 708 ab
2720 655 2832 721 illa,
2859 658 2927 710 ita
2951 659 3020 712 ab
3048 674 3115 713 eo
3140 661 3372 726 qualitas
3404 682 3515 721 mo—
3557 664 3580 684 ”’

1928 725 2104 780 riendi
2143 740 2433 799 numquam
2482 729 2722 799 reparari
2751 728 2966 799 poterit.
2999 730 3054 784 Si
3090 725 3249 799 primi
3284 734 3332 785 lit
3356 740 3516 792 minis

1929 811 2128 874 corpus
2170 797 2334 850 vitale
2362 798 2478 874 luit,
2508 797 2650 874 quod
2679 798 2851 874 putuit
2877 802 3042 854 etiam
3073 797 3185 874 non
3216 808 3378 874 mori,
3416 811 3517 862 hoc

1930 867 2160 947 mortale
2191 867 2416 947 est,_cui
2444 868 2739 947 necessitas
2763 869 2903 947 laeta
2934 883 3015 947 est
3047 873 3308 947 moriendi
3331 867 3516 947 {quod

1929 938 2178 1012 absolute
2218 939 2271 992 in
2305 939 2538 1012 futurum
2573 940 2874 1012 immortale
2901 944 3027 1008 erit,
3055 943 3166 1012 jam
3211 938 3344 999 mori
3389 938 3514 1003 'om-

1931 1011 2062 1063 nino
2091 1011 2457 1082 noquotcrit;
2484 1024 2545 1061 ac
2573 1024 2669 1077 per
2699 1012 2800 1064 huc
2823 1011 2950 1065 illttd
2981 1011 3176 1082 corpus
3207 1016 3513 1075 facultatem

1932 1095 2039 1134 non
2085 1080 2347 1135 moriendi
2394 1078 2581 1134 habuit
2609 1096 2676 1134 ex
2730 1095 2960 1147 natura;
2996 1078 3093 1138 hoc
3118 1101 3245 1140 vero
3287 1093 3514 1146 mortale

1934 1151 2297 1206 conditionem
2347 1152 2609 1206 moriendi
2659 1151 2822 1206 habet
2866 1168 2933 1206 ex
2980 1168 3136 1218 pinna
3167 1174 3179 1207 :
3215 1159 3515 1217 immurtate

1932 1221 2064 1276 illud
2099 1224 2405 1294 felicitatem
2441 1237 2731 1288 numquam
2757 1223 3016 1294 moriendi
3050 1225 3208 1280 habet
3241 1231 3290 1280 in
3319 1233 3510 1294 gloria.

1933 1294 2188 1363 Sequitur
2215 1312 2226 1345 :
2257 1293 2326 1347 Et
2355 1294 2633 1366 inspiravit,
2662 1294 2712 1346 in
2738 1293 2924 1362 [aciem
2951 1296 3071 1364 ejus
3101 1293 3416 1366 spiraculum
3442 1306 3518 1356 vi-

1936 1376 2022 1437 tte,
2064 1377 2116 1437 et
2143 1369 2307 1433 factus
2336 1380 2405 1418 est
2439 1366 2590 1437 homo
2617 1365 2670 1416 in
2698 1365 2924 1437 animam
2964 1368 3227 1424 uiuentem.
3263 1371 3516 1437 Spirae..-

1934 1433 2042 1506 lum
2074 1436 2193 1488 vitte
2219 1439 2267 1489 itt
2304 1438 2420 1506 loco
2450 1436 2682 1506 animam
2713 1435 3056 1506 conjunctam
3079 1442 3288 1506 corpori
3309 1433 3348 1492 it
3376 1446 3517 1498 telli-

1933 1505 2131 1575 gimus.
2161 1505 2215 1559 Si
2242 1521 2370 1582 vero
2402 1505 2565 1559 homo
2597 1505 2684 1559 ille
2715 1508 2930 1582 quando
2961 1504 3134 1582 lactus
3160 1504 3235 1563 esu
3267 1525 3331 1564 ex
3368 1515 3512 1582 limo,

1935 1592 2132 1644 eorptts
2161 1587 2214 1630 et
2244 1579 2423 1630 anima
2451 1584 2587 1640 erat,
2621 1591 2760 1629 nunc
2788 1578 2954 1643 ipsius
2995 1577 3168 1632 anima
3199 1597 3262 1634 cx
3294 1585 3402 1637 suis
3431 1577 3518 1641 est

1935 1649 2175 1701 additum
2212 1649 2277 1701 ad
2312 1650 2465 1701 istaut
2517 1647 2944 1714 iuspiratiouem,
2990 1649 3204 1704 cuattdo
3233 1652 3401 1707 laetus
3432 1670 3517 1712 est,

1936 1716 2100 1794 homo
2130 1717 2182 1772 in
2213 1720 2446 1794 animam
2475 1718 2775 1794 viventem;
2805 1717 2928 1774 dum
2962 1718 3159 1794 dicitur
3188 1739 3200 1774 :
3235 1719 3517 1794 [aspiravit

1937 1789 1993 1843 in
2033 1805 2150 1842 eum
2190 1791 2434 1858 spiritum
2459 1791 2597 1853 vitat,
2627 1799 2674 1841 et
2702 1792 2867 1859 factus
2910 1802 2983 1842 est
3013 1791 3164 1845 homo
3195 1794 3248 1847 in
3287 1789 3514 1851 animam

1938 1863 2203 1926 viventem,
2251 1877 2358 1916 non
2392 1869 2476 1915 est
2517 1859 2843 1915 credendum
2873 1859 3018 1914 velut
3057 1872 3260 1930 parteru
3310 1877 3514 1924 naturae

1936 1930 2030 1985 Dei
2077 1932 2394 2008 inanimam
2432 1931 2678 2008 hominis_
2697 1930 2861 2008 fuisse
2889 1946 3226 2008 conversam,
3262 1945 3322 1990 ut
3354 1953 3514 2008 coga-

1938 2017 2059 2056 mur
2103 2003 2284 2058 dicere
2337 2000 2737 2072 naturamqDei
2789 2015 2912 2056 esse
2973 2003 3324 2072 mutabilem,
3379 2000 3514 2064 sicut

1937 2073 2136 2148 anima,
2155 2075 2474 2148 quierttodo
2498 2071 2726 2141 prolicit,
2751 2073 3138 2148 mododelicit,
3165 2075 3323 2132 modo
3350 2080 3511 2148 sapit,

1938 2145 2098 2198 modo
2137 2144 2347 2214 desipit.
2399 2145 2539 2208 Ergo
2579 2151 2817 2215 nou_est
2853 2144 3049 2215 anima,
3093 2161 3210 2215 quae
3240 2144 3516 2206 mutabilis

1939 2225 2043 2280 est,
2074 2213 2338 2270 credenda
2373 2226 2582 2272 natura.
2632 2213 2716 2269 vel
2760 2228 2884 2281 pars
2927 2213 3044 2279 Dei,
3082 2213 3340 2280 propheta
3379 2231 3517 2277 atte-

1938 2296 2134 2362 stante,
2184 2288 2270 2362 qui
2311 2287 2385 2362 ait
2417 2307 2428 2339 :
2466 2285 2743 2362 Quiﬁqnxit
2778 2287 3019 2362 spiritum
3049 2287 3288 2362 hominis,
3337 2301 3384 2362 et
3409 2293 3518 2362 ipse

1938 2357 2041 2410 scit
2056 2359 2262 2424 omnia;
2289 2365 2343 2411 et
2368 2358 2483 2427 ipse
2511 2358 2729 2426 spiritus
2751 2370 2826 2408 ρει
2861 2358 3034 2427 anima
3062 2360 3310 2424 hominis,
3343 2357 3519 2418 Evan-

1939 2428 2126 2498 gelista
2169 2425 2401 2483 testante
2437 2428 2508 2498 de
2548 2429 2750 2496 anima,
2781 2442 2938 2494 quam
2969 2425 3212 2498 Christus
3255 2431 3307 2484 in
3353 2448 3518 2491 carne

1940 2495 2186 2568 accepit,
2236 2514 2358 2554 cum
2404 2497 2629 2554 dixisset
2675 2495 3315 2568 Dominuszpotestatem
3359 2505 3518 2559 habeo

1939 2565 2167 2643 ponendi
2192 2572 2418 2643 animam
2446 2585 2610 2643 meam
2653 2567 2833 2643 (Joan.
2865 2565 2955 2643 x);_
2981 2580 3288 2643 quatllllllic
3319 2575 3517 2643 posuit,

1941 2639 2156 2711 quando
2178 2642 2422 2695 inclinato
2448 2642 2614 2710 capite
2640 2639 2804 2693 emisit
2828 2639 3082 2710 spiritum.
3113 2639 3261 2696 Unde
3295 2639 3521 2702 unitate;-

1941 2728 2043 2768 nos
2084 2713 2435 2766 dubitandum
2467 2721 2550 2766 est
2593 2712 2862 2782 spiritum‘
2885 2725 3005 2764 esse
3047 2713 3283 2782 animam
3315 2732 3328 2766 :
3360 2733 3518 2782 quam

1942 2787 2101 2838 etiam
2145 2785 2284 2838 Deus
2327 2799 2427 2838 nec
2471 2783 2547 2853 de
2576 2796 2657 2847 se,
2691 2796 2790 2853 nec
2814 2779 2900 2853 _de
2938 2781 3172 2853 qiualthet
3207 2779 3521 2853 subjacente

1942 2855 2332 2910 elementorum
2363 2852 2608 2917 materia,
2657 2851 2749 2906 sed
2796 2851 2863 2906 de
2907 2852 3075 2906 nihilo
3116 2853 3241 2908 fecit
3267 2873 3280 2908 :
3308 2851 3430 2911 nam
3473 2860 3518 2914 si

1943 2926 2010 2980 de
2036 2928 2331 2992 semetipso
2353 2939 2472 2980 eam
2501 2923 2734 2990 fecisset,
2756 2938 3040 2987 numquam
3073 2924 3257 2978 vitiosa
3280 2939 3372 2981 aut
3405 2946 3520 2984 mu-

1943 2997 2118 3051 labilis
2148 2999 2228 3050 vel
2261 2999 2454 3051 misera
2487 3010 2608 3049 esse
2639 2995 2930 3064 potuisset;
2960 2995 3002 3049 si
3034 3009 3161 3048 vero
3191 3011 3255 3050 ex
3287 3001 3524 3054 elemen-

1947 3069 2012 3120 tis
2041 3067 2343 3122 visibilibos
2375 3067 2506 3121 facta
2540 3065 2750 3130 luisset,
2784 3065 3007 3119 haberet
3036 3076 3126 3118 aut
3153 3082 3216 3121 ex
3253 3080 3390 3123 terra
3434 3084 3523 3125 so.

242 3153 426 3197 tet-rte.
457 3143 649 3203 Terra,
703 3131 875 3192 mater
906 3131 1069 3211 Virgo
1097 3135 1501 3211 DOllliﬂl_Dl:lflil
1535 3131 1840 3192 rectissime
1867 3131 1913 3192 C
1946 3138 2230 3204 liditatetn,
2256 3147 2343 3192 aut
2371 3153 2435 3193 ex
2463 3153 2600 3206 aqua
2628 3139 2934 3211 humorem,
2959 3143 3050 3211 aut
3071 3133 3253 3211 ﬂatum
3281 3156 3350 3193 ex
3373 3157 3522 3211 aere,

242 3215 537 3282 accipitur,
582 3212 648 3264 de
679 3225 779 3276 qua
827 3210 1088 3282 scriptum
1130 3217 1260 3282 est_:
1293 3205 1568 3274 Aperiatur
1599 3219 1757 3275 terra,
1796 3218 1844 3263 et

243 3276 502 3356 germinet
525 3276 853 3337 ’Satoatorem
879 3276 1010 3356 (Ira:
1043 3281 1192 3356 sui.
1222 3276 1393 3344 Quam
1429 3289 1626 3333 terram
1654 3282 1838 3356 irriga-

243 3349 330 3411 vit
371 3357 605 3422 Spiritus
651 3364 890 3412 sanetus,
922 3349 1012 3422 qui
1045 3349 1212 3422 foutis
1264 3357 1318 3401 et
1347 3364 1496 3419 aqua:
1527 3349 1764 3406 nomine
1790 3353 1841 3405 in

247 3419 556 3494 Evangelii»
589 3424 938 3494 signiﬁcatur.
971 3419 1227 3494 Sequitur
1254 3430 1270 3473 :

327 3488 517 3563 (Ve'rs.
545 3488 944 3564 7.)'Formavit
983 3491 1141 3564 igitur
1185 3488 1439 3564 Dominus
1484 3489 1848 3564 hominedee

246 3561 378 3623 limo
414 3581 578 3620 terrre.
606 3561 914 3619 Secundum
937 3561 1209 3616 eausalem
1235 3563 1497 3617 rationem
1533 3564 1582 3616 in
1611 3579 1704 3616 sex
1729 3561 1842 3617 die-

247 3654 374 3696 rum
428 3640 682 3705 operibus
720 3636 891 3687 lactus
937 3644 1043 3698 est,
1082 3632 1377 3686 secundum
1419 3633 1682 3704 originem
1716 3647 1845 3688 vero

248 3721 564 3778 temporum
597 3721 760 3778 nunc
803 3709 1064 3778 lormatus
1093 3714 1174 3778 est
1207 3721 1219 3756 :
1245 3717 1368 3758 nam
1399 3704 1614 3771 quando
1643 3705 1843 3778 dictum

249 3793 342 3837 est
375 3774 534 3848 ’quod
585 3777 759 3832 lactus
799 3783 884 3829 est
927 3774 1113 3838 homo,
1159 3775 1331 3848 ipsum
1374 3789 1590 3848 causam
1645 3774 1846 3830 iecerat

251 3844 428 3917 Deus,
459 3850 525 3904 de
553 3865 656 3918 qua
689 3856 814 3918 erat
832 3859 932 3901 suo
955 3857 1197 3918 tetnpore
1228 3844 1392 3898 homo
1415 3844 1659 3911 futurus;
1683 3860 1843 3900 causa

250 3915 437 3976 autem
466 3922 534 3975 de
572 3915 680 3989 qua
711 3919 764 3971 in
795 3917 1027 3989 futurum
1059 3915 1406 3989 formaretur,
1449 3918 1500 3970 id
1531 3927 1634 3980 est,
1675 3926 1842 3989 terra,

253 3993 380 4048 haec
433 3986 803 4062 praecesserat.
858 3987 989 4042 Item
1011 3988 1287 4062 __uonnul_li
1331 3989 1639 4062 intelligunt
1679 3986 1750 4040 ita
1794 3995 1851 4062 ut

256 4054 547 4135 pustquam
595 4063 798 4115 dictum
845 4065 930 4112 est
964 4054 1298 4135 :lformarin
1320 4056 1459 4135 Deus
1494 4054 1750 4135 hominem
1786 4058 1850 4110 de

258 4127 608 4196 limo-terrm,
666 4146 772 4184 non
823 4140 906 4184 est
954 4127 1191 4182 additum
1234 4128 1301 4181 ad
1351 4130 1634 4198 imaginem
1673 4143 1846 4192 suam,

257 4201 613 4276 quoniaut‘de
629 4201 880 4276 corporis
896 4198 1221 4276 formatione
1249 4199 1466 4276 dicitur.
1494 4201 1644 4254 'l‘uuc
1670 4207 1849 4276 autem

260 4270 496 4331 interior
525 4273 685 4328 homo
706 4271 1132 4340 signiﬁcabatur,
1159 4270 1378 4340 quando
1403 4271 1604 4324 dictum
1626 4279 1710 4323 est
1733 4287 1746 4321 :
1771 4271 1852 4322 Ad

259 4348 544 4416 imaginem
586 4355 640 4416 et
695 4342 1086 4416 similitudinem
1130 4356 1299 4416 suam.
1354 4339 1626 4408 Quaeritur
1672 4351 1850 4394 autem

261 4412 449 4473 utrum
477 4415 618 4469 virili
649 4422 810 4467 aetate
841 4412 1100 4466 formatus
1123 4421 1206 4465 est
1239 4412 1418 4471 homo,
1458 4427 1525 4464 an
1558 4427 1652 4480 per
1680 4416 1851 4480 spatia

265 4500 573 4555 temporum
595 4484 896 4541 crevisset?
917 4492 972 4555 et
992 4492 1166 4555 utrum
1190 4480 1404 4536 fecisset
1425 4498 1546 4555 eum
1573 4484 1710 4555 Deus
1740 4497 1852 4555 sua:

266 4551 566 4613 voluntatis
606 4552 976 4610 servatorem?
1028 4551 1405 4606 Verumtamen
1460 4553 1503 4606 si
1537 4552 1638 4607 hoc
1679 4552 1853 4607 homi-

267 4646 401 4684 num
430 4627 730 4682 futurorum
761 4639 942 4689 causa,
975 4623 1114 4675 unde
1139 4631 1293 4676 erant
1342 4623 1484 4676 insiti
1525 4634 1687 4693 atque
1713 4639 1850 4695 pra:-

266 4699 478 4755 conditi
506 4699 559 4752 in
587 4698 673 4751 die
695 4711 800 4766 quo
819 4698 1012 4748 tactum
1029 4703 1115 4766 est
1143 4695 1340 4766 caelum
1369 4705 1421 4747 et
1447 4705 1614 4766 terra,
1639 4695 1853 4764 quando

269 4773 484 4824 creavit
512 4768 654 4822 Deus
675 4765 853 4820 omnia
883 4765 1043 4819 simul
1067 4780 1080 4828 ;
1115 4779 1220 4817 nou
1248 4765 1406 4818 aliter
1427 4765 1598 4819 Adam
1631 4767 1696 4819 de
1724 4766 1854 4819 lituo

273 4843 475 4895 factum
517 4837 884 4905 intelligimus,
915 4834 1296 4905 nisiperfectze
1340 4837 1533 4901 aetatis,
1574 4851 1678 4890 nou
1708 4837 1851 4890 enim

273 4929 400 4966 cum
445 4921 553 4963 tatu
590 4904 810 4976 parvum
832 4922 992 4976 quam
1015 4904 1248 4959 iulautes
1282 4907 1447 4976 nostri
1479 4917 1624 4972 sunt,
1655 4906 1852 4962 factum

275 4984 445 5036 luisse
475 4974 734 5034 credibile
763 4974 878 5037 est;
906 4979 994 5045 qui
1028 4985 1145 5030 erat
1172 4978 1222 5030 in
1256 4974 1362 5030 illis
1391 4977 1568 5031 causis
1587 4978 1694 5044 jam
1725 4993 1856 5031 con-

277 5051 450 5112 dttus.
476 5049 567 5104 ubi
588 5053 726 5103 Deus
754 5048 1027 5101 hominem
1061 5049 1112 5100 in
1143 5047 1398 5114 olteribus
1429 5063 1522 5102 sex
1550 5049 1757 5102 dio-rum
1787 5049 1862 5103 le-

276 5125 376 5177 cit.
412 5122 479 5174 Et
511 5121 626 5192 fecit
668 5118 807 5174 Deus
851 5119 1105 5192 hominem
1131 5119 1192 5171 de
1220 5117 1346 5192 limo
1385 5128 1555 5172 teme.
1588 5117 1704 5192 Non
1736 5134 1865 5172 vero

281 5196 392 5247 tale
426 5188 544 5245 erat
591 5204 788 5259 corpus
839 5190 1064 5243 mortale
1087 5188 1196 5258 jam
1238 5189 1457 5254 factum,
1489 5190 1645 5257 quale
1689 5192 1866 5258 primo

280 5263 491 5317 homini
539 5273 776 5316 creatum
819 5260 1032 5314 videtur
1061 5273 1185 5312 ante
1227 5273 1536 5328 peccatum;
1587 5262 1631 5313 si
1683 5260 1785 5314 hoc
1815 5262 1866 5313 in

283 5351 393 5401 quo
422 5350 564 5386 nunc
586 5348 774 5386 sumus
798 5333 904 5384 tale
934 5342 1016 5384 est
1050 5331 1207 5398 quale
1237 5342 1324 5382 aut
1359 5330 1458 5384 fuit
1478 5340 1572 5384 aut
1599 5329 1868 5400 eritzquia

285 5421 446 5474 primi
496 5403 729 5457 hominis
762 5401 1328 5474 corpusetsihabuit
1366 5404 1415 5454 iit
1465 5413 1652 5456 natura
1710 5416 1870 5470 posse

285 5471 394 5530 hort
431 5479 590 5536 litori,
634 5477 734 5526 hoc
771 5472 934 5526 etiam
967 5471 1152 5526 habuit
1183 5481 1242 5525 ut
1289 5473 1332 5524 si
1365 5483 1642 5541 peCCasset
1687 5481 1874 5541 posset

287 5555 470 5601 morte
500 5544 744 5598 dissolvi.
775 5543 922 5598 Istud
955 5552 1132 5595 autem
1161 5545 1315 5610 cujus
1351 5545 1624 5610 corruptio
1655 5543 1721 5596 de
1753 5559 1848 5613 pec

289 5629 412 5670 cato
441 5616 602 5678 facta,
633 5628 684 5668 et
717 5615 782 5668 ad
814 5623 1042 5667 mortem
1075 5613 1374 5666 mortalitas
1399 5615 1562 5680 ducit,
1595 5623 1871 5684 postquam

291 5687 486 5741 cecidit
517 5688 570 5739 in
602 5685 742 5740 hanc
770 5685 1038 5738 moriendi
1061 5686 1462 5745 necessitatem,
1497 5686 1568 5738 ita
1600 5694 1681 5739 est
1709 5686 1774 5738 ab
1804 5686 1873 5740 il-

291 5755 398 5819 lius
431 5758 590 5829 primi
631 5755 864 5809 hominis
905 5754 1177 5811 creatione
1220 5757 1463 5827 corporis
1510 5757 1874 5832 immutatum,

580 5851 859 5917 Panos.
903 5847 973 5910 Ι..

1879 4522 1930 4582 D

1946 3219 2038 3263 aut
2066 3211 2303 3264 calorem
2336 3226 2402 3263 ex
2435 3213 2571 3278 igne.
2625 3208 2728 3262 Sed
2779 3208 2904 3276 quia
2949 3208 3030 3259 bis
3058 3209 3308 3280 omnibus
3349 3208 3522 3280 caret,

1947 3291 2172 3350 apparet
2198 3297 2315 3333 eam
2346 3280 2468 3334 inde
2514 3296 2618 3332 non
2651 3293 2933 3350 esse,quze
2973 3293 3094 3331 cum
3127 3278 3233 3334 illis
3265 3278 3526 3346 probatur

1949 3353 2080 3406 nihil
2111 3351 2312 3406 habere
2355 3366 2669 3412 commune;
2715 3359 2770 3404 et
2799 3349 2920 3403 ideo
2961 3350 3140 3403 anima
3193 3355 3523 3420 spiraculum

1947 3422 2086 3477 dicta
2120 3431 2222 3485 est,
2253 3423 2374 3492 quia
2405 3437 2472 3476 ex
2505 3421 2674 3475 nihilo
2701 3420 2858 3492 facta,
2888 3423 3126 3486 corpori,
3156 3424 3295 3490 quod
3323 3428 3526 3479 anima-

1947 3503 2052 3556 ret,
2086 3491 2355 3547 insumata
2401 3502 2518 3557 est;
2551 3492 2674 3546 ideo
2718 3491 2877 3563 dicta
2901 3499 2986 3544 est
3025 3492 3347 3559 spiraculum
3379 3497 3524 3563 vitae,

1948 3566 2070 3633 quia
2101 3573 2156 3618 et
2185 3565 2286 3618 iste
2316 3579 2408 3618 aer
2437 3565 2750 3630 plerumque
2780 3561 2976 3616 dicitur
3014 3564 3263 3631 spiritus;
3312 3565 3405 3620 sed
3449 3561 3526 3621 ta;

1948 3651 2073 3691 men
2103 3636 2324 3704 spiritus
2352 3636 2479 3688 vitae
2504 3650 2611 3688 non
2640 3635 2858 3698 dicitur,
2881 3635 3001 3701 quia
3035 3643 3182 3687 caret
3210 3635 3336 3689 vita.
3369 3637 3527 3703 Ome-

1947 3707 2087 3762 ritur
2125 3718 2301 3760 autem
2348 3715 2528 3759 utrum
2563 3704 2704 3759 Deus
2731 3705 2966 3758 animam
3003 3704 3333 3775 insulllando
3376 3708 3523 3775 fecit,

1949 3793 2016 3832 an
2049 3793 2166 3832 eam
2198 3792 2356 3847 quam
2379 3776 2604 3840 iecerat,
2637 3776 2848 3844 corpori
2873 3774 3052 3830 dando
3083 3777 3258 3840 potius
3287 3774 3528 3833 insufﬂa-

1950 3848 2062 3903 vit?
2094 3847 2393 3916 Utrumque
2423 3847 2564 3902 enim
2593 3856 2741 3918 puto
2789 3860 2930 3908 esse,
2961 3861 3063 3918 nec
3091 3847 3288 3918 habere
3325 3849 3525 3918 aliquid

1949 3914 2438 3989 quaestioniqutto
2485 3916 2645 3989 modo
2691 3917 2803 3970 sive
2840 3914 3164 3989 insufﬂando
3193 3916 3381 3989 fecerit
3411 3914 3531 3974 ani-

1953 3987 2117 4053 mam,
2170 3988 2283 4044 sive
2323 3987 2557 4043 creando
2598 3987 2910 4051 donaverit;
2961 4002 3060 4040 nec
3089 3987 3156 4041 de
3185 3987 3361 4055 aliquo
3399 3989 3530 4045 ﬂatu

1952 4075 2070 4126 suo,
2111 4075 2210 4114 nec
2259 4061 2325 4113 de
2375 4074 2434 4114 se
2483 4061 2621 4126 ipso,
2671 4059 2765 4112 sed
2810 4073 2874 4111 ex
2914 4057 3082 4116 nihilo
3126 4069 3216 4110 aut
3261 4059 3531 4116 sulllando

1954 4133 2178 4197 creavit,
2213 4138 2306 4182 aut
2331 4129 2585 4202 creando
2636 4129 2847 4196 corpori
2898 4126 3190 4202 insul‘llavit
3215 4145 3227 4180 :
3257 4145 3363 4184 non
3401 4132 3529 4202 quia

1955 4202 2086 4256 illud
2109 4201 2438 4268 Spiraculum
2461 4214 2781 4254 conversum
2804 4206 2886 4252 est
2907 4200 2957 4251 in
2978 4197 3212 4252 animam
3235 4197 3526 4268 viventem,

1954 4274 2048 4328 sed
2077 4281 2330 4341 Operatus
2378 4283 2458 4325 est
2489 4271 2720 4341 animam
2752 4271 3045 4341 virentem.
3074 4269 3320 4341 Nondum
3352 4280 3532 4329 tamen

1955 4340 2248 4413 spiritalem
2280 4343 2548 4397 hominem
2577 4340 2836 4413 debemus
2866 4340 3186 4413 intelligere,
3210 4340 3332 4413 quia
3363 4342 3535 4413 factus

1957 4411 2042 4468 est
2070 4415 2121 4468 in
2144 4413 2377 4467 animam
2411 4413 2698 4475 viventem,
2729 4411 2819 4465 sed
2843 4415 3017 4465 adhuc
3043 4412 3353 4468 animalem.
3383 4412 3538 4470 Tunc

1957 4487 2102 4539 enim
2128 4485 2386 4552 spiritalis
2417 4483 2640 4539 ell'ectus
2668 4491 2769 4545 est,
2810 4497 2931 4536 cum
2973 4481 3026 4534 in
3062 4483 3312 4550 paradiso
3338 4485 3540 4540 consti«

1957 4565 2103 4612 tutus
2130 4568 2231 4620 est,
2268 4567 2316 4609 et
2350 4568 2678 4625 prteceptum
2710 4552 3052 4626 perfectionis
3093 4559 3317 4626 accepit.
3355 4553 3536 4626 Itaque

1959 4643 2242 4698 pomquam
2269 4624 2531 4698 peCcavil,
2550 4633 2615 4698 et
2639 4627 2868 4678 emissus
2890 4633 2976 4698 est
2997 4624 3064 4698 de
3091 4624 3358 4698 paradiso,
3392 4624 3539 4698 ineo

1959 4694 2237 4759 remansit,
2271 4694 2328 4749 ut
2364 4697 2612 4750 animalis
2657 4703 2830 4757 esset;
2879 4703 2935 4749 et
2966 4695 3086 4748 ideo
3115 4694 3403 4750 animalem
3446 4697 3540 4752 ho-

1960 4769 2157 4822 minem
2190 4769 2334 4836 prius
2363 4778 2642 4837 gestamus
2663 4781 2874 4830 omnes,
2917 4763 3009 4833 qui
3039 4765 3106 4818 de
3146 4765 3236 4818 illo
3269 4777 3388 4834 post
3417 4783 3539 4836 pec-

1960 4851 2138 4894 catum
2191 4839 2301 4892 nati
2353 4836 2566 4901 sumus,
2616 4836 2789 4890 donec
2832 4850 3184 4904 assequamur
3238 4838 3539 4904 Spiritalem

1960 4911 2130 4966 Adam
2165 4909 2215 4962 id
2247 4918 2350 4973 est,
2380 4909 2678 4963 Christum.
2721 4907 2811 4961 Sic
2858 4908 2999 4961 enim
3045 4907 3337 4975 Apostolus
3364 4908 3495 4961 dicit
3527 4927 3541 4964 :

1966 4979 2088 5034 Non
2133 4978 2539 5048 primum_quod
2583 4979 2816 5046 spiritale
2857 4987 2951 5048 est,
3008 4979 3098 5030 sed
3147 4979 3283 5046 quod
3328 4979 3546 5032 animale

1966 5051 2009 5123 (Ι
2042 5046 2160 5104 Cor.
2196 5052 2310 5123 xy).
2354 5046 2616 5123 ormavit
2664 5051 2821 5123 igitur
2851 5047 2990 5123 Deus
3031 5049 3287 5123 hominem
3332 5050 3395 5123 de
3425 5051 3546 5102 limo
3637 5073 3642 5080 -

1968 5118 2118 5176 terra:
2139 5135 2157 5174 :
2180 5122 2230 5172 id
2254 5129 2356 5187 t-st,
2386 5120 2556 5174 lactus
2577 5133 2658 5174 est
2683 5118 3112 5187 Cltristus,juxta
3139 5118 3285 5188 quod
3303 5119 3378 5170 ait
3405 5123 3546 5186 Apo-

1969 5193 2138 5247 stolus
2168 5208 2181 5243 :
2208 5189 2291 5244 Ea:
2321 5191 2512 5244 semine
2544 5189 2702 5244 David
2727 5192 3007 5244 secundum
3041 5187 3243 5242 carnem
3267 5187 3443 5259 (Rom.
3472 5194 3547 5256 l),

1971 5272 2241 5332 tamquam
2267 5263 2334 5314 de
2362 5261 2489 5314 littto
2525 5269 2703 5315 terrae.
2746 5260 2813 5315 Et
2843 5261 3194 5332 inspiravitjrt
3225 5259 3404 5328 faciem
3437 5264 3548 5332 ejus

1972 5327 2291 5404 spiraculum
2319 5332 2435 5386 vitta
2466 5347 2485 5385 :
2515 5333 2701 5404 utique
2733 5327 3052 5404 inlusionem
3098 5327 3328 5404 Spiritus
3358 5327 3530 5386 sanct-

1974 5399 2064 5472 qui
2106 5415 2356 5471 operatus
2404 5413 2488 5457 est
2519 5399 2790 5459 hominem
2830 5401 3124 5455 Christum.
3166 5399 3439 5472 Etfuctus
3485 5421 3553 5461 eat

1977 5470 2218 5528 homoin
2262 5475 2486 5528 animam
2516 5476 2786 5535 viventem,
2832 5473 3037 5524 scilicet
3066 5479 3119 5522 ut
3167 5471 3255 5538 qui
3288 5470 3555 5537 perlectus

1977 5559 2090 5600 erat
2126 5545 2286 5608 Deus,
2315 5548 2586 5612 perlectus
2614 5545 2923 5599 crederetur
2962 5549 3018 5594 et
3045 5540 3226 5612 homo.
3265 5541 3514 5611 Sequitur
3541 5563 3552 5596 :

2049 5615 2231 5687 (Vers.
2372 5615 2697 5669 Plantaverut
2721 5624 2888 5687 autem
2915 5613 3162 5664 Dominus
3190 5609 3326 5687 Deus
3348 5609 3552 5687 paqradi.

1979 5680 2092 5741 sum
2139 5680 2416 5756 voluptatis
2461 5704 2492 5739 a
2534 5688 2804 5752 principio,
2837 5685 2901 5756 in
2936 5700 3036 5752 quo
3082 5682 3247 5756 posuit
3279 5680 3553 5756 hominem,

1981 5774 2130 5832 quem
2163 5753 2492 5830 formaverat.
2542 5758 2844 5827 [’aradtsus,
2893 5755 3101 5816 hortus,
3151 5753 3264 5807 sive
3291 5754 3556 5829 Voluptas,

3049 5846 3128 5909 29
