4024 6336
254 309 360 372 921

1303 310 1779 372 COMMENTARII
1820 310 1887 369 IN
1924 314 2247 376 GENESIM.
2287 320 2422 380 LIB.
2456 321 2502 379 l.

260 435 714 489 commemoratur
759 436 815 485 et
860 426 1056 509 femina
1087 448 1100 486 :
1147 429 1236 486 ubi
1274 430 1549 509 eleganter
1579 431 1850 509 signiﬁca-
1874 432 1931 495 Α
1956 432 2163 509 talitate
2186 435 2535 493 beatitudinis
2555 437 2920 506 sempiternaa.
2939 435 3070 492 Nam
3090 445 3146 492 et
3166 437 3264 492 ista
3289 451 3547 509 propago,

258 513 369 559 tum
419 512 502 557 est
552 509 821 555 terrenam
885 501 1154 556 civitatem
1221 517 1389 571 usque
1449 502 1500 557 in
1549 501 1650 557 sui'
1683 505 1845 559 linem

253 573 501 631 carnales
528 571 827 645 habituram
859 576 1258 642 generationes,
1286 590 1404 645 quae
1433 574 1658 628 marium
1689 576 1847 631 femi-

255 660 555 710 narumque
598 644 978 712 conjunctione
1030 644 1378 709 proveniunt;
1433 645 1572 700 unde
1608 656 1663 702 et
1692 649 1846 715 imm,

252 717 397 786 quod
435 724 628 784 praeter
650 716 817 770 Evam
846 731 1105 784 nusquam
1127 720 1413 784 reperitur,
1442 731 1566 771 ante
1587 719 1845 775 diluviuut

256 789 567 841 nominibus
597 789 824 855 pr0priis
852 790 1224 855 exprimuntur
1252 805 1446 844 uxores
1493 790 1635 844 illius
1675 793 1850 844 homi-

255 860 361 925 nis,
396 860 483 926 qtti
512 862 818 912 nominatur
846 860 931 911 hic
958 860 1280 932 novissimus
1331 872 1496 928 pater.
1546 861 1679 916 Cum
1717 878 1848 932 ergo

252 939 401 1003 esset
429 934 703 1003 utriusque
732 937 946 1000 generis
977 929 1141 985 Adam
1173 941 1343 999 pater,
1378 933 1426 987 id
1458 940 1571 998 est,
1604 943 1659 989 et
1695 929 1848 1003 cujus

251 1002 426 1056 st-rit-s
454 1002 520 1075 ad
552 1011 841 1065 terrenam,
873 1014 921 1055 et
949 1003 1101 1067 cujus
1127 1005 1294 1075 series
1326 1004 1392 1057 ad
1419 1005 1693 1060 caelestem
1727 1002 1847 1075 per.

254 1076 454 1127 tincret
477 1073 769 1146 civitatem,
800 1076 977 1128 occisa
1007 1074 1162 1146 Abel,
1189 1083 1351 1144 atque
1382 1076 1433 1129 in
1465 1076 1581 1146 ejus
1624 1073 1847 1133 interfe-

250 1147 434 1199 ctione
475 1145 847 1199 cotmnendato
891 1145 1117 1200 mirabili
1165 1145 1533 1214 saeramento,
1566 1147 1689 1202 facti
1721 1161 1846 1205 sunt

249 1216 361 1268 duo
391 1230 569 1287 patres
601 1217 932 1285 singulorum
961 1233 1218 1284 generum
1251 1220 1303 1272 in
1333 1220 1464 1273 Cain
1497 1230 1551 1273 et
1583 1220 1714 1275 Setb
1744 1238 1757 1273 :
1793 1223 1844 1277 in

247 1303 484 1355 quorum
520 1289 644 1341 liliis
671 1289 1405 1358 commemorari'oportebat
1442 1292 1667 1345 duarum
1711 1293 1844 1346 i~ta~

248 1374 371 1413 rum
401 1361 676 1414 civitatum
704 1361 1138 1428 generationem,
1172 1372 1226 1416 et
1265 1363 1569 1416 mortalium
1620 1363 1843 1417 eviden-

249 1432 363 1504 t_ius
408 1430 602 1504 indicia
655 1433 861 1486 clarere
904 1442 1203 1504 coeperunt.
1255 1434 1607 1501 Cainquinpe
1660 1438 1845 1504 genuit

244 1501 458 1557 Enocb.
515 1503 697 1557 Enoclt
743 1516 921 1557 autem
967 1503 1351 1570 interpretatur
1400 1501 1705 1561 dedicatin':
1760 1508 1844 1562 hic

246 1576 395 1628 enim
418 1574 697 1628 dedicatur
720 1583 933 1629 terrena
956 1574 1144 1629 civitas
1168 1575 1258 1629 tthi
1286 1574 1557 1637 conditur,
1590 1579 1840 1645 quoniam

249 1645 340 1698 hic
371 1646 529 1699 habet
570 1662 689 1699 eum
736 1661 891 1716 quem
939 1656 990 1699 et
1039 1646 1262 1701 intendit
1310 1655 1363 1701 et
1405 1652 1611 1715 appetit
1656 1650 1837 1704 litteut.

248 1716 405 1788 Hune
433 1726 647 1772 seettttts
673 1717 827 1780 Abel,
857 1734 1016 1785 quem
1047 1718 1219 1787 major
1245 1717 1410 1772 frater
1438 1719 1633 1772 occidit
1656 1760 1670 1781 ,
1701 1737 1839 1788 prm-

245 1786 621 1857 ligurationetn
674 1788 958 1857 quamdam
1014 1786 1403 1855 peregrinantis
1444 1786 1839 1857 civitatis-Dei,

241 1859 394 1928 quod
424 1869 566 1915 esset
594 1860 659 1915 ab
688 1860 887 1928 impiis.
920 1869 973 1914 et
1002 1860 1398 1925 quodammodo
1433 1863 1747 1931 terrigenis,
1790 1865 1840 1917 id

241 1940 351 1991 est,
388 1942 654 1987 terrenam
685 1933 943 1999 originem
976 1932 1341 2000 diligentibus,
1371 1940 1423 1985 et
1454 1941 1686 1987 terrente
1712 1935 1843 1989 civi-

238 2002 376 2056 tatis
420 2011 632 2057 terrena
690 2002 940 2057 lelicitate
992 2004 1384 2069 gaudentibus,
1438 2006 1841 2072 persecutiones

238 2088 469 2144 passura
495 2115 509 2137 ,
561 2077 767 2143 primus
809 2074 1062 2129 ostendit.
1112 2074 1219 2130 Sed
1262 2084 1393 2144 quot
1427 2091 1692 2129 annorum
1726 2089 1841 2131 erat

236 2142 417 2198 Adam
445 2142 569 2199 eum
590 2160 685 2201 eos
711 2146 912 2213 genuit,
947 2163 1050 2198 non
1080 2142 1321 2215 apparet.
1358 2147 1557 2201 Exinde
1587 2147 1840 2210 digerun-

237 2225 333 2289 tur
358 2218 478 2270 aliae
503 2220 875 2287 generationes
900 2232 965 2271 ex
998 2216 1149 2276 Cain.
1183 2218 1303 2269 alite
1334 2217 1402 2271 de
1429 2217 1521 2271 illo
1551 2235 1709 2287 quem
1750 2235 1843 2289 ge-

236 2288 360 2340 nuit
380 2289 549 2343 Atlam
581 2292 631 2341 in
655 2289 771 2352 ejus
798 2291 1218 2350 sitccessiottem,
1246 2304 1402 2354 quem
1428 2291 1592 2343 lrater
1619 2288 1835 2357 occidit,

235 2360 635 2429 appellauitque
664 2375 858 2413 nomen
888 2360 1030 2413 illius
1050 2359 1212 2431 ,Seth,
1241 2359 1447 2420 dicens,
1480 2371 1539 2414 ut
1580 2362 1838 2431 scriptum

232 2440 327 2483 est
348 2474 361 2495 ,
393 2431 673 2486 Suscitavit
701 2433 843 2484 enim
879 2432 1003 2483 mihi
1032 2430 1170 2485 Deus
1198 2447 1365 2485 sonen
1396 2431 1540 2483 aliud
1566 2432 1659 2499 pro
1694 2430 1836 2499 Abel,

232 2516 391 2563 quem
421 2503 601 2555 occidit
632 2500 779 2556 Cain.
814 2500 999 2556 Nullus
1028 2502 1096 2556 de
1125 2501 1379 2569 progenie
1404 2500 1558 2567 Cain,
1590 2517 1712 2558 cunt
1756 2505 1840 2558 tli-

231 2584 519 2628 numerata
542 2574 611 2627 sit
631 2573 1071 2629 commemoratio
1099 2572 1289 2635 Adam.
1316 2589 1483 2642 usque
1504 2574 1570 2627 ad
1593 2584 1836 2629 octavam

231 2644 667 2712 generationem,
698 2654 825 2709 quot
854 2660 1117 2699 annorum
1145 2644 1333 2697 fuisset
1354 2685 1367 2707 ,
1401 2660 1693 2713 expressus
1730 2655 1834 2712 est,

232 2717 459 2784 quando
487 2717 672 2783 genuit
710 2732 831 2771 eum
874 2718 960 2776 qui
1006 2723 1466 2770 commemoratur
1516 2725 1635 2784 pnst
1672 2733 1833 2772 eum:

230 2788 413 2840 noluit
439 2788 583 2842 enim
614 2788 844 2856 Spiritus
876 2787 973 2841 Dei
1004 2788 1056 2841 in
1086 2796 1317 2840 terrenae
1342 2787 1577 2841 civitatis
1610 2803 1834 2857 geni-ra-

230 2859 475 2912 tionibus
509 2870 747 2924 tempora
777 2867 963 2912 notare
992 2868 1116 2912 ante
1143 2857 1425 2921 diluvium,
1456 2860 1548 2912 sed
1586 2862 1635 2911 in
1665 2862 1835 2913 caele-

229 2929 334 2983 5tis
362 2931 571 3001 maluit,
596 2939 870 3000 tamquam
898 2939 1082 2986 essent
1102 2930 1382 2984 memoriae
1409 2928 1706 2999 dignioi'es.
1735 2933 1832 2986 Se-

270 3011 456 3054 lllllll‘:
777 3033 781 3038 ’

227 3015 487 3144 ᾳυέῧιὲτέ.
518 3072 609 3139 25,
639 3033 1028 3144 26.).Cognovit
1052 3088 1251 3144 quoque
1290 3072 1457 3126 Adam
1496 3070 1667 3126 adhuc
1701 3089 1834 3126 uxo-

227 3142 540 3217 rpmsuam,
567 3155 613 3197 et
656 3142 1422 3217 pgpm't’ﬁli_um,_vocavitque
1467 3159 1647 3217 nomen
1696 3144 1839 3217 illius
1868 3174 1909 3217 vn
1986 3142 2405 3217 .(Vt'rS-5ﬁCtht

1865 3198 1911 3261 C
1944 3198 2044 3271 nis,
2072 3220 2119 3281 et
2141 3212 2309 3275 genuit
2334 3198 2495 3275 ﬁlium
2521 3216 2586 3265 ad
2608 3214 2813 3281 iutagiu»
2831 3229 2881 3265 m
2912 3224 2957 3266 et
2984 3198 3372 3265 similitutlqum
3395 3229 3543 3266 suam

230 3213 400 3279 Srth,
448 3215 651 3282 dicens,
688 3213 869 3269 Posuit
906 3215 1032 3267 mihi
1072 3213 1329 3268 Dominus
1368 3230 1536 3269 semen
1566 3215 1713 3269 aliud
1747 3233 1836 3277 pro

225 3286 395 3345 Abel.
443 3304 590 3356 quem
638 3286 824 3339 occidit
854 3285 1001 3340 (.‘ain.
1034 3285 1138 3342 Sed
1169 3297 1213 3338 et
1239 3285 1363 3342 Seth
1394 3294 1544 3337 natus
1572 3298 1643 3338 est
1677 3288 1834 3353 filius,

224 3372 385 3428 quem
416 3358 608 3410 vocavit
644 3356 782 3410 Ent‘ts
808 3375 820 3405 :
848 3357 941 3409 iste
971 3359 1117 3428 coepit
1140 3358 1376 3411 invocare
1399 3372 1580 3409 nomen
1609 3357 1837 3413 Domini.

226 3427 416 3481 Potuit
468 3429 666 3499 quippe
720 3428 884 3481 Adam
938 3427 1193 3481 divinitus
1246 3428 1555 3481 admonitus
1611 3428 1829 3493 tilCt‘l‘e,

224 3509 581 3568 posteaquam
605 3499 735 3554 Setlt
762 3512 917 3552 natus
934 3514 1039 3561 eSt,
1065 3499 1345 3555 Suscitam‘t
1370 3500 1492 3551 milii
1517 3499 1649 3551 Deus
1668 3515 1838 3554 semen

226 3570 380 3641 aliud
412 3588 504 3640 pro
538 3571 677 3637 Abel,
706 3587 852 3639 quem
884 3571 1065 3623 occidit
1091 3570 1239 3629 Cain,
1271 3570 1524 3641 qu0ttiam
1569 3570 1689 3624 talis
1723 3584 1835 3641 erat

226 3639 448 3696 futurus
473 3643 561 3711 qui
593 3643 836 3711 impleret
869 3643 1009 3695 illius
1049 3639 1410 3696 Sattctitatetn.
1463 3641 1569 3695 Sed
1615 3650 1662 3694 et
1712 3640 1838 3696 Setlt

224 3722 385 3766 natus
412 3724 485 3765 est
507 3713 667 3780 ﬁlius.
693 3729 835 3778 quem
856 3713 1051 3766 vocarit
1076 3713 1213 3765 Euos
1238 3728 1256 3766 :
1282 3714 1377 3767 iste
1414 3713 1561 3779 coepit
1606 3714 1844 3767 invocare

226 3799 414 3835 nomen
448 3781 673 3837 Domini.
710 3785 781 3837 Et
815 3784 1022 3838 duobus
1074 3799 1303 3853 namque
1345 3784 1446 3837 illis
1490 3784 1798 3836 hominibus
1821 3826 1837 3847 ,

224 3856 387 3914 Abel,
421 3856 561 3922 quod
596 3856 977 3923 interpretatur
1007 3856 1200 3916 luctus,
1227 3864 1282 3909 et
1309 3855 1423 3920 ejus
1459 3855 1623 3907 fratre
1666 3856 1795 3907 Seth
1820 3900 1835 3923 ,

223 3928 370 3994 quod
397 3925 778 3989 interpretatur
802 3926 1144 3986 resttrrrctio,
1161 3940 1305 3978 ntors
1323 3925 1704 3978 (lhristio-tvita
1719 3926 1837 3992 ejus

223 4012 294 4049 ex
322 3997 550 4049 mortuis
573 3997 865 4064 liguratur:
899 4012 963 4050 ex
994 4012 1095 4065 qua
1132 3997 1234 4048 title
1263 3998 1347 4048 hic
1377 3995 1610 4064 gignitur
1642 3996 1836 4049 civitas

226 4066 346 4131 Dei,
380 4068 430 4119 id
463 4078 567 4133 est,
603 4071 764 4121 homo
792 4069 880 4136 qui
908 4067 1071 4134 coepit
1100 4068 1349 4120 invocare
1374 4084 1567 4119 nomen
1600 4066 1832 4119 Domini.

225 4136 338 4205 Spe
369 4139 505 4190 enim
534 4139 660 4192 salui
691 4138 813 4207 facti
843 4155 1049 4201 sumus,
1094 4150 1149 4192 ut
1196 4137 1268 4191 ait
1318 4140 1607 4203 Apostolus
1650 4136 1828 4208 (Rom.

223 4210 365 4279 vni).
405 4208 537 4262 Nam
569 4209 690 4278 quis
722 4224 912 4262 vacare
962 4209 1063 4260 hoc
1113 4212 1383 4263 existimet
1434 4210 1502 4260 ab
1552 4207 1836 4263 altitudine

222 4282 598 4333 sacramenti?
629 4280 883 4349 numquid
916 4282 1058 4332 enim
1093 4280 1225 4333 Abel
1257 4294 1361 4331 non
1406 4280 1551 4345 (mpil
1600 4282 1838 4335 invocare

223 4367 418 4404 nomen
454 4350 659 4403 Domini
692 4351 817 4416 Dei;
848 4351 953 4414 vel,
979 4352 1117 4405 sicut
1169 4352 1219 4403 in
1265 4349 1617 4419 Septuaginta
1666 4349 1837 4404 luter-

223 4422 475 4493 pretibus
504 4422 752 4484 habetur,
783 4420 889 4475 Iste
913 4423 1133 4493 speravit
1156 4421 1392 4475 invocare
1418 4438 1599 4474 nomen
1626 4420 1838 4476 Domini

224 4492 347 4556 Dei,
388 4494 543 4562 cujus
571 4494 894 4547 sacriﬁcium
927 4492 1199 4559 Scriptura
1233 4503 1339 4544 tam
1391 4504 1672 4559 acceptum
1724 4494 1834 4547 Deo

223 4562 397 4618 fuisse
424 4564 856 4619 commemorat?
900 4562 1163 4631 Numquid
1202 4564 1315 4631 ipse
1352 4562 1486 4616 Seth
1526 4578 1631 4615 non
1671 4568 1835 4630 cmpit

219 4638 310 4688 vel
342 4640 580 4703 speravit
604 4636 858 4689 invocare
886 4650 1078 4687 nomen
1117 4635 1323 4687 Domini
1360 4635 1475 4697 Dei,
1508 4635 1575 4687 de
1601 4651 1709 4701 quo
1747 4637 1832 4689 di-

224 4716 377 4759 ctum
406 4718 508 4769 est,
540 4707 821 4761 Suscitavit
852 4705 976 4758 mihi
1009 4704 1145 4756 Deus
1174 4721 1343 4757 semen
1373 4706 1517 4757 aliud
1549 4722 1641 4772 pro
1671 4706 1838 4760 Abel?

222 4778 336 4831 Cur
360 4794 488 4846 ergo
519 4778 644 4832 huic
673 4777 889 4846 proprie
914 4776 1166 4829 tribuitur
1187 4776 1326 4842 quod
1354 4777 1563 4841 piorum
1592 4779 1831 4831 omnium

224 4848 544 4917 intelligitur
575 4864 697 4903 esse
724 4848 1045 4901 commune?
1074 4848 1172 4899 nisi
1203 4848 1327 4915 quia
1356 4849 1642 4913 oportebat
1671 4848 1723 4900 in
1768 4866 1833 4903 eo

223 4924 313 4987 qui
348 4920 415 4974 de
446 4928 595 4985 patre
625 4920 1032 4989 generationtttn
1065 4919 1117 4971 itt
1145 4920 1424 4972 meliorem
1459 4928 1699 4985 partem,
1733 4921 1833 4975 hoc

224 5001 329 5056 est,
361 5006 608 5058 superna:
633 4990 885 5055 civitatis,
931 4991 1132 5058 primus
1173 5003 1635 5043 commemoratur
1674 5006 1833 5044 exor-

225 5072 335 5126 tus,
370 5064 700 5131 prmlignrari
735 5062 1028 5124 hominem,
1062 5061 1113 5113 id
1145 5071 1249 5121 est,
1284 5060 1826 5131 homiltUtltisttCietzt-

224 5130 506 5201 tem,qu;e
531 5149 635 5186 non
684 5136 977 5187 secundum
1030 5132 1303 5184 hominem
1355 5131 1407 5184 itt
1454 5147 1511 5184 re
1559 5130 1829 5185 felicitatis

224 5214 485 5267 terrente,
516 5204 607 5257 sed
638 5206 934 5257 secundum
972 5206 1133 5256 Deum
1169 5201 1296 5254 vivit
1323 5202 1374 5254 in
1420 5217 1516 5270 spe
1557 5202 1829 5257 felicitatis

228 5283 469 5329 δέεαι-πνεῖ.
506 5275 615 5329 lloc
658 5276 828 5343 ipsum
878 5273 1019 5326 enim
1061 5288 1167 5336 quo
1207 5272 1422 5337 dicitur,
1457 5272 1519 5325 Et
1552 5276 1831 5328 nominavit

226 5362 411 5398 nomen
437 5348 550 5415 ejus
571 5344 733 5408 Ettos,
762 5345 901 5412 quod
927 5344 1312 5411 interpretatur
1338 5345 1517 5407 homo,
1544 5358 1609 5398 ac
1633 5344 1829 5415 deinde

226 5414 468 5476 additur,
498 5416 599 5470 Hic
622 5420 842 5486 speravit
866 5417 943 5468 vel
969 5418 1115 5484 cwpit
1146 5416 1377 5467 invocare
1407 5431 1588 5467 nomen
1620 5414 1828 5470 Domini

231 5486 328 5539 Dei
347 5504 368 5554 ;
390 5489 518 5541 satis
541 5488 840 5543 ostenditur
864 5492 1003 5555 qttod
1030 5502 1134 5539 non
1161 5486 1214 5541 in
1237 5501 1296 5541 se
1318 5487 1435 5550 ipso
1454 5502 1603 5556 spem
1631 5501 1830 5554 ponere

230 5558 425 5613 debeat
455 5561 655 5611 homo:
697 5559 997 5611 Maledictus
1022 5597 1037 5622 ,
1071 5559 1215 5611 enim
1264 5560 1428 5610 omnis
1454 5598 1467 5618 ,
1521 5564 1659 5611 sicut
1701 5560 1829 5613 alibi

230 5628 447 5699 legitur,
473 5632 557 5700 qui
580 5646 716 5700 spent
740 5645 887 5683 suam
908 5631 1048 5695 ponit
1072 5629 1123 5682 in
1149 5629 1354 5682 homine
1393 5626 1608 5700 (Jerem.
1660 5632 1787 5697 xvu)
1811 5647 1824 5693 ;

230 5714 293 5753 ac
324 5716 419 5768 per
447 5700 547 5755 hoc
578 5699 675 5753 nec
708 5701 757 5753 in
791 5714 871 5765 se,
902 5709 959 5753 ttt
984 5700 1055 5753 sit
1100 5703 1233 5753 civis
1284 5699 1505 5753 alterius
1554 5701 1785 5753 civitatis
1811 5744 1825 5767 ,

231 5787 352 5839 qua:
397 5788 503 5825 non
544 5772 836 5827 secundum
881 5771 1047 5823 lilium
1088 5772 1216 5824 Cain
1245 5771 1528 5826 dediCatur
1558 5772 1659 5826 hoc
1690 5782 1823 5824 tent-

230 5857 384 5913 pore,
411 5843 462 5898 id
483 5852 586 5912 est,
613 5842 859 5901 mortalis
882 5843 1039 5913 hujus
1061 5842 1268 5910 saeculi.
1296 5842 1392 5901 sed
1414 5844 1469 5901 in
1490 5843 1580 5901 illa
1605 5845 1827 5902 immor-

1954 507 2107 580 cujus
2136 516 2288 575 pater
2319 510 2476 572 Seth,
2506 509 2558 564 in
2587 526 2647 565 ea
2675 510 3023 580 generatione
3058 508 3217 565 habet
3258 507 3553 563 dedicatio-

1950 576 2037 650 nis
2069 592 2261 650 nomen
2294 597 2413 649 qua:
2442 576 2784 650 septima‘est
2826 597 2889 635 ex
2944 580 3111 635 Adam
3135 619 3151 647 ,
3198 592 3551 635 annumerato

1952 647 2142 701 Αάίηη-
2175 647 2450 712 sentimus
2482 647 2622 706 enim
2652 653 2721 706 ab
2752 653 2843 706 illo
2877 660 3031 706 natus
3057 661 3141 706 est
3171 652 3375 713 Euoch,
3407 656 3550 718 quod

1952 720 2339 788 interpretatur
2370 723 2667 788 dedicatio;
2698 725 2791 778 sed
2820 724 2935 787 ipse
2962 731 3045 778 est
3083 724 3173 777 ille
3214 725 3504 778 translatus
3532 767 3546 790 ,

1951 793 2205 857 quoniam
2260 796 2458 863 placuit
2506 794 2649 859 Deo,
2698 807 2751 848 et
2793 797 2984 863 insigni
3028 810 3253 848 numero
3280 796 3328 847 iit
3363 798 3552 851 ordine

1949 864 2385 936 g_e.teratittntttn,
2413 880 2521 930 qtto
2561 866 2843 920 sabbatum
2872 879 3244 921 consecratum
3281 876 3385 928 est,
3433 883 3547 936 tep-

1954 934 2083 985 timo
2114 936 2317 988 scilicet
2359 936 2428 989 ab
2457 936 2651 991 Adam.
2685 938 2764 989 Ah
2796 938 2911 1006 ipso
2940 951 3117 990 autem
3149 946 3297 1004 patre
3327 934 3546 993 istarum

1948 1006 2381 1073 getterationttm,
2410 1022 2531 1076 qua!
2558 1008 2935 1062 discernuntur
2963 1026 2990 1061 a
3022 1011 3273 1076 progenie
3310 1009 3461 1073 Cain,
3495 1012 3544 1064 Id

1948 1089 2053 1144 est,
2085 1092 2111 1127 a
2144 1077 2296 1141 Seth,
2327 1088 2511 1130 sextus
2543 1087 2647 1139 est.
2681 1090 2844 1146 quoto
2871 1079 2957 1133 die
3004 1080 3174 1134 factus
3214 1086 3299 1134 est
3342 1080 3504 1133 homo
3533 1123 3547 1143 ,

1949 1159 2001 1199 et
2032 1149 2421 1202 consuittmavit
2456 1148 2595 1203 Deus
2626 1152 2801 1201 Omnia
2848 1164 3011 1218 opera
3062 1165 3179 1207 sua.
3225 1151 3332 1206 Sed
3389 1152 3546 1219 hujus

1950 1219 2135 1292 ljlnoelt
2179 1221 2461 1292 translatio
2490 1229 2688 1274 nostra:
2710 1220 3064 1292 dedicationis
3093 1231 3176 1276 est
3209 1223 3544 1292 pra-ﬁgurata

1948 1289 2156 1359 dilatio,
2191 1307 2309 1361 quae
2339 1290 2551 1361 quidem
2579 1292 2690 1361 jam
2724 1290 2858 1346 facta
2890 1301 2974 1346 est
3012 1293 3065 1346 itt
3107 1292 3322 1346 Christo
3361 1289 3548 1361 'eapite

1951 1371 2138 1416 nostro
2166 1380 2178 1414 :
2210 1363 2297 1431 qui
2330 1366 2408 1416 sic
2436 1369 2753 1425 resurrexit,
2785 1374 2843 1419 ut
2878 1380 2981 1416 non
3013 1366 3270 1418 moriatur
3295 1364 3542 1431 ulterius;

1947 1443 2003 1485 et
2027 1436 2172 1514 quod
2201 1434 2477 1503 praecessit
2506 1434 2559 1488 in
2590 1438 2787 1505 capite.
2818 1447 3067 1505 speratur
3094 1436 3420 1505 incorpore.
3450 1437 3548 1493 Se.-

1949 1515 2164 1558 tlUltttr:

1989 1520 2097 1556 uuu
2151 1521 2164 1558 :

1966 1520 1979 1573 1
2022 1520 2175 1645 (Corp.
2210 1575 2269 1629 V.
2303 1604 2372 1616 --
2403 1575 2554 1629 Vers.
2589 1576 2643 1638 1,
2672 1574 2765 1699 22)
2785 1574 2888 1630 Hic
2918 1585 2991 1631 est
3035 1576 3164 1629 liber
3206 1578 3549 1647 generationis

1966 1644 2134 1699 ddum.
2169 1644 2233 1699 In
2268 1646 2353 1699 die
2381 1663 2481 1699 oua
2504 1650 2690 1699 creavit
2770 1665 2854 1699 eus
2879 1648 3157 1699 hominem.
3188 1649 3256 1699 ad
3299 1649 3547 1699 similitu-

1949 1644 2134 1699 Adam.
2169 1644 2233 1699 In
2268 1646 2353 1700 die
2381 1663 2481 1706 qua
2504 1650 2690 1701 creavit
2722 1644 2854 1701 Deus
2879 1648 3157 1713 hominem,
3188 1644 3256 1700 ad
3299 1649 3547 1702 similitu-

1949 1718 2120 1789 dinem
2156 1716 2247 1789 Dei
2276 1717 2392 1787 fecit
2424 1716 2592 1789 illum.
2626 1718 2917 1772 Masculum
2945 1731 2989 1773 et
3020 1721 3263 1789 feminam
3301 1721 3418 1789 fecit
3462 1736 3548 1775 eos

1955 1785 2111 1853 Deus,
2144 1800 2186 1841 et
2219 1785 2473 1840 benedixit
2502 1788 2629 1852 illis,
2654 1800 2701 1842 et
2729 1792 2918 1843 rocavi:
2954 1785 3136 1844 nomen
3167 1785 3341 1845 eorum
3381 1791 3548 1845 Adam

1947 1859 2001 1910 in
2030 1861 2132 1922 die,
2164 1876 2263 1930 quo
2304 1862 2464 1912 creati
2508 1870 2643 1915 sunt.
2696 1862 2799 1916 Sed
2848 1876 3013 1930 quare
3061 1862 3188 1918 ltittc
3232 1864 3437 1917 reditur
3478 1863 3547 1916 ad

1946 1930 2103 1984 istaut
2135 1932 2656 1999 recapitttlationeut,
2693 1943 2873 2001 postea
2903 1950 3061 2001 quam
3091 1942 3547 1988 contmentonttus

1944 2010 2027 2075 est
2057 2001 2380 2075 li_litts_Seth,
2413 2003 2502 2070 qui
2534 2004 2702 2074 carpit,
2738 2003 2812 2057 vel
2844 2006 3061 2075 speravit
3087 2006 3324 2059 invocare
3362 2022 3547 2059 nomen

1946 2069 2158 2145 Domini
2189 2071 2322 2126 Dei?
2343 2069 2447 2145 Sed
2476 2069 2751 2128 sciendum
2785 2069 3036 2145 est'quod
3073 2078 3210 2128 Enos
3245 2076 3382 2129 illius
3412 2076 3542 2132 Seth

1944 2142 2328 2213 interpretatur
2358 2144 2537 2205 homo,
2569 2160 2673 2199 non
2707 2147 2847 2199 sicut
2872 2142 3041 2200 Adam
3070 2166 3082 2199 :
3116 2158 3169 2201 et
3196 2148 3368 2215 ipsum
3400 2149 3542 2202 enim

1944 2229 2163 2277 nomen,
2198 2216 2378 2277 homo,
2414 2220 2813 2285 interpretator,
2846 2217 2937 2271 sed
2969 2233 3256 2271 commune
3286 2218 3541 2286 perhibe«

1945 2292 2031 2356 tur
2057 2300 2179 2340 esse
2209 2287 2260 2339 in
2292 2287 2380 2339 illa
2410 2286 2607 2356 lingua,
2638 2287 2689 2341 id
2718 2298 2821 2354 est,
2854 2291 2905 2341 in
2939 2290 3183 2349 Hebraea,
3216 2289 3455 2342 masculo
3485 2297 3542 2343 et

1944 2354 2185 2419 feminae;
2218 2372 2339 2410 naut
2375 2359 2451 2412 sic
2474 2354 2540 2411 de
2573 2360 2663 2413 illo
2689 2362 2948 2426 scriptum
2990 2369 3107 2425 est,
3153 2358 3446 2414 Masculum
3493 2370 3542 2413 et

1943 2426 2185 2496 feminam
2219 2429 2334 2495 fecit
2362 2428 2499 2495 illos,
2524 2439 2568 2483 et
2599 2430 2850 2484 benedixit
2880 2430 2985 2485 illis
3004 2472 3020 2498 ,
3052 2442 3097 2485 et
3126 2432 3321 2484 vocavit
3358 2447 3545 2484 nomen

1941 2514 2120 2572 eorum
2144 2500 2309 2572 Adam
2344 2498 2495 2572 (Gen.
2528 2516 2567 2565 ι,
2597 2501 2686 2570 5);
2718 2502 2857 2556 unde
2891 2518 2995 2555 non
3028 2506 3316 2572 ambigitur
3342 2504 3421 2555 sic
3448 2518 3544 2572 ap-

1949 2569 2199 2634 pellatam
2244 2568 2410 2624 fuisse
2453 2568 2704 2625 feminam
2755 2575 2916 2626 Evam
2967 2568 3453 2642 proprio'nomine,
3483 2568 3544 2627 ut

1944 2646 2119 2693 tamen
2152 2642 2343 2701 Adam.
2375 2646 2513 2710 quod
2544 2644 2929 2712 interpretatur
2961 2646 3143 2708 homo,
3177 2660 3371 2700 nomen
3395 2653 3540 2700 esset

1940 2713 2244 2785 amborum.
2292 2714 2433 2785 lino}
2476 2722 2655 2769 autem
2699 2718 2779 2769 sic
2825 2716 3229 2785 interpretatur,
3270 2717 3454 2776 homo,
3487 2725 3546 2769 ut

1944 2779 2046 2835 hoc
2073 2798 2173 2835 non
2205 2800 2364 2853 po~se
2393 2784 2647 2839 feminam
2674 2779 3145 2854 nttucupari'periti
3178 2787 3370 2857 lingua:
3403 2787 3544 2840 illius

1941 2865 2291 2908 asseverent:
2327 2865 2594 2923 tamquam
2631 2857 2773 2911 tilius
2815 2860 3260 2924 resurrectionis,
3314 2858 3401 2911 ubi
3436 2874 3541 2912 non

1944 2929 2166 2985 nubent,
2199 2941 2371 2995 neque
2398 2943 2592 2982 uxores
2623 2930 2851 2994 ducent;
2882 2944 2986 2981 non
3032 2934 3173 2984 enim
3218 2930 3320 2983 erit
3365 2933 3414 2981 iit
3458 2943 3545 2984 ro-

1942 2998 2278 3070 sut‘rCCIjtttte
2308 3000 2601 3065 generatio,
2633 3013 2752 3053 cum
2784 3000 2913 3054 illuc
2954 3000 3269 3070 perduxerit
3312 3016 3536 3069 regene-

1950 3067 2111 3119 ratio.
2140 3066 2435 3129 Sequitur:

2017 3136 2195 3207 (Vt-rs.
2213 3137 2247 3190 5
2264 3144 2435 3214 seqq.)
2469 3139 2607 3194 Vixit
2630 3153 2801 3194 autem
2825 3141 2988 3195 Adam
3012 3152 3211 3195 centum
3229 3142 3436 3214 triginta
3453 3158 3545 3195 an-

1948 3280 2237 3354 t'oeavitque
2261 3298 2440 3333 nomen
2461 3285 2573 3344 eius
2610 3285 2753 3354 Selii.
2793 3283 2932 3337 Vixit
2954 3301 3152 3354 quoque
3181 3285 3305 3338 Seth
3342 3299 3541 3337 centum

1946 3352 2167 3420 quinque
2197 3354 2365 3415 annis,
2398 3364 2443 3405 et
2471 3358 2641 3423 genuit
2675 3353 2831 3408 Eoos.
2879 3352 3013 3409 νέφη
3055 3372 3171 3408 vero
3212 3354 3349 3409 Enos
3386 3371 3546 3409 nona-

1946 3425 2091 3492 ginta
2120 3427 2290 3487 annis,
2320 3434 2369 3476 et
2400 3427 2570 3487 genuit
2600 3425 2815 3478 (.‘ainan.
2852 3428 3001 3479 Dicet
3034 3427 3226 3495 aliquis
3247 3470 3261 3494 ,
3308 3427 3544 3479 Crvtlett-

1948 3501 2147 3547 dumtte
2187 3508 2269 3547 est
2294 3496 2570 3566 hominem
2602 3495 2738 3549 ﬁlios
2768 3510 3173 3566 generatttrum,
3205 3514 3301 3548 tttn-
3347 3500 3548 3550 haben-

1949 3572 2055 3617 tem
2091 3565 2418 3632 propositnttt
2449 3565 2815 3632 eottlinetttiie,
2848 3579 3063 3624 centum
3095 3577 3151 3621 et
3180 3570 3430 3634 amplius,
3457 3570 3540 3624 vel

1949 3647 2094 3690 certe
2125 3638 2420 3689 secundum
2456 3638 2706 3694 Hebraeos
2738 3657 2842 3693 non
2880 3642 3047 3693 multo
3092 3640 3301 3699 ttiittus.
3345 3640 3396 3693 id
3439 3648 3542 3708 est,

1947 3708 2252 3783 octttagittta
2273 3749 2288 3773 ,
2321 3718 2655 3777 septuaginta
2684 3755 2695 3778 ,
2728 3714 3002 3783 sexaginta
3040 3726 3261 3763 annosa
3284 3726 3541 3766 enneutu-

1948 3776 2112 3831 bendi
2159 3794 2323 3846 Opere
2368 3776 2473 3833 non
2507 3776 2735 3836 vacnre:
2769 3776 2931 3836 ant'si
2965 3797 3069 3835 non
3102 3794 3377 3848 vacarent,
3412 3783 3542 3837 nihil

1952 3851 2116 3921 prolis
2145 3865 2366 3919 gignere
2400 3852 2674 3919 potuisse?
2709 3855 2831 3908 lla-c
2861 3856 3087 3921 quaestio
3117 3854 3328 3907 duobus
3373 3854 3545 3906 modis

1948 3920 2213 3991 solvitur:
2245 3933 2335 3973 aut
2367 3921 2509 3975 enim
2545 3932 2692 3975 tanto
2722 3920 2904 3977 senior
2932 3924 3029 3977 fuit
3062 3924 3415 3991 proportione
3448 3939 3544 3989 pti-

1950 3990 2150 4064 bertas,
2177 4005 2375 4064 quanto
2402 3993 2524 4046 vita:
2556 3996 2717 4047 totius
2748 3995 2918 4064 major
2946 3990 3247 4057 anttositas;
3284 4006 3374 4046 aut
3399 3993 3541 4062 quod

1950 4060 2119 4129 magis
2152 4062 2308 4116 video
2335 4078 2455 4117 esse
2484 4066 2761 4129 credibile,
2798 4060 2903 4120 non
2938 4067 3021 4119 ltic
3063 4060 3543 4133 pritnOgenitiililii

1948 4135 2354 4187 commemorati
2386 4144 2530 4193 sunt.
2564 4137 2656 4189 sed
2697 4152 2831 4204 quos
2872 4136 3234 4190 successionis
3270 4137 3404 4189 ordo
3446 4152 3540 4203 po-

1950 4204 2151 4276 scebat,
2180 4215 2237 4257 ttt
2259 4214 2634 4271 perveniretur
2654 4209 2718 4258 ad
2741 4207 2873 4267 Noe.
2900 4225 2926 4258 a
2952 4221 3057 4276 quo
3078 4222 3265 4260 rursus
3285 4207 3349 4259 ad
3380 4206 3543 4260 Abra-

1949 4272 2071 4327 ltant
2103 4277 2345 4329 videmus
2375 4291 2494 4331 e-se
2525 4286 2839 4344 perVetttum
2866 4321 2880 4337 .
2926 4272 2987 4332 ac
3029 4278 3224 4332 deinde
3270 4294 3435 4341 usque
3472 4278 3541 4332 ad

1944 4356 2152 4399 certum
2186 4349 2470 4402 articulum
2505 4351 2797 4415 temporis:
2845 4357 3100 4417 quantum
3145 4349 3427 4417 oportebat
3468 4349 3543 4403 si-

1940 4419 2113 4486 gttari,
2147 4420 2311 4473 etiam
2337 4419 2776 4488 generationibus
2813 4424 3251 4474 commemoratis
3277 4461 3292 4483 ,
3324 4436 3539 4474 cursum

1940 4488 2345 4557 gloriosissinw
2376 4496 2607 4543 civitatis
2637 4495 2687 4543 itt
2724 4493 2825 4547 hoc
2865 4491 3062 4544 tttttttdo
3102 4491 3494 4560 peregrinantts
3520 4533 3535 4556 ,

1943 4570 1996 4612 et
2026 4575 2311 4629 supernam
2347 4564 2574 4626 patriam
2609 4565 2951 4631 requirentis.
2984 4563 3135 4628 Quod
3165 4578 3307 4615 enim
3357 4567 3537 4630 negari

1946 4646 2052 4685 non
2089 4641 2285 4700 potest,
2320 4648 2465 4702 prior
2495 4636 2744 4687 Omnibus
2774 4634 2903 4687 Cain
2931 4648 2996 4687 ex
3026 4632 3402 4701 c0njuttctioue
3436 4652 3541 4686 uta-

1942 4702 2017 4755 ris
2047 4714 2103 4756 et
2133 4705 2344 4756 femina:
2378 4714 2531 4757 natus
2562 4714 2675 4769 cst;
2710 4706 2852 4759 hunc
2900 4716 3115 4759 st'cottus
3154 4705 3291 4758 Abel
3320 4747 3335 4769 ,
3379 4723 3537 4772 quem

1943 4775 2114 4842 major
2143 4772 2311 4828 frater
2340 4774 2577 4829 occidit:
2612 4779 2705 4830 sed
2740 4786 2870 4845 quot
2911 4790 3173 4829 annorum
3216 4788 3329 4829 erat
3368 4780 3536 4831 Adam

1939 4859 2063 4899 Cttttt
2118 4860 2213 4899 eos
2260 4847 2441 4913 genuit
2511 4861 2615 4899 non
2665 4858 2908 4911 apparet.
2965 4847 3129 4901 [‘ttrro
3177 4857 3356 4900 autem
3408 4848 3537 4903 Setll

1939 4917 2156 4982 quando
2180 4928 2336 4970 natus
2362 4928 2466 4978 est,
2499 4933 2604 4971 non
2633 4918 2851 4985 quidem
2887 4918 3029 4971 taciti
3061 4928 3185 4971 sunt
3215 4919 3339 4971 anni
3377 4930 3540 4981 tmtrts

1938 4988 2078 5058 ejus,
2112 4988 2207 5041 sed
2235 4991 2345 5055 jam
2376 5000 2635 5058 genuerat
2663 4991 2835 5044 alios:
2869 5000 2921 5042 et
2955 4998 3130 5043 utrum
3159 4992 3307 5044 solos
3335 4987 3462 5043 Cain
3487 5003 3540 5042 et

1942 5056 2113 5124 Abel;
2148 5075 2254 5112 non
2286 5056 2428 5113 enim
2474 5059 2597 5127 quia
2643 5062 2743 5113 soli
2792 5060 3053 5114 nominati
3101 5071 3266 5125 sunt,
3320 5072 3539 5128 propter

1940 5132 2162 5184 ordines
2191 5131 2595 5199 generatiouum
2627 5147 2759 5202 quas
2780 5146 3205 5187 cautinemorare
3230 5134 3531 5200 oportebat,

1941 5202 2064 5254 ideo
2095 5217 2430 5270 consequens
2464 5204 2629 5256 videri
2659 5204 2820 5259 debet
2850 5204 2998 5257 solos
3029 5204 3190 5256 luisse
3224 5215 3347 5254 tunc
3376 5220 3534 5264 gene-

1939 5284 2083 5324 ratos
2108 5288 2174 5327 ex
2198 5274 2389 5327 Adam.
2415 5274 2544 5327 Cum
2570 5277 2712 5327 enim
2745 5276 2961 5330 silentio
2989 5273 3256 5341 coopertis
3283 5276 3535 5327 omnibus

1940 5343 2249 5399 nominibus
2278 5357 2635 5409 cancrorum,
2670 5346 2880 5413 legatur
2925 5360 3046 5397 eum
3092 5346 3345 5411 genuisse
3397 5346 3533 5397 lilios

1940 5426 1993 5469 et
2027 5416 2184 5483 tilias,
2218 5426 2376 5483 quota
2407 5416 2569 5470 fuerit
2600 5418 2697 5471 ista
2732 5422 2910 5486 proles
2939 5419 3056 5479 ejus
3086 5418 3204 5483 quis
3248 5425 3536 5483 praesumit

1936 5500 2253 5543 asseverare
2279 5490 2322 5541 si
2351 5488 2559 5555 culpant
2587 5487 2902 5543 temeritatis
2926 5487 3127 5539 evitat?
3160 5487 3326 5539 Adam
3356 5496 3532 5539 autem

1938 5572 2058 5629 cum
2090 5568 2233 5613 esset
2263 5570 2479 5614 centum
2532 5562 2743 5629 triginta
2793 5571 3057 5612 annorum
3085 5599 3097 5617 ,
3148 5560 3333 5626 genuit
3378 5557 3529 5613 Sctlt.

1937 5627 2069 5684 Setlt
2101 5640 2280 5684 autem
2313 5647 2433 5684 cum
2464 5627 2677 5684 centum
2708 5631 2942 5697 quinque
2964 5637 3109 5683 es~et
3137 5643 3420 5690 annorum,
3445 5643 3534 5697 ge—

1939 5703 2052 5754 nuit
2100 5703 2266 5756 Enos.
2318 5702 2447 5770 Quis
2510 5702 2678 5770 possit
2734 5700 3158 5753 inconsiderattts
3212 5714 3531 5755 as~everare

1937 5772 2079 5826 hunc
2102 5774 2215 5843 ejus
2242 5774 2657 5842 primogenitum
2685 5770 2869 5836 fuisse,
2900 5781 2955 5823 ttt
2979 5771 3309 5826 admirantes
3340 5776 3533 5828 merito

1936 5846 2272 5917 requiramus
2301 5845 2570 5913 quomodo
2598 5858 2694 5915 per
2726 5851 2807 5902 tot
2832 5858 3004 5901 annos
3027 5843 3281 5929 immunis
3309 5844 3473 5903 fuerit
3497 5858 3530 5902 ι
