4024 6336
586 253 699 358 im

594 486 850 548 Sequitur
876 503 891 539 :

667 558 846 627 (νει-ς.
880 554 1001 626 15.)
1046 552 1410 627 Trecentorum
1448 553 1737 627 cubitorum
1765 553 1863 627 erit
1907 552 2175 627 longitudo

593 623 750 691 arca',
779 623 1148 697 quinquaginta
1176 625 1461 697 cubitorum
1483 623 1704 678 latitudo
1724 633 1772 678 et
1797 624 2008 697 triginta
2035 625 2179 697 cubi-

595 710 762 752 torum
779 696 1014 750 altitudo
1030 697 1190 750 illius.
1221 696 1405 750 Talem
1434 711 1565 766 ergo
1593 712 1731 750 arca!
1753 696 1991 764 speciem
2013 696 2178 750 debe-

591 783 716 822 mus
746 769 1066 836 intelligere,
1094 777 1148 820 ut
1175 778 1407 837 quatuor
1436 767 1644 832 angelis
1672 783 1789 819 eam
1835 783 1899 819 ex
1949 767 2064 820 imo
2107 766 2172 819 ad

593 855 865 892 summum
896 848 1230 908 surgentem,
1258 847 1313 891 et
1345 838 1534 892 iisdem
1587 837 1842 904 paulatim
1897 852 2064 906 usque
2110 837 2177 891 ad

593 925 862 962 summum
885 909 936 962 in
961 922 1243 976 angustum
1267 915 1534 973 attractis,
1560 909 1613 960 in
1646 911 1874 975 spatium
1906 913 2063 962 unius
2084 923 2176 960 cu-

594 981 687 1034 biti
741 980 904 1034 luisse
950 982 1274 1042 collectam;
1324 990 1378 1034 et
1425 979 1478 1034 itt
1540 979 1890 1033 fundamento
1950 979 2172 1040 trecenti

592 1051 758 1104 cubiti
811 1052 860 1104 in
917 1051 1270 1115 longitudine,
1304 1059 1359 1104 et
1390 1052 1442 1104 in
1477 1051 1759 1104 latitudine
1790 1051 2173 1120 quinquaginta

592 1121 721 1183 sint,
777 1131 832 1175 et
861 1123 1143 1176 altitudine
1170 1123 1404 1192 triginta,
1437 1121 1530 1192 sed
1562 1121 1787 1174 collecta
1827 1121 1878 1192 in
1916 1135 2172 1192 cacumen

593 1203 904 1262 angustum,
939 1206 996 1246 ttt
1021 1191 1331 1246 cubitns’sit
1365 1191 1716 1255 longitudinis
1757 1201 1812 1245 et
1846 1191 2168 1258 latitudinis,

591 1273 648 1317 et
679 1278 808 1318 vere
841 1264 980 1318 nulla
1026 1265 1196 1332 potttit
1239 1273 1346 1316 tam
1385 1267 1714 1317 conveniens
1761 1273 1814 1316 et
1869 1276 2174 1330 congruens

592 1348 733 1388 arcae
773 1337 983 1403 species
1034 1335 1170 1399 dari,
1203 1351 1360 1400 quam
1404 1343 1458 1384 ιιι
1513 1349 1723 1386 summo
1766 1333 1914 1385 velut
1951 1348 1981 1387 e
2032 1343 2173 1387 tccto

592 1405 825 1473 quodam
861 1413 1088 1474 angusto
1134 1405 1371 1460 eulmine
1397 1403 1724 1458 diffunderet
1772 1403 2022 1474 imbrium
2064 1405 2174 1457 rui-

598 1491 724 1540 nas;
758 1486 810 1530 et
842 1474 893 1528 in
929 1473 1037 1530 uno
1067 1478 1120 1529 in
1159 1477 1311 1544 aquis
1355 1477 1610 1544 quadrata
1659 1473 1953 1528 stabilitate
1999 1475 2172 1529 consi-

593 1557 766 1604 stens.
798 1561 896 1600 nec
924 1547 1154 1614 impulsu
1186 1556 1488 1606 ventorum.
1515 1559 1613 1599 nec
1660 1545 1861 1612 impetu
1889 1544 2167 1610 ﬂuctuum,

593 1633 694 1670 nec
725 1616 1093 1685 inquietudine
1122 1617 1432 1670 animalium
1463 1631 1580 1686 quae
1625 1615 1948 1669 intrinsecus
1995 1625 2166 1674 erant.

592 1701 685 1740 aut
716 1689 955 1742 inclinari
987 1699 1164 1757 posset
1192 1698 1278 1740 aut
1313 1691 1503 1754 mergi.
1541 1686 1728 1740 Dicere
1778 1686 1956 1739 solent
2008 1689 2168 1740 etiam

593 1760 810 1826 quidam
838 1773 941 1812 non
975 1761 1210 1827 potuisse
1239 1773 1435 1824 capere
1463 1757 1614 1811 illitis
1645 1758 1997 1825 quantitatem
2054 1757 2170 1810 aui-

593 1831 812 1898 malium
839 1845 1038 1898 genera
1072 1842 1177 1882 tam
1211 1830 1377 1883 multa
1406 1828 1457 1882 in
1499 1837 1725 1897 utroque
1755 1843 1910 1891 sexu,
1951 1827 2072 1882 bina
2104 1829 2171 1880 de

593 1897 906 1962 immundis,
942 1914 1163 1967 septena
1202 1900 1271 1953 de
1325 1900 1585 1962 mundis;
1631 1901 1719 1966 qui
1764 1898 1891 1951 mihi
1923 1899 2172 1953 videntur

594 1986 702 2023 non
726 1981 1040 2036 computare
1069 1971 1170 2025 nisi
1202 1981 1440 2025 trecenta
1471 1971 1647 2024 cuhita
1704 1969 2082 2038 longitudinis,
2115 1980 2174 2024 et

596 2041 889 2096 latitudinis
916 2043 1320 2109 quinquaginta,
1356 2055 1455 2096 nec
1495 2040 1734 2107 cogitare
1789 2049 1996 2094 tantum
2027 2039 2170 2094 aliud

594 2125 714 2166 esse
749 2114 799 2164 iu
831 2113 1228 2178 superioribus.
1264 2112 1496 2179 itemque
1524 2109 1668 2163 aliud
1698 2118 1904 2163 tantum
1933 2114 1984 2163 itt
2015 2127 2173 2180 supe-

594 2181 830 2236 rioribus
852 2185 1189 2250 sup-riorum
1215 2198 1230 2244 ;
1259 2197 1323 2236 ac
1355 2197 1449 2250 per
1477 2181 1577 2235 hoc
1599 2189 1680 2234 ter
1702 2182 1859 2235 ducta
1885 2182 1970 2234 illa
1994 2183 2171 2236 cubita

593 2250 708 2322 fieri
735 2254 1018 2322 nonaginta
1044 2265 1098 2308 et
1129 2255 1179 2306 in
1209 2253 1491 2307 latitudine
1516 2262 1729 2306 centum
1763 2253 2171 2322 quinquaginta.

593 2321 650 2377 Si
681 2331 858 2378 autem
884 2321 1186 2389 cogitemus
1209 2324 1349 2394 quod
1383 2322 1647 2394 Origenes
1685 2337 1789 2375 non
1841 2321 2174 2391 ineleganter

595 2396 826 2448 astruxit
845 2395 1062 2466 Moysen
1088 2393 1320 2458 sciliCet,
1340 2395 1612 2466 hominem
1628 2393 1725 2466 l_)ei
1755 2394 2025 2446 eruditum
2045 2395 2173 2463 (sic-

597 2477 651 2516 ut
678 2462 946 2529 scriptutu'
967 2467 1088 2536 est)
1119 2466 1258 2518 omni
1296 2465 1547 2536 sapientia
1594 2462 1961 2535 /Egyptiorum
2013 2462 2169 2532 (Act.

595 2537 718 2602 vtt),
744 2539 832 2603 qui
863 2539 1242 2601 geometricam
1269 2535 1592 2598 dilexerunt,
1623 2537 1950 2604 geometrica
1995 2539 2172 2590 cubita

597 2607 901 2674 signitteare
934 2608 1189 2674 voluisse,
1234 2607 1327 2662 ubi
1369 2622 1534 2661 unum
1567 2619 1824 2674 quantum
1857 2621 1949 2660 sex
1990 2615 2175 2661 nostra

595 2677 777 2729 valere
801 2687 1137 2745 asseverent,
1169 2679 1289 2746 quis
1346 2692 1452 2730 non
1498 2676 1677 2730 videat
1703 2690 1957 2741 quantum
1987 2693 2167 2732 rerum

595 2761 793 2816 capere
824 2749 908 2800 illa
940 2750 1109 2818 potuit
1129 2748 1473 2811 magnitudo?
1499 2747 1631 2802 Nam
1664 2749 1798 2802 illttd
1829 2748 1970 2816 quod
1993 2750 2173 2815 dispu-

599 2828 734 2890 tant,
761 2827 920 2872 tantae
953 2821 1337 2890 magnitudinis
1378 2834 1561 2873 arcam
1594 2833 1700 2873 nou
1743 2823 1982 2888 potuisse
2034 2835 2179 2874 rom-

597 2889 766 2958 pingi,
797 2889 1131 2958 ineptissiiue
1157 2890 1572 2953 calumniantur,
1600 2904 1722 2944 eum
1761 2890 1934 2944 sciant
1959 2892 2178 2947 immen-

599 2972 688 3012 sas
717 2961 878 3015 urbes
911 2962 1074 3017 fuisse
1104 2970 1443 3018 constructas
1469 2977 1484 3026 ;
1511 2976 1610 3015 nec
1635 2961 1917 3015 attendunt
1958 2972 2174 3016 centum

596 3045 790 3094 annos,
822 3034 1015 3100 quibus
1041 3049 1163 3090 arca
1190 3035 1277 3087 illa
1299 3041 1383 3088 est
1413 3032 1705 3086 fabricata:
1737 3034 1839 3085 ttisi
1874 3031 2011 3087 forte
2042 3035 2176 3102 lapis

599 3102 762 3170 lapidi
791 3104 1071 3159 adhaerere
1130 3115 1326 3172 potest,
1368 3105 1482 3157 sola
1530 3104 1678 3157 calce
1725 3105 2066 3169 Coniunctus,
2119 3116 2176 3158 ut

2201 1795 2252 1856 B

1612 294 1706 350 ΑΙ)
1742 293 1970 348 ΟΡΕΠΑ
2009 295 2067 348 S.
2110 292 2436 352 EUCHERII
2475 295 2843 352 APPENDIX.
3707 313 3786 379 ωδ

594 417 760 483 tibus,
814 421 907 472 aut
961 427 1220 486 aquarum
1274 411 1484 484 possint
1535 410 1850 466 assiduitate
1916 411 2173 466 dissolvi.
2202 411 2257 473 Α

2319 409 2507 495 .(flap.
2537 412 2646 495 Vll.
2673 443 2745 454 —
2764 411 2985 495 γαθέ]
3021 410 3200 484 seqq.)
3225 413 3373 495 Quod
3401 431 3524 495 vero
3540 422 3662 481 licus
3684 445 3785 495 pra.

2283 484 2413 562 pipit
2438 484 2659 562 Noe,_de
2690 484 3302 562 animantibus-mundis
3328 498 3376 539 et
3412 489 3667 562 immundis
3687 484 3783 562 ltitia

2288 555 2544 633 inducere
2578 556 2859 633 iu_:tt'cam.
2887 556 3164 608 masculini
3195 571 3348 633 sexus
3374 568 3424 633 et
3453 560 3692 633 fetutinini,
3735 555 3784 633 dt;

2281 627 2596 679 volucribus
2621 625 2772 694 juxta
2805 639 2973 707 genus
2995 640 3172 707 suum,
3210 635 3266 681 et
3307 628 3372 682 de
3719 612 3783 707 ἐξ

2281 711 2409 749 nere
2438 711 2560 779 suo,
2604 708 2651 779 e't
2687 713 2749 749 ex
2781 697 2924 779 omni
2959 698 3334 779 r.eptili_terrae
3363 697 3630 760 secundum
3657 697 3782 779 genus

2278 782 2437 840 suum
2454 767 2597 840 hina_
2611 767 2678 820 de
2711 769 2960 840 omnibus
2983 768 3187 840 ingredi
3214 774 3476 840 praecepit.
3503 767 3781 840 Ριιειθεῖιτειό

2281 837 2489 891 addidit
2515 855 2528 890 :
2560 836 2637 891 De
2662 839 3005 914 animantibus
3031 839 3236 914 mundis
3257 836 3406 914 tolles
3453 858 3634 914 ερριεηιι
3661 864 3695 904 et
3712 836 3780 905 se;

2280 921 2466 975 ptena,
2524 909 2807 962 masculum
2853 919 2898 960 et
2931 910 3201 975 feminam:
3232 911 3296 964 de
3347 909 3657 973 animantibus
3697 939 3780 978 vero

2277 996 2381 1053 non
2413 980 2616 1053 mundis
2643 980 2743 1032 duo
2769 988 2818 1053 et
2844 979 2968 1042 duo,
3000 981 3282 1034 masculum
3317 993 3364 1035 et
3390 984 3636 1053 feminam;
3659 995 3726 1046 sed
3749 1008 3781 1049 et

2280 1052 2352 1131 de.
2370 1051 2660 1104 volatilibus
2683 1051 2796 1132 caeli
2822 1064 3027 1132 septena
3051 1062 3098 1104 et
3127 1063 3354 1122 septena,
3394 1051 3651 1113 masruluui
3672 1073 3706 1114 ει
3727 1069 3780 1132 [ε.

2277 1121 2518 1195 minam;
2553 1138 2658 1195 non
2681 1121 2787 1174 dtto
2817 1132 2870 1175 et
2900 1122 3026 1183 duo,
3078 1135 3292 1195 propter
3336 1133 3572 1195 quatuor.
3597 1134 3673 1184 sed
3696 1121 3782 1188 si..-

2280 1192 2556 1245 tummodo
2584 1193 2712 1256 duo,
2738 1201 2960 1260 propter
2986 1193 3279 1246 masculum
3307 1192 3611 1250 effeminant
3634 1218 3645 1252 :
3667 1213 3710 1256 et
3732 1208 3781 1261 de

2279 1262 2493 1318 mundis
2524 1263 2868 1316 Solummodo
2909 1273 3114 1328 septem
3145 1281 3158 1318 :
3199 1264 3286 1329 qui
3344 1266 3531 1319 idcirco
3566 1273 3776 1330 immunda

2279 1334 2392 1401 pari
2424 1336 2882 1410 numeroposuit,
2915 1344 3134 1410 propter
3177 1349 3342 1410 genus
3392 1345 3776 1410 conservandum;

2279 1404 2474 1456 munda
2507 1420 2635 1458 vero
2663 1405 2875 1473 impari,
2903 1416 2956 1456 ut
2984 1403 3092 1458 Noe
3119 1403 3336 1458 haberet
3359 1407 3492 1460 unde
3511 1411 3681 1466 hostias
3703 1403 3780 1471 Deo

2276 1473 2579 1529 immolaret
2603 1491 2664 1528 ex
2700 1475 2942 1536 mundis;
2972 1475 3054 1528 vel
3072 1486 3218 1529 certe
3249 1476 3395 1540 plura
3420 1477 3616 1534 fuerunt
3633 1491 3778 1540 munda

2275 1561 2432 1612 quam
2484 1546 2776 1621 immunda.
2827 1544 3347 1621 p_rttpter_ftttur_um
3385 1546 3603 1621 butuanu
3641 1560 3778 1621 generi

2277 1631 2454 1672 usum.
2477 1617 2566 1684 qui
2591 1632 2658 1670 ex
2691 1616 2906 1692 mundis
2933 1616 3228 1670 debebatur
3253 1615 3565 1683 hominibus,
3596 1615 3778 1692 ut‘plura

2275 1696 2460 1740 essent
2491 1702 2608 1751 qua:
2658 1687 2976 1761 prodessent
3028 1701 3186 1761 quam
3221 1702 3339 1761 qua:
3381 1703 3635 1755 nocerent,
3670 1687 3777 1761 quod

2276 1770 2454 1811 autem
2485 1757 2952 1824 scrupulosissime
2983 1759 3150 1827 quaeri
3189 1759 3350 1826 solet,
3381 1768 3434 1812 et
3460 1762 3521 1814 de
3548 1757 3780 1819 minutissi-

2278 1827 2380 1881 mis
2410 1827 2674 1892 bestiolis,
2724 1846 2826 1880 non
2858 1831 3030 1881 solum
3063 1829 3250 1893 quales
3293 1841 3409 1882 sunt
3441 1846 3604 1885 mures
3627 1845 3671 1888 et
3694 1839 3781 1892 ste].

2279 1898 2470 1958 lioues,
2505 1913 2688 1951 verum
2722 1901 2883 1952 etiam
2914 1901 3102 1969 quales
3133 1900 3372 1965 locustae,
3407 1905 3656 1966 scarabtei,
3697 1923 3779 1960 nut-

2276 1983 2384 2024 scae
2412 1970 2640 2038 denique
2663 1980 2715 2023 et
2745 1969 2972 2038 pulices,
3001 1981 3176 2023 utrum
3213 1985 3318 2023 non
3346 1972 3600 2034 amplioris
3623 1979 3778 2032 numeri

2278 2039 2332 2092 in
2361 2055 2484 2094 arca
2509 2041 2595 2094 illa
2619 2039 2838 2099 fuerint.
2870 2057 3029 2107 quam
3063 2041 3152 2108 qui
3178 2053 3261 2096 est
3304 2041 3559 2107 delinitus,
3586 2059 3684 2099 cum
3710 2049 3780 2103 hoc

2276 2109 2758 2183 itttperaretibeus,
2808 2112 2950 2174 ptius
3006 2112 3332 2167 admonendi
3365 2125 3502 2183 sunt,
3549 2130 3663 2183 quos
3695 2121 3776 2172 hac

2276 2193 2516 2250 movent,
2551 2182 2626 2235 sic
2653 2182 3018 2246 accipiendum
3043 2198 3163 2236 esse
3189 2183 3332 2250 quod
3359 2182 3546 2237 dictum
3567 2182 3660 2240 est:
3688 2189 3780 2254 Quae

2276 2264 2462 2323 repunt
2488 2269 2640 2324 super
2671 2262 2880 2318 terram,
2917 2263 2975 2307 ιιι
3020 2269 3243 2308 necesse
3275 2269 3377 2307 non
3423 2255 3566 2308 fuerit
3609 2273 3777 2312 conser-

2280 2325 2390 2376 vari
2415 2323 2467 2378 in
2496 2339 2641 2382 arca.
2673 2340 2788 2384 uute
2815 2334 3039 2391 p0ssunt
3066 2325 3117 2377 in
3150 2328 3309 2392 aquis
3332 2325 3524 2390 vivere,
3547 2343 3633 2380 non
3652 2330 3777 2383 solum

2278 2408 2481 2457 mersa,
2497 2395 2636 2448 sicut
2654 2394 2845 2457 pisces.
2864 2411 3050 2450 verum
3073 2397 3492 2461 supernatantia,
3511 2397 3626 2450 sicut
3648 2400 3780 2452 multa

2277 2463 2454 2518 alites.
2483 2465 2686 2519 Deinde
2707 2480 2828 2519 cum
2859 2467 3052 2519 dicitur
3073 2483 3085 2518 :
3112 2465 3381 2520 Masculus
3405 2477 3448 2518 et
3470 2470 3636 2535 {carina
3657 2479 3777 2534 mut,

2278 2537 2520 2608 profgcto
2571 2536 2889 2608 intelligitur
2919 2538 2985 2590 ad
3032 2541 3389 2608 reparandum
3413 2553 3567 2608 genus
3601 2540 3714 2604 dici;
3737 2556 3780 2594 ac

2279 2621 2374 2676 per
2400 2606 2502 2660 hoc
2533 2621 2629 2661 nec
2656 2606 2741 2661 illa
2775 2622 2998 2662 necesse
3024 2607 3193 2662 fuerat
3224 2608 3298 2662 ibi
3323 2606 3458 2673 esse,
3487 2625 3590 2677 qure
3611 2619 3780 2678 po~sttnt

2277 2678 2396 2732 sine
2417 2678 2703 2732 concubitu
2733 2677 2801 2733 de
2824 2680 3259 2748 quibuscttmque
3282 2695 3456 2732 rerum
3485 2677 3777 2748 corruptioni-

2277 2748 2377 2802 bus
2410 2749 2594 2814 nasci;
2620 2748 2702 2802 vel
2734 2749 2777 2802 si
2809 2747 3008 2803 fuerint
3048 2747 3181 2816 quia
3225 2752 3276 2803 in
3303 2751 3542 2804 domibus
3559 2747 3657 2804 esse
3677 2767 3776 2805 cnn-

2278 2829 2591 2877 sueverunt.
2624 2820 2739 2872 sine
2768 2820 2883 2874 ullo
2908 2835 3134 2875 numero
3163 2820 3388 2874 detinito
3433 2835 3543 2874 esse
3575 2825 3773 2888 potuisse,

2278 2899 2371 2943 aut
2401 2891 2444 2944 si
2487 2894 2800 2961 mysterium
2833 2892 3260 2945 sacratissimum
3311 2891 3447 2957 quod
3476 2893 3709 2960 agebatur,
3742 2904 3780 2946 ct

2279 2968 2426 3014 tanta
2451 2960 2617 3030 ﬁgura
2649 2960 2810 3016 etiam
2835 2963 3059 3016 veritate
3088 2961 3211 3016 facti
3247 2964 3403 3016 aliter
3432 2978 3526 3015 non
3555 2975 3698 3028 posset
3715 2963 3780 3016 int-

2281 3032 2440 3098 pleri.
2479 3033 2578 3086 nisi
2631 3042 2688 3085 ut
2737 3035 2915 3085 omnia
2947 3032 3019 3087 ibi
3049 3041 3200 3086 certo
3232 3033 3327 3086 illo
3376 3048 3581 3084 numero
3613 3043 3777 3094 essent.

2278 3117 2400 3172 quae
2431 3101 2606 3156 vivere
2637 3104 2688 3157 in
2740 3105 2915 3170 aquis,
2966 3112 3150 3157 natura
3211 3102 3538 3170 prohibente,
3566 3118 3653 3156 non
3691 3118 3781 3170 pos-

598 3187 786 3226 murus
820 3189 914 3242 per
943 3184 1022 3229 tot
1063 3177 1230 3229 millia
1261 3175 1683 3242 circumagatur,
1714 3184 1766 3228 et
1798 3175 1996 3244 lignum
2034 3176 2176 3245 ligno
2204 3173 2251 3238 C
2282 3183 2432 3245 seut:
2467 3189 2568 3226 non
2604 3173 2828 3245 fuitista
2859 3189 2987 3238 cura
3030 3173 3176 3227 illius
3234 3174 3463 3228 ltotuinis
3511 3175 3579 3226 vel
3621 3175 3780 3245 illorum

597 3255 1006 3313 ca'mentatuzu,
1034 3249 1201 3301 clavis
1227 3247 1537 3308 solidatum,
1560 3246 1739 3314 gluten
1777 3245 2054 3300 bituminis
2073 3266 2175 3302 non

601 3322 779 3380 potest
805 3317 1106 3376 adha-rere.
1135 3328 1192 3370 ut
1219 3318 1508 3370 fabricetur
1538 3331 1680 3383 arca,
1716 3333 1822 3370 non
1851 3321 2052 3376 curvis.
2085 3321 2182 3374 sed

601 3385 765 3438 rectis
795 3388 952 3441 lineis
981 3389 1140 3456 longe
1173 3390 1385 3456 lateque
1419 3397 1685 3456 porrecta,
1721 3403 1878 3453 quam
1916 3388 2096 3442 nullus
2128 3392 2182 3445 in

601 3471 750 3507 mare
781 3457 953 3510 mittat
984 3471 1206 3512 conatus
1234 3459 1532 3520 hominum,
1559 3460 1650 3510 sed
1688 3459 1826 3511 levet
1851 3463 2014 3522 unda,
2059 3476 2181 3516 enm

601 3528 813 3598 venerit
843 3532 1072 3598 naturali
1111 3530 1296 3582 ordine
1341 3530 1662 3592 ponderum,
1694 3532 1968 3598 magisque
2001 3531 2180 3584 divina

604 3597 938 3671 providentia
991 3615 1148 3662 quam
1185 3600 1414 3652 I'ttmaua
1467 3599 1762 3671 prudentia
1790 3597 2059 3656 natantem
2089 3618 2186 3671 gu-

604 3667 814 3739 bernet.
839 3687 904 3723 ne
928 3675 1162 3726 lllClll'lal
1185 3671 1509 3735 ubicumque
1527 3669 1887 3739 naufragium.
1909 3667 2180 3739 Sequitur:

675 3737 858 3807 (Vers.
940 3744 1020 3804 6.)
1051 3740 1350 3795 Fenrslram
1382 3742 1434 3792 in
1463 3756 1583 3792 arra
1623 3737 1798 3808 facies,
1832 3752 1876 3794 et
1913 3742 1966 3794 in
1999 3737 2186 3797 cubito

602 3811 975 3884 consummabis
1007 3816 1366 3867 summitatem.
1405 3809 1603 3866 Ostium
1646 3824 1812 3865 autem
1851 3829 1986 3866 arca:
2029 3830 2185 3884 pones

601 3895 665 3953 ea:
690 3880 846 3953 latere
874 3884 1130 3937 deorsum.
1166 3884 1440 3938 Ctenucula
1487 3893 1533 3936 et
1575 3884 1783 3953 tristega
1813 3887 1970 3951 facies
2008 3880 2060 3937 in
2105 3902 2183 3940 ea.

603 3949 808 4020 ldcirt-o
838 3953 1129 4008 fenestram
1167 3958 1216 4008 in
1242 3957 1553 4009 summitate
1584 3949 1736 4008 areae
1757 3949 1908 4020 jubet
1941 3955 2078 4019 lieti,
2130 3969 2186 4010 ttt

604 4019 827 4077 haberet
858 4025 1000 4079 unde
1034 4027 1281 4082 emittere.
1315 4037 1496 4090 posset
1529 4040 1656 4077 aves
1681 4019 2183 4094 ad’explorandam

605 4101 763 4145 terra:
793 4096 1115 4151 siccitatem.
1149 4096 1355 4152 Ostium
1380 4110 1557 4151 autem
1591 4098 1730 4162 quod
1756 4097 1808 4150 in
1853 4099 2020 4149 latere
2045 4112 2184 4151 arca:

604 4162 801 4217 factum
832 4167 1049 4232 dicitur,
1083 4185 1148 4222 t-o
1181 4169 1300 4222 loco
1329 4168 1491 4222 fuisse
1519 4165 1848 4221 credendum
1881 4177 1983 4230 est,
2033 4179 2091 4220 ut
2132 4179 2187 4222 et

605 4233 859 4290 iuit-riora
885 4253 1002 4307 qua:
1033 4239 1170 4293 dixit
1194 4239 1519 4294 bicamerata
1553 4237 1805 4293 inferiora
1840 4238 2097 4303 haberet;
2131 4249 2187 4294 et

602 4321 722 4379 quae
761 4306 1262 4364 dixittricamerata
1293 4311 1573 4379 superiora
1611 4324 1640 4362 a
1680 4309 1798 4363 loco
1838 4310 1960 4362 ostii
2002 4310 2185 4376 appel-

605 4378 709 4430 lata
749 4379 883 4443 sint;
927 4392 978 4433 et
1027 4381 1147 4435 inde
1183 4378 1420 4450 ingressa
1468 4385 1576 4434 sint
1625 4380 1881 4434 universa
1933 4381 2185 4436 animalia

606 4463 701 4515 per
729 4464 821 4502 sua
846 4466 1068 4519 qumque
1091 4453 1230 4516 loca,
1256 4451 1551 4507 secundum
1580 4466 1870 4514 congruam
1896 4451 2181 4519 ratiOnem,

604 4520 842 4592 discreta
873 4524 1150 4576 cmnacula
1191 4534 1244 4578 et
1276 4524 1494 4592 tristega
1521 4539 1536 4585 ;
1579 4521 1720 4590 quod
1751 4521 1854 4574 alia
1905 4522 2184 4575 translatio

604 4587 930 4646 biramerata
979 4604 1033 4646 et
1081 4595 1416 4648 tricamerata
1435 4587 1616 4647 'voluit
1658 4595 1960 4657 nominare,
2013 4593 2082 4644 ita
2127 4601 2188 4647 ut

603 4662 840 4727 quinque
869 4665 1226 4719 habitationes
1263 4665 1545 4718 distinctas
1595 4663 1647 4716 in
1691 4678 1753 4717 ea
1783 4678 1903 4715 esse
1933 4662 2187 4718 adverta-

606 4745 763 4794 tuus;
798 4733 1047 4787 inferiora
1082 4736 1196 4789 loca
1227 4734 1561 4791 stercoribus
1599 4749 1728 4789 esse
1775 4734 2027 4802 depmata
2049 4774 2064 4798 ,
2115 4749 2185 4790 ne

604 4802 858 4875 animalia
889 4815 943 4857 et
975 4808 1242 4875 pr:ecipue
1283 4805 1528 4862 homines
1562 4807 1671 4858 limi
1708 4804 1879 4858 fetore
1923 4819 2186 4859 vexaren-

608 4881 721 4935 tur;
777 4873 900 4927 huic
953 4873 1409 4942 antetu'superiur
1455 4888 1508 4931 et
1548 4877 1798 4943 contigua
1829 4876 2182 4939 bicatnerata,

604 4959 724 5010 qua:
754 4958 1151 5000 conservatum:
1177 4964 1272 5002 seu
1304 4948 1531 5002 stabulis
1560 4946 1871 5000 animalium
1898 4947 2186 5013 deputare-

605 5022 711 5068 tur.
738 5015 793 5068 ltt
821 5015 916 5068 hos
938 5032 1066 5085 ergo
1093 5035 1220 5072 usus
1255 5020 1532 5072 interiores
1565 5029 1766 5086 partes,
1789 5032 1909 5086 qute
1949 5017 2184 5070 hicatue-

597 5098 734 5138 rata:
760 5087 1034 5152 dit-untur,
1070 5091 1286 5143 tradunt
1313 5090 1479 5144 fuisse
1526 5090 1846 5150 disunctas;
1876 5092 2184 5156 superiores

604 5172 734 5210 vero
766 5171 968 5228 partes,
1001 5174 1122 5226 qua:
1154 5160 1508 5217 tricamt-ratze
1555 5161 1828 5224 dicuntur,
1880 5161 1944 5211 ad
1977 5158 2187 5214 habita-

604 5228 784 5280 culum
810 5231 982 5294 pritno
1012 5231 1199 5285 beStiis
1219 5231 1300 5285 vel
1330 5231 1649 5286 animalibus
1688 5230 2070 5284 immitioribus
2099 5230 2183 5284 vel

605 5302 950 5367 serpentibus
980 5302 1266 5372 deputatas
1296 5317 1415 5358 esse
1440 5319 1454 5366 ;
1500 5303 1567 5356 ab
1599 5301 1681 5356 his
1710 5316 1838 5354 vero
1861 5315 2096 5372 congrua
2130 5302 2183 5355 in

605 5373 972 5439 superioribus
1018 5371 1155 5438 lOca,
1207 5373 1509 5427 mitioribus
1561 5372 1924 5426 animantibus
1970 5371 2184 5426 stabula

605 5441 804 5509 fuisse;
835 5458 999 5512 Supra
1020 5448 1200 5499 omnia
1230 5459 1361 5499 vero
1381 5445 1436 5498 in
1467 5444 1704 5503 excelso.
1729 5444 1917 5498 avibus
1934 5453 1987 5498 et
2016 5441 2181 5497 homi-

607 5513 765 5568 nibus
793 5513 976 5569 sedem
1003 5516 1250 5581 locatam,
1283 5525 1340 5570 ιιι
1366 5515 1508 5570 sient.
1535 5515 1795 5582 sapientia
1823 5517 2000 5567 omnia
2030 5525 2181 5568 ante-

605 5585 768 5642 Cedit.
802 5587 870 5638 ita
899 5596 951 5639 et
977 5587 1136 5641 homo
1153 5597 1343 5642 cuncta
1377 5586 1714 5655 praecelleret
1743 5584 2083 5648 animalia,et
2105 5588 2183 5638 sic

607 5657 842 5727 quinque
874 5660 1180 5713 mansiones
1211 5658 1262 5712 iu
1292 5661 1478 5713 eadem
1510 5673 1632 5712 arca
1673 5656 1836 5711 fuisse
1878 5657 2182 5727 intelligun-

610 5743 713 5786 ων·
740 5726 908 5798 Ιῖτίιητι
937 5731 1282 5798 διενοοττινὶυ,
1312 5730 1549 5786 secunda
1578 5729 1900 5800 apotltcliCa.
1931 5726 2081 5800 tet-tia
2109 5726 2184 5780 fe-

613 5803 688 5859 ris
708 5801 1088 5866 animantibus,
1100 5797 1288 5871 quarta
1314 5797 1634 5872 mansuetis,
1652 5805 1838 5874 quinta
1849 5797 2180 5859 hominibus.

2285 3243 2591 3306 lmininunt,
2624 3244 2718 3299 sed
2749 3244 2928 3298 divina
2963 3261 2975 3298 :
3028 3259 3136 3298 non
3183 3247 3330 3298 enim
3361 3260 3417 3298 ea
3451 3245 3550 3297 Noe
3574 3255 3698 3310 capta
3721 3244 3780 3297 itt-

2286 3315 2641 3380 tromittebat,
2689 3316 2783 3370 sed
2834 3315 3099 3370 venientia
3154 3316 3360 3370 intrare
3391 3313 3780 3380 pertitittebat.Ad

2286 3385 2389 3440 ltoc
2418 3388 2560 3438 enim
2593 3387 2734 3440 valet
2775 3386 2916 3452 quod
2963 3387 3166 3440 dictum
3220 3398 3302 3439 est
3337 3403 3350 3439 :
3383 3383 3630 3439 Intrabunt
3661 3385 3714 3435 ad
3733 3396 3780 3446 te,

2286 3473 2392 3510 non
2425 3457 2630 3511 scilicet
2659 3457 2891 3510 hominis
2913 3469 3056 3522 aetu,
3089 3456 3180 3510 sed
3213 3457 3310 3511 Dei
3339 3469 3460 3509 nutu
3494 3475 3505 3508 :
3537 3458 3598 3509 ita
3623 3469 3723 3508 sane
3743 3465 3782 3508 ut

2286 3545 2392 3580 non
2428 3529 2533 3581 illic
2566 3526 2729 3581 fuisse
2747 3528 3010 3582 credenda
3040 3530 3167 3590 sint,
3193 3544 3314 3591 quze
3343 3543 3467 3581 sexu
3486 3537 3662 3582 carent.
3690 3541 3782 3590 prte-

2285 3605 2545 3665 srriptntu
2577 3608 2657 3652 est
2687 3599 2830 3652 enim
2871 3611 3031 3666 atque
3069 3598 3351 3654 delinitum
3381 3609 3478 3659 est,
3513 3595 3725 3651 Masculus
3744 3605 3780 3648 et

2287 3669 2480 3742 femina
2528 3681 2695 3742 erunt.
2743 3671 2860 3725 Alia
2909 3677 3034 3722 sunt
3081 3672 3282 3738 quippe
3323 3684 3439 3737 quae
3467 3672 3527 3722 de
3553 3669 3782 3734 quibusque

2288 3740 2473 3804 rebus,
2506 3740 2620 3793 sine
2659 3742 2945 3794 conetthitu
2977 3741 3046 3794 ita
3082 3755 3396 3807 nascuntur,
3430 3748 3484 3792 ut
3509 3749 3663 3807 postea
3686 3751 3780 3790 con-

2286 3812 2541 3865 cumbztnt
2574 3822 2626 3864 et
2664 3820 2948 3879 generem,
2997 3813 3138 3864 sicut
3188 3826 3413 3875 lllllsCiB,
3463 3813 3556 3862 alia
3585 3823 3702 3868 vero,
3731 3809 3781 3879 _in

2288 3883 2486 3951 quibus
2536 3876 2689 3936 nihil—
2717 3884 2787 3934 sit
2836 3882 3000 3935 matis
3046 3890 3102 3936 et
3157 3881 3405 3946 fetttinte,
3437 3880 3562 3951 sicut
3585 3892 3705 3943 apes.
3731 3876 3781 3951 lla

2290 3946 2454 4020 porro
2485 3970 2603 4026 quae
2634 3955 2712 4007 sic
2740 3952 2960 4026 habent
2995 3967 3208 4019 sexum,
3263 3963 3333 4026 ut
3351 3967 3453 4026 oon
3502 3949 3699 4026 halt-eant
3729 3946 3782 4026 le:

2290 4033 2424 4088 tum,
2455 4024 2596 4078 sicut
2625 4025 2750 4076 mttli
2772 4035 2823 4075 et
2855 4022 3035 4086 molat,
3067 4038 3260 4076 mtrum
3293 4024 3336 4077 si
3369 4021 3567 4076 fuerunt
3592 4020 3667 4083 ibi,
3692 4020 3782 4069 acsi

2289 4110 2395 4147 non
2422 4097 2595 4162 potius
2614 4103 2862 4164 parentes
2881 4108 3067 4148 eorum
3093 4093 3164 4146 ibi
3195 4092 3361 4148 fuis-e
3390 4096 3652 4164 sulticetet,
3676 4089 3782 4164 equi-

2289 4157 2698 4220 num-videlicet
2727 4175 2887 4232 atque
2914 4165 3182 4218 asininum
3229 4179 3398 4233 genus
3422 4205 3437 4225 ,
3466 4173 3515 4215 ct
3541 4163 3580 4214 si
3605 4172 3688 4226 qua
3709 4157 3782 4233 alia

2289 4247 2414 4289 sunt
2442 4252 2564 4306 qua:
2594 4226 2976 4296 commistione
2996 4236 3194 4306 diversi
3218 4226 3428 4303 generis
3447 4247 3600 4306 genus
3621 4226 3782 4306 aliquod

2289 4300 2544 4375 gignunt;
2578 4307 2671 4361 ενα
2705 4306 2748 4360 si
2772 4317 2825 4359 et
2854 4307 2955 4360 hoc
2991 4305 3058 4358 ad
3091 4300 3406 4376 mysterium
3432 4302 3706 4373 pertinebat.
3731 4300 3781 4376 [Ιιί

2288 4367 2465 4442 crant,
2524 4367 2683 4432 habet
2737 4378 2880 4430 enim
2927 4385 2982 4430 et
3030 4367 3341 4446 ltoc'genus
3383 4367 3644 4429 masculum
3668 4381 3710 4424 et
3731 4367 3781 4420 le-

2290 4450 2518 4502 minam.
2548 4449 2731 4503 Solent
2754 4449 2916 4502 etiam
2937 4461 3154 4502 movere
3177 4447 3455 4502 nonnullus
3481 4460 3647 4512 gent-ra
3672 4453 3780 4494 ειω-

2292 4535 2411 4574 rum
2441 4535 2564 4590 quat
2596 4520 2702 4573 illic
2739 4519 2940 4574 habere
2987 4529 3233 4585 poterant
3275 4519 3546 4577 animalia,
3573 4529 3670 4583 qua:
3708 4523 3781 4562 non

2293 4591 2395 4644 nisi
2426 4591 2676 4644 carnibus
2706 4591 2848 4642 vesci
2902 4597 3177 4658 putantur,
3227 4602 3405 4643 utrum
3453 4593 3781 4658 prato-rname-

2294 4677 2412 4716 rutu
2445 4660 2520 4714 ibi
2564 4659 2763 4713 fuerint
2793 4655 2916 4713 sine
2961 4659 3390 4727 transgressione
3439 4655 3782 4728 ιιιςιιιιιιιιίπριιςιι

2295 4733 2522 4786 aliorum
2554 4731 2867 4786 alendorum
2897 4722 3191 4784 necessiias
3215 4731 3321 4784 illic
3342 4728 3587 4792 coegisset
3609 4722 3778 4780 includi;

2293 4818 2361 4856 an
2395 4817 2542 4868 vero,
2574 4803 2715 4870 quod
2750 4802 2925 4869 potius
2955 4813 3031 4854 est
3064 4802 3414 4865 etedcndum,
3447 4810 3619 4868 pra-ter
3641 4804 3780 4849 carnes

2294 4873 2469 4937 aliqua
2501 4876 2754 4926 alimenta
2787 4887 2908 4926 esse
2930 4879 3222 4935 potueruot
3249 4888 3366 4937 qua:
3393 4870 3616 4942 omnibus
3640 4875 3782 4942 con-ve-

2292 4934 2500 4998 nirent:
2537 4945 2784 4997 novimus
2812 4934 2954 4997 enim
2984 4958 3144 5012 quam
3177 4934 3337 4998 multa
3369 4940 3616 5001 animalia,
3643 4934 3781 5000 quibus

2293 5032 2420 5069 caro
2449 5015 2598 5068 cibus
2628 5025 2732 5070 εει.
2765 5016 2905 5081 quod
2939 5013 3185 5076 frugibus
3233 5013 3502 5083 pomisque
3541 5015 3780 5083 vescantur,

2291 5097 2343 5142 et
2375 5087 2605 5140 maxime
2637 5086 2738 5139 lico
2767 5078 2927 5150 atque
2957 5078 3246 5138 castaneis:
3271 5084 3404 5152 Quid
3422 5078 3553 5150 ergo
3578 5078 3730 5154 utitunt
3751 5078 3780 5122 si

2289 5159 2373 5211 vir
2402 5158 2488 5212 ille
2519 5157 2739 5223 sapiens
2770 5166 2825 5209 et
2856 5157 3055 5221 justus,
3088 5155 3248 5209 etiam
3280 5151 3525 5208 divinitus
3546 5151 3781 5225 adutoniltls

2291 5229 2418 5297 quid
2443 5229 2636 5290 cuique
2663 5237 3006 5296 cttngrueret,
3038 5229 3154 5278 sine
3191 5224 3435 5280 carnibus
3457 5233 3619 5297 aptant
3643 5226 3781 5297 ςιιιειιες

2293 5291 2480 5370 generi
2513 5291 2823 5370 alimoniam
2857 5299 3176 5367 praeparavit
3203 5291 3548 5370 etcmnlidit?
3585 5291 3694 5370 Quid
3720 5293 3782 5370 tat

2292 5357 2475 5425 Ξῖιιιριιι
2507 5372 2646 5436 quod
2674 5368 2817 5424 vesci
2845 5357 2950 5440 non
2969 5357 3201 5434 cogeret
3245 5367 3450 5440 tantes?
3484 5357 3686 5440 atttqtttd
3707 5367 3779 5440 niti}

2287 5456 2452 5500 suave
2484 5428 2810 5494 autsalnhre
2835 5437 3012 5493 facere
3042 5428 3225 5509 εἷο-εει
3250 5439 3408 5499 Deus,
3453 5434 3533 5503 qui
3569 5432 3716 5509 etiant.
3741 5428 3779 5509 lt!

2285 5516 2407 5569 sine
2424 5511 2543 5566 cibo
2578 5512 2842 5576 viverent,
2876 5500 3060 5563 divina
3092 5500 3591 5579 faciliuttetlonaret.
3621 5500 3720 5579 nisi.
3741 5500 3780 5579 Ψ

2287 5595 2642 5656 pascerentur
2667 5583 2849 5656 etiam,
2870 5580 2985 5656 huc
3009 5581 3301 5656 implenda;
3327 5577 3506 5656 ligurtc
3551 5577 3780 5656 continu:

2289 5649 2438 5710 sterii
2467 5655 2815 5707 conveniret?
2859 5654 3162 5716 Opinautur
3217 5651 3426 5720 quidam
3455 5659 3550 5720 tam
3588 5649 3778 5720 magian“

2292 5726 2404 5782 lteri
2455 5742 2558 5779 non
2614 5725 2851 5795 potuisse
2902 5721 3188 5786 άίίυνίιηηο
3235 5717 3291 5774 ἶιί
3332 5717 3777 5795 Ριίί⁵λ¹¹¹⁶⁵¹¹¹ῗίῖἶίῗ³

2290 5798 2593 5869 quindecim
2614 5781 2629 5795 ’
2648 5794 2846 5853 cubitis
2888 5809 3028 5866 aqua
3085 5781 3383 5865 crescendo
3430 5781 3775 5847 trattscendctei.
