4024 6336
531 347 633 412 οτι

1547 336 1641 395 AD
1674 335 1904 394 OPEBA
1943 334 2002 394 S.
2042 329 2368 404 EUCHER"
2406 333 2772 394 APPENDIX.

3699 332 3806 397 οη

529 485 690 549 quam
726 467 818 524 illa
846 462 1064 532 expulsa
1090 476 1108 549 ξ
1132 458 1292 514 valde
1321 458 1466 549 enim
1507 457 1627 542 fieri
1655 458 1830 528 potuit
1859 467 1920 513 ut
1951 470 2107 549 pelco-
2137 459 2188 516 A
2217 457 2638 549 cruciantur-crint
2663 457 2808 549 ompi
2836 455 2937 549 hoc
2963 456 3142 549 spatio
3158 457 3526 549 tam‘prolixo
3557 458 3803 549 intuere-

527 528 648 604 an
669 554 890 599 suorum
917 528 1076 604 causa
1094 531 1257 604 longe
1273 546 1300 582 a
1324 531 1572 604 domoin
1605 546 1706 599 qua
1737 544 1858 604 cum
1885 528 1994 604 suis
2014 528 2108 581 ha-

527 601 735 676 δῖιεὶκιι
753 651 768 674 ,
793 619 1006 676 puteum
1033 603 1420 676 {oderet‘quem
1446 601 1533 655 illa
1554 604 1804 676 nesciret.
1821 601 2102 676 Sequitur:

597 670 912 758 (veg-3:35,-
935 673 1054 742 δι.)
1092 670 1352 758 Abraham
1387 671 1806 758 veronplantat't‘it.
1830 688 2007 758 nemus
2049 673 2104 758 in

524 743 797 816 Boi-solm,
826 757 872 803 et
892 743 1242 816 invocapitibi
1269 759 1452 797 nomen
1487 744 1689 816 Domini
1716 743 1806 816 Dei
1831 744 2027 807 interni,
2055 751 2104 816 et

523 813 627 901 fuit
642 813 851 879 colonus
880 829 1029 901 territt
1058 813 1456 901 Philistinorum
1477 815 1651 901 diebus
1675 815 1886 901 inultis.
1919 813 2100 901 Quaeri

523 884 727 970 potest,
759 906 865 970 quo
893 887 1052 970 modo
1083 886 1149 968 ad
1182 884 1935 970 puteumjuratnentiliemus
1959 887 2101 952 plan-

521 956 725 1025 iaverit
743 956 1040 1023 Abraham,
1057 957 1170 1011 sive
1188 967 1246 1010 ut
1265 959 1366 1010 alia
1391 958 1677 1011 translatio
1703 956 1851 1015 dicit.
1877 959 2101 1024 Agrum,

521 1042 568 1098 si
597 1041 652 1095 in
682 1047 834 1092 terra
859 1032 972 1097 illa,
999 1028 1448 1098 quemadmodum
1479 1027 1785 1096 Stephanus
1809 1027 1960 1093 ditit,
1997 1042 2124 1080 non-

523 1113 808 1178 acceperat
822 1105 887 1178 in
915 1099 1290 1178 hzereditatem
1319 1113 1419 1154 nec
1448 1114 1664 1178 passum
1696 1099 1846 1167 pedis
1873 1115 1883 1149 :
1916 1099 2008 1152 sed
2037 1113 2100 1151 ea

521 1171 869 1249 intelligenda
908 1182 995 1228 est
1024 1171 1335 1235 bmreditas,
1367 1186 1528 1249 quam
1562 1172 1728 1249 ρεαδ
1750 1184 1974 1249 munere
2002 1183 2102 1223 suo

521 1240 970 1310 fuerat'daturus,
1000 1257 1108 1296 non
1135 1250 1316 1309 empta
1347 1241 1538 1310 pretio.
1562 1240 1887 1307 Intelligitur
1915 1249 2100 1294 autem

519 1327 755 1393 spatium
786 1319 930 1393 circa
975 1321 1196 1393 puteum
1238 1313 1303 1393 ad
1358 1311 1487 1365 illud
1525 1311 1818 1393 emptionis
1865 1314 2098 1393 spatium

521 1382 824 1466 pertinere,
854 1389 913 1466 in
949 1399 1056 1466 quo
1089 1382 1486 1466 fuerantagna:
1521 1384 1681 1442 dum,
1707 1383 1924 1466 quando
1963 1384 2100 1466 Abi-

521 1452 731 1523 inelech
763 1469 819 1514 et
840 1452 1107 1514 Abraham
1135 1452 1238 1506 sibi
1261 1454 1421 1507 etiam
1444 1453 1784 1520 iuraverunt.
1815 1453 2095 1522 Sequitur:

597 1535 751 1604 (Cap.
787 1527 955 1604 XXII.
993 1523 1243 1604 —:-‘Ve_rs.
1276 1523 1777 1604 1..)"1'entavil‘Deu‘s
1814 1525 2096 1604 Abraham,

519 1617 570 1663 et
590 1594 720 1660 dixit
747 1602 814 1654 ad
832 1613 947 1653 eum
969 1617 987 1651 :
1010 1595 1580 1652 Abraham.Abraham.
1609 1595 1672 1649 At
1695 1594 1784 1647 ille
1804 1597 2100 1665 respondit:

520 1678 734 1733 Adsum.
765 1669 944 1738 Quaari
974 1667 1103 1722 solet
1130 1681 1237 1738 quo
1266 1667 1425 1738 modo
1471 1666 1573 1720 hoc
1608 1681 1809 1738 verum
1839 1668 1928 1727 sit,
1971 1681 2098 1720 cum

519 1749 664 1803 dicat
691 1745 745 1800 in
776 1735 1016 1811 Epistula
1045 1752 1142 1811 sua
1178 1735 1436 1811 lacubus,
1473 1737 1618 1811 quod
1654 1736 1795 1791 Deus
1825 1737 2097 1811 neminem

521 1827 692 1875 tentet
720 1833 737 1872 :
765 1808 867 1868 nisi
895 1810 1019 1880 quia
1058 1808 1315 1880 locutioiii
1364 1808 1781 1880 Scripturarum
1809 1808 1947 1861 solet
1985 1808 2096 1862 dici

521 1897 711 1950 tentat,
751 1899 847 1950 pro
886 1878 974 1945 eo,
1020 1878 1162 1950 quod
1189 1889 1294 1944 est,
1328 1880 1543 1948 prohat.
1575 1878 1824 1933 Tentatio
1851 1894 1976 1932 vero
2009 1881 2096 1933 illa

521 1961 591 2017 de
617 1949 720 2030 qua
749 1949 980 2030 Iacobus
1003 1949 1154 2030 dicit,
1183 1963 1290 2004 non
1319 1951 1654 2030 intelligitur.
1688 1951 1789 2030 nisi
1823 1967 1923 2030 qua
1951 1952 2096 2030 qui:-

518 2020 886 2100 que'peccato
925 2021 1272 2100 implicatur:
1302 2020 1459 2100 unde
1483 2020 1773 2100 Apostolus
1813 2020 2100 2100 dicit:_l\_’e

519 2089 653 2171 forte
668 2089 822 2154 ientet
847 2089 1020 2171 uasis.
1043 2091 1130 2171 qui
1153 2098 1310 2171 tenta!
1340 2091 1378 2158 (Ι
1398 2089 1575 2171 ςιἸιεδε,ζ
1601 2091 1679 2162 ιιι)
1704 2107 1719 2148 :
1745 2107 1865 2144 nam
1889 2102 1942 2144 et
1970 2092 2097 2171 alibi

517 2160 778 2239 scriptum
810 2175 912 2226 est,
944 2162 1129 2239 Tentat
1149 2177 1234 2214 vos
1261 2160 1508 2239 Dominus
1535 2160 1670 2239 Deus
1691 2171 1871 2224 vester,
1897 2171 1959 2239 ut
1972 2166 2097 2216 sciat

517 2244 562 2296 si
587 2232 812 2310 diligatis
838 2250 954 2310 eum
983 2233 1166 2310 (Deut.
1199 2232 1339 2298 xm).
1385 2233 1685 2310 Etia_m_hoc
1714 2247 1915 2302 genere
1951 2235 2096 2310 loeu-

519 2303 704 2375 tionls,
730 2318 786 2364 ut
817 2307 962 2371 sciat,
992 2303 1192 2358 dictum
1237 2312 1349 2375 est,
1373 2317 1436 2375 ac
1464 2303 1508 2375 si
1547 2304 1837 2375 diceretur,
1874 2315 1930 2357 ut
1956 2307 2097 2360 scire

518 2397 614 2438 vos
639 2373 795 2438 iaciat
824 2395 837 2431 :
869 2380 1123 2447 quoniam
1151 2375 1294 2447 vires
1311 2373 1634 2447 dilectionis
1667 2389 1776 2427 sum
1814 2376 2094 2447 huminem

518 2455 708 2515 latent,
729 2451 830 2505 nisi
852 2444 1411 2509 einerimentoeideut
1432 2447 1789 2498 innotescant.
1807 2444 2094 2515 Sequitur:

621 2514 772 2579 Vers.
803 2520 886 2589 2.)
918 2517 1067 2589 Tolle
1096 2515 1260 2584 ﬁlium
1295 2523 1617 2589 tuumuquetn
1644 2516 1814 2589 diligis
1845 2514 2016 2589 Isaac,
2049 2528 2098 2572 et

581 2525 772 2649 ἕνα-ε.
803 2525 886 2589 2.)
918 2525 1067 2572 Tolle
1096 2525 1260 2584 ﬁlium
1295 2525 1440 2569 tuum
1468 2531 1617 2585 quem
1644 2525 1814 2587 diligis
1845 2525 2016 2580 Isaac,
2049 2528 2096 2572 et

513 2612 580 2650 va
619 2596 709 2650 ein
734 2603 921 2647 terram
948 2587 1196 2646 Visianis.
1223 2597 1371 2654 atque
1392 2585 1520 2653 offer
1542 2603 1655 2640 eum
1679 2589 1746 2639 ibi
1774 2587 1826 2640 in
1852 2587 2096 2642 holocau-

515 2679 653 2722 stum
673 2679 824 2736 super
850 2675 1012 2716 unum
1032 2659 1280 2739 montium
1304 2673 1454 2740 quem
1488 2666 1831 2711 monstrauero
1855 2660 1966 2740 tibi.
1993 2660 2098 2714 No-

515 2729 746 2792 tandutn'
764 2745 942 2788 autem
973 2741 1028 2785 et
1052 2745 1120 2783 ex
1166 2729 1458 2798 prioribus,
1491 2738 1545 2782 et
1567 2744 1636 2781 ex
1668 2735 1919 2798 prmsvnti
1955 2731 2095 2790 loco.

513 2808 657 2878 quod
688 2807 835 2860 Isaac
862 2818 968 2878 non
993 2802 1064 2854 sit
1092 2800 1354 2878 natusad
1404 2813 1662 2878 quercum
1707 2801 1965 2878 hlainbre,
1986 2801 2096 2878 sed

513 2870 568 2934 in
597 2878 836 2940 Geraris,
874 2874 966 2928 ubi
997 2881 1053 2924 et
1096 2872 1362 2926 Bersabee
1407 2885 1577 2939 usque
1629 2870 1788 2925 hodie
1835 2872 2094 2938 Oppidum

512 2959 618 3004 est.
649 2947 817 3016 Hujus
862 2944 943 2999 rei
986 2942 1466 3016 Scriptura_t_estis
1495 2949 1574 2994 est
1600 2958 1716 3016 quae
1743 2941 1846 3016 ait:
1885 2942 1947 2994 Ει
1976 2944 2096 3016 fuit

514 3011 772 3074 Abraham
804 3017 1014 3069 colonus
1041 3021 1190 3067 terrae
1227 3011 1620 3065 Philistinorum
1658 3014 1834 3065 diebus
1877 3014 2049 3066 multis
2072 3030 2090 3067 :

510 3103 561 3146 et
582 3091 710 3144 dixit
733 3087 811 3141 illi
835 3087 1005 3140 Deus:
1036 3082 1179 3138 Tolle
1201 3083 1366 3149 [ilium
1395 3091 1537 3135 tuum
1569 3085 1905 3153 unigenitum.
1941 3101 2089 3152 quem

512 3162 685 3232 diligis
709 3159 878 3212 Isaac.
897 3156 1059 3209 Aiunt
1083 3155 1293 3232 llebrtei
1329 3156 1469 3232 hunc
1502 3165 1734 3232 montem
1759 3170 1878 3208 esse
1899 3155 2086 3232 Muria,

510 3234 566 3287 in
592 3225 697 3302 quo
725 3238 911 3302 postea
935 3227 1192 3302 templum
1224 3225 1506 3302 conditum
1559 3234 1643 3279 est
1668 3227 1736 3302 _in
1783 3241 1905 3278 arca
1945 3226 2090 3302 Oriie

510 3295 767 3364 Jeb'usaei,
808 3299 949 3352 sicut
982 3298 1036 3350 in
1088 3295 1532 3364 Paralipomenon
1577 3296 1834 3360 scriptum
1867 3309 1989 3351 est:
2022 3297 2089 3350 Et

511 3369 1046 3444 occperuntazdiﬁcare
1073 3366 1319 3444 templum
1358 3367 1883 3444 iit-mensesecundo,
1923 3368 1974 3444 in
2007 3385 2087 3444 se:

509 3435 681 3497 cunda
726 3443 808 3494 die
840 3435 1030 3492 mensis
1065 3443 1120 3491 in
1164 3447 1333 3490 monte
1389 3435 1561 3489 Maria
1591 3437 1657 3506 (ll
1703 3437 1829 3491 Par.
1862 3438 1962 3505 ιιι),
1994 3439 2087 3507 qui

510 3514 714 3568 idcirco
734 3509 1042 3565 illuminans
1061 3510 1438 3574 interpretatur
1456 3518 1508 3560 et
1533 3509 1736 3570 lucens,
1761 3509 1883 3576 quia
1909 3510 1978 3562 ibi
2001 3520 2087 3565 est.

513 3585 696 3650 Dabir,
729 3582 832 3635 hoc
873 3587 956 3632 est
985 3580 1260 3650 oraculum
1301 3577 1418 3636 Dei.
1451 3586 1507 3650 et
1540 3578 1627 3631 lex
1658 3587 1712 3632 et
1741 3580 1958 3645 spiritus
1990 3583 2079 3648 qui

509 3646 984 3710 docet'hominem
1026 3649 1333 3712 veritatem,
1381 3657 1436 3700 et
1482 3646 1712 3716 inspirat
1771 3646 2077 3716 pr0phetas.

507 3725 662 3792 Quod
694 3737 820 3778 vero
839 3722 934 3785 ait,
955 3717 1113 3792 Dﬂ'er
1141 3733 1252 3792 eum
1276 3720 1326 3770 in
1353 3717 1730 3792 holocaustum,
1762 3731 1820 3792 ut
1858 3735 1923 3774 ex
1947 3723 2079 3776 cha-

505 3788 685 3852 ritatis
707 3791 1096 3856 admonitioiie,
1128 3789 1184 3842 et'
1223 3788 1454 3842 nominis
1501 3791 1881 3845 recordatione
1911 3801 2082 3846 tenta-

507 3867 669 3922 tionis
691 3863 900 3936 pondus
942 3859 1392 3936 accumularetur,
1447 3868 1504 3936 et
1551 3871 1814 3936 paternus
1858 3861 2082 3918 allectus

508 3928 852 4006 torqueretur
893 3947 970 4006 es
1021 3928 1279 4006 mempria
1334 3929 1738 4006 promissionis,
1780 3931 1908 4006 dum
1955 3944 2082 3990 ante

506 3997 648 4064 Deu's
677 4007 813 4061 dixit
841 4004 907 4058 ad
937 4017 1059 4057 eum
1092 4021 1109 4056 :
1147 3997 1216 4054 In
1255 3997 1406 4055 Isaac
1448 3997 1731 4056 vocabitur
1752 4004 1841 4056 tibi
1888 4020 2077 4073 semen,

546 4080 658 4133 uasi
699 4079 744 4132 si
789 4077 880 4130 ille
915 4073 1272 4138 occideretur,
1321 4081 1433 4126 tota
1478 4087 1605 4143 spes
1663 4077 2078 4142 promissionum

531 4143 880 4204 rustraretur.
929 4144 1230 4214 Numquam
1306 4157 1438 4197 sane
1482 4143 1734 4199 crederet
1784 4145 2078 4212 Abraham,

504 4220 646 4290 quod
673 4219 904 4290 victimis
935 4213 1479 4290 Deus’delectaretur
1525 4214 1802 4290 humanis,
1836 4221 2082 4290 quamvis

504 4284 785 4347 intonante
805 4289 988 4342 divino
1018 4298 1285 4354 praecepto
1301 4284 1659 4356 obediendum
1683 4288 1750 4340 sit
1775 4284 1882 4340 non
1905 4287 2082 4356 δίπρυ-

505 4363 750 4417 tandum.
799 4359 1182 4414 Verumtamen
1234 4355 1504 4411 Abt-altam
1567 4359 1852 4412 confestim
1906 4355 2078 4413 lilium

505 4447 627 4488 cum
660 4433 848 4486 iuisSet
879 4431 1276 4489 immolaturus,
1309 4438 1744 4482 resurrecturum
1781 4430 2081 4484 credidisse

503 4502 800 4584 laudandus
823 4512 940 4584 est:
966 4501 1086 4568 quia
1113 4513 1216 4584 per.
1238 4499 1380 4584 hunc
1401 4499 1685 4584 oportebat
1709 4499 1925 4580 impleri
1957 4518 2078 4570 pro-
2106 4523 2160 4584 Ι)

505 4575 792 4628 missiones
825 4572 941 4634 Dei,
967 4584 1124 4639 quem
1143 4569 1364 4639 jubebat
1388 4569 1582 4621 occidi.
1610 4570 1896 4637 Sequitur:

573 4645 757 4712 (Vers.
786 4641 820 4695 ὅ
848 4637 1026 4710 εθίιιιξ)
1068 4637 1239 4707 Igitur
1273 4638 1532 4712 Abraham
1575 4641 1640 4693 de
1677 4651 1821 4694 nocte
1863 4657 2080 4695 consur-

501 4711 645 4785 gens,
675 4715 851 4785 strauit
873 4714 1074 4765 asinum
1099 4727 1268 4775 suum,
1302 4711 1490 4763 ducens
1511 4726 1678 4785 secum
1701 4712 1830 4785 duos
1843 4715 2080 4785 jurenes,

501 4781 553 4840 ct
583 4783 736 4838 Isaac
757 4784 923 4850 ﬁlium
951 4798 1100 4835 suum
1123 4797 1141 4834 :
1167 4797 1376 4849 cumque
1403 4781 1700 4835 concidisset
1731 4781 1870 4852 ligna
1907 4784 1954 4835 in
1983 4786 2079 4836 ho-

501 4858 810 4918 locaustum,
841 4852 961 4905 abiit
987 4853 1053 4906 ad
1098 4852 1267 4905 locum
1307 4867 1453 4920 quem
1498 4862 1802 4922 praeceperat
1836 4870 1883 4906 et
1923 4853 2079 4908 Dens.

505 4924 605 4981 Die
649 4936 820 4977 autem
848 4924 995 4976 tertio
1042 4922 1248 4976 elevatis
1296 4923 1455 4974 oculis
1498 4924 1624 4975 uidit
1665 4923 1836 4976 locum
1877 4925 2076 4991 procul,

502 4998 736 5067 dixitque
760 4995 827 5067 ad
850 5008 1032 5062 pueros
1057 5008 1210 5046 suos:
1233 4992 1531 5061 Exspectate
1550 4991 1635 5046 hic
1655 5010 1770 5046 cum
1793 4996 1957 5067 asino,
1983 5013 2075 5067 ego

499 5076 548 5120 et
581 5065 707 5134 puer
736 5065 862 5120 illuc
894 5079 1055 5134 usque
1079 5074 1426 5134 properantes,
1474 5076 1740 5134 postquam
1784 5065 2074 5120 adorarcri-

498 5133 634 5203 mus,
662 5146 967 5191 revertemur
991 5133 1058 5186 ad
1088 5149 1195 5186 vos.
1227 5133 1526 5187 Notandum
1556 5137 1700 5200 quod
1748 5136 1815 5189 de
1857 5137 2076 5192 Geraris

500 5223 670 5278 usque
693 5207 760 5261 ad
798 5215 1034 5278 montem
1065 5203 1249 5271 Morta,
1285 5205 1335 5257 id
1358 5215 1460 5265 est,
1491 5208 1674 5262 sedem
1724 5209 1928 5275 templi,
1972 5209 2076 5263 iter

498 5276 709 5334 die—runt
742 5279 903 5332 triutn
954 5276 1045 5339 sit,
1091 5285 1147 5329 ut
1189 5284 1582 5344 consi'quenter
1623 5277 1754 5332 illud
1791 5281 1878 5332 die
1917 5290 2075 5334 tertio

498 5351 812 5431 "inclusae
836 5349 1068 5431 dicatur.
1102 5346 1240 5400 Male
1266 5347 1446 5431 igitur,
1471 5350 1560 5431 qui
1591 5349 1858 5431 Abraham
1889 5361 2073 5418 putant

497 5417 594 5478 illo
629 5432 868 5488 tempore
911 5418 979 5472 ad
1021 5432 1277 5488 quercum
1325 5417 1562 5488 Matnbre
1614 5417 1900 5484 habitasse,
1949 5437 2068 5476 cum

496 5491 624 5546 inde
645 5487 819 5560 usque
849 5489 914 5543 ad
941 5499 1180 5544 montem
1210 5487 1373 5542 Moria
1397 5490 1481 5541 vix
1510 5489 1662 5542 unius
1690 5492 1793 5543 diei
1827 5493 1928 5546 iter
1955 5495 2069 5559 ple-

495 5575 628 5616 num
654 5559 745 5615 sit.
771 5559 875 5628 Qui
906 5561 1025 5615 ideo
1057 5559 1288 5614 triduani
1321 5560 1524 5612 itineris
1555 5577 1704 5613 mora
1736 5577 1856 5615 eum
1888 5567 2071 5618 immo-

495 5631 708 5703 laturus
736 5645 921 5703 secutn
947 5631 1144 5703 ducere
1165 5630 1349 5700 jussus
1374 5640 1477 5695 est,
1522 5643 1788 5699 quatenus
1838 5635 2069 5703 longitu-

495 5701 622 5756 dine
652 5702 913 5770 temporis
952 5702 1269 5757 tentatiouis
1307 5717 1520 5772 quoque
1559 5712 1846 5770 augeretur
1894 5701 2068 5758 inere-

496 5784 740 5827 mentum
769 5788 938 5844 :_nam
965 5789 1060 5842 per
1094 5774 1325 5826 triduum
1367 5775 1466 5828 iter
1507 5775 1867 5841 pr0tenditur,
1898 5787 1947 5829 et
1973 5791 2068 5844 per

473 5845 673 5926 μω
721 5841 977 5899 triduum
1005 5845 1375 5901 crescentibus
1413 5850 1558 5901 curis
1606 5854 1826 5916 paterna
1860 5841 2063 5904 viscera

2218 535 2307 581 tur
2331 543 2481 596 pater
2512 529 2677 582 lilium
2709 530 2884 582 cibum
2909 543 3030 582 cum
3063 543 3128 583 eo
3156 540 3411 594 sumeret,
3448 543 3521 584 tot
3549 533 3804 590 noctibus

2213 613 2349 668 puer
2376 601 2635 670 penderet
2681 602 2733 654 in
2761 601 3098 667 amplexibus
3131 601 3314 663 patris,
3364 603 3651 658 iulia-reret
3707 621 3798 668 pe-

2213 673 2372 736 ctori,
2399 674 2663 725 cubitaret
2692 672 2743 724 in
2772 674 3000 740 gremio,
3025 681 3288 740 quatenus
3312 688 3404 734 per
3430 677 3638 739 singula
3679 691 3796 730 ino-

2211 752 2388 794 menta
2425 747 2472 794 in
2509 755 2731 809 paterno
2760 742 2955 797 aﬂectu
3004 744 3158 798 dolor
3186 744 3464 798 occidendi
3508 747 3602 800 [iiii
3634 762 3795 803 accu-

2211 814 2526 867 molaretur.
2551 815 2806 882 Sequitur
2830 831 2843 866 ;

2289 883 2467 954 (Vers.
2513 884 2546 938 6
2593 884 2946 955 seqq.)Tulit
2972 901 3172 954 quoque
3217 885 3358 955 ligna
3397 886 3708 943 holocausti.
3742 898 3793 943 et

2203 955 2448 1022 imposuit
2477 973 2630 1026 super
2663 956 2817 1010 Isaac
2846 956 3012 1021 [ilium
3053 972 3241 1009 suum:
3271 958 3381 1026 ipse
3410 972 3525 1010 itero
3553 962 3789 1026 portabat

2205 1027 2381 1099 ignem
2400 1035 2444 1077 et
2477 1027 2788 1099 qladinmin
2837 1027 3073 1080 manibus
3109 1029 3237 1099 suis;
3271 1027 3497 1098 Cumque
3525 1041 3790 1099 pergerent

2205 1096 2310 1149 duo
2340 1097 2515 1163 simul,
2546 1099 2676 1151 dixit
2707 1097 2860 1153 Isaac
2885 1100 3016 1165 patri
3048 1113 3176 1152 suo:
3202 1096 3358 1151 Pater
3380 1096 3468 1152 mi.
3499 1096 3563 1154 At
3593 1096 3686 1154 ille
3713 1118 3793 1155 re-

2204 1169 2442 1242 spondit:
2473 1170 2609 1242 Quid
2633 1170 2726 1231 vis,
2753 1168 3047 1242 ﬁli?)Ecce.
3078 1171 3257 1242 inquit.
3283 1169 3415 1238 ignis
3445 1180 3493 1242 e_t
3513 1174 3679 1242 ligna,
3708 1174 3792 1226 ubi

2206 1241 2528 1313 estuut'ctinta
2567 1241 2890 1313 holocausti?
2931 1239 3071 1292 Dixit
3113 1239 3408 1313 Abraham;
3441 1239 3579 1295 0...;
3615 1244 3790 1313 prori-

2208 1309 2342 1362 debi:
2373 1311 2468 1363 sibi
2499 1314 2756 1364 victimam
2780 1311 3094 1376 holocausti,
3126 1310 3204 1378 ﬁli
3237 1311 3322 1362 mi.
3354 1309 3640 1382 Pergeban't
3670 1331 3790 1380 ergo

2210 1383 2421 1447 pariter,
2450 1392 2791 1448 veneruntque
2809 1385 2878 1436 ad
2905 1382 3074 1436 locum
3094 1398 3236 1447 quem
3251 1384 3536 1435 Ostenderat
3552 1387 3600 1437 ei
3626 1383 3787 1450 Deus,

2204 1452 2260 1524 in
2311 1468 2409 1524 quo
2447 1454 2733 1524 trdiﬁcavit
2767 1453 2951 1519 altare,
2985 1463 3030 1524 et
3059 1453 3274 1524 desuper
3312 1453 3452 1524 ligna
3480 1458 3787 1520 composuit.

2209 1521 2264 1577 Si
2293 1521 2568 1576 Abraham
2603 1525 2968 1578 indubitanter
2999 1523 3152 1576 ﬁrmo
3183 1521 3368 1576 animo
3388 1526 3660 1592 Cogitabat
3687 1543 3791 1580 tua.

2207 1605 2360 1666 ctare
2389 1595 2614 1648 ll0niino
2641 1611 2862 1666 puerum
2889 1597 2938 1648 iu
2973 1593 3365 1666 holocaustum,
3392 1594 3518 1663 quid
3537 1605 3621 1650 est
3647 1597 3788 1666 quod

2208 1661 2340 1716 dixit
2366 1667 2545 1732 pueris
2567 1671 2712 1720 suis:
2745 1665 2841 1719 Vos
2863 1675 3145 1735 exspectate
3166 1665 3268 1730 hic,
3289 1681 3384 1731 ego
3410 1661 3461 1718 et
3489 1681 3617 1732 puer
3647 1661 3790 1734 post-

2209 1749 2364 1801 quam
2389 1736 2770 1791 adoratterintus
2803 1749 3109 1791 revertimur
3154 1738 3221 1788 ad
3258 1735 3383 1789 vos?
3413 1735 3554 1791 Vere
3579 1739 3780 1793 indubi-

2131 1783 2178 1844 B
2207 1783 2340 1858 i'auu
2380 1783 2572 1866 animi;
2614 1783 3047 1863 equitet-edebat
3078 1783 3553 1874 resurrecturum:
3577 1783 3789 1864 éi'iiie'o

2203 1874 2504 1930 laudandus
2537 1888 2637 1942 est,
2663 1889 2718 1933 et
2751 1879 2801 1931 in
2833 1879 3139 1932 constantia
3177 1876 3462 1936 oll'erendi.
3507 1888 3564 1933 et
3596 1880 3648 1933 in
3677 1881 3812 1944 ﬁde

2204 1948 2583 2002 resuscitandi.
2607 1948 3135 2005 Sciebalcerlissime
3155 1947 3321 2001 Deum
3347 1948 3460 2001 falli
3481 1965 3586 2002 non
3607 1965 3784 2016 posse,

2202 2017 2331 2072 licet
2356 2034 2486 2087 puer
2510 2020 2876 2083 occideretur,
2903 2020 3318 2084 promissionem
3351 2029 3529 2072 tamen
3564 2020 3659 2076 Dei
3683 2025 3788 2077 sal.

2205 2103 2326 2142 vam
2361 2107 2695 2152 permanere.
2725 2091 2876 2147 Unde
2898 2101 2949 2145 et
2976 2091 3478 2161 Paulusapostolus
3503 2106 3601 2158 per
3629 2095 3787 2161 spiri-

2201 2166 2313 2212 tum
2336 2161 2430 2232 Dei
2454 2162 2737 2227 didicerat,
2761 2163 2886 2232 qttid
2909 2163 3074 2215 animi
3105 2160 3324 2232 haberet
3349 2160 3620 2232 A_braham
3650 2160 3787 2219 intra

2200 2242 2282 2296 se,
2315 2231 2442 2302 dum
2483 2232 2640 2286 ﬁdem
2695 2230 2812 2302 ejus
2852 2233 3119 2286 laudando
3156 2231 3322 2286 dicit;
3358 2230 3492 2302 Fide
3528 2234 3787 2289 Abraham

2200 2317 2302 2354 non
2333 2301 2584 2356 hwsitavit
2615 2301 2792 2373 (liam.
2823 2307 2924 2368 tv),
2957 2319 3076 2358 cum
3103 2305 3312 2356 unicum
3339 2301 3563 2359 oﬂ'erret
3594 2305 3647 2357 in
3680 2321 3786 2375 quo

2201 2383 2485 2442 acceperat
2511 2376 2915 2440 proinissioues,
2940 2375 3178 2443 cogitans
3203 2377 3324 2441 quia
3347 2389 3376 2426 a
3406 2375 3638 2431 mortuis
3661 2391 3785 2433 eum

2202 2447 2526 2499 resuscitare
2557 2458 2747 2514 pOIt'llS
2773 2461 2852 2499 est
2884 2447 3045 2499 Deus.
3070 2446 3354 2514 Sequitur:

2273 2514 2458 2587 (Vers.
2489 2513 2568 2584 9.)
2609 2516 2834 2585 Cmnque
2869 2513 3167 2587 colligasset
3206 2513 3358 2568 Isaac
3401 2514 3574 2585 ﬁlium
3611 2533 3780 2583 suum,

2201 2585 2372 2655 posuit
2395 2603 2506 2638 eum
2531 2590 2582 2640 in
2621 2590 2773 2642 altari
2804 2605 2960 2655 super
2992 2585 3183 2641 struem
3211 2587 3490 2655 lignorum,
3528 2589 3784 2642 cxtendit-

2201 2671 2300 2730 gtte
2326 2673 2552 2730 manum,
2583 2668 2629 2712 ct
2657 2662 2871 2726 arripuit
2893 2658 3142 2730 gladium,
3176 2665 3230 2710 ut
3267 2659 3550 2730 immolaret
3589 2659 3782 2727 ﬁlium.

2201 2725 2317 2799 Non
2339 2727 2618 2799 hesitavit
2674 2725 2817 2799 quod
2849 2725 2949 2785 sibi
3000 2729 3149 2784 reddi
3202 2737 3409 2794 poterat
3445 2725 3782 2797 immolatus,

2199 2798 2430 2870 q"i__‘_l"ri
2462 2810 2669 2870 Ρέηθτθῑ
2697 2798 2800 2853 llo"
2834 2809 3100 2870 SperaluS.
3131 2800 3418 2870 Sequitur:

2273 2867 2575 2937 (Vergil.
2629 2871 2742 2939 12.)
2778 2867 2997 2926 Et'eccc
3039 2873 3250 2940 angelus
3296 2869 3507 2922 Domini
3555 2869 3621 2924 de
3656 2872 3785 2925 calo

2196 2938 2455 3011 clamavit,
2483 2942 2687 2995 dicens:
2718 2938 3000 3004 Abraham.
3031 2938 3307 2995 Abraham.
3345 2940 3445 3003 Qui
3474 2941 3784 3011 respondit:

2195 3008 2412 3063 Adsum.
2435 3011 2501 3066 Et
2522 3013 2594 3065 ait
2614 3014 2662 3066 ei
2684 3029 2701 3066 :
2728 3015 2809 3068 Ns
2829 3014 3072 3068 extendas
3093 3028 3299 3066 manum
3324 3021 3463 3064 tuam
3483 3008 3638 3081 super
3657 3028 3785 3075 pueo

2191 3093 2309 3154 rum
2335 3122 2347 3143 ,
2393 3099 2554 3154 neque
2577 3085 2738 3152 facias
2768 3086 2847 3138 illi
2879 3086 3194 3154 quidquam;
3237 3099 3369 3134 nunc
3397 3083 3615 3153 σοφιυυὶ
3644 3085 3784 3152 quod

2193 3151 2370 3222 timeas
2392 3151 2583 3209 Deum.
2612 3155 2724 3209 Hoc
2750 3166 2832 3209 est
2859 3151 3023 3219 enim,
3055 3171 3190 3207 nunc
3209 3170 3417 3222 cognovi
3443 3151 3582 3221 quod
3600 3154 3783 3208 timeas

2192 3218 2510 3303 Dominum,
2542 3242 2605 3280 ac
2634 3228 2680 3281 si
2702 3226 2873 3293 dicat,
2906 3218 3060 3282 Nunc
3091 3238 3142 3280 te
3162 3218 3644 3293 feci—COguoscere.
3676 3224 3780 3280 Se-

2185 3307 2400 3359 quitur:

2261 3363 2442 3431 (Vers.
2479 3367 2706 3438 15,14.)
2751 3366 2951 3422 Levavit
2995 3367 3256 3438 Abraham
3307 3363 3506 3431 oculos,
3552 3365 3781 3434 viditque

2188 3444 2302 3500 post
2339 3447 2537 3508 tergum
2573 3437 2784 3493 arietem
2823 3441 2954 3510 inter
2997 3455 3167 3510 vepres
3195 3437 3470 3510 hort-utens
3501 3438 3772 3503 cornibus,

2185 3520 2334 3572 quem
2361 3525 2626 3563 assumens
2658 3510 2837 3563 obtulit
2867 3508 3221 3562 holocaustum
3250 3526 3341 3575 pro
3367 3508 3479 3576 ﬁlio
3511 3524 3606 3560 suo
3631 3549 3646 3566 ,
3679 3525 3772 3576 ap—

2183 3577 2488 3647 pellavitque
2531 3597 2711 3634 nomen
2754 3582 2851 3634 loci
2887 3581 3048 3644 illius,
3103 3579 3354 3632 Dominus
3407 3580 3563 3631 ridet.
3624 3576 3772 3634 Unde

2182 3660 2342 3716 usque
2364 3651 2513 3702 hodie
2534 3650 2721 3704 dicitur
2749 3653 2803 3703 in
2830 3661 3017 3713 monte,
3039 3650 3288 3705 Dominus
3314 3649 3518 3701 ridebit.
3544 3649 3658 3704 Hoc
3680 3665 3772 3702 au-

2186 3723 2291 3789 tem
2320 3734 2488 3786 genus
2522 3722 2805 3775 l0cutionis
2835 3721 3113 3776 ewdenter
3155 3732 3374 3788 apparet
3407 3720 3495 3772 tibi
3531 3720 3728 3773 dicitur
3749 3765 3764 3789 ,

2183 3784 2252 3858 Et
2279 3784 2468 3844 vocavit
2494 3792 2761 3846 Abraham
2793 3808 2975 3845 nomen
3005 3794 3101 3847 loci
3131 3784 3292 3858 illius,
3328 3789 3583 3844 Dominus
3614 3784 3764 3846 videt.

2187 3855 2328 3932 Vidit
2388 3877 2484 3929 pro
2533 3878 2598 3918 eo
2649 3862 2791 3931 quod
2842 3872 2926 3917 est
2979 3855 3285 3932 apparuit,
3319 3863 3421 3915 hoc
3451 3871 3566 3926 est,
3601 3863 3767 3916 videri

2181 3941 2243 4052 ge
2270 3929 2418 4012 fecit,
2450 3929 2758 4002 signiﬁcans
2785 3949 2880 4004 per
2909 3929 3320 3990 efﬁcientetn'id
3344 3932 3492 4002 quod
3516 3933 3762 3987 efﬁcitur.

2223 4016 2435 4052 εαιιιιιιιδ
2468 4021 2482 4052 Ξ

2223 4016 2435 4070 eqttttur
2468 4021 2482 4057 :

2260 4073 2441 4140 (Vers.
2479 4075 2544 4128 15
2573 4072 2749 4144 seqq.)
2808 4071 3022 4128 Vocauit
3071 4085 3242 4129 autent
3293 4073 3508 4144 angelus
3562 4072 3768 4128 Domini

2183 4140 2444 4196 Abraham
2479 4140 2702 4199 secundo
2729 4140 2793 4198 de
2833 4146 2957 4199 coelo
2980 4186 2994 4208 ,
3035 4147 3247 4200 dicens:
3285 4140 3387 4196 Per
3417 4145 3768 4212 memetipsum

2175 4216 2353 4282 jurart'
2379 4258 2391 4276 ,
2427 4216 2547 4268 dicit
2579 4214 2832 4269 Dominus
2854 4257 2868 4281 ,
2898 4217 3019 4284 quia
3051 4216 3211 4286 fecisti
3242 4231 3347 4269 rem
3374 4214 3512 4266 hanc
3533 4256 3546 4278 ,
3581 4229 3633 4268 et
3671 4232 3768 4269 non

2185 4288 2454 4353 pepercisti
2475 4287 2584 4355 [ilio
2601 4297 2688 4339 tuo
2706 4288 2961 4357 unigenito
2981 4304 3188 4354 propter
3209 4302 3320 4339 me:
3340 4286 3640 4338 benedicam
3659 4287 3765 4350 tibi,

2183 4364 2230 4408 et
2258 4357 2605 4428 multiplicabo
2631 4373 2796 4410 semen
2831 4369 2977 4410 tuum
3007 4359 3133 4412 sicut
3156 4357 3329 4410 stellas
3358 4357 3469 4409 caeli
3493 4396 3508 4418 ,
3556 4367 3608 4408 et
3639 4361 3766 4410 velut

2181 4427 2527 4494 arenam'qua:
2553 4438 2628 4481 est
2650 4431 2702 4480 in
2719 4429 2885 4482 littore
2900 4427 3377 4496 maris:possidebit
3413 4443 3594 4480 semen
3627 4437 3768 4481 tuum

2185 4508 2356 4565 portas
2387 4500 2705 4551 inimicorum
2747 4515 2990 4560 suorum,
3032 4510 3075 4551 et
3107 4500 3460 4552 benedicentur
3493 4498 3549 4550 in
3576 4499 3769 4552 semine

2184 4577 2272 4620 tuo
2303 4585 2474 4623 omnes
2515 4581 2686 4639 gentes
2725 4580 2894 4640 teme.
2939 4569 3205 4640 Numquid
3244 4568 3519 4640 Abraham
3549 4581 3767 4637 propter

2182 4641 2427 4710 angelum
2456 4655 2558 4694 non
2592 4642 2830 4709 pepercit
2853 4639 2961 4692 lilio
2983 4639 3107 4706 suo,
3135 4650 3312 4694 etnon
3339 4639 3519 4706 potius
3549 4655 3767 4710 pr0pter

2182 4709 2391 4764 Deum?
2429 4710 2570 4780 Ergo
2601 4712 2774 4779 angeli
2812 4710 3026 4764 nomine
3048 4710 3304 4764 Dominus
3331 4710 3492 4764 lesus
3516 4709 3766 4764 Lhrtstus

2179 4780 2513 4847 signiﬁcatus
2543 4781 2652 4848 ρει(
2679 4784 2765 4850 qui
2810 4786 2925 4835 sine
2955 4781 3118 4835 dubio
3146 4781 3288 4835 Deus
3315 4790 3420 4844 est,
3451 4788 3511 4834 ct
3544 4781 3767 4834 manife-

2183 4860 2264 4905 ste
2296 4866 2327 4904 a
2357 4853 2613 4920 propheta
2637 4855 2810 4904 dlClllS
2839 4862 2921 4904 est
2952 4854 3126 4918 magni
3149 4853 3352 4906 coosdit
3377 4850 3653 4917 Angelu-;
3675 4861 3766 4906 aut

2183 4922 2322 4993 quod
2351 4924 2488 4976 Deus
2510 4933 2624 4976 erat
2655 4923 2706 4975 in
2736 4923 2948 4993 angelo,
2982 4933 3035 4976 et
3060 4940 3124 4977 ex
3154 4938 3381 4993 persona
3419 4921 3515 4975 Dei
3543 4927 3764 4990 angelus

2184 4992 2522 5061 loquebatur,
2540 4993 2675 5046 sicut
2697 4994 2746 5046 in
2765 4992 3036 5061 prophetis
3050 4992 3206 5046 etiam
3224 4994 3361 5047 Solet
3379 5011 3392 5045 :
3413 5009 3538 5044 natu
3560 4997 3615 5046 in
3637 5008 3763 5047 con-

2179 5066 2529 5128 sequentibus
2563 5064 2662 5116 hoc
2686 5066 2852 5131 magis
2875 5065 3085 5117 videtur
3114 5079 3393 5132 apparere,
3420 5063 3511 5116 ubi
3546 5064 3758 5132 legitur,

2181 5132 2246 5184 Et
2275 5136 2465 5186 vaeavit
2503 5136 2711 5204 angelus
2745 5135 2950 5186 Domini
2990 5135 3249 5188 Abraham
3276 5137 3460 5187 iterum
3499 5137 3564 5186 de
3595 5135 3758 5200 caelo,

2177 5205 2381 5258 dicens:
2419 5204 2520 5258 l’er
2549 5206 2897 5276 tiu-metipsunt
2917 5207 3112 5277 jurat‘i,
3138 5205 3260 5258 dicit
3294 5205 3566 5256 Dominus.
3605 5206 3760 5277 Saepe

2178 5278 2320 5329 enim
2347 5279 2694 5344 promiserat,
2735 5277 2830 5329 sed
2860 5276 3145 5343 numquam
3174 5286 3471 5343 juraverat.
3506 5276 3650 5341 Quid
3681 5285 3761 5328 est

2175 5357 2352 5400 autem
2381 5347 2473 5402 Dei
2497 5351 2606 5398 Veri
2638 5353 2949 5412 veracisque
2973 5347 3195 5414 juratio,
3227 5347 3327 5400 nisi
3355 5347 3610 5412 promisSI
3634 5359 3761 5398 coo-

2178 5420 2426 5483 lit'tuatto,
2464 5426 2518 5470 ct
2550 5419 2844 5470 inﬁdelium
2871 5417 3116 5486 qumtlntn
3141 5416 3467 5484 increpatio?
3500 5417 3654 5471 Nunc
3682 5417 3759 5470 Vi-

2174 5487 2398 5542 deantus
2424 5490 2548 5558 quid
2583 5489 2684 5542 sub
2727 5490 2884 5556 hujus
2917 5489 3235 5542 sacramenti
3264 5487 3431 5541 lateat
3458 5489 3757 5558 mysterio:

2172 5559 2274 5612 iste
2303 5557 2449 5613 enini
2481 5561 2746 5614 Abraham
2775 5558 2990 5628 quando
3021 5561 3187 5628 lilium
3211 5573 3364 5612 suum
3389 5557 3608 5610 unicum
3639 5573 3758 5625 per-

2169 5629 2325 5684 duxit
2354 5633 2416 5682 ad
2446 5627 2851 5693 immolandum,
2879 5627 3108 5684 habebat
3134 5644 3418 5699 persanata
3445 5631 3540 5681 Dei
3565 5629 3758 5682 Patris.

2171 5699 2275 5754 Sed
2305 5704 2429 5770 quid
2462 5711 2546 5754 est
2569 5701 2709 5768 quod
2737 5717 2857 5755 eum
2879 5716 3042 5756 senex
3071 5700 3333 5766 suscipit?
3356 5700 3472 5752 Non
3503 5701 3653 5753 enim
3679 5713 3761 5754 se~

2171 5778 2339 5828 nescit
2361 5773 2522 5837 Deus,
2541 5775 2633 5826 sed
2660 5790 2770 5841 ipsa
2793 5772 3170 5842 pra-nuntiatio
3193 5775 3259 5826 de
3275 5770 3490 5842 Christo
3498 5772 3614 5840 jam
3631 5785 3760 5840 quo-

2169 5845 2455 5899 dammodo
2469 5853 2721 5900 senuerat
2733 5844 2946 5906 quando
2959 5853 3116 5899 natus
3127 5853 3210 5900 est
3227 5841 3502 5906 Christus:
3517 5843 3768 5901 hom
