4024 6336
302 315 408 390 iis

1306 319 1784 386 COMMENTARII
1817 321 1888 383 IN
1926 319 2245 384 GENESIM.
2286 319 2416 382 LIB.
2454 319 2513 382 II.

3457 327 3556 385 974

303 455 387 508 ειη
413 445 562 504 enim
578 446 646 503 ab
664 439 852 512 Adam,
868 441 959 500 ubi
990 443 1190 500 dictum
1213 453 1328 502 est:
1347 441 1631 501 Eruntduo
1651 449 1704 502 in
1730 460 1886 499 carne
1913 447 1964 507 Α
1991 444 2174 514 patria:
2196 442 2441 512 gentium,
2467 433 2676 514 quando
2690 437 2907 514 Domini
2923 448 3365 514 estregnitnt,etc.
3396 441 3569 496 lmmo~

305 518 703 591 unalGeth);
751 527 1126 591 sacramentum
1161 517 1291 571 illud
1336 535 1580 587 magnum
1631 521 1685 572 in
1735 518 1881 572 Chri-

305 605 382 649 sto
412 604 456 644 et
488 589 716 644 Ecclesia
749 589 910 657 (Eph.
946 591 1036 659 v);
1062 601 1115 643 et
1139 591 1406 658 completa
1438 601 1518 645 est
1541 599 1694 644 sexta
1725 600 1883 644 aetate

306 664 509 724 sa-culi,
535 677 652 731 qtue
684 673 897 732 senecta
927 659 1259 730 signiﬁcatur
1285 661 1538 728 Abrahae,
1561 663 1685 732 quia
1709 661 1882 730 ipsum

307 747 702 790 sacrauit-nium
751 733 842 785 Ι)αοί
877 731 985 801 jatu
1019 733 1317 801 longaevum
1347 742 1492 800 erat;
1539 731 1594 787 et
1636 743 1886 786 senectus

308 806 458 861 Sane
493 806 542 857 in
580 806 731 870 plebe
760 803 875 873 Dei.
909 805 1009 856 hoc
1038 815 1151 866 est,
1177 808 1228 858 in
1268 803 1611 859 multitudine
1645 803 1882 873 prophe-

306 887 483 930 tarum
515 875 618 928 hoc
644 876 781 928 idem
805 872 1089 942 signiﬁcat,
1125 877 1244 940 quia
1274 875 1328 928 in
1360 874 1466 931 ﬁne
1492 872 1796 942 temporum
1820 889 1887 929 ex

309 945 423 1013 ipsa
460 947 612 1008 pit-be
641 957 948 998 sanctarum
982 948 1278 1000 animarum
1311 958 1468 1001 natus
1501 955 1584 1002 est
1616 944 1887 1002 Christus.

306 1015 580 1074 Sterilitas
609 1029 786 1070 autem
814 1016 928 1084 ejus
955 1015 1166 1071 intimat
1191 1015 1331 1086 quod
1365 1017 1414 1070 in
1444 1018 1543 1071 hoc
1566 1018 1768 1072 saeculo
1795 1030 1891 1086 spe

306 1088 444 1144 salvi
477 1087 599 1142 lacti
633 1102 818 1141 smnus
841 1126 856 1148 ,
903 1095 959 1141 et
993 1089 1047 1139 in
1094 1089 1310 1141 Christo
1341 1098 1614 1159 tamquam
1650 1089 1701 1142 in
1743 1087 1892 1141 Isaac

308 1173 502 1214 omnes
529 1159 639 1211 nati
685 1171 873 1210 sumus
897 1199 913 1221 ,
953 1173 1111 1226 quem
1143 1167 1353 1228 partum
1402 1159 1658 1214 Ecclesia:
1704 1159 1756 1213 in
1789 1159 1894 1213 ﬁne

309 1237 615 1296 temporum
648 1228 878 1282 mirabili
908 1228 1001 1282 Dei
1029 1230 1224 1297 gratia,
1255 1245 1359 1283 non
1389 1230 1615 1284 naturali
1647 1228 1892 1284 fecundi-

313 1309 424 1355 tate
453 1298 814 1368 prOpbetavit.
851 1298 968 1353 Jam
999 1299 1195 1354 deinde
1228 1301 1502 1368 sequentis
1539 1301 1777 1354 historia:
1807 1314 1894 1353 sa-

313 1385 658 1427 cramentum
685 1371 810 1434 quid
846 1371 1158 1438 imaginarie
1183 1373 1573 1439 portendebat,
1601 1370 1894 1439 inspicien-

313 1441 443 1498 dum
472 1451 573 1496 est.
606 1439 738 1508 Quis
763 1456 892 1564 ergo
917 1440 968 1493 in
1001 1441 1274 1496 Abraham
1300 1483 1314 1506 ,
1345 1451 1402 1495 ut
1433 1443 1744 1512 praedictum
1777 1451 1861 1495 est
1881 1483 1896 1504 ,

314 1525 418 1564 per
473 1513 614 1564 illam
671 1511 833 1564 immo
861 1515 1093 1564 ationem
1155 1511 1482 1564 lianrabatur
1509 1554 1524 1564 .
1581 1513 1684 1564 nisi
1738 1509 1896 1564 Pater

314 1525 418 1586 per
456 1513 614 1586 illam
643 1509 1093 1586 Aiinmoiationem
1155 1509 1482 1586 ﬁgurabatur
1509 1554 1532 1586 ,_
1576 1513 1684 1586 nisi
1738 1509 1899 1586 Pater

315 1580 602 1639 cxi-elatis?
633 1581 765 1651 Quis
798 1585 849 1636 in
892 1580 1071 1644 Isaac,
1117 1580 1216 1637 nisi
1253 1581 1537 1638 Christus?
1575 1582 1705 1638 Nam
1743 1582 1900 1636 sicuti

317 1654 586 1711 Abraham
638 1656 851 1708 unicmn
903 1665 955 1706 et
1000 1652 1252 1708 dilecmm
1286 1653 1451 1708 ﬁlium
1483 1653 1595 1708 Deo
1623 1654 1896 1708 victimam

316 1723 537 1790 obtulit,
565 1725 637 1778 ita
669 1723 812 1778 Drus
844 1724 1002 1778 Pater
1025 1725 1236 1778 unicum
1267 1724 1460 1779 Filium
1489 1740 1643 1779 suum
1673 1739 1770 1793 pro
1803 1741 1901 1778 no-

316 1796 407 1851 bis
448 1796 700 1850 omnibus
746 1794 1001 1860 tradidit;
1043 1803 1099 1850 et
1125 1798 1261 1849 sicut
1291 1795 1436 1850 Isaac
1467 1795 1583 1857 ipse
1625 1796 1726 1850 sibi
1760 1795 1901 1864 ligna

1992 512 2104 570 Iato
2133 517 2292 585 igitur
2322 512 2592 570 Abraham
2623 513 2795 585 ariete
2819 528 2914 580 pro
2941 512 3088 568 Isaac
3121 513 3230 568 ﬁlio
3259 531 3380 582 suo,
3410 535 3570 576 voca.

1992 588 2068 640 vit
2096 583 2291 641 no'men
2321 585 2419 641 loci
2447 585 2610 657 illius,
2648 583 2898 657 Dominus
2920 585 3072 648 videt,
3102 601 3198 654 pro
3224 603 3290 642 eo
3317 591 3457 657 quod
3486 602 3573 650 est

1992 657 2255 784 Is)ominns
2289 657 2460 712 videri
2492 671 2551 712 se
2587 654 2742 720 fecit,
2781 656 2963 727 utique
3003 671 3101 727 per
3126 654 3572 720 incarnationem.

2036 736 2277 784 euuttur:

2036 730 2277 792 equitur:

2067 800 2250 870 (Vers.
2280 795 2352 870 29
2378 799 2557 870 seqq.)
2583 795 2684 851 His
2709 797 2780 850 ita
2803 797 2974 866 gestis,
2996 798 3287 870 nuntiatum
3313 811 3387 856 est
3413 805 3579 860 Abra-

1995 868 2115 924 ham
2137 871 2274 944 quod
2298 868 2503 944 Melcha
2528 884 2725 944 quoque
2755 870 3005 944 genuisset
3023 869 3159 937 ﬁlios
3190 870 3405 944 Nachor
3426 876 3579 944 fratri

1996 957 2111 1009 sua,
2150 941 2262 994 Hus
2300 940 2713 1009 primogenitum,
2743 950 2788 992 et
2814 939 2924 992 Buz
2951 943 3163 1008 fratrem
3187 946 3324 1009 ejus,
3369 939 3580 1003 Cdmuel

1997 1029 2200 1083 quoque
2240 1023 2434 1083 patrem
2456 1011 2736 1083 Syroruml
2759 1020 2804 1062 et
2835 1010 3072 1083 Chesdet,
3102 1021 3151 1065 et
3180 1010 3346 1080 Azan,
3382 1017 3582 1074 Faldas

2036 1078 2198 1146 noque
2220 1078 2264 1138 et
2280 1078 2590 1153 Gethlafach
2600 1088 2672 1153 ,_et
2697 1078 2900 1153 Ba_t_uel_,
2917 1083 2978 1136 de
2988 1099 3087 1153 quo
3100 1093 3220 1137 nata
3233 1096 3306 1139 est
3325 1078 3371 1140 Β
3381 1088 3578 1145 ebecca.

2037 1163 2138 1207 stos
2168 1164 2282 1207 octo
2306 1148 2481 1226 genuit
2515 1148 2964 1226 MechIa__I_Vachor
2996 1148 3149 1221 fratri
3179 1155 3457 1213 Abraham.
3507 1162 3583 1216 De

2001 1226 2204 1297 Melcha
2237 1220 2413 1278 ux'ore
2430 1222 2669 1297 _Nachor,
2707 1220 3020 1297 lilia_Aran,
3055 1234 3210 1280 natus
3243 1238 3323 1282 est
3347 1227 3481 1297 Ilus,
3515 1232 3582 1287 de

2001 1296 2156 1366 cujus
2203 1298 2371 1362 stirpe
2423 1293 2526 1349 Job
2562 1290 2871 1366 descendit,
2898 1291 3054 1366 sicut
3101 1297 3361 1364 scriptum
3404 1290 3489 1356 est
3527 1304 3582 1356 in

2003 1361 2229 1422 exordio
2257 1361 2549 1419 voluminis
2562 1361 2719 1430 hujus
2738 1377 2753 1415 :
2775 1361 2869 1434 Vir
2885 1363 2983 1434 fuit
2999 1364 3050 1417 in
3081 1361 3358 1424 terra-Has
3380 1374 3583 1428 nomine

2001 1436 2100 1492 Job
2120 1436 2260 1508 (Job.
2291 1437 2510 1514 l)._MaIe
2537 1435 2700 1514 igitur
2723 1433 2940 1514 quidam
2967 1437 3362 1514 mstimantdob
3391 1443 3458 1497 de
3483 1459 3583 1514 ge-

2005 1503 2136 1564 nere
2182 1503 2319 1563 esse
2352 1507 2526 1561 Esau:
2559 1503 2827 1578 siquidem
2859 1504 3003 1578 illud
3053 1507 3197 1578 quod
3241 1509 3293 1564 in
3327 1514 3429 1567 ﬁne
3461 1503 3586 1573 libri

2005 1581 2172 1650 ipsius
2203 1579 2452 1639 habetur,
2483 1593 2549 1650 eo
2577 1574 2716 1650 quod
2748 1575 2815 1629 de
2851 1573 2990 1646 Syro
3018 1573 3268 1650 sermone
3294 1586 3585 1641 translatus

2005 1645 2109 1715 est,
2140 1661 2192 1702 et
2222 1659 2446 1719 quartus
2475 1648 2544 1702 sit
2573 1646 2640 1720 ab
2672 1645 2840 1720 Esau,
2867 1645 2922 1720 et
2949 1648 3168 1720 reliqua
3192 1665 3309 1720 quae
3341 1655 3412 1708 ibi
3453 1671 3586 1712 con-

2007 1717 2263 1783 tinentur,
2295 1723 2345 1774 in
2380 1719 2617 1774 Hebraeis
2642 1717 3008 1773 voluminibus
3033 1734 3140 1774 non
3163 1717 3450 1780 habentur.
3490 1727 3587 1784 Se-

2005 1786 2840 1867 cunditsinatus‘estde_MeIcha
2881 1787 3028 1867 βιῳ,
3077 1806 3144 1867 ex
3194 1795 3347 1867 cujus
3389 1811 3590 1867 genere

318 1870 602 1938 portabat,
641 1866 834 1933 quibus
874 1855 998 1938 erat
1025 1867 1378 1932 imponendus
1400 1908 1415 1932 ,
1465 1855 1538 1920 ita
1575 1876 1627 1920 et
1658 1855 1902 1920 Christus
1934 1855 1979 1914 B
2007 1861 2110 1938 fuit
2139 1863 2370 1938 Balaam
2398 1862 2490 1938 ille
2517 1859 2751 1938 divinus,
2782 1870 2838 1938 ut
2879 1860 3089 1938 Hebrgei
3131 1855 3349 1920 tradunt
3370 1855 3504 1938 ,vqui
3532 1869 3590 1926 in

320 1935 566 2009 ﬁeStahat
595 1937 648 1991 in
670 1935 918 2009 humeris
944 1937 1144 2005 lignum
1180 1939 1378 2009 crucis,
1413 1939 1465 1992 in
1507 1953 1614 2007 quo
1641 1945 1760 1992 erat
1784 1953 1908 1992 cru-

320 2007 637 2083 (tingendus.
669 2007 783 2061 Duo
809 2021 984 2083 autem
1005 2007 1266 2083 _set:vi_illi
1300 2008 1528 2083 dimissi,
1560 2018 1615 2063 et
1641 2024 1756 2083 non
1783 2025 1906 2076 per-

323 2077 467 2138 ducti
495 2079 562 2133 ad
591 2081 764 2133 locum
789 2078 1058 2142 Sacriﬁcii,
1085 2077 1300 2134 Judaeos
1334 2078 1759 2149 ﬁgurabant,qui
1785 2092 1904 2133 cum

323 2151 601 2208 serviliter
628 2151 897 2214 viverent,
929 2160 982 2204 et
1005 2150 1293 2204 carnaliter
1315 2159 1588 2216 saperent,
1615 2167 1718 2202 non
1751 2149 1909 2204 intel-

322 2220 939 2292 ligebanthumilitatem
963 2219 1161 2274 Christi
1191 2262 1206 2286 ,
1248 2236 1352 2274 non
1383 2220 1754 2290 intelligebant
1781 2235 1904 2289 pas-

323 2290 531 2349 sionem
563 2291 785 2355 Christi,
807 2290 930 2345 ideo
951 2307 1054 2344 non
1074 2303 1434 2358 pervenerunt
1457 2293 1522 2345 ad
1547 2295 1719 2347 locum
1749 2293 1910 2346 sacri-

325 2364 456 2421 ﬁcii.
507 2362 616 2418 Cur
646 2373 823 2416 autem
870 2361 977 2415 duo
1017 2363 1188 2420 servi,
1225 2363 1324 2415 nisi
1353 2364 1475 2431 quia
1529 2363 1642 2431 ipse
1693 2365 1744 2416 in
1775 2363 1910 2416 duas

323 2446 514 2507 partes
545 2433 863 2507 dividendus
901 2433 1054 2507 erat?
1099 2433 1238 2501 quod
1281 2433 1476 2507 factum
1508 2443 1593 2487 est
1622 2435 1912 2507 Salomone

327 2503 632 2578 peccante,
684 2503 898 2578 quando
944 2503 1144 2578 divisus
1196 2505 1459 2578 estidem
1513 2505 1740 2572 populus
1793 2507 1912 2557 loco

323 2575 503 2648 i‘egni,
535 2591 638 2630 non
664 2590 850 2648 errore
882 2575 1192 2648 impietatis,
1225 2575 1420 2648 quibus
1454 2577 1613 2648 etiam
1647 2592 1789 2642 smpe
1817 2590 1913 2643 per

325 2645 886 2720 prbpbetauvdicitur
917 2662 933 2700 :
968 2645 1300 2720 Adversatria:
1339 2645 1506 2720 Israel
1523 2657 1566 2720 et
1606 2648 1915 2717 praevarica-

328 2716 433 2775 tria:
455 2718 597 2773 Juda
621 2716 834 2783 (Jerem.
868 2725 970 2786 tu).
998 2719 1192 2770 Asinus
1214 2726 1395 2770 autem
1425 2719 1516 2772 ille
1542 2718 1808 2772 insensata
1831 2726 1915 2771 est

327 2791 562 2848 Stultitia
591 2788 899 2844 Judworum
929 2804 944 2841 :
979 2791 1080 2841 ista
1113 2791 1382 2840 insensata
1413 2787 1637 2841 stultitia
1665 2790 1914 2857 portabat

329 2864 508 2916 omnia
537 2872 872 2914 sacramenta
899 2902 914 2925 ,
944 2867 999 2914 et
1025 2865 1163 2928 quod
1193 2859 1396 2912 ferebat
1440 2861 1733 2914 nesciebat.
1793 2860 1912 2913 Jam

329 2931 473 3004 quod
496 2933 697 2985 dictum
727 2940 807 2984 est
837 2932 915 2984 eis
940 2972 954 2994 ,
983 2929 1291 3004 Exspectate,
1318 2931 1401 2983 hic
1429 2946 1544 3004 cum
1574 2932 1742 3004 asino,
1775 2940 1916 3004 post:

368 3021 485 3057 nam
508 3004 890 3056 adoraverimus
907 3010 1210 3055 revertemur
1225 3001 1291 3054 ad
1317 3017 1402 3053 vos
1420 3019 1435 3064 ;
1451 3001 1766 3068 ApOs'IUIUIII
1792 3001 1918 3054 andi

368 3021 485 3057 uani
508 3015 890 3056 adoravermtus
907 3015 1210 3055 revertemur
1225 3015 1290 3054 aa
1317 3017 1402 3053 1103
1420 3019 1435 3064 ;
1451 3015 1766 3068 Λροδιυιιιιιι
1792 3015 1918 3054 {IIIUI

326 3015 600 3128 gicemem
630 3091 643 3127 :
668 3073 906 3140 Ctecitas,
936 3074 1128 3139 inquit,
1153 3088 1217 3125 ea:
1243 3083 1386 3139 parte
1415 3077 1550 3141 facta
1579 3083 1650 3125 est
1672 3075 1722 3125 in
1748 3071 1918 3126 Israel

332 3144 512 3226 (Rom.
548 3141 662 3226 si)._
705 3142 843 3226 Quid
898 3147 1111 3225 caecitas
1150 3143 1273 3225 est?
1325 3143 1625 3226 Exspectate
1669 3143 1755 3226 hic
1802 3159 1915 3226 cum

2010 1933 2148 2010 Ii_bro
2179 1933 2296 2010 Job
2323 1933 2518 1988 dicitur
2546 1930 2690 1994 Elin,
2728 1933 2960 2010 primum
2994 1932 3075 2010 vir
3102 1944 3339 2010 sanctus,
3368 1930 3446 1994 et'
3468 1955 3590 2010 pro-

2013 2004 2170 2075 pheta
2206 2005 2336 2072 Dei,
2386 2013 2571 2069 postea
2603 2015 2700 2075 per
2727 2001 3143 2075 inobedientiam
3177 2016 3230 2060 et
3261 2001 3592 2067 desiderium

2012 2071 2468 2137 tuunrrum,dum
2494 2071 2658 2128 Israel
2687 2073 3009 2144 maledicere
3035 2077 3198 2144 cupit,
3217 2078 3401 2135 divino
3433 2097 3590 2137 voca-

2015 2146 2142 2219 bulo
2177 2143 2966 2219 privatur._‘Dicitur‘ipeodem
2989 2143 3126 2219 libro
3148 2145 3247 2202 :Et
3279 2152 3443 2205 iratus
3465 2152 3592 2208 Elin

2013 2216 2155 2289 filius
2173 2215 2447 2289 Bai-achiel
2466 2211 2655 2289 'Buzith
2680 2211 2818 2289 (I_d.,
2846 2220 2999 2289 xxiii)
3027 2233 3038 2268 :
3067 2216 3134 2272 de
3158 2219 3314 2289 hujus
3346 2223 3592 2280 videlicet

2015 2283 2120 2342 Buz
2156 2289 2335 2342 radice
2366 2286 2662 2342 descendit.
2713 2283 2934 2339 Camuel
2966 2303 3093 2341 vero
3119 2283 3267 2356 pater
3292 2304 3373 2348 est
3400 2293 3593 2352 Dama-

2017 2359 2125 2437 sci;
2154 2359 2268 2428 ipsa
2326 2359 2475 2437 enim
2513 2357 2694 2412 Aaron
2725 2368 2974 2437 vocatur,
3025 2360 3279 2437 qu_ae_hi_c
3310 2380 3406 2437 pro
3437 2369 3594 2437 Syria

2018 2427 2215 2499 scripta
2248 2439 2349 2492 est,
2383 2437 2438 2484 et
2465 2431 2583 2499 ipso
2611 2427 2826 2479 nomine
2858 2428 3052 2497 legitur
3081 2431 3131 2484 in
3161 2427 3323 2487 Isaia.
3348 2427 3593 2492 Nonuti-

2020 2517 2125 2569 que
2152 2501 2231 2554 illi
2264 2502 2352 2570 qni
2378 2503 2792 2577 nuntiaverunt,
2817 2499 3063 2577 nuntiare
3093 2512 3296 2577 patrem
3328 2506 3592 2577 Syrorum

2021 2580 2347 2650 potuerunt:
2373 2587 2439 2626 ex
2470 2572 2676 2639 origine
2706 2571 2901 2637 quippe
2935 2571 3081 2626 illius
3124 2575 3286 2650 Syri,
3311 2571 3594 2650 ‘S'yrorum

2020 2658 2208 2712 genus,
2243 2644 2400 2712 longe
2432 2655 2614 2712 poSIea
2646 2651 2993 2712 propagatum
3018 2654 3131 2709 est;
3166 2647 3258 2700 sed
3293 2644 3492 2704 dictum
3517 2663 3597 2707 cst

2021 2710 2048 2789 ᾧ
2097 2710 2674 2789 ρετεοιιιεριῖιιριιιὶε,
2705 2710 2793 2789 qui
2830 2723 2961 2789 post
2990 2715 3169 2789 omnia
3221 2719 3304 2772 illa
3353 2731 3597 2789 tempora

2022 2784 2138 2839 haec
2185 2785 2472 2862 scribendo
2518 2782 3019 2862 narravitLCaseth
3067 2801 3277 2858 quoque
3331 2782 3594 2862 quartus,

2017 2871 2183 2982 ἔφη)
2213 2855 2494 2922 (ΣηδιΙίιιιιι,
2525 2856 2576 2908 id
2607 2861 2719 2916 est,
2755 2850 2993 2908 Chaldaei
3023 2850 3206 2924 postea
3244 2850 3417 2916 vocati
3447 2850 3592 2920 sunt:

2061 2936 2298 2982 eduntur:

2061 2930 2298 2994 equilur:

2089 2993 2696 3074 (Cap.XXIII.—-Vers.
2733 2993 2781 3074 I.
2806 2994 2887 3064 2.)
2931 2993 3072 3050 Vixit
3109 3009 3276 3054 autem
3314 3003 3448 3057 Sara
3477 3023 3598 3060 cen-

2020 3081 2125 3121 tum
2157 3070 2331 3139 viginti
2382 3076 2569 3139 septem.
2619 3070 2792 3129 armis,
2842 3074 3126 3139 e:_martua
3174 3081 3249 3124 est
3296 3074 3348 3127 in
3399 3077 3599 3132 civitate

2020 3141 2172 3217 {gi-be,
2203 3135 2316 3210 qua:
2341 3149 2413 3192 est
2436 3135 2614 3217 Ebrpn
2639 3139 2690 3217 in
2718 3145 2853 3188 terra
2884 3135 3155 3217 Chanaan.
3178 3139 3320 3217 Arbe
3345 3146 3396 3199 in
3422 3147 3600 3217 lingua

332 3209 501 3281 asino,
525 3225 579 3269 ut
609 3209 874 3286 plenitudo
896 3216 1121 3281 gentium
1147 3216 1382 3277 intraret,
1430 3209 1622 3277 inquit,
1677 3213 1778 3286 hoc
1809 3223 1911 3280 est,
1945 3218 1989 3283 (ς
2022 3209 2244 3286 Hebraea
2271 3220 2490 3286 quatuor
2513 3209 2798 3286 signiﬁcat,
2831 3209 2954 3286 quia
3009 3211 3082 3264 ibi
3127 3211 3420 3286 Abraham,
3453 3209 3600 3275 Isaac

329 3285 616 3358 postquam
636 3286 1037 3348 adoravcrimus,
1057 3285 1143 3338 ubi
1177 3287 1499 3358 sacriﬁcium
1531 3286 1706 3339 crucis
1730 3285 1918 3358 Domi-

333 3354 474 3412 hicae
523 3357 686 3424 imple
713 3372 799 3409 um
849 3371 946 3424 per
974 3365 1163 3426 gentes
1197 3355 1355 3410 fuerit
1383 3358 1729 3424 pratdicatum
1756 3395 1772 3421 ,
1817 3354 1920 3409 hoc

336 3438 426 3484 est
444 3470 459 3493 ,
484 3440 538 3482 ut
565 3428 828 3498 plenitudo
853 3434 1078 3498 gentium
1101 3428 1333 3498 intraret.

333 3512 454 3552 mur
483 3499 548 3552 ad
578 3497 782 3552 vos?Et
811 3495 885 3551 sic
910 3501 1075 3550 omnis
1092 3495 1259 3551 Israel
1285 3499 1457 3552 salvus
1478 3496 1640 3568 fieret.
1660 3497 1918 3551 Triduum

335 3582 520 3625 autem
554 3568 680 3623 illud
701 3610 718 3636 ,
755 3583 860 3638 quo
886 3576 1152 3624 venerunt
1181 3568 1247 3623 ad
1281 3571 1454 3624 locum
1496 3569 1879 3622 immolatioois
1903 3609 1920 3634 ,

335 3649 452 3696 tres
487 3640 669 3695 mundi
713 3652 899 3694 aetates
939 3640 1244 3708 signiﬁcat;
1285 3655 1387 3694 una
1419 3651 1543 3694 ante
1573 3640 1742 3709 legem
1769 3684 1784 3708 ,
1818 3639 1919 3694 alia

335 3711 444 3766 sub
470 3713 606 3782 lege,
639 3710 794 3782 tertia
817 3712 917 3764 sub
945 3710 1133 3778 gratia.
1176 3710 1318 3767 Ante
1345 3713 1518 3782 lcgem
1557 3712 1624 3766 ab
1647 3710 1919 3765 Abraham

337 3781 614 3853 usquead
656 3781 868 3846 Masen;
893 3783 1012 3853 sub
1043 3782 1188 3851 lege,
1221 3796 1252 3835 a
1282 3781 1428 3837 Mase
1454 3797 1620 3852 usque
1649 3781 1714 3835 ad
1749 3782 1918 3836 Joan-

337 3852 500 3909 nem:
529 3853 655 3907 inde
680 3853 791 3921 jam
817 3869 846 3906 a
875 3852 1100 3907 Domino
1128 3864 1182 3908 et
1212 3853 1468 3924 quidquid
1492 3863 1693 3919 restat,
1730 3854 1919 3907 tertius

240 3951 244 3954 ~
337 3924 461 3980 dies
488 3934 572 3980 est
599 3926 784 3994 gratiae
811 3965 827 3990 ,
876 3924 928 3977 in
957 3940 1057 3992 qua
1089 3925 1250 3994 tertia
1270 3933 1450 3984 aetate.
1483 3925 1636 3993 quasi
1670 3933 1789 3991 post
1819 3926 1915 3978 tri-

335 3995 505 4051 duum
533 3993 925 4050 sacramentum
957 3994 1204 4048 sacriﬁcii
1230 3993 1429 4049 Christi
1460 3995 1785 4064 completum
1813 4004 1916 4048 est.

337 4067 546 4122 Deinde
575 4066 723 4120 Isaac
767 4067 942 4136 ligatis
968 4065 1190 4135 pedibus
1216 4067 1371 4119 altari
1412 4065 1792 4135 superponitur
1818 4107 1833 4129 ,
1865 4074 1921 4136 et

341 4136 603 4192 DOmitius
635 4138 685 4188 in
717 4135 859 4204 ligno
888 4150 1182 4202 suSpensus
1202 4137 1344 4190 cruci
1372 4137 1624 4204 al'ligitur.
1657 4135 1761 4191 Sed
1787 4135 1917 4191 illud

336 4209 483 4279 quod
509 4209 790 4279 ﬁguratum
821 4219 902 4279 est
944 4207 996 4262 in
1026 4207 1193 4274 I~aac,
1223 4210 1536 4261 translatum
1575 4218 1660 4261 est
1684 4207 1922 4279 adfarie-

339 4278 473 4333 tem.
505 4278 616 4332 Cur
645 4280 764 4341 hoc,
799 4278 900 4332 nisi
933 4280 1057 4343 quia
1090 4280 1331 4333 Christus
1359 4279 1508 4333 ovis?
1541 4280 1654 4347 ipse
1683 4278 1825 4332 enim
1857 4278 1918 4331 ﬁ-

340 4349 469 4405 lius.
505 4349 620 4418 ipse
647 4363 848 4419 agnus:
880 4349 1045 4411 ﬁlius,
1089 4351 1212 4412 quia
1257 4362 1446 4413 natus;
1479 4353 1643 4414 aries,
1669 4350 1792 4418 quia
1820 4352 1921 4401 im-

331 4420 710 4474 molatusb‘cd
738 4419 863 4488 quid
887 4419 1123 4486 estquod
1151 4421 1202 4471 in
1233 4421 1487 4488 vepribus
1520 4419 1760 4474 haerebat
1779 4421 1920 4474 aries

337 4489 470 4544 ille?
500 4490 640 4544 Crux
662 4505 862 4543 cornua
893 4489 1075 4552 habet,
1105 4494 1182 4545 sic
1204 4492 1345 4544 enim
1373 4493 1480 4545 duo
1512 4492 1651 4558 ligna
1677 4493 1922 4559 compin—

335 4561 618 4631 gunturin
665 4575 746 4628 se,
797 4575 916 4613 cum
965 4561 1198 4628 speciem
1244 4562 1420 4616 crucis
1471 4563 1722 4617 reddunt.
1765 4561 1920 4618 Unde

338 4617 601 4701 Scriptum
649 4617 746 4684 est,
783 4633 850 4684 de
900 4645 966 4684 eo
998 4617 1009 4683 ξ
1048 4631 1256 4685 Cornua
1305 4634 1359 4686 in
1393 4633 1628 4687 manibus
1656 4635 1769 4701 ejus
1789 4617 1920 4687 sunt
1945 4617 1996 4680 D

333 4700 571 4775 (Habac.
599 4701 707 4772 ιιι).
738 4701 1002 4756 Cornibus
1026 4717 1155 4775 ergo
1186 4703 1398 4758 haerens
1427 4705 1570 4758 aries
1597 4744 1612 4767 ,
1640 4700 1917 4759 Christum

335 4773 620 4844 signiﬁcat
661 4775 1003 4828 cruciﬁxum.
1060 4773 1266 4839 Veprrs
1319 4783 1498 4828 autem
1555 4775 1724 4844 spina:
1771 4785 1916 4829 sunt.

335 4842 524 4915 Spinte
556 4843 766 4915 iniquos
787 4855 840 4897 et
871 4853 1182 4915 peccatores
1212 4845 1542 4915 signiﬁcant,
1573 4842 1662 4915 qui
1692 4859 1919 4914 suspen-

333 4913 538 4968 derunt
560 4914 844 4987 Dominum
867 4914 918 4968 in
947 4931 1126 4970 cruce.
1151 4913 1293 4971 Inter
1311 4918 1494 4984 spinas
1521 4913 1701 4987 itaque
1730 4913 1920 4984 pecca-

335 4985 856 5058 torumdudzrorum
869 4999 1177 5058 suspensus
1210 4999 1292 5041 est
1319 4987 1581 5041 Dominus
1602 4985 1624 5056 ,⁷
1656 4990 1791 5043 sicut
1825 5004 1921 5058 per

336 5053 628 5112 Jeremiam
657 5056 799 5111 idem
827 5053 993 5112 diciti
1020 5057 1198 5128 Spinis
1230 5069 1555 5126 peccatorum
1585 5053 1791 5113 suorum
1815 5053 1919 5113 eir-

333 5129 604 5197 eumdedit
631 5143 708 5181 me
736 5130 958 5197 populus
979 5128 1081 5182 hic.
1109 5129 1213 5183 Alii
1246 5129 1389 5185 hunc
1419 5131 1639 5184 arietem
1663 5131 1918 5185 cornibus

337 5196 398 5254 in
440 5199 690 5269 vepribus
735 5196 1052 5268 Obligatum,
1107 5199 1355 5255 eumdem
1404 5213 1692 5256 senserunt
1757 5202 1918 5256 Chri-

334 5279 508 5336 stum,
542 5281 826 5340 antequam
856 5271 1245 5337 immolaretur,
1288 5272 1458 5340 spinis
1484 5287 1514 5325 a
1543 5272 1744 5327 Judaeis
1766 5287 1923 5327 coro-

340 5348 550 5410 natum.
568 5340 793 5396 Peracto
815 5339 978 5410 igitur
1005 5344 1290 5410 sacrilicio,
1305 5339 1503 5399 dicitur
1523 5344 1588 5397 ad
1604 5343 1875 5398 Abraham
1904 5362 1919 5399 :

340 5408 414 5485 gn
439 5415 724 5485 seminetuo
739 5408 1100 5485 benedicentur
1127 5408 1299 5468 omnes
1321 5424 1498 5485 gentes
1513 5415 1753 5485 :quando
1776 5416 1918 5468 enim

333 5479 448 5538 hoc
469 5482 667 5537 factum
695 5491 796 5550 est,
826 5483 930 5538 nisi
956 5485 1170 5554 quando
1188 5479 1440 5540 dicit-ille
1469 5479 1608 5539 aries
1627 5505 1639 5537 ;
1658 5484 1922 5539 Fuderunt

340 5567 527 5607 manus
554 5570 690 5608 meas
712 5563 760 5609 et
791 5557 942 5622 pedes
964 5572 1118 5620 meos,
1150 5557 1593 5610 dinumeraverunt
1613 5560 1782 5610 omnia
1807 5573 1922 5612 ossa

337 5634 459 5698 mea
487 5623 606 5696 (Ps.
642 5626 794 5698 xxi)?
822 5626 923 5680 hoc
950 5628 1091 5681 enim
1121 5628 1334 5696 quando
1364 5630 1559 5682 factum
1591 5637 1674 5684 cst
1704 5631 1754 5682 in
1781 5629 1922 5698 psal-

335 5695 450 5766 mis
489 5695 813 5751 Sacriﬁcium
841 5739 855 5760 ,
905 5705 1030 5751 tunc
1063 5699 1114 5752 in
1141 5695 1265 5765 ipso
1314 5702 1520 5766 psalmo
1546 5700 1746 5754 dictum
1782 5695 1918 5755 'est:

337 5764 886 5822 Commemorabuntur
924 5777 969 5821 et
1004 5764 1359 5823 convertentur
1387 5773 1454 5824 ad
1501 5770 1779 5825 Dominum
1805 5773 1925 5825 uni-

339 5837 482 5894 mi
502 5837 634 5906 fines
654 5850 827 5909 term,
855 5849 902 5896 et
917 5840 1208 5895 adorabunt
1239 5843 1294 5896 in
1317 5851 1591 5910 conspectu
1613 5847 1726 5910 ejus
1749 5860 1928 5899 omnes

1369 3427 1504 3494 Quid
1536 3436 1620 3480 est
1644 3469 1658 3493 ,
1702 3436 1922 3480 reverte-

2024 3280 2258 3356 etlacob
2278 3281 2478 3356 conditi
2507 3289 2652 3356 sunt,
2669 3287 2723 3332 et
2743 3279 2857 3356 ipse
2875 3280 3121 3356 princeps
3152 3283 3369 3356 humani
3387 3279 3600 3356 generis

2023 3353 2219 3419 Adam,
2254 3365 2310 3406 ut
2338 3353 2390 3406 in
2415 3351 2540 3406 Jesu
2569 3350 2712 3404 Nave
2744 3350 2884 3404 libro
2908 3354 3146 3419 apertius
3175 3350 3600 3417 demonstratum

2021 3434 2125 3478 est.
2153 3423 2430 3492 Sequitur:

2092 3490 2272 3559 (vel-5',
2305 3495 2340 3549 5
2369 3493 2548 3570 ἕδρα.)
2577 3491 2826 3570 Venitque
2845 3490 3108 3570 Abraham
3126 3537 3155 3570 ,Α
3175 3505 3242 3570 ut
3262 3498 3525 3570 plangeret
3556 3511 3602 3557 et

2022 3565 2166 3634 ﬂeret
2194 3581 2325 3620 eam.
2357 3562 2583 3634 Curaque
2607 3562 2908 3635 surrexisset
2938 3565 3000 3615 ab
3026 3565 3187 3635 adicio
3214 3562 3427 3635 funeris,
3457 3571 3604 3626 locu-

2025 3645 2107 3688 tus
2146 3647 2217 3690 est
2253 3637 2320 3714 ad
2354 3637 2490 3714 ﬁlios
2520 3634 2855 3714 Hel/idicem
2879 3649 2898 3687 :
2934 3634 3272 3714 Advena‘s‘um
3303 3652 3349 3693 et
3375 3645 3603 3714 peregri-

2024 3723 2122 3785 nus
2145 3708 2284 3779 apud
2305 3724 2414 3775 vos,
2438 3710 2554 3761 date
2581 3708 2709 3761 mihi
2721 3709 2813 3785 j'tls
2833 3707 3059 3785 sepulcri
3080 3708 3353 3785 vobiscum,
3375 3707 3602 3785 'uthsipe-

2025 3779 2150 3832 liam
2179 3776 2457 3833 'mortuum
2502 3795 2686 3832 meum.
2725 3776 3226 3847 ’Responderuntque
3273 3784 3369 3844 ﬁlii
3418 3776 3557 3838 Hellt
3583 3803 3602 3841 :

2025 3849 2161 3903 Audi
2189 3867 2280 3903 nos
2301 3892 2315 3916 ,
2367 3850 2590 3915 domine,
2635 3852 2870 3921 princeps
2903 3846 2998 3900 Dei
3017 3865 3068 3903 es
3088 3846 3231 3914 apud
3253 3868 3375 3916 nos;
3422 3856 3473 3908 in
3501 3857 3604 3910 ele-

2023 3922 2116 3975 ctis
2141 3921 2391 3994 sepulcris
2420 3923 2605 3994 nostris
2631 3920 2784 3994 τερειί
2805 3928 3067 3994 mortuum
3095 3930 3236 3973 tuum
3265 3962 3280 3985 ,
3331 3925 3604 3994 nullusque

2023 4000 2072 4045 te
2100 3990 2366 4059 prohibere
2395 3992 2608 4057 poterit,
2646 3990 2766 4060 quin
2797 3991 2850 4042 in
2879 4002 3205 4045 monumento
3236 3994 3346 4060 ejus
3384 3990 3602 4060 sepelias

2027 4070 2280 4116 mortuum
2311 4074 2476 4116 tuum.
2507 4059 3149 4132 Surrexitque_Abraham,
3177 4071 3226 4114 et
3251 4059 3483 4121 adoravit
3508 4085 3601 4132 po-

2024 4133 2204 4203 pulum
2235 4142 2381 4187 terra:
2410 4133 2547 4200 ﬁlios
2568 4128 2798 4187 videlicet
2824 4128 2960 4203 Hetlt
2989 4131 3167 4203 (petit.
3200 4138 3298 4200 vt).
3332 4128 3603 4203 Quaeritur

2021 4200 2127 4272 quo
2151 4205 2311 4257 modo
2329 4208 2585 4273 scriptum
2604 4204 2692 4267 sit,
2711 4201 2988 4273 Dominum
3006 4200 3169 4256 Deum
3183 4200 3594 4270 tuumadorabis,

2021 4271 2068 4328 u
2097 4274 2175 4328 illi
2203 4277 2301 4329 soli
2330 4271 2549 4341 servies,
2582 4290 2701 4328 cum
2732 4271 3004 4328 Abraham
3037 4275 3320 4341 quemdam
3345 4281 3600 4345 populum

2019 4348 2257 4416 gentium
2286 4348 2364 4402 sic
2392 4347 2753 4405 honoraverit,
2786 4353 2841 4398 ut
2871 4345 3028 4397 etian‘i
3054 4350 3319 4400 adoraret.
3352 4349 3456 4403 Sed
3488 4352 3603 4406 ani-

2024 4418 2466 4488 madvertendum
2496 4426 2577 4471 est
2617 4418 2666 4471 in
2695 4417 2884 4488 eodem
2925 4430 3194 4485 praecepto
3224 4433 3327 4471 non
3357 4421 3556 4476 dictum
3585 4464 3601 4488 ,

2022 4485 2302 4542 Dominum
2342 4488 2501 4542 Deum
2534 4497 2677 4540 tuum
2709 4487 2884 4541 solum
2917 4490 3186 4551 adorabis,
3231 4489 3366 4544 sicut
3399 4485 3603 4548 dictum

2021 4570 2126 4625 est,
2159 4559 2251 4614 ΙΙΙί
2281 4563 2377 4613 soli
2408 4561 2610 4613 servies.
2637 4559 2746 4612 Nec
2777 4569 2989 4610 moveat
3011 4562 3151 4627 quod
3184 4561 3234 4611 in
3259 4562 3365 4614 alio
3393 4563 3513 4617 loco
3543 4566 3600 4619 in

2023 4632 2253 4699 quadam
2286 4632 2548 4698 scriptura
2583 4631 2831 4696 prohibet
2857 4639 3074 4698 angetus
3099 4629 3344 4686 homines
3375 4635 3604 4690 adorare

2025 4717 2083 4757 se
2103 4714 2158 4757 et
2185 4703 2437 4757 admonet
2465 4713 2518 4755 ut
2533 4701 2792 4754 Dominus
2810 4703 2986 4770 p0lius
3011 4700 3292 4756 adoretur:
3315 4705 3437 4758 talis
3457 4708 3602 4760 enim

2021 4783 2345 4844 apparuerat
2395 4773 2614 4838 angelus
2640 4812 2656 4844 ,
2691 4783 2745 4825 Ill
2779 4789 2873 4840 pro
2902 4771 3009 4825 Deo
3046 4784 3226 4844 posset
3253 4774 3491 4844 adorari,
3550 4787 3605 4832 et

2024 4845 2146 4916 ideo
2173 4843 2349 4916 fuerat
2371 4843 3022 4916 corrigendttsgadorator.
3072 4843 3220 4900 Tunc
3250 4849 3379 4900 emit
3415 4863 3599 4916 agrum

2023 4915 2294 4970 Abraham
2327 4915 2378 4968 in
2397 4931 2502 4984 quo
2523 4914 2768 4982 sepelivit
2792 4929 3016 4968 uxorem
3049 4928 3200 4970 suam
3225 4917 3432 4971 Saram.
3453 4914 3602 4973 Tunc

2026 5001 2156 5055 ergo
2181 4989 2474 5041 secundum
2508 4986 2872 5040 narrationem
2909 4985 3172 5053 Stephani
3215 4989 3270 5042 in
3324 5000 3462 5043 terra
3514 4992 3603 5044 illa

2025 5071 2109 5112 est
2133 5058 2447 5122 collocatus,
2483 5057 2699 5127 quando
2721 5058 2883 5123 ccepit
2908 5057 2978 5111 ibi
3012 5073 3132 5113 esse
3167 5069 3606 5128 pOSSt‘SSlir,pOSt

2028 5138 2253 5182 mortem
2281 5129 2488 5182 scilicet
2517 5129 2682 5196 patris
2709 5134 2791 5182 sui
2816 5129 3013 5190 Thare,
3040 5134 3128 5197 qui
3162 5131 3431 5197 Colligitur
3454 5132 3606 5186 bien-

2025 5201 2114 5254 nio
2137 5212 2259 5253 ante
2288 5200 2478 5255 Saratu
2518 5200 2686 5254 fuisse
2715 5201 3016 5256 dtl'unclus.
3052 5201 3154 5254 Sed
3181 5202 3307 5269 quid
3341 5202 3440 5254 sibi
3473 5203 3606 5267 vult,

2023 5271 2165 5340 quod
2194 5271 2325 5327 Sara
2359 5271 2411 5325 in
2464 5273 2711 5340 sepulcro
2739 5272 2939 5340 duplici
2981 5273 3274 5339 sepelitur,
3331 5277 3430 5325 nisi
3485 5290 3608 5342 quia

2025 5344 2202 5396 anima
2227 5360 2346 5412 quze
2375 5350 2577 5397 smculo
2609 5343 2836 5397 moritur
2864 5353 2919 5396 ut
2941 5343 3048 5396 Den
3073 5343 3463 5406 vivat,aemiua
3491 5347 3609 5398 vita:

2025 5417 2211 5483 requie
2241 5413 2552 5477 suscipitur,
2579 5415 2627 5466 id
2659 5428 2762 5479 esu,
2793 5427 3002 5468 actione
3032 5414 3157 5468 boni
3181 5417 3384 5483 operis,
3419 5428 3610 5468 etcon-

2029 5486 2376 5549 templatione
2407 5485 2736 5538 divinitatis?

2051 5555 2055 5559 ⁷
2100 5555 2249 5625 (Cap.
2285 5555 2753 5610 XXIV.—Vers.I
2795 5553 2973 5626 seqq.)
3007 5554 3135 5608 Erat
3164 5564 3334 5610 autem
3357 5555 3615 5609 Abraham

2024 5645 2178 5682 senex
2208 5629 2506 5697 dierumque
2532 5629 2830 5690 multorum,
2860 5639 2904 5679 et
2947 5627 3196 5680 Dominus
3228 5630 3280 5680 in
3308 5628 3504 5680 cunctis
3534 5626 3617 5679 be-

2026 5703 2288 5755 nedixerat
2315 5701 2379 5753 ei.
2412 5702 2655 5768 Dixitque
2682 5697 2748 5748 ad
2769 5713 2968 5751 servum
2991 5715 3137 5750 suum
3163 5701 3411 5752 seniorem
3439 5699 3618 5752 domus

2027 5789 2134 5827 sua:
2157 5816 2171 5837 ,
2199 5777 2283 5843 qui
2313 5780 2528 5843 pi'werat
2559 5768 2791 5822 omnibus
2821 5785 2935 5843 qum
2959 5769 3172 5823 habebat
3199 5786 3216 5821 .'
3246 5768 3387 5843 Pone
3411 5783 3620 5843 manum

2029 5833 2170 5900 luant
2193 5833 2282 5901 sub
2306 5833 2470 5914 femur
2499 5856 2706 5910 meum,
2751 5849 2808 5895 ut
2833 5833 3086 5908 vadjurem
3123 5849 3171 5896 te
3214 5856 3308 5908 per
3335 5833 3622 5895 Domiruun
