4024 6336
323 313 426 375 977

1357 309 1838 368 COMMENTARH
1879 311 1946 369 IN
1984 313 2319 372 GENESIM.
2359 314 2490 373 LIB.
2531 316 2598 374 ll.

3503 320 3609 380 978

324 431 496 506 ciens,
523 425 673 506 intus
696 437 917 506 puerum
950 423 1200 506 vocavit;
1231 423 1353 506 quia
1371 434 1495 506 sunt
1523 426 1767 506 carnales
1785 426 1907 506 qni-
1934 429 1989 493 Α
2018 430 2224 506 quippe
2246 473 2261 494 ,
2291 432 2596 506 passionem
2618 474 2634 499 ,
2666 443 2890 492 mortem
2917 477 2933 502 ,
2963 434 3414 493 resurrectionem
3442 441 3607 506 atque

325 519 434 574 que
467 496 718 574 lidelibtts
746 496 1014 574 eonjttncti
1043 537 1056 553 .
1102 497 1186 564 qui
1236 496 1362 574 dum
1408 498 1724 574 Spiritalium
1766 500 1906 574 dona

324 568 663 641 conspiciunt
685 571 734 622 in
768 568 1118 641 admiratione
1148 569 1301 635 positi
1328 607 1345 634 ,
1375 568 1474 641 etsi
1506 584 1613 621 non
1639 585 1811 641 usque
1840 569 1910 624 ad

327 638 528 714 opera,
582 654 758 696 tamen
803 641 853 692 in
909 639 1142 714 animant
1189 655 1364 714 usque
1399 638 1464 692 ad
1508 640 1910 714 suscipiendam

333 710 494 771 ﬁdem
526 718 746 767 verbum
782 710 1174 774 praedicationis
1225 710 1514 763 admittunt
1544 725 1558 762 :
1592 712 1715 778 quia
1765 713 1909 767 enim

327 789 503 842 bonos
531 801 674 850 stepe
705 783 976 835 miraculis
1022 781 1222 851 fulgere
1265 781 1608 836 considerant
1633 823 1646 843 .
1679 796 1742 836 ea
1788 797 1912 852 qua:

326 858 398 912 de
427 857 728 910 :eternitate
771 853 996 906 audiunt
1040 869 1144 906 non
1173 861 1423 908 recusant
1451 894 1464 918 ,
1512 853 1756 922 quamvis
1786 868 1914 907 san-

325 939 470 984 ctam
519 929 814 980 electorum
847 922 1138 977 Ecclesium
1185 925 1419 978 moribus
1465 939 1569 978 non
1621 933 1911 994 sequentes

325 1001 383 1054 in
412 998 613 1054 carnali
641 994 952 1064 operatione
979 1003 1310 1048 remaneant.
1353 994 1454 1064 Qtti
1495 995 1682 1050 Laban
1709 996 1909 1065 paleas,

328 1071 532 1130 fettum,
561 1084 775 1134 aquam,
809 1081 998 1133 panem
1029 1066 1238 1124 obtulit.
1271 1067 1364 1120 sed
1401 1081 1530 1133 puer
1559 1068 1659 1120 nisi
1693 1081 1912 1121 causam

327 1141 482 1209 prius
508 1138 737 1206 coniugii
763 1140 1050 1203 oblitteret,
1082 1148 1429 1209 accepturum
1459 1151 1518 1191 se
1544 1152 1665 1191 esse
1695 1151 1914 1191 recusa-

327 1208 428 1275 vit,
461 1211 581 1278 qttia
612 1221 735 1262 sunt
769 1209 1008 1276 plerique
1037 1209 1124 1275 qtti
1172 1208 1422 1262 doctores
1449 1223 1575 1262 suos
1601 1223 1668 1261 ex
1701 1217 1911 1272 tempo-

327 1282 538 1338 ralibus
567 1279 845 1350 stipendiis
888 1287 1166 1332 continere
1202 1281 1368 1346 parati
1416 1287 1562 1344 sunt,
1591 1279 1687 1332 sed
1720 1279 1914 1346 praedi-

325 1367 541 1409 catores
574 1352 744 1406 sancti
770 1351 1008 1418 recipere
1036 1350 1221 1402 nolunt
1251 1350 1594 1414 temporalia,
1619 1350 1720 1402 nisi
1767 1351 1913 1418 prius

325 1426 604 1478 obtineant
633 1433 830 1474 :t-terna
856 1437 871 1484 ;
904 1438 946 1473 SI
967 1421 1108 1474 enim
1135 1421 1184 1472 itt
1210 1420 1530 1473 animalibus
1553 1419 1778 1473 fructum
1805 1436 1914 1474 non

327 1495 629 1558 inveniunt,
660 1507 873 1546 sumere
899 1490 1161 1557 Stipendia
1184 1490 1495 1556 COrpttribtts
1517 1501 1866 1545 COlllellllillltl
1893 1507 1911 1556 ;

328 1581 430 1619 nec
460 1568 621 1631 pt-des
665 1579 796 1632 aqua
847 1565 1024 1615 latrant.
1049 1603 1064 1628 ,
1097 1562 1216 1626 quin
1270 1561 1502 1616 laborem
1532 1561 1615 1616 sui
1663 1561 1914 1615 desiderii

330 1639 476 1691 nulla
506 1635 871 1689 consolatione
900 1635 1154 1686 relevant.
1186 1633 1305 1687 Mox
1342 1643 1398 1685 ttt
1427 1647 1643 1686 causam
1682 1633 1914 1700 coniugii

327 1708 534 1761 dnmzni
561 1709 639 1758 sui
677 1721 808 1774 puer
838 1704 1084 1765 obtinuit,
1117 1717 1242 1755 va~a
1273 1719 1434 1757 aurea
1472 1715 1632 1770 atque
1661 1713 1915 1774 argentea

328 1794 396 1833 ac
415 1788 588 1831 vestes
621 1773 861 1842 protulit.
885 1790 1015 1840 qttas
1039 1776 1295 1828 liebeccat
1321 1774 1489 1839 dedit,
1515 1779 1635 1839 quia
1662 1773 1914 1827 doctores

326 1860 528 1905 Sancta:
562 1847 814 1902 Ecclesia:
856 1855 933 1899 tot
970 1855 1286 1898 ornamenta
1331 1848 1572 1910 praebent
1609 1846 1914 1913 qttotvirtu-

329 1930 442 1973 tum
485 1922 624 1972 dona
662 1918 943 1973 docuerint
976 1933 990 1968 :
1019 1931 1140 1987 quin
1168 1915 1309 1969 enim
1339 1917 1487 1985 prius
1516 1917 1729 1969 inaures
1759 1927 1920 1983 atque

329 1991 572 2044 armillas
603 1999 906 2059 acceperat,
935 1987 1046 2056 jatn
1078 2001 1216 2040 nunc
1238 2001 1554 2059 vasaaurea
1585 2000 1637 2039 et
1669 1997 1920 2056 argentea

329 2077 396 2116 ac
419 2071 594 2116 vestes
624 2058 872 2126 accepit:
905 2061 1026 2127 quia
1051 2067 1231 2111 sancta
1268 2058 1657 2127 Ecclesia,qn:e
1678 2070 1802 2110 ante
1827 2073 1922 2121 per

331 2132 492 2186 tidt-m
539 2133 906 2196 Operationem
953 2139 1006 2182 et
1050 2127 1409 2183 obedientiam
1439 2130 1699 2196 percepit,
1733 2142 1922 2181 excre-

329 2218 490 2258 sccns
519 2203 855 2271 postmodum
897 2201 1055 2254 etiam
1090 2200 1154 2254 ad
1186 2199 1445 2271 spiritalia
1474 2199 1614 2252 dmta
1666 2201 1919 2271 eonvale-

330 2278 455 2335 scit,
489 2270 544 2326 ut
574 2276 868 2339 prophetia:
893 2271 1082 2339 spiritu
1116 2270 1315 2336 repleta
1344 2279 1399 2322 et
1427 2271 1678 2322 virtutum
1705 2270 1874 2338 gratia
1898 2310 1914 2332 ,

328 2345 604 2414 atupliatis
647 2345 757 2411 jam
790 2342 1102 2395 muneribus
1130 2350 1356 2414 crescat.
1411 2341 1720 2414 Puerhvero
1760 2339 1921 2394 matri

330 2411 455 2479 eius
484 2432 546 2470 ac
575 2414 829 2469 fratribus
851 2415 987 2467 dotta
1016 2412 1228 2477 obtulit,
1259 2411 1378 2480 quia
1410 2411 1702 2479 gentilitas,
1723 2426 1790 2465 ex
1813 2426 1921 2479 quo

330 2486 571 2541 Ecclesia
605 2487 666 2539 ad
699 2485 856 2539 fidem
886 2483 1063 2546 venit,
1112 2491 1232 2551 post
1261 2486 1674 2536 conversionem
1705 2481 1822 2550 ejus
1863 2481 1919 2536 in

331 2558 506 2626 gloria
535 2555 820 2626 temporali
849 2554 1119 2626 convaluit
1142 2595 1157 2618 ,
1200 2553 1338 2606 sicut
1367 2563 1423 2606 et
1452 2569 1592 2626 nunc
1621 2557 1918 2618 cernimus,

330 2623 457 2698 qtua
490 2623 684 2696 ubique
712 2626 1000 2681 Christiani
1031 2623 1664 2698 afﬂictionetnsentiunt,
1696 2634 1763 2698 _et
1791 2639 1921 2698 gen-

341 2693 463 2755 t'iles
493 2693 690 2766 quique
712 2698 762 2750 itt
796 2708 1007 2750 terrena
1040 2697 1233 2749 virtute
1263 2697 1582 2764 gloriantur.
1606 2694 1709 2749 Sed
1734 2704 1786 2748 et
1811 2693 1918 2746 fra-

331 2779 445 2826 tres
475 2771 592 2836 ejus
622 2770 758 2823 dona
794 2769 1116 2836 percipiunt,
1151 2768 1271 2833 quia
1299 2766 1440 2830 tiqui
1466 2781 1582 2820 eam
1615 2767 1770 2819 tidem
1803 2781 1924 2818 ver-

332 2842 405 2895 bo
430 2850 584 2894 tenus
609 2849 811 2903 tenent,
839 2841 930 2893 sed
963 2847 1139 2892 tamen
1169 2837 1556 2906 professionem
1580 2851 1728 2889 suam
1756 2838 1922 2889 mori-

332 2910 435 2966 bus
460 2928 564 2966 nan
597 2923 881 2981 sequentes
909 2909 1199 2963 carnaliter
1224 2909 1440 2981 vivunt,
1471 2908 1698 2975 benigne
1725 2923 1752 2960 a
1771 2907 1918 2981 lide—

333 2982 476 3037 libus
509 2977 763 3036 honorari
794 2983 962 3036 solent
996 2994 1093 3049 pro
1117 2994 1182 3033 eo
1208 2980 1347 3042 quod
1376 2994 1498 3033 esse
1525 2981 1709 3032 tideles
1735 2977 1921 3031 viden-

334 3063 446 3109 tur.
482 3054 650 3108 Mater
672 3069 798 3116 ergo
819 3051 1077 3106 etfratre~
1106 3051 1246 3102 dona
1280 3051 1600 3116 pert'ipittttt,
1624 3069 1649 3099 :t
1675 3060 1821 3102 sorte
1841 3059 1920 3101 ta-

333 3140 461 3180 men
497 3124 825 3179 litereditatis
856 3121 1037 3186 alieni,
1073 3137 1195 3190 quia
1224 3122 1340 3174 sive
1369 3121 1632 3180 infideles.
1665 3121 1779 3174 sive
1799 3133 1921 3172 car-

2019 503 2390 578 ascensionem
2439 505 2604 567 illius,
2652 508 2789 562 sacri
2834 509 3032 578 eloquii
3074 509 3278 578 paginae
3315 503 3604 563 testantur.

2017 576 2147 649 Qui?
2179 575 2298 649 αυξτ]
2334 576 2469 629 περίτι
2520 580 2886 647 cognovimus,
2925 575 3035 649 jam
3076 575 3223 636 hunc
3258 578 3605 648 intelligimus

2017 645 2220 699 audita.
2259 646 2381 720 Haec
2422 645 2606 702 autem
2639 650 2736 720 legi
2771 645 3015 719 potemnt
3038 693 3053 717 ,
3086 651 3180 704 sed
3221 652 3342 720 quia
3375 645 3606 705 necdum

2017 724 2329 788 evenerant,
2359 717 2586 786 intelligi
2622 717 2725 774 non
2755 717 3022 776 valebant.
3061 720 3216 777 Unde
3241 717 3299 776 et
3324 736 3416 788 per
3436 721 3606 776 Joan-

2017 787 2412 860 nemgdicitur:
2450 788 2591 844 Vicit
2617 793 2695 846 leo
2736 793 2799 847 de
2839 794 2971 846 tribu
2995 791 3171 860 Iuda,
3216 787 3370 846 radiat
3414 790 3602 856 Dauid,

2019 858 2222 936 aperire
2248 859 2467 936 librum,
2510 871 2556 914 et
2591 864 2782 936 solvere
2809 864 3076 936 signacula
3109 858 3220 936 ejus
3262 863 3464 936 (Apoc.
3485 860 3602 936 _v_).

2021 929 2142 1005 Ipse
2181 933 2322 1005 enim
2357 931 2552 1005 librum
2581 935 2831 1005 aperuit,
2857 929 2939 989 ἐι
2979 929 3249 1004 signacula
3272 929 3392 1004 ejus
3418 929 3602 1005 solvit,

2019 1001 2111 1076 qui
2139 1000 2435 1076 nascendo,
2470 1000 2769 1076 moriendo,
2804 1000 3134 1076 resurgendo
3159 1048 3174 1071 ,
3206 1000 3366 1075 atque
3396 1003 3462 1057 ad
3487 1017 3602 1059 cae-

2019 1070 2104 1125 los
2130 1072 2472 1127 ascendendo
2491 1115 2504 1135 ,
2535 1073 2826 1142 Scriptum
2855 1070 3024 1130 sacras
3044 1070 3199 1129 nobis
3229 1070 3424 1131 arcana
3453 1083 3606 1141 pate—

2019 1142 2166 1198 fecit.
2207 1143 2273 1196 Et
2302 1144 2594 1214 notandum
2623 1151 2765 1214 quod
2799 1162 2901 1201 non
2934 1148 3147 1210 dicitur,
3171 1145 3489 1200 Ambulabat
3511 1158 3607 1213 per

2018 1214 2162 1267 viam
2190 1230 2310 1284 qttte
2340 1213 2489 1268 ducit
2516 1215 2580 1269 ad
2609 1213 2846 1283 puteum,
2877 1219 2993 1280 sed,
3012 1215 3402 1271 deambulabat:
3423 1216 3608 1269 deam-

2022 1284 2170 1357 bulat
2207 1286 2401 1357 t|ttippc
2429 1287 2519 1354 qui
2562 1287 2698 1341 viam
2744 1303 2838 1353 per
2871 1304 3025 1356 quam
3071 1288 3310 1341 ambulat
3338 1286 3513 1340 eundo
3552 1292 3608 1341 et

2021 1356 2304 1410 redeundo
2324 1359 2622 1411 conculcat.
2661 1358 2714 1411 In
2735 1360 3034 1412 humilitate
3067 1357 3329 1426 passionis
3351 1357 3606 1412 Dominus

2021 1427 2393 1480 deatnbulavit
2417 1469 2434 1494 ,
2465 1429 2677 1498 quando
2706 1446 2732 1480 a
2780 1429 2979 1483 Jutlteis
3014 1429 3300 1483 verborum
3330 1437 3610 1483 contume-

2023 1498 2144 1559 lias,
2181 1498 2341 1552 modo
2367 1509 2554 1553 contra
2587 1515 2645 1554 se
2677 1500 2866 1556 falsum
2898 1501 3290 1563 testimonium,
3318 1498 3478 1553 modo
3501 1498 3610 1550 ala-

2023 1582 2116 1635 pas
2141 1608 2157 1633 ,
2190 1569 2350 1620 modo
2395 1579 2551 1636 sputa
2577 1611 2592 1636 ,
2629 1573 2790 1624 modo
2820 1574 3058 1640 spineam
3095 1585 3351 1625 coronam
3381 1610 3418 1640 ,ί
3449 1568 3609 1640 modo

2021 1654 2236 1710 crucem
2271 1641 2549 1693 tolerando
2595 1639 2866 1696 sustinuit.
2925 1643 3305 1696 lteambttlasse
3352 1639 3517 1710 igitur
3549 1639 3610 1710 in

2023 1708 2326 1764 humilitate
2359 1711 2621 1776 passionis
2651 1721 2731 1766 est
2762 1715 3203 1767 tntadversitates
3225 1725 3276 1766 et
3305 1708 3497 1780 probra
3529 1709 3611 1762 di-

2021 1781 2196 1835 versis
2229 1781 2403 1835 mndis
2439 1783 2682 1837 iterando
2719 1787 3023 1850 pertulisse.
3052 1785 3149 1851 Qui
3175 1782 3610 1851 lsaztc,veniento

2031 1852 2292 1915 Rebecca,
2324 1855 2373 1904 in
2405 1866 2542 1907 terra
2575 1856 2794 1908 australi
2822 1850 3114 1918 habitabat,
3149 1855 3270 1920 quia
3299 1850 3612 1921 unigenitus

2031 1925 2289 1975 Dominus
2319 1939 2381 1974 ac
2411 1923 2739 1993 Redemptor
2769 1936 2951 1978 noster
2973 1967 2987 1988 ,
3031 1925 3282 1980 veniente
3327 1923 3394 1978 ad
3422 1938 3479 1975 se
3513 1922 3612 1976 Ec-

2026 1994 2189 2066 CIesia
2221 1995 2270 2046 itt
2313 1993 2528 2048 illnrmtt
2565 1996 2830 2050 utentibus
2869 2000 3100 2059 mansit,
3151 2008 3285 2066 quos
3331 2010 3397 2048 ex
3423 1993 3612 2049 Judaaa

2027 2063 2205 2117 editos
2230 2081 2332 2117 non
2372 2065 2605 2131 torporis
2636 2067 2822 2135 frigus,
2865 2063 3183 2121 sed-fervor
3225 2066 3614 2135 cltaritatis_te-

2028 2135 2164 2206 nuit.
2195 2137 2268 2188 Ex
2302 2135 2396 2189 illo
2416 2137 2612 2206 quippe
2640 2132 2837 2205 populo
2862 2136 3014 2191 Anna
3043 2137 3402 2206 prophetissa,
3428 2150 3492 2189 ex
3517 2132 3612 2206 illo

2028 2204 2245 2260 Simeon
2294 2205 2499 2259 exstitit
2529 2204 2559 2264 ,“
2613 2204 2804 2272 quiin
2869 2204 3349 2262 ulnas—Dominum
3407 2205 3615 2272 accepit

2030 2277 2046 2350 ς
2079 2276 2263 2330 Matth.
2297 2278 2432 2350 aut).
2480 2273 2731 2348 Egressus
2761 2287 2930 2332 autem
2959 2283 3126 2350 fuerat
3155 2277 3222 2350 ad
3261 2276 3613 2350 meditandum

2026 2347 2250 2417 inagro,
2283 2348 2404 2416 quia
2435 2345 2565 2414 ager
2594 2350 2826 2403 mundus
2875 2345 3166 2416 accipitur,
3209 2349 3323 2417 ipse
3354 2345 3614 2417 Dominus

2028 2415 2208 2490 per'se
2232 2422 2466 2485 exponit,
2497 2419 2682 2474 dicens
2711 2435 2724 2473 :
2755 2421 2890 2490 Ager
2916 2415 3084 2473 autem
3113 2427 3187 2472 est
3226 2415 3466 2471 mundus.
3511 2415 3614 2490 Qui

2027 2487 2080 2540 in
2115 2488 2216 2542 hoc
2254 2503 2502 2560 egressus
2531 2500 2615 2544 est
2638 2534 2652 2555 ,
2689 2506 2754 2544 co
2789 2486 2932 2560 quod
2976 2491 3204 2545 visibilis
3243 2502 3502 2557 apparere
3532 2486 3615 2539 di-

2026 2570 2220 2626 gnatus
2247 2570 2349 2619 est,
2383 2559 2517 2613 sicut
2550 2559 2820 2630 scriptum
2839 2573 2922 2616 est
2952 2580 2964 2615 :
2997 2560 3166 2616 Existi
3195 2562 3250 2614 in
3280 2561 3498 2614 salutem
3522 2573 3614 2624 po-

2027 2630 2138 2702 puli
2168 2631 2264 2692 tui,
2294 2641 2350 2682 ut
2371 2633 2533 2684 salvos
2564 2635 2722 2702 facias
2742 2633 2967 2687 Lhrislos
2990 2644 3118 2686 tuos.
3149 2632 3615 2702 Solentexercen:

2027 2699 2326 2768 dijttvenes
2355 2702 2403 2753 itt
2437 2697 2714 2757 armorum
2744 2720 2842 2758 usu
2871 2703 3137 2759 meditari.
3188 2703 3331 2755 Isaac
3357 2714 3502 2769 ergo
3545 2697 3615 2751 ad

2027 2771 2394 2824 meditandum
2440 2775 2491 2825 in
2534 2788 2660 2842 agro
2691 2775 2852 2838 exiit,
2903 2778 3025 2842 quia
3068 2773 3397 2840 Redemptor
3427 2779 3615 2823 uoster

2026 2857 2086 2896 se
2107 2843 2451 2906 sisquetttibth
2473 2843 2699 2897 fortnam
2726 2845 3042 2900 humilitatis
3067 2844 3328 2910 pra-hens,
3345 2856 3437 2908 per
3458 2853 3613 2894 exer-

2028 2913 2214 2966 citium
2250 2915 2675 2982 longattituitatis
2705 2931 2815 2968 suae
2833 2916 3095 2985 passionis
3119 2917 3169 2968 itt
3189 2929 3248 2968 se
3265 2926 3312 2967 et
3340 2911 3614 2985 patientia:

2027 2985 2272 3052 exempla
2303 2988 2640 3041 monstravit.
2668 2982 2938 3039 Meditatio
2954 3000 3222 3038 armorum
3250 2993 3329 3038 est
3355 2982 3612 3052 frequen-

2028 3055 2157 3106 tatio
2205 3057 2516 3124 passionttttt
2546 3073 2557 3108 :
2588 3058 2674 3125 qui
2719 3057 2860 3110 enim
2891 3056 3109 3110 verbera
3155 3069 3408 3110 manuum
3434 3092 3450 3118 ο
3495 3055 3614 3125 ³³ηῖ

2029 3119 2218 3188 reatu,
2259 3142 2472 3180 cinia-tn
2523 3119 2759 3188 pertulit.
2813 3130 3115 3195 passionem
3158 3142 3309 3179 suam
3349 3137 3516 3192 usque
3543 3119 3613 3176 ad

335 3197 510 3259 nales,
539 3196 628 3262 qui
663 3199 798 3248 intra
834 3193 952 3247 ﬁdei
988 3189 1376 3262 professionem
1408 3200 1679 3266 tenentur,
1714 3193 1777 3242 ad
1814 3191 1923 3242 Ιιίτ-
1953 3189 2000 3252 C
2035 3207 2259 3250 tnottetu
2305 3197 2356 3250 itt
2393 3212 2452 3252 se
2483 3189 2828 3266 frequentare
2864 3196 3101 3265 pertulit.
3156 3189 3445 3250 Passiones
3483 3205 3614 3266 vero

333 3269 583 3322 retlitzttts
614 3276 830 3320 {clerum
858 3274 1057 3318 sortem
1101 3281 1204 3316 Iton
1239 3267 1478 3328 veniunt,
1511 3264 1602 3316 sed
1637 3271 1812 3316 tamen
1835 3276 1926 3314 su-

377 3353 521 3392 erute
553 3337 813 3405 largitatis
839 3337 1062 3404 gloriam
1097 3335 1468 3402 temporaltter
1498 3344 1921 3405 consequuntur.

365 3411 583 3462 tt-becca
617 3404 792 3459 autem
824 3421 943 3460 cum
980 3405 1168 3472 puellis
1211 3408 1321 3457 suis
1348 3404 1613 3473 signiﬁcat
1645 3411 1765 3469 quia
1798 3419 1925 3454 sau-

334 3487 421 3534 cta
456 3479 688 3533 Ecclesia
721 3478 881 3530 habet.
904 3491 1082 3530 secum
1117 3475 1339 3528 minoris
1370 3475 1552 3530 meriti
1599 3489 1807 3528 animus
1839 3489 1929 3526 so-

332 3551 489 3604 dales
517 3565 675 3602 snas:
702 3565 820 3601 ttattt
845 3549 945 3602 etsi
980 3547 1031 3600 in
1056 3545 1376 3615 quihusdam
1413 3562 1503 3610 per
1527 3561 1743 3600 sensum
1776 3561 1928 3598 ntcn-

332 3621 409 3675 tis
439 3622 490 3674 itt
520 3629 630 3672 toto
661 3620 1166 3685 contemplationem
1202 3633 1305 3669 non
1340 3617 1522 3681 habet,
1572 3619 1701 3668 talt-s
1733 3631 1928 3670 ammte

333 3693 490 3761 quasi
525 3693 714 3756 puellae
747 3691 1006 3761 Rebeccae
1035 3698 1156 3741 sunt
1185 3728 1216 3761 ,_
1242 3703 1399 3761 quam
1429 3699 1726 3761 sequuntur
1759 3687 1923 3740 muri-

334 3758 441 3816 bus
470 3779 486 3827 ;
516 3763 610 3815 sed
645 3770 822 3813 tamen
855 3760 917 3811 ad
949 3758 1454 3820 cmitemplatinttetn
1481 3758 1699 3812 i~tatuut
1732 3761 1925 3811 anitum

336 3833 663 3897 ascendunt,
691 3843 746 3886 et
773 3848 837 3885 ex
870 3832 1074 3885 eisdem
1103 3845 1235 3897 puer
1260 3829 1514 3896 quasdam
1551 3830 1732 3883 habuit
1767 3846 1815 3882 tn
1835 3844 1926 3882 co-

336 3905 551 3965 mitatu,
581 3903 702 3972 quia
745 3918 866 3957 cum
914 3903 1115 3956 sanctis
1162 3901 1434 3969 pr0pttetis
1467 3901 1679 3953 fuerunt
1709 3901 1924 3958 quidam

334 3977 428 4044 qui
459 3971 901 4040 bene’viverent,
933 3982 987 4028 et
1014 3972 1305 4040 prophetiae
1347 3973 1591 4044 spiritum
1625 3987 1728 4044 non
1763 3971 1926 4044 liabe-

334 4041 493 4111 rrnt;
527 4056 579 4097 et
607 4059 727 4098 cum
773 4045 942 4098 beatis
963 4044 1222 4112 apostolis
1247 4054 1407 4111 atque
1437 4041 1748 4096 doctoribus
1777 4042 1926 4096 fuere

333 4117 582 4185 plerique
613 4115 702 4184 qui
736 4115 895 4168 vitam
922 4113 1161 4168 moribus
1189 4122 1458 4185 tenerent,
1489 4112 1583 4166 sed
1613 4113 1930 4185 pra-dicato:-

333 4183 416 4241 iis
459 4183 768 4241 vet-ba’tton
800 4198 1128 4255 promerem.
1183 4183 1434 4238 Festinus
1477 4194 1653 4236 autem
1697 4200 1828 4253 puer
1859 4184 1927 4238 ad

335 4257 557 4311 domum
599 4257 778 4320 redit,
809 4255 934 4324 quia
965 4255 1342 4323 prmdicatores
1376 4255 1544 4308 sancti
1586 4270 1704 4307 cum
1737 4257 1927 4321 prtuli-

335 4328 515 4383 cando
545 4327 710 4381 vitam
738 4327 1068 4380 audientium
1096 4326 1340 4378 obtinent
1365 4367 1380 4391 ,
1424 4327 1499 4378 illi
1550 4340 1674 4378 mox
1725 4328 1927 4395 gratias

340 4399 600 4460 reddunt,
630 4400 698 4453 de
727 4398 878 4467 cujus
906 4397 1009 4451 hoc
1039 4412 1260 4450 munere
1291 4407 1642 4464 perceperunt
1683 4413 1696 4448 :
1743 4398 1843 4450 sibi
1870 4396 1926 4452 in

337 4483 401 4523 ea
432 4469 748 4535 operatione
778 4469 909 4521 tttlttl
941 4469 1202 4530 tribuunt,
1238 4469 1328 4518 sed
1364 4483 1445 4519 aut
1469 4467 1590 4520 tori.

414 4539 594 4608 (Vcrs.
610 4539 726 4609 62.)
760 4539 834 4592 Eo
852 4551 1020 4592 autem
1046 4548 1270 4608 tempore
1293 4535 1447 4590 Isaac
1463 4539 1816 4592 deambulabat
1840 4557 1928 4608 per

336 4610 474 4681 viam
502 4627 616 4681 qua:
641 4611 778 4663 ducit
808 4612 874 4662 ad
913 4619 1150 4677 puteum,
1179 4611 1328 4680 cujus
1377 4626 1556 4662 nautett
1599 4621 1667 4663 cst
1709 4610 1929 4665 Viventis

336 4690 389 4734 et
427 4679 674 4735 Videntis.
695 4681 827 4746 Quis
846 4690 928 4734 est
951 4682 1134 4733 vivens
1155 4689 1210 4733 et
1239 4679 1446 4741 vult-ns,
1465 4681 1562 4732 nisi
1593 4686 1931 4746 omnipotens

339 4749 508 4822 Deus,
537 4752 606 4806 de
631 4752 1021 4822 quoiscriptunt
1053 4761 1134 4804 e-.t
1159 4766 1173 4805 :
1209 4749 1334 4804 Vitio
1358 4768 1447 4822 ego
1475 4752 1816 4822 iumentum,
1849 4753 1931 4805 di-

338 4822 410 4874 cit
442 4821 709 4876 Dominus.
740 4821 816 4875 De
845 4837 951 4891 quo
979 4837 1190 4875 t-ttrsutn
1219 4821 1413 4875 dicitur
1447 4838 1460 4874 :
1505 4821 1688 4874 Omnia
1717 4826 1852 4873 nuda
1885 4831 1933 4877 et

337 4903 521 4958 aperta
548 4901 666 4946 sunt
700 4893 860 4947 oculis
879 4895 1006 4962 ejus.
1030 4893 1226 4945 Pttteus
1245 4908 1373 4944 vero
1399 4891 1636 4946 Viventis
1653 4901 1709 4946 et
1734 4893 1932 4948 Viden-

337 4965 413 5018 tis
441 4973 524 5018 est
557 4963 672 5018 btec
694 4977 863 5018 sacrae
884 4964 1174 5026 Scriptura-
1205 4963 1561 5031 profunditas,
1584 4979 1745 5031 quam
1776 4966 1929 5020 nobis

338 5034 411 5089 ad
463 5035 830 5103 irrigationetn
880 5036 1076 5088 mentis
1127 5035 1353 5102 prabuit
1383 5035 1722 5099 omnipotens
1766 5035 1926 5090 Deus.

337 5106 473 5170 Qua:
502 5115 586 5160 est
610 5108 694 5160 via
723 5119 842 5171 qua:
870 5107 1012 5159 ducit
1039 5105 1103 5158 ad
1135 5118 1350 5172 puti-unt
1384 5104 1622 5159 Viventis
1652 5113 1706 5159 et
1733 5105 1930 5161 Viden-

343 5177 436 5246 tis,
466 5177 568 5230 nisi
607 5177 878 5230 humilitas
907 5175 1167 5245 passionis
1202 5175 1490 5243 Unigeniti,
1517 5191 1612 5246 per
1641 5192 1799 5245 quam
1831 5193 1929 5232 tto-

341 5245 429 5300 bis
454 5256 696 5318 apertum
737 5255 820 5301 est
848 5248 949 5300 hoc
983 5249 1122 5317 quod
1170 5249 1319 5318 prius
1365 5245 1595 5318 latenter
1633 5247 1928 5318 Scriptura:

338 5332 512 5388 s_acr.e
542 5317 742 5373 ﬂuenta
775 5319 1129 5388 loquebantur
1161 5334 1174 5370 :
1201 5317 1301 5371 nisi
1328 5317 1468 5371 enim
1501 5317 1804 5387 ttnigenitus
1836 5319 1927 5373 llei

340 5386 516 5444 Filius
555 5386 898 5454 incarnatus,
942 5397 1176 5443 tentatus
1197 5429 1211 5449 ,
1243 5386 1654 5458 apprehensus,
1685 5389 1927 5457 colaphis

341 5473 538 5520 Cossus.
568 5460 735 5528 sputis
779 5459 968 5515 illusus
991 5502 1005 5522 ,
1033 5459 1324 5515 crucifixus
1352 5477 1414 5514 ac
1441 5468 1686 5514 mortuus
1715 5461 1926 5527 luisset,

343 5531 502 5586 nobis
531 5532 690 5598 hujus
723 5532 886 5597 putei,
918 5529 970 5584 id
1001 5539 1103 5597 est,
1136 5531 1430 5598 Scriptura:
1457 5545 1622 5585 sacrte
1647 5530 1926 5598 profundi-

346 5611 429 5657 tas
454 5616 561 5656 non
589 5611 812 5670 pateret.
839 5602 972 5669 Quid
1006 5617 1133 5672 ergo
1155 5603 1398 5656 lidelibus
1428 5601 1702 5656 humilitas
1727 5602 1933 5669 passio—

343 5677 435 5729 nis
460 5674 577 5741 ejus
609 5673 743 5726 facta
775 5683 886 5738 est,
937 5673 1038 5727 nisi
1079 5675 1243 5728 clavis
1274 5675 1603 5743 apertionis,
1637 5687 1732 5741 per
1771 5689 1931 5742 quam

348 5745 732 5815 mysteriorum
783 5743 880 5798 Dei
933 5752 1151 5814 puteum
1223 5743 1570 5810 invenimus,
1625 5752 1686 5798 ut
1740 5761 1933 5814 aquam

353 5817 594 5874 scientiae
635 5814 703 5872 de
760 5816 1023 5886 profundo
1085 5815 1438 5874 biberemus?
1505 5815 1933 5875 lncarnationem

2033 3282 2180 3319 arma
2213 3268 2476 3331 dicimus,
2530 3263 2647 3336 quia
2682 3286 2774 3335 per
2800 3263 2940 3336 ipsas
2967 3273 3032 3320 ab
3067 3268 3374 3321 adversario
3405 3263 3615 3336 occulto

2034 3337 2347 3392 llbt’l‘allllll'.
2381 3340 2478 3404 Qui
2507 3334 2571 3392 ad
2605 3334 2968 3394 ttteditandnm
2999 3340 3050 3392 in
3081 3355 3210 3404 agro
3233 3338 3481 3390 inclinata
3504 3334 3616 3400 iam

2032 3409 2120 3461 die
2148 3410 2303 3474 exiit,
2330 3410 2452 3476 quia
2487 3413 2792 3477 passionum
2817 3413 3048 3465 exercita
3070 3412 3218 3477 juxta
3243 3408 3398 3462 linem
3432 3405 3617 3458 mundi

2032 3479 2266 3549 suscepit
2297 3521 2311 3542 ,
2344 3481 2477 3534 sicut
2524 3497 2617 3548 per
2647 3481 2983 3536 P-altnistam
3011 3481 3078 3534 de
3105 3477 3465 3533 crttcitixionis
3505 3489 3617 3529 sua:

2033 3551 2283 3620 passione
2310 3551 2566 3619 loquitur,
2595 3551 2777 3608 dicens
2811 3571 2822 3604 :
2868 3550 3096 3605 Eleuatt‘o
3120 3566 3364 3604 manuum
3389 3560 3618 3601 mearum

2031 3622 2343 3686 sacriﬁcimn
2390 3625 2729 3685 vespertinum
2763 3628 2778 3688 (
2809 3621 2898 3675 Ps.
2927 3625 3088 3691 cu.).
3137 3620 3274 3686 Quid
3315 3633 3394 3674 est
3434 3627 3616 3691 autem

2030 3685 2178 3759 quod
2203 3693 2444 3747 Rebecca
2469 3694 2533 3746 ad
2564 3694 2712 3748 l~aac
2753 3685 2917 3746 dorso
2946 3685 3132 3747 ctutteli
3164 3685 3448 3744 deducitur
3468 3730 3482 3750 ,
3511 3685 3618 3759 nisi

2032 3758 2173 3832 quod
2204 3779 2296 3832 per
2326 3765 2646 3830 RebeCt-am,
2688 3765 2824 3818 sicut
2857 3763 3061 3833 pra-lati
3091 3776 3278 3815 sumus
3305 3803 3317 3818 .
3353 3758 3611 3824 Ecclesia,

2030 3842 2087 3888 et
2129 3849 2220 3900 per
2261 3837 2526 3888 czttnelttut
2557 3839 2639 3888 cui
2676 3838 2947 3902 prtl'sitlt'l,
2990 3837 3142 3887 tortis
3189 3833 3424 3885 moribus
3454 3839 3617 3902 atque

2031 3899 2332 3957 inhonestis
2363 3905 2630 3959 idolorum
2661 3899 2893 3959 cultibus
2922 3907 3197 3972 gentilium
3231 3902 3454 3969 pottultts
3480 3899 3616 3972 desi-

2030 3977 2258 4044 gnatur?
2287 3977 2374 4044 qui
2405 3976 2550 4031 enim
2575 3994 2640 4031 ex
2672 3971 2974 4044 semetipsis
3007 3978 3108 4028 sibi
3141 3983 3453 4027 invenerunt
3478 3971 3614 4024 deos

2031 4061 2167 4114 quos
2193 4048 2458 4112 colerent,
2491 4051 2641 4118 quasi
2687 4064 2712 4099 a
2759 4049 3062 4112 settietipsis
3099 4048 3178 4100 eis
3208 4047 3256 4097 itt
3289 4044 3452 4118 dust
3477 4055 3616 4094 otius

2031 4114 2815 4186 excreveratquod'portarent.
2841 4117 3077 4172 lle-bucca
3101 4132 3228 4185 ergo
3254 4115 3318 4186 ad
3349 4114 3495 4167 Isaac
3519 4125 3615 4164 vc-

2033 4190 2207 4247 nieus.
2237 4185 2402 4241 dorso
2427 4191 2616 4243 cameli
2648 4190 2930 4243 deducitur
2953 4231 2966 4254 ,
2996 4187 3115 4256 quia
3143 4186 3206 4239 ad
3233 4185 3503 4240 Christum
3546 4195 3614 4256 ex

2031 4259 2176 4326 genti
2201 4259 2327 4312 itate
2353 4261 2586 4313 I‘Sct-Ii'sia
2620 4274 2931 4329 preperaus,
2965 4254 3178 4311 intortis
3208 4256 3516 4329 vitiosisque
3537 4254 3617 4304 vi-

2033 4324 2102 4383 tae
2129 4334 2326 4384 veteris
2351 4324 2848 4384 cnuversattou'tbus
2881 4331 3056 4382 iuveni
3085 4344 3166 4381 Ut'.
3201 4330 3350 4393 Quae,
3381 4334 3438 4378 ttt
3469 4324 3616 4378 Isaac

2033 4402 2200 4463 Vidit,
2233 4404 2300 4453 de
2330 4405 2534 4454 camt-ln
2581 4403 2895 4465 descendit,
2943 4402 3064 4468 quia
3113 4412 3296 4451 saneta
3333 4395 3610 4459 Ecclesia,

2032 4483 2232 4541 quanto
2266 4473 2672 4539 liedctnptnrcttt
2703 4471 3140 4541 smthsnbtilitts
3169 4468 3434 4541 agnoscit,
3469 4473 3617 4518 tanto

2034 4536 2264 4597 carnalis
2298 4547 2418 4594 vita!
2442 4536 2612 4596 studia
2639 4536 2887 4666 humigtrs
2911 4536 3307 4609 tleset'it,atque
3333 4540 3386 4592 iu
3419 4545 3618 4589 semet-

2034 4615 2147 4666 iosa
2199 4614 2496 4666 fortitudini
2530 4613 2735 4666 vitiosa:
2761 4631 2786 4666 c
2831 4613 3096 4665 ntradicit.
3143 4611 3290 4665 Isaac
3337 4625 3466 4666 ergo
3503 4607 3618 4659 viso

2033 4615 2147 4682 ipsa
2199 4614 2496 4667 fortitudini
2530 4613 2735 4666 vitiosa:
2761 4607 3105 4682 cbntradicit.
3143 4607 3290 4665 Isaac
3337 4607 3618 4682 et-go__viso

2036 4679 2352 4749 descendit,
2402 4685 2521 4748 quia
2556 4685 2778 4736 lloutiuo
2806 4684 3019 4749 cognito
3064 4681 3189 4737 vitia
3219 4696 3312 4734 sua
3343 4679 3618 4750 gentilitas

2034 4755 2295 4821 dc-serutt,
2329 4747 2382 4808 et
2410 4747 2478 4808 ab
2520 4755 2770 4808 elationis
2813 4747 3136 4808 celsitudine
3164 4752 3270 4806 iuta
3301 4747 3617 4803 ltiitttilitatis

2037 4826 2206 4894 petiit.
2238 4826 2372 4890 Quid
2407 4835 2489 4880 est
2517 4837 2695 4879 autem
2727 4828 2868 4893 quod
2902 4827 3046 4876 Isaae
3090 4825 3142 4876 itt
3185 4822 3392 4877 camelo
3422 4822 3616 4873 sedens

2035 4900 2278 4950 Rebecca
2311 4899 2627 4962 consttexit,
2681 4896 2782 4949 ttisi
2831 4896 2971 4965 quod
3011 4894 3422 4965 Redemptorem
3459 4902 3616 4943 suum

2036 4966 2276 5021 Ecclesia
2303 4983 2368 5022 ex
2397 4968 2643 5034 gentibus
2667 4964 2905 5028 venietis.
2938 4967 3063 5019 dum
3087 4964 3260 5018 adlmc
3289 4965 3430 5015 vittts
3472 4965 3618 5034 esset

2037 5039 2239 5102 innixa,
2272 5052 2320 5092 et
2353 5030 2576 5092 necdum
2609 5038 2961 5107 spiritalibus,
2991 5035 3084 5090 sed
3115 5033 3432 5107 animalibus
3447 5030 3619 5107 moti-

2033 5108 2132 5162 bus
2158 5101 2465 5170 ittlttrreret,
2490 5101 2746 5179 agnovit?
2767 5107 2877 5162 Nec
2903 5101 3117 5161 movere
3141 5101 3463 5179 debet_quod
3487 5112 3618 5179 puer

2033 5195 2244 5248 quoque
2276 5195 2396 5232 cunt
2421 5172 2640 5234 catn'elis
2680 5191 2920 5246 venerat,
2965 5180 3016 5230 in
3047 5177 3241 5248 quibus
3269 5174 3482 5228 divitias
3521 5172 3620 5224 do-

2033 5245 2173 5304 mini
2194 5252 2275 5304 sui
2307 5249 2533 5316 ferebat,
2565 5251 2686 5320 quia
2727 5251 2830 5318 ipsi
2850 5245 3460 5320 quoqueprtrdicatores
3491 5257 3620 5296 san-

2031 5321 2123 5394 eti.
2152 5321 2395 5394 quamvis
2418 5323 2524 5386 jant
2549 5317 2613 5373 ait
2645 5317 2927 5394 superiora
2946 5317 3288 5394 intelligenda
3308 5324 3466 5384 atque
3485 5327 3620 5394 pra:-

2031 5387 2252 5465 feretida
2300 5393 2574 5448 intellectu
2601 5402 2654 5465 et
2694 5387 2799 5446 vita
2826 5391 3093 5465 emiceut,
3141 5387 3316 5465 adhuc
3357 5394 3536 5440 tamen
3564 5387 3619 5465 in

2035 5464 2344 5532 semetipsis
2379 5463 2814 5534 contractionem
2849 5461 3028 5534 carnis
3068 5460 3347 5514 sentiunt:
3382 5470 3506 5510 nam
3527 5460 3621 5534 ‘vi:

2036 5534 2152 5588 dent
2182 5523 2342 5587 aliam
2368 5532 2526 5605 legem
2558 5535 2610 5588 in
2642 5535 2875 5605 membris
2914 5532 3024 5605 suis
3051 5572 3066 5596 ,
3111 5535 3478 5605 repuguantem
3521 5523 3619 5605 legi

2036 5608 2220 5678 mentis
2243 5622 2372 5673 saw,
2406 5594 2458 5660 se
2479 5608 2798 5678 sedueentent
2825 5604 2875 5656 in
2907 5602 3012 5672 lege
3041 5594 3444 5678 peccati'mom.
3470 5594 3618 5678 _vtt)_;

2037 5690 2089 5731 et
2122 5677 2335 5731 divitias
2361 5667 2418 5730 iu
2466 5677 2685 5731 camelis
2719 5667 2974 5744 portant,
3021 5667 3145 5744 quia
3195 5667 3619 5740 tte'ntagnitudo

2039 5750 2426 5803 revelationum
2450 5748 2672 5802 extollat
2697 5743 2812 5810 eos,
2838 5745 2998 5798 datur
3025 5743 3273 5798 stimulus
3289 5744 3465 5796 carnis
3479 5752 3615 5792 sua.

1975 5883 1996 5894 ἱ
2041 5819 2248 5876 Habent
2271 5821 2415 5876 enim
2442 5819 2752 5876 thesaurum
2783 5818 2942 5873 istum
2982 5815 3037 5872 in
3067 5815 3209 5872 vasis
3247 5811 3527 5880 ﬁctilibus,
3557 5815 3616 5863 ut
