4024 6336
332 240 425 301 981

1358 237 1841 298 COMMENTARH
1878 236 1942 293 ΙΝ
1982 236 2305 295 GENESIM.
2347 239 2478 297 LlB.
2519 242 2584 301 11.

331 366 603 433 superavit
621 364 882 438 Idumaeos
912 364 1011 418 hoc
1036 370 1137 438 est.
1166 370 1375 438 gentem
1400 378 1558 438 quain
1590 362 1906 438 propagavit
1932 363 1981 421 A
2012 361 2064 438 in
2094 379 2215 417 eum
2242 380 2402 433 quem
2429 365 2861 431 prmuuntiabant
2885 382 2899 420 :
2920 379 3029 422 non
3050 368 3197 423 enim
3213 370 3599 438 praecurrentia

329 438 497 502 Esau;
529 452 731 506 eosque
758 437 1004 491 iecerunt
1035 434 1345 488 tributarios
1376 449 1471 500 per
1500 434 1683 495 David,
1717 448 1907 501 quain-

328 510 415 563 dlu
446 509 661 562 fuerunt
691 523 857 575 usque
900 509 964 559 ad
996 523 1195 573 regem,
1231 508 1330 559 Sub
1357 521 1461 574 quo
1488 506 1705 559 ldumzei
1734 506 1908 557 rebel-

328 581 599 645 laverunt,
629 592 676 633 ct
696 580 879 650 jngum
906 579 1259 632 ISraeIitarum
1291 577 1559 650 ldnmzeia
1578 577 1791 650 cervice
1814 592 1907 631 sua

326 648 730 719 deposuerunt,
783 650 1075 703 secundum
1130 648 1466 717 prophetiam
1518 649 1683 717 ipsius
1725 649 1906 711 Isaac,

325 723 538 789 quando
571 724 828 777 minorem
882 736 977 788 pro
1025 721 1226 789 majore
1274 719 1594 773 benedixit:
1638 720 1737 772 hoc
1764 719 1908 773 enim

324 793 461 845 dixit
494 794 666 847 eidem
709 793 918 861 majori,
952 809 1070 845 cum
1106 800 1157 844 et
1198 793 1369 858 ipsum
1403 804 1588 859 postea
1623 792 1912 845 benedice-

325 875 426 919 ret.
457 866 565 929 Ego
597 877 722 931 puto
751 866 890 933 quod
930 874 988 918 et
1011 862 1079 916 de
1112 864 1335 932 singulis
1362 862 1516 915 nobis
1548 862 1649 915 hoc
1677 862 1779 915 diri
1816 876 1909 927 po-

327 944 448 994 te5t,
480 938 601 1005 quin
635 938 754 988 duae
793 948 979 1004 gentes
1010 947 1061 985 et
1089 934 1195 986 duo
1230 934 1407 1000 pupuli
1440 935 1578 986 intra
1614 948 1712 985 nos
1745 941 1903 986 sunt:

324 1020 446 1059 nam
478 1019 530 1058 et
575 1007 827 1060 vii-tntum
875 1005 1130 1075 populus,
1174 1018 1222 1057 et
1259 1008 1507 1057 vitiorum
1559 1006 1907 1058 nihilominus

324 1078 462 1129 intra
499 1093 595 1130 nos
626 1088 727 1132 est.
784 1076 856 1128 De
884 1080 1037 1130 corde
1066 1079 1203 1128 enim
1235 1086 1420 1129 nostro
1462 1076 1736 1142 procedunt
1771 1074 1909 1142 cogi-

322 1148 539 1201 tationes
576 1151 742 1209 malle,
773 1149 1047 1212 adulteria,
1084 1151 1244 1216 furta,
1276 1148 1409 1213 falsa
1441 1149 1745 1204 testimonia.
1779 1147 1905 1213 doli,

320 1220 685 1288 contentiones,
712 1219 947 1282 haereses,
966 1219 1188 1284 invidiae,
1206 1221 1591 1271 comessationes
1610 1218 1787 1288 (Matt.
1807 1234 1906 1282 xv;

320 1287 493 1344 Marc.
542 1306 641 1357 vn;
669 1289 809 1361 |(.'al.
842 1307 868 1341 v
904 1292 923 1357 )
951 1335 963 1355 ,
1017 1298 1072 1343 et
1102 1292 1182 1342 his
1211 1289 1429 1361 similia.
1470 1288 1631 1343 Vides
1677 1300 1909 1358 quantus

321 1363 589 1414 malorum
637 1360 867 1430 populus
899 1363 1034 1415 intra
1082 1375 1181 1415 nos
1219 1372 1299 1414 est
1356 1360 1411 1415 Si
1442 1376 1572 1414 vero
1605 1376 1909 1430 mereamur

320 1430 471 1485 illam
503 1448 685 1486 vneam
709 1436 889 1486 dicere
908 1442 1242 1491 sanctorum,
1264 1430 1306 1484 A
1331 1432 1509 1484 timore
1534 1441 1640 1493 tuo,
1668 1429 1906 1496 Domine,

325 1506 653 1571 concepimus
682 1514 728 1557 et
752 1506 1070 1574 peperimus;
1102 1504 1335 1574 spiritum
1364 1504 1548 1556 salutis
1568 1513 1667 1556 tuae
1697 1503 1909 1569 fecimus

318 1590 478 1641 super
508 1586 697 1629 terram
732 1575 865 1631 llsrt.
901 1576 1072 1641 xxvt).
1107 1585 1234 1627 tunc.
1264 1581 1316 1626 vt
1347 1574 1485 1626 alius
1518 1575 1655 1625 intra
1688 1588 1784 1626 nos
1810 1590 1907 1642 pn-

318 1647 481 1714 pulus
526 1647 820 1707 invenitur,
869 1647 921 1699 in
956 1646 1145 1713 spiritu
1175 1651 1495 1713 generatus;
1528 1647 1730 1714 fructus
1772 1646 1908 1697 enim

316 1718 535 1781 spiritus
560 1725 631 1770 est
664 1716 908 1777 charitas,
951 1714 1215 1788 gaudium,
1244 1732 1365 1785 pax,
1391 1714 1775 1788 longanimitas,
1806 1732 1903 1785 pa-

314 1788 531 1849 tientia,
579 1788 812 1854 bonitas,
859 1786 1228 1852 mansuetudo,
1284 1787 1629 1851 cantineutia,
1693 1791 1902 1840 castitas

316 1857 468 1928 (Gal.
499 1859 574 1925 v),
602 1870 655 1913 et
685 1860 767 1913 his
794 1861 1009 1912 similia.
1039 1856 1201 1910 Vides
1232 1858 1395 1909 alimn
1428 1862 1705 1925 populum,
1733 1859 1819 1921 qui
1849 1868 1902 1912 et

314 1930 436 1999 ipse
480 1932 616 1985 intra
650 1947 747 1985 nos
790 1942 901 1995 est;
947 1930 1040 1984 sed
1083 1929 1167 1983 hic
1205 1928 1381 1981 minor
1424 1939 1523 1992 est,
1557 1930 1643 1983 ilte
1691 1928 1898 1995 major:

312 2015 531 2069 semper
574 2001 715 2055 enim
748 2005 925 2069 plures
969 2012 1092 2053 sunt
1126 1999 1247 2052 mali
1295 2014 1454 2067 quam
1498 1999 1641 2064 boni,
1677 2009 1729 2053 ct
1775 2001 1899 2055 vitia

314 2075 693 2127 numerosiora
718 2070 1143 2127 virtutibus.Sed
1173 2070 1216 2123 si
1248 2072 1383 2123 tales
1415 2072 1581 2123 simus
1606 2071 1774 2138 qualis
1799 2070 1902 2125 Re-

315 2142 507 2208 becca,
549 2157 602 2200 et
648 2159 950 2198 mereamur
990 2144 1057 2196 de
1094 2142 1259 2205 Isaac,
1296 2142 1345 2193 id
1377 2152 1478 2203 est,
1511 2143 1578 2195 de
1611 2142 1776 2196 verbo
1807 2142 1900 2197 Dei

314 2212 521 2269 habere
565 2228 902 2283 conceptum,
937 2213 1098 2266 etiam
1125 2215 1177 2265 in
1208 2213 1362 2265 nobis
1390 2215 1613 2280 p0pu|us
1644 2231 1676 2281 p
1700 2213 1897 2281 tpulum

312 2286 613 2354 superabit.
639 2294 692 2338 et
716 2287 887 2353 major
908 2287 1104 2339 serviet
1130 2283 1325 2336 minori
1347 2304 1357 2337 :
1391 2286 1587 2337 serviet
1610 2300 1749 2337 t'ttllll
1773 2298 1899 2339 caro

311 2358 555 2428 spiritui.
584 2365 636 2410 et
655 2357 792 2428 ,vitia
820 2356 1106 2428 virtutibus
1135 2356 1346 2408 Cedent.
1381 2355 1638 2428 Sequitur
1668 2372 1680 2405 :

393 2427 571 2499 (Vers.
601 2426 674 2481 24
701 2427 878 2498 seqq.)
914 2426 1135 2495 Jamque
1162 2427 1632 2499 tempusdpariendi
1658 2434 1896 2499 venerat,

311 2509 366 2552 et
389 2496 502 2552 ecce
526 2500 710 2569 gemini
740 2496 793 2553 in
817 2496 959 2553 utero
980 2500 1166 2570 reperti
1195 2507 1331 2549 sunt.
1348 2496 1680 2570 ,Hicsiermo,
1699 2497 1761 2570 id
1784 2507 1894 2563 est,

314 2568 580 2638 temporis
618 2571 938 2637 completio,
973 2568 1261 2627 numquam
1311 2568 1409 2621 nisi
1440 2568 1506 2621 de
1541 2568 1740 2620 Sanctis
1780 2584 1900 2621 mu—

311 2639 541 2694 lieribus
569 2642 839 2706 scribitur,
872 2642 1010 2696 sicut
1039 2641 1105 2692 de
1138 2639 1237 2692 hac
1266 2638 1505 2693 Rebecca
1540 2648 1593 2692 et
1624 2638 1897 2693 Elisaheth

315 2721 489 2764 matre
536 2711 786 2775 Joannis,
830 2722 883 2766 et
921 2710 1080 2765 Maria
1119 2725 1289 2762 matre
1324 2709 1530 2762 Domini
1566 2711 1731 2763 nostri
1770 2711 1896 2765 Jesu

315 2780 558 2846 Christi;
603 2782 744 2836 unde
787 2783 1045 2837 exintium
1092 2780 1290 2846 aliquid
1336 2790 1385 2833 et
1432 2789 1625 2846 prieter
1673 2789 1898 2836 caeteros

316 2852 569 2907 homines
606 2852 973 2920 hujuscemodi
1018 2861 1169 2918 partu
1202 2851 1535 2913 ostenditur,
1572 2860 1627 2904 et
1658 2853 1899 2918 impletio

312 2922 528 2978 dierum
559 2935 734 2993 ortum
778 2924 1031 2993 perfectae
1060 2923 1262 2977 sobolis
1308 2923 1526 2975 indicat.
1562 2924 1662 2987 Qui
1702 2924 1899 2993 primus

312 3010 550 3065 egressus
570 2990 668 3060 es't,
686 2990 834 3065 rufus
857 3005 963 3049 erat
982 3005 1029 3049 et
1051 3004 1182 3065 totus
1197 2994 1250 3047 in
1268 3010 1456 3065 morem
1475 2996 1621 3064 pellis
1640 2990 1894 3064 hiipidus,

313 3063 650 3139 vocatumque
676 3063 955 3120 estnomen
987 3064 1285 3139 ejusEsau.
1328 3063 1571 3139 Protinus
1602 3063 1730 3119 alter
1756 3082 1899 3139 egre-

2013 434 2208 509 divulsi
2242 446 2393 502 sunt,
2424 438 2517 492 sed
2550 437 2784 505 adjuncti
2818 440 2993 507 potius
3029 434 3377 509 obsequendo
3410 459 3422 494 :
3473 458 3597 499 nam

2014 508 2114 579 etsi
2146 524 2334 563 manus
2363 526 2389 562 a
2414 510 2587 571 capite
2621 511 2870 579 priemitti
2902 518 3099 578 potest,
3125 508 3394 567 connexio
3414 520 3599 569 tamen

2012 577 2131 652 ejus
2180 580 2279 632 sub
2309 586 2484 647 capite
2524 577 2631 635 est.
2686 577 3028 648 Quapropter
3083 585 3262 637 omnia
3310 599 3428 652 quae
3474 595 3601 641 ante

2013 650 2211 717 Scripta
2234 662 2378 722 sunt,
2404 660 2460 705 ut
2481 668 2579 707 nos
2602 654 2920 708 doceremur
2940 654 3139 719 scripta
3165 663 3313 719 sunt,
3331 650 3385 709 Vel
3413 655 3599 722 ﬁgure

2014 730 2213 793 nostrte
2272 721 2483 776 luerunt
2515 765 2529 787 ,
2578 734 2632 778 et
2678 727 2731 777 in
2792 726 2955 793 ligura
3019 725 3399 793 coptingebant
3444 727 3597 781 illis:

2011 789 2207 865 scripta
2239 802 2363 865 sunt
2394 803 2570 865 autem
2605 789 2973 865 prapterrnos,
3024 796 3076 850 in
3110 789 3243 861 quos
3276 798 3398 851 linis
3428 812 3600 852 samu-

2012 860 2187 915 lorum
2215 864 2453 939 obvenit.
2500 860 2616 930 Qui
2646 860 2787 921 enim
2820 860 3016 937 primus
3044 860 3273 937 egressus
3308 876 3401 935 est,
3449 870 3599 939 rufus

2012 945 2143 997 erat,
2177 944 2219 985 et
2254 943 2389 1008 totus
2388 936 2469 1008 _in
2494 950 2684 1008 morem
2720 936 2866 1000 pellis
2888 936 3142 1008 hispidus,
3168 950 3503 1003 vocatumque
3516 936 3598 994 est

2010 1017 2195 1082 nomen
2238 1007 2347 1075 ejus
2369 1004 2545 1082 ΔΕεαιι.
2578 1006 2830 1061 Pratinus
2868 1004 2999 1065 alter
3028 1009 3324 1082 egrediens,
3364 1012 3597 1082 plantam

2012 1073 2225 1151 [ratris_
2247 1073 2446 1151 tenebat
2476 1094 2627 1151 manu
2653 1118 2668 1139 ,
2704 1090 2748 1131 et
2777 1081 2969 1134 idcirco
2996 1073 3286 1151 appellatus
3309 1073 3380 1135 est
3409 1080 3595 1136 Jacob.

2010 1145 2160 1221 Quod
2197 1147 2392 1201 Paulus
2423 1150 2703 1221 apostolus
2733 1166 2977 1218 magnum
3014 1145 3127 1205 vult
3157 1152 3375 1217 intelligi
3408 1154 3593 1221 gratiae

2012 1218 2413 1289 documentum.
2460 1219 2568 1273 Cur
2610 1221 2695 1274 ille
2728 1230 2871 1273 totus
2898 1224 3055 1289 rufus
3074 1233 3128 1275 et
3174 1218 3442 1289 hispidos,
3490 1224 3595 1278 nisi

2011 1288 2134 1361 quia
2162 1290 2386 1356 populus
2411 1290 2558 1359 prior
2584 1291 2963 1361 prophetarum
2987 1307 3032 1347 et
3050 1288 3371 1346 Cltristil'uil
3396 1308 3594 1348 cruore

2011 1360 2285 1427 pollutus,
2337 1376 2400 1415 ac
2449 1365 2652 1425 peccati
2688 1360 2761 1416 et
2806 1365 3054 1423 nonnitiae
3099 1364 3347 1429 squalore
3389 1365 3594 1420 exstitit

2010 1432 2409 1485 circumdatus?
2454 1434 2616 1497 Cujus
2649 1434 2769 1487 ideo
2817 1433 2993 1487 minor
3022 1434 3333 1488 calcaneum
3386 1437 3590 1501 lenuit,

2011 1504 2131 1573 quia
2191 1503 2446 1572 mystice,
2501 1505 2671 1573 major
2716 1504 2979 1558 minorem
3028 1512 3375 1571 superatnrus
3430 1517 3589 1572 erat;

2010 1572 2191 1640 planta
2217 1578 2357 1627 enim
2387 1575 2527 1627 Esau
2552 1572 2905 1629 nevissimum
2931 1578 3289 1645 prmsignabat
3311 1574 3592 1632 Israelitici

2012 1647 2190 1711 populi
2245 1654 2499 1713 tempus,
2551 1647 2603 1699 in
2654 1662 2759 1711 quo
2804 1647 3063 1700 Dominus
3105 1657 3289 1700 noster
3333 1646 3589 1703 advenire

2011 1714 2256 1789 dignatus
2288 1728 2395 1779 est,
2447 1726 2502 1768 ut
2551 1719 2631 1780 eis
2660 1718 2930 1772 conferret
2959 1719 3208 1789 salutem.
3242 1718 3345 1772 Sed
3378 1720 3428 1771 in
3461 1728 3590 1789 t-ypo

2009 1785 2363 1858 Ninivitarum
2405 1789 2643 1855 gentium
2690 1791 2947 1858 p0pulus,
2983 1802 3035 1841 ut
3059 1788 3225 1843 Jacob
3257 1789 3394 1843 Esau
3424 1785 3589 1845 Israel

2004 1856 2337 1911 incredulnm
2381 1856 2777 1913 condemnavit.
2813 1860 2963 1914 Unde
2985 1870 3036 1913 et
3062 1860 3245 1922 Jacob,
3272 1874 3299 1911 a
3330 1860 3586 1916 luctando

2003 1930 2089 1981 vel
2123 1929 2516 2001 supplantando
2540 1947 2733 1983 nomen
2760 1934 2983 1999 accepit.
3020 1931 3277 2000 Sequitur
3310 1948 3322 1983 :
3352 1932 3585 2001 Seaage-

2004 2000 2183 2053 uarius
2234 2009 2342 2054 erat
2398 1999 2546 2053 Isaac
2589 2002 2793 2070 quando
2825 2004 2931 2055 nati
2984 1999 3124 2055 sunt
3154 2001 3375 2069 parvuli.
3422 1999 3589 2057 sem

2003 2074 2147 2123 enim
2188 2082 2347 2123 relate
2394 2073 2575 2124 mundi
2606 2073 2859 2140 populum
2907 2072 3212 2127 Judirornm
3247 2083 3465 2139 propter
3494 2086 3589 2127 su-

2006 2140 2247 2208 perbiam
2278 2152 2331 2195 et
2362 2144 2789 2197 incredulitatem
2835 2143 3078 2198 videmus
3110 2158 3230 2197 esse
3270 2142 3536 2208 abiectum
3563 2183 3581 2210 ,

2002 2221 2053 2264 et
2094 2216 2333 2281 gentium
2365 2214 2618 2280 poniilum
2671 2216 2736 2268 ad
2786 2214 2945 2268 ﬁdem
2997 2214 3195 2268 Christi
3252 2224 3581 2270 revocatum.

2002 2282 2255 2351 Sequitur
2284 2302 2296 2335 :
2332 2283 2527 2349 Quibus
2555 2285 2767 2350 adultis,
2798 2286 2964 2355 factus
2994 2295 3065 2339 est
3098 2282 3242 2338 Esau
3279 2285 3356 2338 vir
3391 2301 3585 2352 gnarus

2002 2356 2223 2425 venandi
2272 2368 2317 2407 et
2370 2356 2519 2407 homo
2551 2354 2817 2425 agricola;
2847 2354 3006 2409 Jacob
3034 2364 3204 2410 autem
3248 2356 3324 2408 vir
3367 2355 3585 2425 simplex

1999 2422 2263 2497 habitabat
2291 2426 2345 2478 in
2362 2422 2732 2497 tabernaculis.
2765 2425 2918 2480 Isaac
2939 2426 3141 2480 amabat
3172 2425 3334 2497 Esau,
3358 2442 3416 2497 eo
3444 2422 3584 2497 quod

2000 2496 2065 2565 de
2094 2496 2439 2550 venationibus
2492 2498 2633 2551 illius
2660 2508 2958 2562 vesceretur,
3003 2510 3049 2551 et
3084 2496 3307 2553 Rebecca
3337 2496 3586 2565 diligebat

1998 2564 2185 2639 Jac-ob.
2205 2567 2269 2639 in
2300 2581 2427 2639 typo
2475 2567 2651 2637 itaque
2675 2568 2839 2634 Esau,
2866 2570 3096 2624 carnalis
3117 2568 3348 2639 populus
3376 2564 3578 2639 Israel,

2000 2647 2060 2690 ut
2080 2638 2145 2691 de
2177 2637 2466 2691 Neml'iroth
2498 2640 2709 2707 legitur,
2745 2640 2982 2694 Venator
3012 2637 3189 2694 luit—et
3216 2638 3451 2708 agricola
3484 2656 3497 2692 :
3526 2638 3582 2694 id

2000 2718 2105 2770 est,
2140 2710 2411 2776 proprium
2445 2710 2825 2778 derelinquens
2858 2712 3046 2773 Deum,
3081 2718 3426 2764 externarum
3451 2724 3587 2779 gen-

2001 2781 2131 2831 tium
2172 2780 2277 2833 diis
2324 2781 2526 2835 cultum
2558 2782 2876 2849 sacrilegum
2923 2782 3199 2847 exhibuit,
3246 2789 3300 2835 et
3351 2782 3583 2835 terrenis

1999 2850 2385 2917 cupiditatibus
2434 2867 2496 2906 ac
2521 2852 2801 2908 desideriis
2825 2853 3038 2907 deditus
3088 2861 3190 2907 est.
3242 2850 3395 2918 Quod
3449 2865 3583 2909 vero

1998 2920 2168 2977 Jacob
2196 2924 2245 2975 in
2272 2922 2433 2975 domo
2462 2924 2690 2992 simplex
2738 2926 3010 2978 habitabat
3037 2932 3092 2978 et
3129 2923 3245 2977 sine
3266 2922 3391 2975 dolo
3418 2963 3431 2985 ,
3472 2937 3582 2977 non

2003 3008 2096 3059 per
2123 2994 2301 3045 dolum
2334 3001 2545 3061 accepit
2582 2995 2918 3063 primogeniti
2980 2994 3411 3049 benedictionem
3436 3034 3449 3055 ,
3483 3007 3585 3051 nec

2002 3079 2100 3131 per
2130 3064 2372 3118 fraudem
2404 3064 2703 3132 subripuit,
2735 3067 2828 3121 sed
2857 3076 2914 3120 ut
2952 3066 3055 3121 sibi
3084 3065 3317 3119 debitam
3343 3065 3581 3135 accepit,

315 3138 487 3209 diem,
518 3138 748 3209 plantam
779 3138 955 3209 fratris
987 3135 1183 3209 tenebat
1214 3152 1390 3204 manu,
1418 3146 1470 3209 et
1501 3135 1899 3209 idcircoap'pel-
1929 3138 1973 3199 ε
2007 3136 2533 3209 quam_concedente
2553 3137 2716 3191 l‘ratre
2744 3137 2809 3191 de
2832 3138 2995 3209 lentis
3023 3135 3269 3209 mercede
3298 3150 3582 3209 comparag

317 3207 460 3262 latus
493 3207 564 3261 est
592 3207 784 3263 Jacob.’
807 3208 919 3264 Non
950 3210 1017 3261 ob
1043 3208 1185 3261 aliud
1216 3215 1340 3259 ante
1365 3208 1655 3260 adventum
1688 3207 1899 3263 Domini

320 3280 522 3347 scripta
546 3290 666 3333 sunt
684 3286 859 3333 omnia
887 3296 1002 3346 quae
1024 3277 1076 3331 in
1102 3279 1395 3346 Scripturis
1422 3280 1622 3332 Sam-tis
1648 3278 1897 3345 legitnus,

318 3350 424 3402 nisi
460 3362 516 3401 ut
565 3351 771 3404 Donrni
806 3350 1275 3405 commendaretur
1315 3348 1606 3415 adventus,
1638 3362 1687 3401 et
1721 3349 1897 3403 futura

320 3423 741 3492 prasignaretur
762 3421 1024 3484 Ecclesia,
1045 3422 1093 3473 id
1115 3430 1221 3492 _e~t,
1244 3421 1468 3485 populus
1492 3422 1579 3475 Dei
1604 3434 1693 3485 per
1711 3436 1899 3476 otiines

316 3502 463 3563 genti
486 3490 540 3554 s,
571 3510 655 3562 qui
681 3494 710 3545 d
744 3502 825 3545 est
855 3508 1047 3559 Curptts
1078 3490 1214 3561 ejus,
1251 3492 1513 3557 adjunctis
1543 3502 1700 3560 atque
1723 3508 1896 3546 annu-

325 3564 548 3616 nwratis
572 3563 819 3617 omnibus
861 3564 1088 3627 sanctis,
1132 3564 1219 3627 qui
1254 3563 1415 3615 etiam
1446 3570 1570 3615 ante
1610 3564 1897 3617 adientmn

322 3635 440 3700 ejus
492 3636 542 3687 in
601 3635 699 3688 hoc
750 3636 950 3687 sa‘culo
998 3635 1239 3686 vixerunt
1270 3674 1283 3693 ,
1337 3636 1405 3685 ita
1444 3649 1562 3686 eum
1618 3636 1900 3688 credentes

325 3714 609 3759 venturum
643 3722 783 3765 esse.
816 3708 951 3759 sicut
982 3720 1076 3757 nos
1104 3706 1314 3757 venisse
1350 3722 1361 3756 :
1395 3704 1533 3757 sicut
1564 3706 1703 3758 enim
1736 3705 1901 3759 Jacob

325 3791 540 3829 manum
575 3780 738 3843 prius,
766 3779 889 3829 dum
917 3788 1249 3839 nasceretur,
1280 3775 1454 3827 emisit
1486 3792 1549 3828 ex
1581 3785 1753 3839 utero,
1781 3793 1900 3844 qure

324 3849 487 3900 etiam
535 3852 720 3915 ρειιιιιιι
767 3847 1151 3905 prrenascentis
1185 3848 1363 3899 fratris
1409 3848 1656 3911 tenebat,
1708 3848 1901 3901 deinde

327 3920 512 3986 utique
543 3930 783 3971 secutum
830 3927 909 3972 est
941 3928 1099 3984 caput
1123 3957 1136 3981 ,
1184 3927 1309 3969 tunc
1338 3918 1550 3969 denmm
1592 3920 1901 3971 necessario

325 4002 519 4042 caetera
572 3992 855 4042 membra:
906 3990 1000 4041 sed
1035 4000 1209 4041 tamen
1258 4000 1411 4052 Capiti
1442 4003 1548 4040 non
1594 3998 1794 4043 tantum
1838 4004 1901 4042 ea

328 4062 569 4113 membra
617 4076 737 4127 qua:
769 4073 952 4114 secuta
986 4070 1106 4113 Sttnt
1127 4104 1138 4123 ,
1170 4058 1263 4112 sed
1294 4064 1450 4111 etiam
1482 4060 1649 4127 ipsum
1685 4076 1899 4113 manum

327 4145 446 4199 quae
479 4134 529 4183 in
565 4131 834 4185 nascendo
868 4129 1172 4198 princeSsit,
1225 4131 1483 4197 dignitate
1532 4147 1593 4184 ac
1639 4141 1902 4198 potestate

327 4202 606 4268 pra-cedit,
633 4216 685 4255 et
707 4203 949 4272 quamvis
977 4218 1080 4255 non
1108 4212 1348 4267 tempore
1374 4203 1689 4268 apparemli,
1726 4215 1899 4257 tamen

324 4283 533 4343 naturie
588 4275 779 4328 ordine
828 4274 978 4343 prius
1033 4286 1113 4326 ρει
1166 4290 1178 4324 :
1230 4272 1301 4325 ita
1346 4284 1397 4326 et
1448 4274 1699 4326 Dominus
1746 4273 1902 4327 Jesus

319 4342 606 4407 Christus,
661 4346 760 4398 etsi
811 4357 1099 4412 antequam
1146 4353 1431 4410 appareret
1480 4344 1530 4396 in
1587 4358 1788 4405 carne,
1848 4353 1904 4399 et

319 4416 722 4484 quodammodo
752 4431 815 4468 ex
844 4426 995 4469 utero
1022 4415 1216 4467 secreti
1248 4417 1326 4467 sui
1371 4414 1434 4466 ad
1467 4415 1743 4468 hominum
1774 4432 1904 4470 ocu-

319 4484 405 4557 los
435 4487 683 4539 mediator
718 4486 810 4538 Dei
842 4498 884 4540 et
915 4486 1179 4539 hominum
1201 4484 1351 4537 homo
1384 4486 1423 4557 (Ι
1462 4484 1593 4537 Tim.
1627 4488 1684 4556 ιι)
1715 4502 1901 4555 proce-

320 4554 497 4615 deret,
522 4556 613 4624 q'ti
637 4566 718 4610 est
740 4572 900 4623 super
918 4558 1093 4609 omnia
1118 4556 1254 4608 Deus
1276 4554 1584 4609 benedictus
1604 4558 1652 4609 in
1668 4554 1895 4625 smnia,

321 4628 584 4695 prmiiiisit
606 4629 655 4680 in
680 4628 879 4681 sanCIis
905 4626 1221 4694 patriarchis
1249 4637 1299 4681 et
1324 4627 1593 4697 prophetis
1616 4634 1897 4697 quamdam

322 4707 534 4768 partem
566 4700 808 4764 COI‘plIl‘lS
835 4700 939 4763 sui,
971 4713 1071 4763 qua
1108 4699 1253 4751 velut
1284 4714 1440 4750 manu
1473 4700 1799 4752 nascituium
1840 4717 1899 4756 se

321 4782 444 4822 esse
496 4770 889 4835 przenuntians,
934 4772 1093 4823 etiam
1127 4770 1378 4837 populum
1424 4774 1653 4836 superbe
1694 4786 1897 4837 praece-

324 4838 569 4904 dentem,
604 4841 827 4893 vinculis
856 4841 985 4907 legis
1008 4851 1275 4906 tamquam
1306 4840 1485 4908 digitis
1507 4843 1739 4907 quinqu
1766 4856 1896 4908 sup-

323 4910 535 4979 plantat
582 4928 594 4962 :
646 4912 769 4979 quia
815 4923 867 4963 et
898 4927 991 4979 per
1023 4920 1319 4977 temporum
1364 4914 1597 4978 quinque
1641 4913 1897 4968 articulos

321 4982 673 5104 praenuntiam
703 4991 959 5036 venturus
986 4983 1399 5051 prophetarique
1423 4998 1525 5034 nori
1555 4981 1790 5046 destitit;
1838 4996 1891 5039 et

364 5051 448 5104 uic
502 5055 576 5104 rei
620 5062 975 5104 consonantes
1021 5068 1112 5104 per
1160 5067 1295 5104 (lllOS
1339 5056 1419 5104 lex
1456 5054 1572 5104 data
1607 5062 1689 5104 est
1725 5054 1889 5104 libros

364 5051 448 5105 uic
502 5055 576 5105 rei
620 5062 975 5108 causonantes
1021 5068 1112 5119 per
1160 5067 1295 5117 quos
1339 5056 1419 5105 lex
1456 5054 1572 5105 data
1607 5062 1689 5106 est
1725 5054 1889 5110 libros

320 5136 555 5193 quinque
579 5124 924 5191 conscripsit;
952 5134 1005 5176 et
1027 5124 1237 5191 supetbi
1267 5125 1555 5178 carnaliter
1584 5125 1886 5193 sapientes,

320 5202 376 5246 et
402 5207 551 5246 suam
580 5194 839 5263 justitiam
881 5194 1120 5247 volentes
1154 5196 1516 5256 constituere,
1555 5209 1659 5247 non
1702 5211 1886 5263 aperta

322 5276 479 5317 manu
494 5263 690 5319 Christi
708 5265 897 5332 repleti
922 5273 1043 5317 sunt
1066 5265 1452 5329 benedictione,
1477 5265 1567 5318 sed
1596 5269 1886 5321 constriCta

322 5343 480 5402 atque
524 5334 774 5389 conclusa
807 5336 998 5390 retenti
1031 5344 1173 5389 sunt.
1206 5335 1385 5405 Itaque
1414 5337 1487 5389 illi
1515 5335 1733 5404 obligati
1762 5348 1888 5392 sunt

321 5406 457 5473 pede
506 5414 561 5460 et
599 5407 938 5471 ceciderunt,
972 5421 1069 5459 nos
1100 5422 1224 5458 vero
1250 5408 1581 5461 surreximus
1627 5417 1679 5460 et
1722 5411 1885 5463 erecti

320 5491 523 5546 sumus.
557 5477 809 5542 Quamvis
838 5492 969 5541 ergo
990 5520 1003 5539 ,
1037 5484 1094 5529 ut
1123 5476 1251 5535 dixi.
1289 5478 1606 5546 praemiserit
1634 5478 1889 5535 Dominus

319 5544 565 5603 Christus
604 5551 889 5619 quamdam
924 5559 1127 5619 partem
1161 5544 1401 5619 corporis
1442 5550 1526 5602 sui
1568 5551 1616 5601 in
1648 5564 1846 5605 sanctis
1872 5595 1887 5619 ,

318 5619 409 5688 qui
456 5636 581 5674 eum
630 5621 882 5675 nascendi
934 5631 1173 5687 tempore
1221 5630 1613 5688 pra~ceSserunt
1647 5662 1661 5686 ,
1714 5631 1891 5678 tamen

318 5687 435 5758 ipse
456 5703 538 5745 est
554 5704 711 5761 caput
733 5692 979 5760 corporis
1003 5687 1273 5755 Ecclesiae,
1299 5692 1484 5762 illique
1507 5707 1694 5747 omnes
1714 5697 1887 5749 eidem

318 5763 562 5836 corpori,
604 5762 756 5835 cujus
785 5762 875 5819 ille
916 5772 1076 5836 caput
1106 5771 1213 5831 est,
1246 5762 1587 5819 cohaeserunt
1621 5767 1890 5824 credendo

1926 4526 1979 4586 Ι)

2007 3208 2102 3261 vit.
2159 3206 2416 3275 Sequitur
2453 3224 2465 3259 :
2498 3208 2644 3279 Coxit
2697 3218 2864 3261 autem
2902 3207 3064 3262 Jacob
3114 3206 3450 3279 pulmentum.

2003 3295 2150 3349 quem
2176 3274 2290 3331 cum
2318 3280 2530 3350 venisset
2563 3278 2704 3333 Esau
2732 3281 2897 3333 lassus
2925 3278 2989 3333 de
3017 3274 3171 3350 agro,
3196 3278 3309 3331 ait:
3337 3274 3426 3350 Da_
3459 3278 3586 3331 mihi

2004 3348 2066 3403 de
2091 3350 2319 3402 coctione
2345 3348 2443 3403 hac
2472 3354 2613 3419 rufa,
2643 3352 2763 3421 quia
2786 3352 2971 3422 oppido
3015 3348 3179 3422 lassus
3215 3364 3354 3422 sum,
3387 3348 3587 3422 Quam-

2002 3424 2175 3476 obrem
2204 3430 2439 3473 vocatum
2464 3418 2546 3473 est
2562 3418 2743 3475 nomen
2767 3418 2880 3491 ejus
2910 3422 3096 3491 Edam.
3128 3419 3221 3475 Cui
3247 3420 3377 3471 dixit
3399 3418 3583 3491 Jachb,

2011 3492 2189 3547 Vende
2233 3493 2360 3544 mihi
2406 3492 2743 3560 primogenita
2772 3487 2879 3546 tua.
2918 3493 2983 3545 At
3028 3490 3120 3545 ille
3160 3491 3448 3557 respondit,
3497 3487 3584 3544 En

2004 3566 2214 3636 morior,
2249 3563 2373 3632 quid
2410 3564 2537 3636 milii
2570 3559 2848 3636 proderunt
2879 3563 3262 3636 primogenita?
3289 3562 3371 3636 Ait
3397 3559 3582 3628 Jacob,

2004 3633 2137 3687 Jura
2165 3650 2283 3706 ergo
2313 3636 2459 3688 mihi.
2477 3632 2680 3706 Iuravit
2711 3632 2946 3693 Esaia—et
2973 3633 3199 3706 vendidit
3223 3634 3583 3706 primogenita;

2006 3719 2053 3759 et
2078 3708 2150 3759 sic
2178 3704 2383 3772 accepto
2412 3722 2543 3773 pane
2572 3716 2615 3761 et
2644 3705 2797 3759 lentis
2822 3706 2992 3759 edulio
3021 3705 3259 3766 comedit,
3290 3714 3336 3756 et
3363 3704 3505 3766 bibit,
3536 3711 3585 3758 et

2006 3778 2172 3843 abiit,
2218 3778 2362 3846 parvi
2404 3778 2629 3847 pendens
2680 3778 2816 3844 quod
2866 3777 3204 3847 primogenita
3254 3775 3580 3847 vendidisset.

2008 3844 2247 3901 Tl’ndtllll
2277 3844 2502 3900 Haab‘raai
2535 3863 2723 3901 omnes
2749 3844 3130 3916 primogenitos
3161 3844 3375 3898 functos
3403 3844 3582 3899 ollicio

2008 3920 2325 3972 sacerdotali
2357 3928 2642 3986 antequam
2677 3922 2855 3973 Aaron
2883 3919 2936 3972 in
2970 3916 3326 3971 sacerdotium
3356 3916 3586 3983 eligere-

2008 3998 2113 4054 tur,
2144 3998 2197 4043 et
2224 3988 2477 4043 habuisse
2500 3991 2876 4044 vestimentum
2906 3987 3258 4050 sacerdotale,
3283 3998 3390 4055 quo
3412 3986 3585 4040 induti

2008 4062 2251 4114 victimas
2296 4060 2405 4113 Deo
2444 4059 2770 4124 offerebant;
2820 4069 2873 4113 et
2904 4060 3017 4113 ha-c
3042 4073 3162 4112 esse
3191 4057 3577 4127 primogenita,

2007 4130 2112 4184 hoc
2135 4138 2246 4195 est,
2276 4134 2594 4184 ve-timenta
2632 4134 2789 4197 leau,
2819 4146 2936 4199 quze
2964 4126 3209 4183 vendidit
3233 4127 3399 4181 Jacob
3430 4126 3582 4180 fratri

2009 4216 2108 4257 suo
2140 4220 2152 4255 :
2185 4218 2304 4255 nam
2337 4204 2476 4270 quod
2509 4205 2609 4255 iste
2650 4202 2787 4255 Esau
2833 4200 3186 4270 primogenita
3240 4212 3332 4251 sua
3366 4205 3584 4270 propter

2009 4289 2185 4327 escam
2221 4268 2367 4325 fratri
2400 4288 2497 4326 suo
2521 4272 2720 4339 juniori
2750 4268 3114 4336 venumdavit,
3147 4284 3210 4323 ac
3241 4268 3582 4337 postmodum

2013 4356 2231 4409 paterna
2256 4345 2629 4397 benedictione
2653 4344 2894 4413 privatus
2916 4352 3020 4408 est,
3048 4339 3581 4413 signiﬁcateumdem

2012 4414 2359 4470 Israeliticum
2392 4409 2673 4482 populum,
2722 4416 2810 4482 qui
2840 4429 2869 4467 a
2904 4415 3042 4474 Deo,
3075 4422 3134 4466 ut
3164 4410 3331 4465 Exodi
3380 4409 3584 4482 indicat

2013 4487 2170 4549 liher,
2204 4481 2592 4554 primogenitus
2639 4481 2777 4538 illius
2807 4494 3143 4551 nuncupatus
3167 4492 3251 4537 est
3277 4524 3293 4554 .
3331 4481 3421 4550 qui
3449 4494 3579 4554 pro:

2006 4569 2123 4625 pter
2145 4550 2426 4625 ρτὶρεειιιῖδ
2455 4557 2634 4611 szeiuli
2665 4557 2832 4623 lucra,
2866 4572 2971 4610 non
2996 4550 3177 4609 'solum
3210 4550 3471 4625 primatus
3499 4550 3584 4606 sui

2005 4623 2264 4684 honorem
2291 4632 2490 4694 amisit,
2522 4643 2707 4682 verum
2734 4629 2894 4681 etiam
2917 4638 2970 4680 et
2996 4628 3145 4696 regni
3177 4623 3417 4696 caelestis
3444 4636 3584 4696 pra:-

2004 4706 2167 4753 mium
2228 4693 2580 4766 praeparatum
2638 4698 2857 4766 adipisci
2905 4713 3013 4751 non
3061 4693 3312 4766 meruit,
3354 4693 3583 4766 Domino

2003 4772 2397 4837 quodammodo
2428 4772 2478 4824 id
2508 4770 2681 4824 eidem
2715 4765 3099 4835 exprobrante,
3129 4780 3249 4819 cum
3285 4765 3442 4837 dicit,
3475 4765 3584 4837 Auf

2003 4836 2195 4911 feretur
2226 4860 2256 4893 α
2284 4842 2422 4895 vobis
2448 4857 2682 4912 regnum
2718 4839 2808 4892 Dei
2827 4881 2856 4912 ,A
2881 4850 2925 4912 et
2961 4839 3166 4912 dabitur
3194 4836 3332 4909 genti
3377 4836 3585 4912 facienti

2002 4907 2226 4982 fructum
2254 4917 2363 4980 ejus
2411 4907 2626 4985 (Matth.
2655 4912 2790 4979 XXI).
2836 4907 3394 4985 Pritnogenita‘antem
3442 4907 3580 4985 ipsa,

2001 4977 2058 5037 ut
2101 4986 2210 5051 jam
2237 4977 2394 5052 supra
2419 4977 2635 5035 'dn-tum
2685 4977 2787 5044 est,
2839 4977 3151 5033 vi‘stis'erat
3197 4977 3581 5052 sacerdotalis,

1996 5045 2155 5125 quam
2187 5045 2416 5123 majires
2450 5064 2573 5105 natu
2606 5069 2723 5106 cum
2760 5053 3136 5125 benedictione
3163 5051 3332 5125 patris
3368 5045 3577 5125 induti,

1994 5116 2243 5181 victimas
2268 5116 2385 5178 Deo
2420 5126 2563 5177 velut
2606 5124 2883 5187 pontiﬁces
2915 5116 3209 5175 oﬂerebant
3244 5134 3257 5171 :
3288 5116 3387 5171 hoc
3438 5117 3583 5170 dono

1997 5198 2192 5249 terreni
2226 5196 2425 5249 amoris
2460 5195 2726 5249 desiderio
2755 5190 3239 5261 carueruutjludiei
3266 5203 3385 5242 cum
3414 5187 3583 5259 gloria

1996 5268 2143 5336 regni
2178 5265 2363 5319 futuri.
2398 5266 2647 5333 Sequitur
2679 5282 2693 5319 :

2067 5328 2221 5407 (Cap.
2258 5337 2450 5391 XXVI.
2487 5328 2552 5377 '—
2584 5336 2735 5391 Vers.
2771 5337 2793 5389 1
2846 5332 3024 5402 seqq.)
3076 5331 3201 5385 Orta
3232 5340 3402 5407 autem
3442 5328 3578 5407 {ante

1998 5399 2149 5479 super
2169 5399 2376 5481 'tcrram
2416 5417 2527 5481 past
2566 5399 3180 5481 eantsterilitatenrquce
3218 5400 3511 5481 acciderat“
3527 5399 3583 5451 in

1998 5467 2174 5533 dibbas
2202 5467 2493 5541 Abraham,
2526 5479 2646 5531 abiit
2680 5476 2827 5530 Isaac
2864 5478 2931 5527 ad
2955 5467 3240 5527 Abinielcch
3268 5486 3436 5542 regem
3464 5467 3580 5542 Pa-

2002 5553 2316 5605 la’slinorum
2348 5555 2398 5604 in
2425 5550 2643 5605 Gerara.
2671 5549 2941 5615 Quaaritur
2979 5549 3078 5599 hoc
3118 5540 3340 5610 quando
3377 5544 3447 5595 sit
3496 5540 3580 5615 la-

2000 5631 2175 5679 ctum:
2208 5638 2381 5677 utrum
2412 5631 2597 5692 postea
2619 5613 2775 5689 quam
2803 5618 2941 5692 Esau
2966 5616 3205 5692 vendidit
3228 5613 3580 5692 primogenita

2000 5709 2117 5761 sua,
2148 5705 2266 5764 post
2296 5684 2439 5750 illam
2470 5684 2665 5764 quippe
2689 5690 3052 5764 narrationem
3078 5689 3176 5764 hoc
3205 5700 3428 5741 narrare
3448 5684 3582 5764 inci-

2000 5768 2107 5839 pit;
2141 5762 2228 5833 an,
2265 5777 2320 5822 ut
2349 5765 2461 5820 ﬁeri
2490 5762 2650 5828 Solet,
2688 5775 2780 5830 per
2796 5762 3297 5831 recapitulationetn
3327 5762 3582 5814 narrator
