4024 6336
429 251 540 314 985

1456 248 1550 306 an
1581 245 1817 305 OPERA
1853 243 1916 300 s.
1954 239 2276 301 EUCIIERII
2312 222 2683 304 specum.

3601 245 3738 307 9S“

430 370 503 431 ad
527 382 590 425 ea
617 375 869 426 reversus
896 367 996 434 sit,
1043 379 1164 424 cum
1192 351 1511 436 progressus
1537 365 1608 422 de
1636 364 1761 421 ﬁliis
1788 363 1907 434 ejus
1951 363 2019 420 ad
2046 369 2097 430 Α
2126 360 2260 418 illud
2291 362 2416 436 inde
2445 363 2523 436 sit
2541 361 2837 436 cognitum.
2869 359 3119 420 Profecto
3140 361 3385 434 quisquis
3411 372 3479 436 ne
3501 360 3728 436 aliquid

431 456 557 497 cum
579 441 766 519 locum
783 440 1146 509 pervenisset,
1177 436 1272 519 qui
1297 436 1366 492 de
1394 437 1658 519 lenticula
1685 451 2017 519 commemo-

433 522 584 568 ratus
601 521 699 566 est.
719 507 898 566 movet
914 519 1094 564 autem
1116 507 1240 578 quia
1261 511 1376 576 ipse
1394 507 1662 562 invenitur
1681 507 2014 573 Abimelech,

433 583 524 652 qui
558 581 718 637 etiam
767 581 956 637 Saram
986 579 1370 652 concupiverat
1417 596 1441 652 :_
1472 578 1638 652 ipsius
1665 579 1808 633 enim
1863 592 2020 652 para:

436 647 706 725 nymphas
735 661 790 706 et
806 652 1072 725 princeps
1117 647 1322 706 militia:
1351 648 1445 720 qui
1494 650 1566 704 ibi
1609 647 2018 725 commemorati

434 721 581 782 sunt,
614 722 773 777 etiam
805 721 894 777 hic
921 729 1444 785 commemorantur;
1489 731 1664 773 utrum
1713 721 1794 775 vel
1841 722 2020 776 vivere

437 796 668 862 potuerit
699 811 713 846 :
760 794 971 862 quando
1017 792 1157 845 enim
1203 794 1407 845 amicus
1437 794 1606 844 lactus
1633 798 1717 844 est
1745 791 1977 846 Abrahae
2002 831 2018 858 ,

437 867 675 918 nonduin
719 872 874 918 natus
902 872 1019 917 erat
1053 862 1220 927 Isaac,
1269 864 1363 918 sed
1408 863 1516 930 jam
1553 864 1868 927 promissus.
1915 864 2020 917 Po-

437 951 630 990 namus
676 945 800 989 ante
831 950 1060 1000 annum,
1115 948 1275 1002 quam
1321 943 1636 988 nasceretur
1680 933 1858 1002 Isaac,
1915 933 2018 989 hoc

436 1005 602 1061 fuisse
631 1006 847 1060 factum.
881 1006 1080 1060 Deinde
1109 1005 1259 1060 Isaac
1279 1005 1516 1074 suscepit
1540 1002 1697 1070 ﬁlios,
1725 1019 1847 1059 cum
1871 1015 2039 1060 esset

436 1078 710 1147 sexaginta
736 1091 1031 1140 annorum;
1057 1076 1132 1130 illi
1159 1088 1333 1147 autem
1353 1076 1578 1147 juvenes
1603 1085 1779 1140 erant,
1803 1076 2020 1146 quando

435 1146 678 1202 vendidit
709 1150 845 1202 Esau
873 1146 1228 1216 primogenita
1251 1161 1369 1200 sua.
1403 1146 1672 1200 Ponamus
1699 1147 1842 1200 enim
1871 1148 2020 1216 ipsos

435 1219 578 1274 circa
614 1221 795 1287 viginti
844 1234 1014 1272 annos
1055 1217 1256 1282 fuisse,
1316 1217 1452 1270 ﬁunt
1481 1217 1607 1270 anni
1652 1219 1825 1271 zetatis
1871 1217 2020 1273 Isaac

436 1305 606 1359 usque
635 1292 700 1344 ad
721 1291 847 1344 illud
867 1289 1067 1344 factum
1097 1290 1326 1342 ﬁliorum
1351 1287 1704 1359 ejuscirciter
1724 1290 2017 1358 octoginta.

433 1357 848 1415 AdiilesCt'ﬂlelll
875 1361 1200 1426 accipiamus
1232 1359 1396 1412 fuisse
1431 1357 1772 1426 Abimelech,
1807 1361 2020 1426 quando

437 1440 663 1486 matrem
693 1434 858 1498 ipsius
883 1430 1220 1499 concupivit,
1251 1439 1305 1484 et
1334 1429 1564 1484 Abrahm
1597 1433 1801 1485 amicus
1832 1438 1915 1485 est
1945 1433 2022 1483 la-

433 1514 574 1554 ctus.
608 1504 787 1557 Potuit
815 1517 945 1570 ergo
969 1502 1078 1569 jam
1111 1515 1232 1555 esse
1261 1506 1411 1570 quasi
1437 1501 1801 1567 centonarius,
1828 1503 1873 1554 si
1902 1513 2024 1570 post

436 1573 567 1626 illud
600 1574 798 1627 factum
821 1574 1054 1626 ﬁliorum
1079 1587 1298 1626 suorum
1328 1574 1563 1641 perrexit
1594 1572 1646 1626 in
1672 1587 1788 1626 eam
1821 1582 2020 1628 terrain

436 1641 594 1696 famis
627 1646 946 1700 necessitate
976 1643 1142 1698 Isaac.
1176 1643 1289 1696 Non
1322 1657 1452 1712 ergo
1486 1659 1551 1697 ex
1579 1642 1679 1698 hoc
1709 1642 1850 1713 cogit
1879 1645 2022 1699 nulla

438 1715 732 1769 necessitas
787 1731 882 1782 per
937 1715 1435 1782 recapitulationem
1491 1726 1681 1783 putare
1746 1725 2017 1770 narratam

437 1786 826 1854 profectionem
862 1785 1010 1839 Isaac
1041 1786 1091 1838 in
1119 1785 1352 1848 Gerara;
1386 1784 1481 1838 sed
1509 1784 1632 1854 quia
1661 1783 1736 1840 ibi
1763 1786 2018 1841 diuturno

438 1863 682 1924 tempore
712 1857 877 1910 fuisse
901 1857 1047 1911 Isaac
1077 1856 1358 1917 scribitur,
1385 1866 1438 1909 et
1471 1867 1660 1924 puteos
1697 1855 1917 1922 fodisse,
1962 1867 2018 1913 et

433 1926 504 1981 de
533 1929 614 1981 his
637 1930 999 1993 contendisse,
1023 1938 1076 1982 et
1093 1927 1320 1981 ditatum
1342 1927 1503 1980 fuisse
1527 1926 1772 1995 pecunia,
1800 1929 2014 1995 mirum,

434 1999 538 2068 nisi
589 2000 993 2066 recapitulando
1039 1999 1140 2052 ista
1189 2006 1704 2064 commemorantur,
1738 2014 1859 2068 quae
1896 1999 2018 2054 ideo

435 2067 644 2122 fueram
673 2071 1055 2138 praetermissa,
1087 2078 1145 2122 ut
1177 2068 1404 2135 primum
1452 2068 1520 2123 de
1549 2069 1674 2123 ﬁliis
1705 2067 1822 2138 ejus
1848 2086 2018 2137 usque

433 2139 502 2193 ad
538 2141 687 2194 illtnn
734 2141 909 2194 locum
958 2139 1025 2193 de
1059 2140 1352 2202 lenticula,
1399 2139 1638 2192 narratio
1690 2141 2014 2203 perveniret.

431 2211 684 2282 Sequitur
699 2209 1086 2282 :prparuitque
1105 2211 1152 2262 ei
1172 2208 1444 2282 Dominus,
1464 2218 1511 2262 et
1524 2210 1627 2263 ait:
1645 2208 1727 2264 Ne
1739 2210 2016 2267 descendas

433 2280 489 2333 in
517 2280 825 2353 zEgyptmn,
848 2282 936 2336 sed
969 2283 1170 2351 quiesce
1193 2281 1248 2334 in
1274 2291 1408 2334 terra
1438 2297 1590 2349 quam
1607 2282 1792 2353 dixero
1821 2283 1940 2346 tibi,
1970 2293 2018 2337 et

432 2351 763 2422 peregrinare
785 2354 840 2405 in
865 2370 923 2406 ea
939 2367 959 2416 ;
986 2369 1174 2421 eraque
1197 2363 1360 2406 tecum
1382 2362 1426 2405 et
1458 2351 1747 2406 benedicam
1771 2353 1894 2419 tibi;
1925 2355 2017 2408 tibi

431 2421 572 2474 enim
610 2431 658 2476 et
698 2425 877 2478 semini
915 2435 1002 2476 tuo
1023 2424 1154 2476 dabo
1184 2425 1447 2478 universas
1469 2425 1697 2492 regiones
1728 2421 1849 2489 has,
1875 2441 2017 2478 com-

434 2494 580 2562 plens
632 2497 984 2565 juramentum
1041 2510 1207 2548 meum
1259 2494 1396 2563 quod
1450 2495 1704 2564 spopondi
1755 2495 2016 2550 Abraham

433 2567 575 2631 patri
607 2574 694 2636 tuo
743 2582 763 2620 :
812 2576 858 2619 et
907 2565 1259 2636 multiplicabo
1291 2581 1459 2619 semen
1493 2577 1639 2618 tuum
1677 2566 1807 2619 sicut
1839 2567 2017 2624 stellas

433 2635 832 2708 cwli,_daboque
870 2635 1087 2708 posteris
1133 2638 1228 2690 tuis
1257 2637 1516 2690 universas
1557 2638 1786 2706 regiones
1814 2639 1936 2706 ltus,
1969 2649 2016 2693 et

433 2703 794 2761 benedicentur
842 2703 894 2759 in
946 2709 1135 2761 semine
1174 2716 1262 2760 tuo
1310 2724 1481 2760 omnes
1514 2703 1686 2775 genies
1717 2715 1866 2762 terra:
1890 2703 1930 2774 ,’
1955 2726 2016 2764 eo

431 2776 572 2843 quod
594 2778 838 2831 obedierit
864 2777 1123 2832 Abraham
1149 2778 1258 2832 coci
1283 2794 1424 2832 metu.
1459 2777 1561 2832 Iste
1591 2779 1890 2846 patriarcha
1916 2795 2016 2836 nec

433 2861 659 2918 uxorem
691 2849 877 2902 habuit
906 2851 1085 2912 aliam,
1120 2864 1216 2903 nec
1245 2849 1474 2918 aliquam
1505 2851 1881 2915 concubinam,
1915 2867 2016 2907 nec

431 2914 554 2970 ideo
581 2927 757 2974 tamen
785 2919 944 2974 istum
975 2920 1108 2988 patri
1139 2920 1256 2988 ejus
1275 2914 1531 2986 pra-ferre
1551 2920 1839 2987 debemus;
1860 2914 2017 2978 erant

431 2988 576 3060 enim
604 2990 959 3058 proculdubio
983 3002 1217 3060 paterna:
1246 2991 1365 3044 ﬁdei
1393 2999 1446 3046 et
1473 2993 1794 3046 obedientia:
1823 2998 2016 3049 merita

472 3059 645 3112 otiora
674 3104 688 3127 ,
745 3064 794 3115 in
845 3059 1050 3114 tantum
1083 3071 1140 3115 ut
1171 3073 1385 3130 propter
1419 3062 1567 3117 illum
1598 3061 1742 3116 dicat
1786 3063 1926 3119 Deus
1957 3082 2016 3121 se

2122 435 2355 490 errando
2385 433 2437 488 in
2491 431 2731 490 Ecclesia
2776 441 3000 504 peccet,
3031 431 3300 491 secretum
3328 435 3427 488 viri
3465 431 3624 503 hujus
3655 434 3728 489 in

2123 504 2413 574 Scripturis
2440 507 2643 561 sanctis
2670 505 2956 576 diligenter
3004 505 3262 566 intuetur.
3311 505 3542 561 inveniet
3581 520 3723 560 eum

2122 577 2460 640 majestatem
2517 591 2703 644 suam,
2761 591 2866 647 qua
2897 577 2962 647 _in
3009 578 3177 632 forma
3211 577 3305 632 Dei
3346 577 3566 647 aqualis
3587 587 3722 642 est,

2123 649 2394 716 paulisper
2420 645 2854 703 abscondisse'in
2885 645 3055 702 forma
3087 649 3262 712 servi,
3293 657 3352 702 ut
3381 645 3495 716 ejus
3536 662 3724 714 capax

2121 733 2243 774 esse
2272 718 2502 772 humana
2537 719 2820 773 inﬁrmitas
2840 729 3025 788 posset
3049 761 3064 782 ,
3096 735 3271 790 eoque
3301 721 3460 773 modo
3488 717 3724 790 conjugi

2121 803 2181 844 se
2209 799 2571 858 congruenter
2595 798 2823 858 aptaret.
2855 791 2992 856 Quid
3025 791 3170 845 enim
3184 789 3508 854 absurdum,
3539 789 3723 844 immo

2121 860 2252 930 quid
2275 878 2380 915 non
2406 861 2793 917 convenienter
2825 861 3120 917 futurorum
3150 863 3582 931 przrntiritiationi
3613 875 3722 914 ac—

2121 932 2547 998 commodatum,
2570 933 2614 987 si
2637 932 2897 1002 propheta
2919 933 3010 987 Dei
3029 933 3319 988 carnaliter
3335 932 3531 1002 aliquid
3556 932 3721 998 lusit,

2121 1010 2182 1073 t_tt
2206 1018 2341 1073 eum
2369 1013 2590 1073 caperet
2609 1004 2835 1058 allectus
2865 1004 3044 1058 uxoris
3065 1043 3080 1068 ,
3105 1019 3228 1058 cum
3275 1004 3448 1072 ipsum
3481 1003 3721 1073 verbum

2121 1071 2219 1127 Dei
2247 1089 2375 1127 caro
2399 1071 2597 1129 factum
2624 1085 2728 1135 est.
2749 1085 2807 1129 ut
2837 1073 3104 1129 habitaret
3127 1075 3181 1130 in
3207 1071 3680 1143 nobisZ'Sequitur
3702 1089 3722 1126 :

2195 1144 2371 1213 (Vers.
2409 1148 2498 1208 12,
2526 1143 2639 1214 l5.)
2671 1145 2949 1201 Sentium-it
2975 1155 3146 1201 autem
3176 1144 3325 1200 Isaac
3351 1146 3401 1198 in
3428 1155 3567 1199 terra
3591 1144 3724 1205 illa,

2122 1222 2168 1269 et
2186 1215 2378 1288 invenit
2400 1219 2453 1270 in
2479 1218 2592 1288 ipso
2620 1233 2759 1270 anno
2789 1216 3100 1282 centuplum.
3129 1216 3496 1288 Benedixitque
3523 1217 3572 1269 ei
3604 1215 3725 1268 Do-

2121 1287 2315 1351 minus,
2349 1297 2396 1340 et
2422 1287 2760 1358 locupletatus
2784 1296 2858 1342 est
2907 1288 3094 1353 homo,
3129 1298 3178 1341 et
3207 1287 3314 1340 ibat
3346 1288 3621 1357 proﬁciens
3650 1303 3725 1339 ac

2123 1373 2444 1430 {accrescens
2468 1398 2483 1425 ,
2539 1360 2702 1413 donec
2732 1375 2944 1430 magnus
2994 1359 3310 1430 vehementer
3355 1359 3564 1427 effectus
3611 1369 3720 1411 est.

2123 1426 2431 1484 Secundum
2485 1441 2754 1484 terrenam
2789 1426 3098 1484 lélicitatem
3125 1429 3328 1484 dictum
3371 1426 3514 1484 ISaaC
3559 1429 3726 1483 locu-

2123 1498 2380 1567 pletatum
2404 1501 2680 1570 sequentia
2707 1501 2906 1554 docent
2937 1516 2951 1556 :
2991 1502 3306 1568 exsequitur
3344 1501 3484 1556 enim
3519 1515 3720 1554 narra-

2127 1579 2212 1624 tor
2241 1571 2456 1625 easdem
2487 1576 2604 1640 ejus
2633 1571 2875 1637 divitias,
2903 1570 3100 1638 quibus
3132 1585 3358 1641 magnus
3393 1571 3563 1626 factus
3594 1580 3720 1635 est,

2124 1651 2179 1694 et
2206 1641 2331 1696 hinc
2354 1651 2531 1696 motus
2549 1652 2634 1697 est
2652 1642 2984 1697 Abimelech.
3010 1642 3208 1696 Timuit
3232 1643 3378 1696 illum
3405 1643 3475 1696 ibi
3495 1656 3621 1695 esse
3645 1657 3725 1696 ne

2125 1714 2364 1778 potentia
2413 1716 2532 1782 ejus
2583 1713 2684 1768 sibi
2739 1725 2884 1768 esset
2929 1711 3143 1768 infesta.
3197 1713 3530 1781 Quamquam
3576 1729 3723 1778 ergo

2123 1784 2366 1855 spiritale
2391 1786 2592 1855 aliquid
2623 1785 2721 1838 ista
2751 1783 3084 1853 signiﬁcent,
3117 1785 3619 1855 tamengsecundnm
3654 1783 3723 1840 id

2119 1854 2260 1925 quod
2282 1853 2646 1925 contigerunt,
2669 1855 2790 1910 ideo
2813 1856 3149 1921 praemissum
3169 1867 3272 1917 est,
3297 1853 3570 1908 Benedixit
3591 1871 3721 1908 eum

2117 1922 2374 1980 Dominus
2401 1922 2509 1981 εἰη
2535 1942 2664 1981 sana
2703 1926 2806 1980 fide
2837 1927 3195 1994 iuteligamus
3223 1927 3386 1981 etiam
3415 1926 3516 1980 ista
3557 1937 3713 1980 tein-

2117 1997 2324 2063 poralia
2346 1999 2484 2052 dona
2507 2013 2605 2052 nec
2628 1997 2741 2051 dari
2763 2011 2922 2067 pos:e
2945 2011 3043 2052 nec
3061 1999 3268 2066 sperari
3294 1996 3513 2058 debere,
3537 2000 3718 2067 etiam

2117 2081 2239 2120 cum
2267 2071 2336 2122 ab
2365 2066 3144 2136 inﬁrmioribusappetuntur,
3191 2068 3292 2122 nisi
3323 2067 3389 2123 ab
3435 2083 3540 2122 uno
3594 2066 3718 2121 Deo

2119 2137 2455 2210 t_ribuantur;
2485 2151 2539 2194 et
2567 2139 2660 2210 qui
2683 2140 2734 2193 in
2763 2141 2998 2194 minimis
3025 2139 3198 2194 ﬁdelis
3215 2148 3320 2204 est,
3347 2150 3399 2193 et
3422 2139 3476 2192 in
3499 2140 3720 2208 magnis

2118 2207 2291 2263 ﬁdelis
2321 2214 2430 2277 sit;
2459 2222 2513 2265 et
2539 2207 2628 2281 qui
2663 2211 2715 2264 in
2756 2225 3064 2265 mammona
3095 2210 3278 2279 iniquo
3312 2211 3480 2264 ﬁdelis
3505 2207 3720 2281 estin-

2119 2289 2330 2346 ventus,
2363 2285 2523 2336 etiam
2549 2279 2733 2336 verum
2767 2283 3014 2351 accipere
3038 2295 3329 2344 mereatur;
3355 2281 3493 2334 sient
3526 2279 3719 2333 Domi-

2119 2364 2223 2423 nus
2254 2352 2324 2423 in
2363 2353 2656 2423 Evangelio
2695 2353 2943 2423 loquitur;
2966 2351 3118 2422 (Luc.
3154 2356 3292 2417 xvi).
3327 2355 3478 2406 Isaac
3523 2365 3720 2406 sermo

2122 2420 2328 2494 Domini
2358 2433 2441 2478 est
2461 2465 2476 2488 ,
2506 2420 2595 2494 qui
2625 2437 2805 2477 sermo
2832 2420 2900 2478 ini
2914 2420 3030 2494 lege
3060 2423 3153 2478 Dei
3183 2424 3405 2478 ordeum
3435 2423 3711 2494 seminat,

2119 2491 2172 2564 in
2196 2493 2500 2564 Evangeliis
2524 2491 2765 2550 triticum
2791 2495 2940 2550 illum
2970 2491 3131 2548 'enim
3162 2495 3339 2549 cibum
3369 2492 3718 2563 perfectiori-

2118 2563 2220 2634 bus
2247 2574 2303 2619 et
2330 2563 2659 2634 spiritalibus
2712 2565 2853 2620 hunc
2895 2564 3385 2633 imperfectioribus
3413 2577 3466 2620 et
3496 2566 3718 2620 anima—

2117 2633 2258 2708 libus
2285 2633 2434 2704 parat
2467 2639 2628 2708 :qtiia
2654 2638 2918 2708 scriptum
2946 2647 3031 2692 est
3063 2653 3088 2708 :7
3110 2635 3361 2708 Homines
3393 2647 3438 2689 et
3463 2636 3717 2708 jumenta

2115 2707 2284 2778 saltjos
2311 2708 2488 2776 facies,
2526 2705 2761 2762 Domine
2783 2705 2901 2774 (Ps.
2935 2707 3122 2777 xxxv).
3150 2707 3298 2778 Isaac
3327 2705 3481 2778 ergo,
3523 2722 3712 2762 sermo

2117 2775 2280 2846 legis,
2314 2775 2540 2834 ordeom
2589 2780 2840 2844 seminat,
2875 2787 2928 2832 et
2984 2775 3161 2831 tamen
3191 2777 3245 2832 in
3279 2775 3599 2846 ipso'ordco
3632 2779 3716 2832 in-

2116 2849 2265 2903 venit
2309 2849 2664 2905 Centesimum
2696 2849 2955 2904 fructum.
2994 2849 3208 2904 invenis
3237 2859 3289 2904 et
3319 2849 3370 2902 in
3400 2849 3513 2918 lege
3558 2863 3713 2903 mar—

2118 2926 2287 2989 tyres,
2319 2935 2550 2993 quorum
2579 2923 3010 2993 est_centesimus
3037 2920 3262 2974 fructus.
3294 2919 3399 2993 Sed
3437 2928 3493 2973 et
3517 2918 3710 2993 Domi-

2118 3005 2217 3044 nus
2251 3003 2435 3047 noster
2463 2991 2633 3058 Isaac,
2663 2991 3073 3062 Evangeliorum
3107 2991 3446 3059 perfectiora,
3477 2991 3712 3060 qua-quo

2118 3062 2414 3127 Apostolis,
2442 3067 2610 3118 turbis
2639 3074 2820 3117 autem
2848 3064 3154 3118 communia
3175 3062 3330 3131 plane
3361 3063 3707 3130 loquebatur.

455 3133 560 3205 t_uic
591 3131 768 3205 facere
807 3131 942 3185 bona
975 3147 1096 3198 quae
1126 3133 1248 3186 facit
1277 3149 1406 3205 cum
1451 3134 1524 3187 illi
1559 3134 1720 3195 dicat,
1762 3133 1876 3205 Ego
1903 3153 2013 3191 sunt
2041 3132 2086 3196 C
2128 3133 2214 3187 Vis
2255 3145 2437 3190 autem
2481 3135 2666 3188 videre
2695 3134 2817 3201 quia
2850 3135 3012 3189 etiam
3051 3134 3166 3200 ipse
3205 3133 3353 3205 ordei
3385 3131 3535 3188 cibos
3566 3133 3710 3205 inci-

429 3197 572 3275 Deus
597 3202 854 3256 Abraham
881 3206 1043 3271 patris
1060 3207 1162 3267 tui;
1181 3204 1286 3257 noli
1311 3207 1502 3261 timere.
1530 3214 1696 3258 tecum
1721 3197 1856 3258 enim
1877 3224 2011 3275 sum,

430 3279 480 3323 et
508 3271 746 3328 benedixi
777 3285 842 3342 te,
871 3285 916 3328 et
944 3276 1296 3346 multiplicabo
1312 3291 1485 3346 semen
1514 3285 1691 3338 tuum;
1720 3286 1776 3330 ut
1816 3271 2013 3332 intellil

430 3354 800 3422 Balllllgq-tlalll
825 3356 971 3422 caste
1002 3345 1272 3422 Abraham
1304 3345 1512 3422 fecerit,
1539 3347 1680 3422 quod
1708 3346 2016 3404 hominibus

431 3413 718 3481 impudicis
738 3424 793 3469 et
815 3419 1065 3481 nequitiae
1091 3418 1159 3470 de
1180 3416 1469 3486 Scripturi~
1495 3413 1696 3472 sanctis
1723 3423 2015 3483 patrocinia

475 3486 798 3557 timentibus
853 3487 1065 3557 videtur
1110 3487 1302 3541 fecisse
1351 3489 1654 3542 libidinose.
1699 3488 1956 3557 Sequitur
2001 3511 2012 3544 :

495 3555 822 3628 ansititaque
845 3555 995 3610 Isaac
1039 3559 1091 3610 in
1137 3557 1366 3622 Geraris;
1389 3560 1496 3628 qui,
1525 3575 1641 3612 cum
1669 3555 2015 3628 interrogare-

435 3632 519 3676 tur
545 3641 576 3676 α
598 3626 716 3679 ciris
745 3626 841 3680 loci
870 3630 1007 3682 illius
1031 3645 1182 3694 super
1207 3646 1364 3684 uxore
1389 3626 1481 3683 sua
1500 3675 1512 3693 ,
1543 3631 1826 3696 respondit,
1851 3626 2018 3687 Soror

435 3710 545 3748 mea
573 3707 644 3770 est
662 3713 682 3761 ;
717 3699 951 3751 timuerat
978 3706 1115 3753 enim
1145 3701 1374 3770 conﬁteri
1404 3701 1542 3768 quod
1572 3702 1641 3755 ibi
1661 3711 1788 3756 esset
1822 3704 2018 3757 sociata

433 3768 718 3843 conjugio,_
743 3780 985 3843 reputans
1031 3788 1093 3824 ne
1133 3768 1265 3841 forte
1301 3772 1639 3843 interﬁcerent
1668 3789 1782 3825 eum
1808 3785 2019 3843 propter

434 3836 576 3890 illius
627 3836 1085 3907 pulchritudinem.
1130 3836 1281 3908 Quod
1327 3836 1476 3896 Isaac
1522 3836 1850 3908 Rebeccani,
1895 3836 2016 3912 quae

433 3921 569 3962 uxor
613 3921 765 3976 erat,
795 3929 1036 3966 sororem
1071 3913 1286 3965 tinxerit
1316 3931 1326 3963 :
1353 3928 1522 3982 genus
1562 3915 1706 3968 enim
1749 3913 2009 3970 Rebecca:

432 3993 539 4032 non
572 3983 792 4036 tacitum
841 3994 945 4048 est,
979 3993 1032 4038 et
1056 3999 1179 4054 ram
1211 3999 1306 4053 per
1331 3986 1664 4038 notissimam
1701 3985 2020 4054 propinqui-

432 4057 596 4104 tatem
627 4066 868 4108 sororem
901 4057 1017 4124 ejus
1044 4053 1209 4108 fuisse
1241 4054 1584 4110 manifestum
1613 4053 1717 4120 est,
1750 4053 1819 4109 uti
1835 4067 2014 4112 autem

432 4127 637 4200 taceret
692 4140 935 4184 uxorem.
985 4126 1110 4195 quid
1143 4126 1360 4200 mirum,
1393 4137 1484 4200 aut
1513 4127 1638 4200 quid
1667 4142 1920 4200 pravum,
1969 4130 2016 4182 si

433 4191 674 4247 imitatus
701 4203 786 4266 est
812 4191 1037 4264 patrem,
1069 4212 1189 4250 cum
1217 4199 1404 4250 eadem
1432 4191 1640 4266 ju-iitia
1668 4191 2012 4263 defendatur,

432 4275 549 4336 qua
569 4275 720 4336 pater
744 4265 862 4333 ejus
893 4268 959 4320 de
990 4268 1152 4321 simili
1181 4268 1393 4336 objecto
1424 4265 1728 4336 iuculpatus
1759 4267 2016 4323 inventus

438 4335 554 4408 est?
581 4333 832 4404 Sequitur
866 4355 878 4390 :
906 4337 1128 4404 Cumque
1156 4333 1545 4408 perlransissmt
1577 4333 1684 4392 dies
1710 4341 1939 4408 plurimi,
1970 4351 2017 4394 et

430 4403 618 4457 ibidem
645 4403 948 4479 moraretur,
969 4403 1280 4479 prospiciens
1302 4409 1592 4463 Abimelech
1620 4403 2017 4465 l’altestinorum

431 4491 524 4528 rea:
580 4492 667 4542 per
709 4477 982 4546 fenestram
1012 4477 1135 4532 vidit
1170 4495 1287 4533 eum
1316 4483 1580 4551 jocantem
1622 4497 1738 4535 cum
1790 4480 2016 4536 Rebecca

431 4559 593 4599 uxore
622 4563 754 4623 sua,_
794 4551 1112 4623 etnaccersito
1141 4566 1199 4603 eo
1224 4549 1329 4616 ait,
1377 4549 1718 4623 Perspicuum
1751 4565 1826 4606 est
1870 4552 2010 4620 quod

431 4631 565 4668 uxor
594 4627 680 4692 tuo
709 4619 805 4692 sit_.
816 4619 932 4692 _Cur
953 4621 1188 4674 mentitus
1207 4638 1282 4687 es,
1303 4619 1532 4676 sororem
1563 4633 1701 4676 tuam
1727 4640 1838 4677 esse
1853 4619 1891 4677 7'
1911 4626 2015 4692 Qui

432 4688 739 4763 respondit,
764 4688 934 4744 Timui
956 4709 1017 4745 ne
1040 4708 1263 4746 morerer
1291 4702 1497 4761 propter
1524 4709 1656 4746 eam.
1697 4696 1827 4760 Quze
1854 4688 2014 4763 igiiur

431 4771 532 4830 pro
579 4758 850 4813 Abraham
907 4763 1049 4830 quod
1103 4765 1168 4816 ad
1212 4758 1347 4818 hanc
1387 4758 1501 4817 rem
1553 4758 1778 4830 attinei,
1821 4758 2012 4820 ea'dcm

341 4879 343 4884 .
430 4827 595 4900 etiam
610 4842 722 4900 pro
754 4831 898 4885 Isaac
926 4827 1043 4885 lilio
1065 4836 1181 4898 ejus
1211 4835 1413 4900 valent,
1440 4850 1557 4900 qua:
1585 4827 1871 4889 recensere
1903 4852 2010 4890 non

432 4907 515 4974 est
543 4897 764 4974 difﬁcile
788 4917 800 4952 :
836 4903 936 4954 nisi
970 4897 1104 4957 forte
1127 4897 1488 4958 studiosorum
1512 4903 1706 4974 aliquis
1727 4917 1932 4974 quaerat
1959 4908 2012 4962 in

431 4969 590 5045 cujus
612 4971 795 5045 ﬁgura}
839 4984 1174 5045 sacramento
1209 4975 1581 5044 accipiendum
1605 4969 1704 5029 'sit
1733 4969 1872 5045 quod
1917 4993 2012 5033 rex

429 5040 730 5109 alienigena
762 5041 1063 5114 Rebeccam
1091 5043 1193 5097 viri
1243 5040 1343 5098 sui'
1371 5045 1655 5114 conjugem
1709 5040 1837 5100 tunc
1892 5063 2013 5103 esse

430 5117 701 5177 cognovit,
733 5112 948 5185 quando
972 5128 1094 5168 eum
1123 5127 1242 5168 cum
1271 5115 1360 5169 illa
1389 5112 1658 5171 ludentem
1685 5117 1838 5185 vidit,
1868 5119 2011 5184 quod

429 5193 539 5233 non
570 5184 930 5256 cognovisset,
959 5185 1062 5238 nisi
1093 5199 1221 5256 cum,
1244 5185 1471 5256 conjuge
1501 5185 1592 5242 ille
1628 5186 1708 5241 sic
1756 5187 2010 5255 luderet,

429 5253 702 5374 quomodo
727 5269 849 5308 curn
873 5269 936 5309 ea
962 5271 1079 5324 quae
1103 5255 1302 5325 conjux
1331 5253 1436 5310 non
1465 5267 1640 5322 esset,
1682 5259 1872 5314 ludere
1904 5253 2012 5315 non

468 5329 671 5374 eceret.
697 5324 839 5374 auod
869 5339 989 5374 cum
1013 5327 1184 5374 sancti
1211 5327 1481 5374 coniugati
1512 5328 1730 5374 faciunt-
1765 5346 1870 5374 nnll
1897 5331 2012 5374 ina-

468 5329 671 5400 sceret,
690 5324 839 5400 quod
869 5339 989 5400 cum
1013 5327 1185 5400 sancti
1211 5324 1482 5400 conjugati
1510 5328 1734 5398 faciunt,
1765 5346 1872 5384 non
1896 5331 2012 5385 ina-

428 5391 572 5471 niter
603 5391 822 5471 faciunt,
849 5391 1677 5471 sed‘prudenterfdéscendunt
1703 5391 1848 5456 enim
1879 5417 2013 5471 quo-

429 5461 819 5543 dammodoad
843 5461 1057 5543 letniiiei
1089 5482 1252 5543 sexus
1281 5468 1677 5543 inﬁrmitatem,
1708 5481 1766 5526 ut
1812 5461 2011 5543 aliquid

427 5530 624 5587 blanda
665 5533 934 5608 hilaritate
973 5539 1059 5595 vel
1089 5541 1271 5595 dicant
1315 5541 1395 5594 vel
1436 5540 1632 5596 faciant
1652 5530 1675 5608 ,’
1697 5558 1804 5597 non
1853 5530 2013 5600 erier-

428 5607 757 5688 vganteshsed
781 5617 1140 5678 temperantes
1163 5607 1658 5688 virilemvigorem.
1673 5613 1814 5688 Quid
1831 5623 2008 5688 autem

427 5671 530 5753 sibi
560 5675 690 5730 velit
727 5675 783 5753 in
811 5671 1149 5753 sacramento
1178 5681 1383 5753 Christi
1413 5671 1475 5737 οῖ
1516 5671 1772 5739 Ecclesiae
1796 5725 1810 5749 ,
1865 5684 2009 5753 quod

431 5751 610 5800 tantus
634 5749 936 5816 patriarcha
967 5766 1089 5808 cum
1112 5752 1338 5823 conjuge
1358 5755 1571 5820 luserit,
1597 5749 2011 5831 conjugiumque

2047 4519 2094 4578 D

2125 3205 2396 3273 pientibus
2424 3205 2678 3260 exhibet!
2724 3206 2991 3274 Scriptum
3024 3215 3108 3259 est
3147 3205 3198 3258 in
3229 3204 3532 3270 Evangeliis
3575 3203 3707 3273 quia

2123 3277 2360 3330 secundo
2391 3279 2603 3346 paverit
2647 3278 2849 3336 turbas.
2882 3275 2976 3330 sed
3009 3276 3129 3329 illas
3159 3291 3290 3342 quas
3321 3278 3552 3343 primum
3584 3290 3711 3344 pas-

2122 3348 2222 3418 cit;
2267 3359 2450 3418 postea
2486 3363 2613 3402 vero
2655 3363 2775 3402 cum
2814 3347 2924 3417 jam
2959 3347 3311 3416 profecissent
3343 3347 3415 3418 in
3442 3346 3616 3418 verbo
3656 3357 3709 3401 et

2121 3417 2398 3488 doctrina,
2448 3420 2689 3474 triticeos
2720 3419 2799 3472 eis
2841 3419 3058 3472 exhibet
3086 3433 3271 3488 panes.
3317 3417 3422 3474 Sed
3457 3431 3572 3485 post
3606 3417 3710 3473 hoc

2121 3486 2400 3554 Dominus,
2429 3491 2622 3560 inquit,
2670 3491 2922 3560 benedixit
2953 3486 3125 3553 Isaac,
3159 3497 3206 3542 et
3234 3489 3595 3558 magnificatus
3637 3497 3710 3542 est

2122 3561 2289 3615 ualde.
2325 3559 2528 3615 Parvus
2557 3571 2675 3615 erat
2697 3560 2846 3615 Isaac
2872 3559 2925 3614 in
2957 3562 3102 3630 lege,
3137 3559 3231 3614 sed
3281 3573 3539 3628 proceSsn
3573 3571 3712 3611 lern-

2123 3633 2271 3698 poris
2306 3637 2362 3685 lit
2384 3648 2610 3701 magnus
2642 3635 2691 3685 in
2718 3632 2992 3701 prophetis
3027 3648 3039 3684 :
3071 3648 3191 3684 nam
3221 3647 3342 3685 cum
3373 3632 3424 3684 in
3451 3631 3564 3685 sola
3594 3631 3710 3698 lego

2121 3713 2225 3766 est,
2257 3705 2491 3756 nondum
2541 3719 2763 3773 magnus
2796 3713 2879 3756 est
2902 3743 2917 3767 ,
2968 3705 3166 3772 quippe
3195 3717 3314 3772 qua:
3339 3712 3393 3756 et
3440 3701 3711 3756 velamine

2122 3780 2258 3826 tecta
2291 3783 2392 3827 est.
2419 3775 2623 3828 Crescit
2650 3789 2777 3844 ergo
2808 3773 2860 3828 in
2895 3773 3203 3842 prophetis;
3231 3773 3343 3844 jam
3371 3787 3494 3826 cum
3521 3788 3710 3841 perve-

2123 3846 2264 3898 ncrit
2286 3861 2455 3916 usque
2479 3846 2544 3898 ad
2576 3845 2680 3900 hoc
2710 3843 2766 3898 ut
2799 3845 3038 3899 velatur-ti
3067 3844 3284 3916 abjicial.
3315 3843 3508 3916 littera:
3531 3887 3547 3911 ,
3585 3854 3712 3916 tunc

2121 3918 2229 3968 erit
2251 3914 2474 3984 magnus
2505 3918 2661 3971 valde
2686 3956 2700 3975 .
2749 3931 2869 3970 cum
2899 3916 3125 3984 cmperit
3159 3915 3336 3969 littera
3388 3915 3521 3983 legis
3562 3914 3713 3967 velut

2122 3986 2275 4053 palea
2301 3988 2451 4042 ordei
2474 3989 2591 4052 ejus
2614 3988 2846 4049 secerni,
2873 4001 2921 4040 et
2947 3989 3256 4056 apparuerit
3283 3986 3426 4056 quod
3450 3985 3712 4054 spiritalis

2121 4067 2203 4109 est
2235 4057 2348 4121 lex;
2407 4070 2531 4112 tunc
2559 4058 2987 4126 magniﬁeabitur
3029 4059 3210 4119 Isaac,
3258 4068 3313 4109 et
3353 4059 3445 4109 ﬁet
3485 4070 3716 4126 magnus

2122 4127 2297 4182 valde.
2333 4128 2464 4182 Vide
2491 4129 2634 4182 enim
2665 4129 2786 4196 quia
2814 4139 2868 4182 et
2893 4129 3152 4182 Dominus
3176 4127 3226 4180 in
3252 4126 3557 4195 EVangclis
3581 4141 3716 4194 pau-

2121 4211 2214 4252 cos
2239 4198 2400 4267 panes
2433 4200 2649 4268 frangit,
2681 4213 2734 4253 et
2763 4209 2892 4268 quot
2925 4199 3088 4253 millia
3119 4197 3308 4253 refecit
3337 4198 3663 4266 poniilorum
3692 4239 3708 4261 ,

2121 4273 2377 4337 ctquniti
2405 4271 2621 4338 cophini
2657 4271 3004 4339 reliquiarum
3035 4281 3346 4338 supersunt.
3397 4269 3579 4323 Donec
3626 4273 3712 4323 in-

2123 4341 2257 4412 tegri
2279 4351 2405 4395 sunt
2429 4357 2612 4412 panes,
2639 4357 2799 4394 nemo
2818 4351 3106 4406 saturatur,
3136 4355 3294 4394 neruo
3317 4341 3586 4404 reﬁcitur;
3606 4355 3711 4396 nec

2123 4411 2226 4479 ipsi
2274 4411 2439 4482 panes
2489 4414 2739 4466 videnlur
2795 4412 3002 4479 augt-ri.
3057 4412 3346 4482 Considera
3391 4427 3711 4482 crgornnnc

2121 4480 2392 4555 quomodo
2420 4498 2619 4555 paucos
2648 4497 2813 4552 panes
2855 4482 3150 4553 frangimus
3195 4482 3248 4537 in
3290 4480 3711 4555 SCript’urisudAi-

2122 4555 2279 4605 vinis.
2314 4553 2522 4609 Paucos
2550 4570 2829 4608 sermones
2852 4556 3214 4619 assumimus,
3263 4563 3318 4606 et
3361 4565 3493 4622 quot
3543 4553 3712 4608 mil-ia

2121 4624 2399 4677 hominum
2435 4625 2781 4695 saturantur!
2814 4622 3068 4695 Sequitur
3098 4641 3111 4677 :

2197 4695 2375 4764 (Vers.
2406 4694 2474 4750 Η
2498 4695 2674 4766 seqq.)
2697 4695 2890 4748 Habuit
2911 4694 3118 4763 quoque
3143 4694 3510 4766 possessionem
3539 4695 3710 4748 ovium

2119 4775 2168 4819 et
2191 4765 2583 4828 armentorum,
2611 4779 2658 4819 et
2683 4767 2897 4834 tonsilia:
2924 4766 3201 4834 plurimum
3226 4805 3239 4824 .
3265 4776 3310 4818 et
3341 4765 3488 4831 carpit
3536 4766 3712 4834 [cdere

2119 4847 2319 4907 puteos,
2355 4853 2480 4904 quos
2510 4838 2746 4908 foderant
2785 4841 2932 4901 pueri
2963 4844 3123 4906 patris
3165 4839 3278 4907 ejus
3318 4834 3583 4908 Abrahae;
3624 4836 3710 4888 sed

2120 4904 2400 4962 invidentes
2452 4904 2523 4963 eis
2558 4907 2838 4960 l’hilistiim
2865 4904 3222 4962 obstruxerunt
3251 4922 3334 4961 eos
3361 4904 3553 4971 humo,
3603 4919 3708 4961 etc.

2120 4978 2251 5045 Quis
2279 4987 2363 5036 est
2400 4978 2501 5033 iste
2529 4977 2711 5043 Isaac,
2747 4979 2849 5033 nisi
2895 4978 3141 5033 Salvator
3187 4980 3404 5032 noster?
3447 4976 3582 5043 Quis
3630 4985 3711 5032 est

2119 5048 2222 5102 istc
2240 5051 2328 5115 qui
2349 5063 2475 5103 cum
2498 5049 2870 5104 descendisset
2897 5049 2950 5103 in
2972 5049 3133 5102 istum
3157 5057 3454 5103 torrentem
3482 5048 3706 5110 Gerara,

2119 5121 2297 5186 primo
2345 5124 2585 5173 omnium
2619 5121 2736 5174 illos
2785 5131 2977 5189 puteos
3007 5120 3192 5174 fodere
3219 5121 3366 5183 vult,
3395 5132 3535 5187 quos
3564 5117 3710 5172 fode-

2118 5197 2244 5260 rant
2274 5193 2420 5257 pueri
2456 5193 2620 5256 patris
2657 5192 2772 5258 ejus
2805 5207 2818 5242 :
2850 5190 2900 5244 id
2933 5201 3037 5257 est,
3077 5191 3285 5260 Moyses
3310 5205 3530 5260 puteutn
3579 5190 3707 5256 legis

2115 5258 2363 5324 foderat;
2413 5260 2601 5324 David,
2656 5261 2907 5314 Salomon
2952 5273 3005 5314 et
3051 5258 3359 5330 prophetae,
3407 5259 3500 5329 qui
3545 5261 3708 5314 [diros

2115 5332 2450 5399 scripserunt
2485 5331 2684 5386 veteris
2711 5331 2753 5385 Τ
2759 5332 3040 5386 estamenti
3062 5371 3076 5394 ,
3115 5344 3252 5398 quos
3284 5340 3462 5385 tamen
3498 5340 3707 5384 terrena

2116 5409 2172 5456 et
2213 5403 2430 5458 sordida
2470 5402 2774 5472 repleverat
2822 5401 3176 5472 intelligentia
3205 5400 3543 5455 Judasoruin.
3603 5400 3706 5455 llos

2115 5488 2236 5543 cum
2265 5474 2433 5529 vellet
2463 5470 2696 5543 purgare
2727 5470 2895 5537 Isaac,
2926 5473 2976 5526 id
3003 5470 3108 5537 est,
3142 5471 3402 5526 Dominus
3432 5477 3620 5526 noster
3659 5479 3708 5525 et

2116 5542 2396 5615 Salvator,
2427 5542 2586 5615 cujus
2615 5543 2706 5598 ille
2734 5543 2882 5598 Isaac
2941 5545 3159 5613 ﬁguram
3190 5543 3356 5615 gessit
3376 5583 3390 5605 ,
3419 5551 3479 5596 ut
3521 5550 3705 5615 osten-

2113 5613 2269 5685 deret
2316 5617 2440 5684 quia
2495 5613 2846 5685 qutccumque
2895 5613 3610 5685 prophcttedixertint,_de_
3643 5627 3702 5685 se

2113 5681 2387 5739 dixerunt.
2415 5681 2592 5740 llixati
2610 5694 2734 5740 sunt
2759 5681 2880 5740 eum
2898 5681 2967 5739 eo
2993 5684 3305 5746 Pliilistiim,
3331 5684 3384 5738 id
3405 5692 3490 5738 est
3506 5681 3697 5748 Judaei,

2113 5767 2145 5808 a
2193 5769 2360 5830 regno
2391 5756 2487 5814 Dei
2518 5757 2709 5821 alieni;
2754 5757 2849 5813 sed
2879 5755 3108 5813 discedit
3135 5757 3203 5812 ab
3245 5755 3324 5821 eis
3356 5773 3368 5808 :
3404 5768 3511 5810 non
3555 5756 3692 5810 enim
