4024 6336
172 350 291 415 πε

1223 346 1705 409 conuennuu
1741 346 1809 406 ιιι
1846 348 2166 410 GENESIM.
2198 326 2338 413 Lis.
2369 353 2434 413 ιι.

175 486 302 546 esse
330 477 511 542 potest
538 482 660 546 cum
687 456 900 542 bisqui
932 460 1196 546 inputels
1217 483 1409 546 aquam
1434 470 1639 546 habere
1663 485 1766 527 no-
1794 472 1849 535 Α
1872 471 2035 527 etiam
2061 480 2115 529 et
2140 474 2364 531 Paulum
2393 475 2687 546 dicentem,
2707 477 3127 538 Fundamentum
3144 481 3281 538 enim
3307 484 3456 544 aliud

177 540 400 599 luerunt
420 585 437 609 ,
468 543 561 598 sed
593 553 794 598 terram
824 540 841 595 Ξ
873 552 928 597 ει
954 541 1086 596 dicit
1118 542 1197 596 eis
1218 582 1232 609 ,
1283 540 1417 597 Ecce
1455 543 1767 612 relinquetur

176 616 319 686 rubis
349 617 533 670 domus
562 624 726 669 vestra
755 612 955 686 deserta
984 612 1200 686 (Matth.
1231 612 1405 684 xxttt).
1443 611 1604 667 Fodit
1646 631 1766 686 ergo

176 682 543 757 Isaacnorum
561 696 789 757 puteum.
818 682 1162 757 Immo'pueri
1183 683 1338 757 Isaac
1353 682 1581 739 fodiunt.
1608 682 1766 742 Pueri

175 768 301 809 sunt
328 754 475 811 Isaac
498 754 800 821 Mittimus,
832 757 1063 821 Marcus,
1093 755 1287 824 Lucas,
1317 755 1576 812 Joannes.
1607 757 1767 812 Pueri

174 828 295 895 ejus
320 839 464 891 sunt,
503 827 713 891 Petrus,
745 826 997 885 Jacobus.
1028 826 1223 893 ludas;
1260 843 1392 895 puer
1416 828 1535 897 ejus
1556 868 1572 893 ,
1606 843 1767 895 apos-

176 899 320 951 tolus
351 898 547 953 Paulus
577 917 589 951 :
626 899 715 968 qui
744 913 933 953 omnes
954 898 1077 952 novi
1107 898 1442 953 TeStamenti
1470 913 1657 966 puteos
1684 900 1766 953 ΐο-

172 969 353 1023 diunt.
386 968 496 1025 Sed
524 978 579 1024 et
607 987 703 1040 pro
734 969 817 1023 bis
853 973 1182 1025 altercantur
1208 970 1285 1024 illi
1314 971 1404 1038 qui
1436 980 1649 1025 terrena
1679 986 1769 1026 sa-

174 1040 353 1108 piunt,
384 1056 483 1095 nec
514 1056 649 1095 nova
672 1040 832 1095 condi
857 1042 1147 1109 patiuntur,
1175 1056 1275 1096 nec
1302 1049 1483 1096 vetera
1513 1051 1763 1110 purgant,

172 1111 509 1178 evangelicis
534 1112 706 1181 puteis
737 1111 1132 1176 contradicunt,
1160 1122 1216 1166 et
1237 1113 1546 1181 apostolicis
1574 1115 1765 1168 adver-

172 1195 397 1247 samur;
431 1193 485 1237 et
510 1182 763 1253 quoniam
792 1184 846 1236 in
872 1185 1123 1237 omnibus
1146 1185 1541 1250 contradicunt,
1570 1184 1621 1238 in
1650 1200 1767 1239 om-

174 1253 342 1306 nibus
374 1255 603 1321 litigant,
631 1254 826 1315 dicitur
853 1254 919 1307 ad
948 1270 1075 1315 eos,
1119 1254 1378 1318 Quoniam
1406 1256 1647 1321 indignos
1677 1271 1763 1310 vos

173 1325 373 1397 [:ecistis
387 1326 696 1397 graticeDei,
714 1341 775 1379 ea:
785 1323 881 1378 hoc
883 1329 998 1397 jam
1009 1326 1076 1377 ad
1088 1336 1257 1397 gentes
1270 1324 1455 1379 ibimus
1469 1323 1605 1397 (Ᾰει.
1622 1328 1761 1395 χιιι).

172 1392 306 1448 Post
330 1392 446 1467 hinc
469 1396 601 1460 fodit
630 1398 828 1467 tertium
858 1392 1063 1464 p'uteum
1090 1392 1269 1467 Isaac,
1293 1405 1338 1449 et
1367 1392 1645 1467 appellavit
1676 1392 1766 1451 no-

172 1481 287 1518 men
320 1466 418 1519 loci
449 1467 611 1533 illius,
643 1466 888 1520 Latitudo
912 1506 924 1529 ,
961 1467 1136 1522 dicens
1167 1484 1185 1522 :
1219 1466 1377 1521 Nunc
1402 1466 1639 1521 dilatavit
1670 1485 1763 1523 nos

172 1536 455 1608 Dominus,
479 1549 522 1593 et
542 1539 659 1608 fecit
672 1553 897 1591 crescere
912 1555 1066 1606 super
1082 1547 1287 1592 terram.
1306 1538 1443 1593 Vere
1456 1542 1600 1594 enim
1620 1555 1763 1595 nunc

171 1607 432 1663 dilatatus
478 1618 560 1663 est
598 1609 766 1673 Isaac,
794 1617 848 1662 et
868 1620 1082 1663 auctum
1115 1618 1198 1664 est
1220 1624 1415 1664 nomen
1439 1611 1555 1678 ejus
1598 1626 1763 1678 super

170 1680 487 1748 universam
512 1691 733 1745 terram,
758 1697 881 1736 cum
899 1680 1211 1748 adimplevit
1231 1683 1284 1734 in
1306 1680 1462 1735 nobis
1479 1682 1760 1736 scientiam

171 1747 492 1817 Trinitatis;
518 1762 641 1806 tunc
685 1754 827 1807 enim
856 1747 1060 1805 tantum
1084 1754 1136 1805 in
1158 1750 1349 1806 Judiea
1376 1762 1524 1805 notus
1546 1762 1684 1818 erat,
1713 1762 1762 1805 et

171 1820 225 1873 in
251 1818 422 1896 Israel
452 1839 632 1877 nomen
663 1826 773 1896 ejus
815 1823 1190 1896 nominabatur
1222 1822 1337 1889 (Ps.
1373 1823 1568 1896 Lxxv);
1617 1839 1760 1896 nunc

171 1902 356 1947 autem
388 1895 441 1946 in
465 1910 663 1947 omnem
686 1895 878 1949 terram
905 1895 1025 1948 exiit
1052 1910 1209 1948 sonus
1238 1910 1413 1948 eorum
1431 1935 1446 1960 ,
1477 1903 1526 1947 et
1555 1895 1606 1947 in
1636 1895 1765 1964 ﬁnes

172 1964 313 2037 orbis
326 1974 472 2019 terra:
491 1965 638 2019 verba
660 1982 836 2019 eorum
854 1965 1033 2037 (Rom.
1059 1968 1135 2030 x);
1154 1974 1428 2037 exeuntes
1443 1967 1585 2020 enim
1615 1970 1765 2035 pueri

170 2032 353 2097 Iaaac,
402 2036 504 2091 hoc
534 2046 616 2091 est
644 2032 871 2106 apostoli
904 2036 1116 2091 Dotnini
1144 2036 1470 2102 Salvatoris,
1508 2032 1768 2103 per'uni-

171 2118 395 2160 versum
419 2108 604 2163 orbem
625 2116 781 2163 terra:
802 2108 1054 2162 loderunt
1075 2118 1283 2174 puteos,
1302 2117 1566 2177 etaquam
1589 2108 1764 2164 vivam

170 2178 431 2233 omnibus
476 2181 862 2239 ostenderunt.
910 2180 1242 2248 baptisantes
1271 2194 1458 2233 omnes
1486 2188 1673 2247 gentes
1710 2180 1765 2234 in

170 2251 396 2303 nomine
428 2249 601 2305 Patris
625 2293 639 2318 ,
688 2260 741 2304 ct
768 2250 908 2312 Filii,
938 2259 992 2305 et
1019 2250 1252 2317 Spiritus
1282 2250 1472 2303 sancti.
1504 2250 1609 2305 Sed
1638 2252 1765 2320 quid

170 2328 257 2373 est
280 2320 425 2390 quod
468 2330 659 2390 puteos
688 2337 822 2391 quos
843 2322 1112 2377 Abraham
1141 2323 1353 2387 aperuit
1380 2321 1526 2374 ls:iac
1558 2321 1635 2374 sic
1666 2336 1760 2375 voc

170 2391 318 2443 cavit
343 2406 460 2456 eos,
508 2392 645 2447 sicut
675 2406 729 2447 et
780 2404 931 2462 pater
957 2393 1112 2462 ejus?
1151 2408 1257 2446 non
1280 2394 1423 2446 enim
1463 2392 1768 2446 inimutavit

168 2462 445 2516 voeabula
476 2474 779 2531 puteorum.
818 2465 880 2518 Et
907 2474 989 2517 est
1011 2465 1203 2518 mirum
1225 2464 1367 2531 quod
1390 2462 1603 2533 Moyses
1624 2463 1765 2530 apud

170 2532 452 2587 nosetiam
469 2535 679 2605 Moyses
701 2535 1021 2603 appellatur;
1043 2543 1098 2590 et
1120 2537 1383 2605 prtipbeta
1401 2532 1766 2603 unusquisque

170 2617 277 2656 suo
300 2606 521 2658 nomine
543 2602 845 2674 appellatur
876 2623 888 2657 :
915 2622 1021 2660 non
1048 2606 1189 2660 enim
1212 2602 1457 2659 Christus
1482 2605 1533 2658 in
1560 2606 1639 2659 eis
1670 2602 1765 2660 no-

172 2674 362 2746 mina,
397 2676 491 2730 sed
523 2676 930 2746 intelligentiam
962 2676 1333 2731 commutavit.
1364 2677 1488 2731 liceo
1515 2677 1762 2746 mystice.

171 2744 455 2817 Moraliter
507 2744 728 2815 autem,
782 2749 931 2803 Isaac
976 2748 1116 2817 apud
1148 2748 1502 2816 alienigenam
1549 2744 1763 2816 gentem

171 2826 372 2888 puteos
423 2816 623 2874 fodisse
674 2816 1029 2885 describitur,
1089 2833 1196 2888 quo
1243 2819 1491 2873 videlicet
1517 2821 1765 2887 exemplo

171 2887 438 2959 discimus
493 2900 578 2955 ut,
625 2889 678 2944 in
732 2889 834 2945 hac
888 2887 1337 2959 peregrinationis
1389 2904 1629 2943 aerumna
1673 2906 1769 2958 po-

172 2957 302 3022 siti,
336 2960 719 3027 cogitationum
750 2957 1056 3015 nostrarum
1090 2960 1348 3025 profunda
1398 2957 1764 3030 penetremus,

172 3038 231 3101 et
282 3044 569 3099 quousque
597 3032 753 3087 nobis
782 3048 924 3087 vera:
955 3031 1323 3095 intelligentiae
1366 3046 1503 3099 aqua
1544 3047 1767 3101 respon-

172 3098 333 3172 deat,
361 3098 698 3172 nequaquam
729 3114 926 3158 nostra:
961 3102 1325 3172 inquisitionis
1360 3098 1550 3156 manus
1574 3098 1768 3156 ades-

173 3169 481 3226 haurienda
512 3169 693 3230 cordis
723 3174 932 3229 interna
966 3169 1257 3243 turpescat.
1290 3175 1435 3240 Quos
1461 3185 1636 3228 tamen
1670 3190 1768 3243 pii-

1795 1865 1843 1926 B

1872 554 2199 625 neni'o‘potest
2220 560 2643 625 ponerc._pr_teter
2667 552 2721 625 id
2754 553 2892 625 quod
2923 554 3145 625 positum
3186 565 3280 623 est,
3313 558 3454 625 quod

1870 624 1943 668 est
1970 615 2376 694 Christus_'l_esus
2408 615 2601 694 (I'Cor.
2626 622 2726 693 tn).
2753 615 2855 679 Ubi
2883 615 3013 694 ergo
3044 615 3453 684 tabernaculum

1868 696 1973 751 est,
2006 689 2219 763 etiamsi
2246 689 2441 755 ﬁgatur
2471 691 2586 747 sine
2614 689 2778 750 dubio
2811 689 3184 751 resolvendum
3216 709 3335 763 est;
3362 699 3451 754 ubi

1869 771 1998 838 vero
2027 758 2372 816 fundamenta
2403 773 2551 829 sunt,
2590 775 2645 820 et
2693 780 2854 838 supra
2904 776 3108 835 petram
3155 758 3454 825 aediﬁcatur

1866 826 2086 902 domus,
2120 846 2409 901 numquam
2438 826 2732 891 resolvitur
2757 826 2951 893 domus
2975 839 3087 902 illa,
3119 838 3335 893 fundata
3368 851 3455 895 est

1868 901 2012 954 enim
2030 915 2192 968 super
2218 914 2445 970 petram.
2472 905 2630 960 Fudit
2653 916 2828 980 tamen
2859 920 2912 963 et
2939 909 3010 963 ibi
3038 901 3183 964 Isaac
3210 920 3446 980 puteum,

1870 986 1971 1049 nec
1995 987 2248 1049 umquam
2273 984 2450 1029 cessat
2483 988 2671 1044 puteos
2712 978 2986 1049 fodiendo,
3037 978 3219 1036 donec
3244 978 3452 1038 oriatur

1868 1039 1991 1095 fons
2010 1039 2356 1117 aqum‘vivaa,
2401 1057 2453 1100 et
2482 1039 2722 1105 hominis
2754 1039 2985 1117 impetus
3004 1051 3242 1107 la-tiﬁcet
3262 1054 3454 1108 civita-

1870 1121 1976 1194 tem
2010 1112 2128 1168 Dei.
2159 1114 2450 1194 Sequitur:
2480 1119 2585 1173 Sed
2615 1129 2662 1194 et
2687 1112 2973 1176 Abiinelech
2994 1122 3101 1183 ille,
3140 1125 3230 1194 qui
3256 1124 3451 1178 dudum

1868 1184 2209 1253 Itonoraverat
2240 1186 2518 1253 Abraham,
2548 1191 2681 1244 venit
2710 1208 2845 1245 nunc
2871 1209 2986 1246 cum
3026 1184 3205 1246 amicis
3247 1195 3354 1248 suis
3386 1197 3452 1248 de

1868 1251 2079 1329 Geraris
2109 1257 2177 1309 ad
2202 1257 2374 1312 Isaac.
2402 1260 2468 1313 Et
2496 1251 2623 1315 dicit
2647 1261 2751 1315 illis
2780 1260 2951 1328 Isaac,
2984 1264 3120 1329 Quid
3149 1265 3354 1318 venistis
3380 1266 3449 1318 ad

1867 1327 1982 1379 me?
2019 1325 2115 1401 Vos
2139 1331 2274 1383 enim
2304 1330 2482 1386 odistis
2503 1350 2600 1393 me.
2633 1342 2681 1385 et
2706 1325 3071 1401 eiecistis—mea
3094 1336 3251 1389 vobis.
3284 1336 3346 1389 At
3367 1336 3451 1390 illi

1867 1399 2259 1475 responderunt,
2292 1401 2538 1468 dicentes,
2574 1399 2831 1469 Videntes,
2880 1405 3142 1475 inquiunt,
3192 1406 3447 1472 uidimus,

1866 1468 1987 1548 quia
2012 1480 2083 1523 est
2110 1469 2358 1525 Dominus
2396 1483 2593 1548 tecum;
2629 1488 2676 1528 et
2717 1468 2963 1538 diximus,
3006 1474 3130 1529 Fiat
3158 1468 3450 1541 coniuratio

1866 1546 1999 1619 inter
2027 1556 2117 1619 nos
2142 1550 2190 1594 et
2220 1552 2290 1619 te,
2323 1553 2368 1595 et
2398 1546 2762 1619 constituamus
2786 1558 2949 1619 tecum
2977 1558 3208 1617 pactum.
3256 1563 3318 1599 ne
3366 1551 3448 1615 fa-

1866 1612 1971 1662 cius
2000 1612 2143 1685 nobis
2171 1612 2385 1685 malum.
2416 1615 2523 1670 Ιειε
2552 1617 2867 1672 Abimelecli
2896 1612 3000 1670 non
3025 1632 3239 1684 semper
3261 1612 3449 1685 pacem

1866 1693 1985 1733 cum
2004 1680 2152 1736 Isaac
2180 1682 2376 1756 habet,
2405 1685 2501 1740 sed
2540 1687 2828 1756 aliquando
2873 1686 3122 1753 dissidet,
3147 1680 3448 1755 aliquando

1866 1765 2050 1823 pacem
2093 1754 2334 1823 requirit.
2368 1754 2802 1813 lsteAbimelech
2840 1774 3121 1822 personam
3153 1754 3302 1813 tenet
3327 1770 3449 1813 stu-

1868 1819 2143 1900 diusorum
2163 1819 2224 1900 et
2244 1825 2562 1900 sapientium
2606 1831 2810 1888 szeeuli.
2834 1819 2925 1900 qui
2960 1845 3056 1899 ρει-
3082 1829 3445 1886 ει-υάίιίοηοω

1871 1892 2224 1969 philosophiae
2252 1892 2421 1952 multa
2449 1899 2612 1953 etiam
2643 1915 2712 1955 ex
2742 1892 2973 1956 veritate
3020 1900 3448 1969 comprehende-

1868 1976 2013 2041 runt.
2045 1965 2347 2041 Intelligere
2380 1984 2667 2041 possumus
2695 1971 2967 2041 quomodo
2999 1972 3085 2026 hic
3123 1965 3243 2026 cum
3276 1971 3445 2040 Isaac,

1867 2036 1958 2103 qui
1993 2036 2139 2112 verbi
2168 2037 2283 2101 Dei,
2305 2036 2460 2112 quod
2488 2043 2539 2095 in
2566 2042 2683 2112 lege
2711 2036 2813 2102 est.
2846 2050 2991 2098 tenet
3040 2044 3298 2110 ﬁguram;
3354 2036 3449 2099 ne;

1868 2120 1973 2173 que
1995 2107 2054 2184 in
2087 2107 2426 2184 dissensione
2462 2107 2679 2184 semper
2705 2121 2884 2183 potest
2919 2107 3264 2184 esse,iieque
3304 2128 3450 2167 sem-

1868 2191 1966 2253 per
1991 2181 2043 2253 l_n
2068 2193 2221 2253 pace.
2242 2180 2753 2251 Pliilosopliia'enim
2782 2184 2963 2239 mundi
2986 2199 3161 2253 neque
3180 2180 3244 2238 in
3270 2184 3445 2238 omni.

1867 2247 1968 2301 bus
1996 2249 2096 2319 legi
2131 2249 2225 2324 Dei
2255 2247 2522 2307 contraria
2568 2266 2672 2320 est,
2713 2270 2886 2324 neque
2924 2254 2976 2309 in
3012 2247 3261 2309 omnibus
3314 2269 3449 2309 con-

1868 2332 2032 2392 soua;
2061 2322 2213 2375 multi
2235 2324 2379 2377 enim
2406 2322 2846 2392 plnlosoiihorum
2875 2340 3039 2381 unum
3083 2339 3205 2380 esse
3250 2324 3444 2389 Deum,

1869 2391 1970 2467 qui
1987 2403 2179 2467 cuncta
2200 2391 2488 2467 creaverit,
2520 2397 2871 2467 scripserunt.
2910 2398 2963 2467 ln
2981 2396 3082 2451 hoc
3102 2397 3449 2467 consentiunt

1867 2459 1971 2527 legi
2003 2460 2121 2516 Dei.
2155 2463 2423 2535 Aliquanti
2454 2459 2743 2523 etiam'hoc
2768 2466 3272 2535 adilideruut,quod
3305 2466 3448 2520 Deus

1868 2542 2057 2606 cuncta
2082 2548 2178 2606 per
2208 2534 2442 2591 Verbum
2470 2552 2624 2592 suum
2654 2552 2709 2594 et
2740 2536 2928 2593 iecerit
2952 2547 3006 2593 et
3030 2544 3200 2606 regat,
3227 2544 3284 2591 et
3314 2536 3448 2591 Ver-

1869 2599 1996 2681 bum
2020 2602 2119 2681 Dei
2138 2605 2204 2659 sit
2226 2621 2333 2681 qt_to
2355 2619 2545 2681 cuncta
2581 2610 2908 2666 moderetur.
2932 2609 2990 2664 In
3014 2599 3116 2662 hoc
3135 2599 3242 2681 non
3259 2606 3446 2681 solum

1870 2672 1997 2741 legi,
2026 2675 2122 2729 sed
2162 2686 2216 2730 et
2243 2672 2562 2748 'Evangeliis
2610 2695 2844 2735 consona
2900 2680 3161 2735 scribunt.
3225 2678 3445 2734 Muralis

1869 2758 2000 2798 vero
2024 2757 2078 2799 et
2101 2748 2318 2818 physica
2343 2767 2464 2821 quae
2490 2752 2687 2806 dicitur
2714 2751 3076 2821 pliilos0pliia,
3100 2765 3238 2821 pene
3264 2750 3447 2803 omnia

1870 2829 1989 2888 quae
2021 2830 2199 2888 nostra
2232 2820 2371 2876 sunt
2410 2824 2593 2877 sentit.
2642 2823 2869 2877 Dissidet
2895 2820 3071 2876 veroa
3102 2820 3280 2888 nobis,
3320 2833 3444 2875 cum

1874 2885 1983 2961 Deo
2001 2886 2132 2942 dicit
2150 2894 2427 2947 materiam
2464 2900 2819 2959 coaeternam;
2852 2892 3096 2958 dissidet,
3115 2906 3237 2946 cum
3265 2885 3447 2961 'negat

1870 2954 2043 3034 Deum
2064 2974 2251 3034 curare
2281 2964 2552 3027 mortalia,
2584 2964 2678 3019 sed
2710 2954 3100 3034 providentiam
3132 2964 3249 3034 ejus
3277 2954 3443 3032 super

1871 3026 2076 3109 lunaris
2099 3032 2243 3099 globi
2271 3034 2443 3109 spatia
2469 3026 2732 3109 cohiberi:
2769 3034 3039 3109 Dissident
3071 3050 3099 3087 a
3128 3026 3447 3109 nobis,c'_nm

1870 3103 2031 3173 vitam
2062 3105 2394 3158 nascentium
2423 3106 2697 3162 stellarum
2732 3106 2981 3161 cursibus
3026 3106 3293 3173 pendunt;
3333 3103 3448 3158 dis-

1871 3170 2084 3244 sident,
2123 3188 2243 3227 enin
2280 3187 2596 3244 pi-rpetnnm
2658 3176 2845 3233 dicunt
2880 3170 3040 3230 hunci
3071 3178 3350 3238 mundum.
3391 3182 3448 3228 ei

173 3250 298 3317 teos
340 3243 617 3317 allopliyli,
665 3246 718 3317 id
750 3256 835 3300 est
883 3239 1143 3317 immundi
1175 3239 1397 3316 spiritus
1446 3239 1770 3301 insidiantes
1797 3239 1843 3303 C
1876 3242 2022 3317 nullo
2054 3245 2159 3299 line
2182 3239 2573 3317 claudendum;
2600 3249 2693 3303 sed
2724 3259 2777 3303 et
2808 3248 2910 3302 alia
2933 3246 3165 3316 plurima
3209 3253 3356 3317 sunt,
3380 3245 3445 3317 in

172 3312 428 3383 replent,
452 3312 583 3384 'qn'ia
625 3316 877 3371 nimirum
910 3316 1169 3371 immundi
1205 3312 1476 3382 'spiritus,
1509 3332 1629 3370 cum
1668 3333 1768 3371 nos

173 3384 475 3458 studiosius
504 3386 687 3443 fodere
718 3388 1092 3458 conspiciunt,
1123 3389 1379 3443 molestas
1406 3387 1561 3441 nobis
1592 3397 1766 3443 tenta-

174 3456 389 3527 tiunum
417 3459 771 3527 cogitationes
812 3456 1156 3527 immergunt.
1191 3461 1449 3527 Sequitur
1479 3476 1491 3511 :

253 3526 440 3595 (Vers.
471 3526 543 3583 Ξῖ)
572 3528 751 3599 seqq.)
788 3526 1032 3585 Ascendit
1085 3542 1253 3583 autem
1285 3526 1358 3583 ab
1402 3528 1496 3582 illo
1542 3532 1656 3583 loco
1712 3531 1765 3583 in

173 3595 454 3672 Bcrsab_ee,
493 3600 578 3654 ubi
611 3595 855 3672 apparuit
886 3605 930 3653 ei
964 3599 1219 3654 Dominus
1256 3602 1310 3653 in
1340 3602 1451 3672 ipsa
1481 3611 1645 3665 nocte,
1678 3601 1765 3653 di-

173 3683 320 3732 cens,
350 3666 462 3741 Ego
484 3688 596 3724 sum
624 3666 760 3725 Deus
791 3672 1047 3725 Abraham
1070 3673 1233 3739 patris
1256 3666 1369 3725 tui."
1407 3670 1585 3740 Usque
1613 3674 1677 3724 ad
1711 3673 1763 3726 id

174 3740 323 3813 quod
353 3740 508 3809 dicit,
538 3743 815 3813 Surgentcs
838 3759 985 3797 mane
1005 3744 1416 3813 juraveruntsibi
1448 3752 1646 3802 mutuo,
1680 3744 1764 3796 di-

175 3810 426 3879 misitque
455 3830 540 3867 eos
570 3810 801 3882 paci/ice.
835 3810 1017 3882 llujus’
1038 3813 1185 3869 Isaac
1222 3813 1357 3867 duas
1380 3815 1535 3867 nobis
1568 3814 1765 3883 ﬁguras

174 3883 439 3953 exposuit
492 3888 772 3953 apostolus
823 3885 1055 3939 Paulus:
1092 3900 1254 3939 unam
1292 3900 1397 3953 qua
1439 3884 1575 3937 dixit
1618 3886 1763 3953 quod

175 3952 420 4037 lsmaliel
457 3952 671 4022 quidem
720 3956 862 4037 illius
903 3956 1064 4037 Agar,
1104 3956 1288 4037 populi
1316 3952 1617 4037 secundum
1642 3952 1765 4009 ear-

175 4040 333 4090 nem,
365 4022 512 4081 Isaac
530 4043 662 4081 vero
686 4027 865 4096 populi
885 4022 978 4096 qui
1001 4042 1069 4081 ex
1100 4022 1205 4080 ﬁde
1226 4034 1331 4089 est,
1369 4027 1595 4079 formam
1617 4038 1765 4081 tene-

175 4106 297 4161 ret;
330 4097 489 4150 aliain
521 4114 624 4168 qua
649 4098 755 4151 ait:
779 4100 894 4152 Non
912 4098 1075 4152 dixit.
1097 4099 1161 4151 Et
1184 4097 1502 4159 seminibus,
1532 4097 1687 4168 quasi
1710 4102 1763 4168 in

176 4168 391 4231 multis,
410 4169 527 4232 sed,
542 4166 741 4224 Semini
764 4179 871 4237 tuo,
892 4179 1163 4237 tamquam
1183 4170 1232 4221 in
1253 4182 1380 4229 uno,
1397 4168 1485 4236 qui
1503 4176 1587 4237 est
1608 4166 1765 4221 (ibri-

176 4250 321 4309 sﬁtns.
358 4238 526 4293 Tenet
554 4255 683 4309 ergo
713 4236 863 4294 Isaac
888 4248 944 4293 et
975 4236 1153 4307 populi
1203 4239 1426 4301 ﬁguram
1461 4248 1515 4292 et
1538 4236 1761 4292 Christi.

177 4308 455 4363 Christum
485 4308 665 4365 autem
694 4322 966 4378 tamquam
988 4310 1214 4365 verbum
1238 4309 1353 4375 Dei,
1380 4324 1490 4370 non
1509 4310 1682 4364 solum
1710 4311 1762 4361 in

178 4379 494 4450 Evangeliis
526 4382 695 4451 loqui,
727 4382 822 4436 sed
869 4393 921 4436 et
969 4381 1020 4435 in
1084 4381 1200 4449 lege
1240 4393 1447 4434 certum
1477 4388 1580 4445 εει,
1612 4394 1667 4432 ει
1705 4379 1761 4435 in

219 4452 484 4523 rupiietis.
515 4452 713 4507 Verum
766 4452 825 4523 in,
871 4453 986 4523 lege
1013 4452 1353 4519 incipientes,
1405 4452 1457 4523 in
1515 4451 1765 4523 Evange-

200 4523 269 4575 iis
294 4520 563 4590 perfectos
601 4524 779 4579 docet.
810 4520 956 4577 Isaae
978 4537 1107 4593 ergo
1134 4537 1279 4577 nunc
1319 4522 1467 4575 verbi
1508 4522 1759 4593 formant,

176 4594 330 4663 quod
364 4594 413 4646 in
440 4594 555 4663 lege
577 4595 661 4648 vel
694 4594 971 4663 prophetis
997 4592 1102 4658 est,
1138 4603 1305 4647 tenet.
1337 4592 1579 4663 Ascendit
1604 4593 1763 4662 igitur

178 4661 343 4748 {sane
364 4664 432 4716 ad
456 4661 663 4748 puteum
694 4661 999 4748 iuramenti,
1026 4675 1072 4718 et
1099 4666 1340 4734 apparuit
1372 4665 1449 4716 illi
1482 4661 1751 4748 Dominus.

176 4737 576 4791 Ascensionem
610 4736 744 4806 legis
781 4736 1010 4791 dicimus
1044 4745 1295 4790 ornatum
1321 4738 1672 4806 essetemnli,
1702 4742 1757 4789 et

176 4822 373 4861 eorum
401 4823 519 4875 qua:
559 4808 627 4862 ibi
660 4804 838 4862 divina
884 4807 1213 4876 gerebantur
1239 4805 1516 4871 obsequia.
1575 4804 1761 4859 Potest

176 4888 237 4930 et
271 4886 615 4944 augmentum
640 4880 1045 4947 prophetarum,
1080 4878 1213 4947 legis
1242 4877 1490 4931 ascensio
1520 4878 1759 4929 nomina-

176 4950 224 5001 ri
251 4965 266 5009 ς
289 4957 355 5027 et
377 4964 659 5027 propierea
689 4950 843 5027 forte
857 4949 923 5002 ad
947 4962 1181 5027 puteum
1209 4948 1501 5027 juramenti
1526 4948 1754 5027 dicitur,

174 5031 236 5071 ιιι
269 5020 339 5071 ibi
373 5022 687 5085 apparuisse
716 5020 766 5074 ei
806 5017 1131 5083 Dominum;
1172 5035 1267 5087 per
1297 5017 1586 5086 pr0phetus
1614 5017 1757 5071 enim

174 5090 373 5163 iurauit
398 5088 670 5163 Dominus,
710 5100 757 5144 et
786 5106 888 5144 non
932 5091 1226 5163 paenitebit,
1250 5088 1761 5163 qttod__ipse_sit_sa_-

174 5157 366 5214 cerdos
413 5162 467 5213 in
496 5175 743 5215 aeternum
786 5157 1065 5215 secundum
1115 5160 1345 5214 ordinem
1384 5157 1761 5213 Melchisedech

176 5230 305 5301 (Ps.
336 5242 470 5287 cui.
501 5233 581 5285 Ad
620 5240 835 5301 puteum
879 5247 1007 5300 ergo
1040 5232 1334 5301 juratnenti
1385 5231 1541 5301 visus
1588 5240 1671 5301 est
1708 5230 1758 5301 ei

177 5299 352 5366 Dens,
384 5301 559 5356 futura
599 5299 649 5357 iii
682 5319 805 5357 eum
832 5299 1089 5368 promissa
1116 5300 1465 5354 cuiiﬁrnians.
1496 5299 1564 5352 Et
1589 5299 1758 5362 cedi/i-

175 5374 320 5427 cavit
352 5374 421 5425 ibi
449 5379 612 5427 altare
653 5373 891 5436 Domino,
922 5384 966 5426 et
1014 5374 1246 5425 invocoto
1290 5371 1493 5423 nomine
1548 5369 1759 5424 Domini

176 5448 416 5498 extendit
471 5446 539 5497 ibi
561 5444 963 5505 tabernaculum,
989 5444 1327 5513 prcecepitque
1352 5441 1508 5495 servis
1549 5441 1661 5513 suis
1700 5450 1755 5492 ut

180 5516 427 5586 {arerem
451 5529 679 5585 puteum.
695 5514 946 5570 .tEditicat
969 5511 1203 5586 quidem
1224 5512 1373 5586 Isaac
1402 5512 1571 5586 altare
1592 5511 1755 5586 etiam

182 5582 245 5641 in
278 5587 395 5653 lege
425 5582 479 5639 εἰ
518 5586 631 5657 ﬁgit
672 5585 1071 5640 tabernaculum
1115 5598 1301 5657 suum;
1348 5582 1406 5637 in
1455 5582 1762 5657 Evangeliis

180 5652 375 5711 autem
400 5670 504 5709 non
529 5652 640 5724 agn
669 5657 1091 5723 tabernaculum,
1133 5655 1225 5709 sed
1257 5655 1476 5707 domum
1508 5652 1762 5724 addicat,

180 5736 249 5783 et
276 5723 686 5782 fundamentum
717 5728 975 5792 collocat;
1008 5726 1131 5780 audi
1158 5726 1301 5779 enim
1326 5725 1655 5792 Sapientiam
1679 5723 1764 5777 di-

182 5808 411 5854 centem
435 5800 500 5854 de
532 5799 803 5856 Ecclesia:
839 5798 1125 5866 Sapientia,
1157 5797 1350 5865 inquit,
1378 5796 1648 5864 mdiﬁcavit
1670 5795 1767 5849 sibi

180 5866 429 5939 domum,
458 5880 506 5926 et
532 5871 800 5942 supposuit
841 5871 1331 5943 columnasseptem.
1360 5866 1500 5924 Audi
1550 5868 1618 5923 de
1666 5866 1770 5922 hoc

1873 3313 2067 3385 quibus
2106 3316 2384 3371 nobiscum
2417 3320 2501 3372 vel
2533 3312 2817 3385 dissident,
2876 3312 2957 3371 vel
2994 3316 3343 3372 eoncordant.
3378 3312 3447 3369 Et

1871 3384 1999 3458 ideo,
2025 3386 2343 3458 _Abimelecli
2374 3391 2668 3444 secundum
2705 3384 2844 3444 banc
2871 3388 3129 3458 ﬁguram,
3157 3385 3446 3458 aliquando

1870 3453 2531 3536 dissidere_descr_ibitur.
2584 3461 2785 3536 Sedet
2834 3453 3083 3536 liuentia
3133 3453 3261 3525 puto
3284 3454 3446 3536 quod

1869 3530 2042 3580 otiose
2079 3528 2293 3600 spiritui
2330 3530 2553 3594 Sancto,
2584 3536 2672 3600 qui
2706 3533 2822 3587 hinc
2847 3531 3083 3597 scripsit,
3113 3543 3255 3600 cura:
3283 3525 3447 3600 l'uerit

1869 3599 2355 3668 comprehendere,
2388 3603 2528 3671 quod
2568 3597 2676 3658 duo
2716 3603 2805 3655 alii
2835 3617 2956 3656 cum
2999 3597 3314 3654 Atiimelecb
3351 3611 3441 3671 ve-

1869 3681 2087 3731 nerunt,
2114 3672 2164 3724 id
2195 3682 2300 3739 est,
2329 3668 2589 3737 Ochuzat,
2612 3676 2819 3728 amicus
2840 3673 2955 3741 ejus
2978 3682 3026 3725 et
3054 3670 3299 3727 Phichol.
3331 3668 3441 3721 dux

1867 3742 2145 3813 exercitus
2173 3743 2309 3810 ejus.
2343 3744 2727 3813 Interpretatur
2752 3756 2940 3813 autem,
2972 3741 3213 3813 Oeltout
3248 3748 3443 3800 ιεηεηεο

1867 3818 1923 3865 et
1950 3809 2275 3874 l'hiehol,’os
2296 3809 2552 3877 omnium;
2581 3818 2696 3880 ipse
2716 3828 2895 3869 autem
2919 3809 3234 3868 Abiiuelech
3252 3850 3267 3868 .
3301 3820 3444 3873 pater

1866 3898 2009 3935 meus
2056 3900 2167 3937 rex.
2222 3884 2287 3938 lli
2321 3898 2429 3940 tres
2467 3888 2751 3956 imaginem
2785 3885 2948 3956 tutius
2982 3882 3336 3956 pltilusupliifn
3367 3887 3447 3932 le-

1867 3963 2016 4025 uent,
2048 3968 2168 4023 quae
2196 3956 2336 4024 apud
2360 3970 2457 4011 eos
2479 3958 2529 4010 in
2556 3950 2664 4011 tres
2687 3968 2871 4025 partes
2891 3950 3167 4015 dividitur,
3196 3950 3443 4025 logicum,

1865 4020 2141 4093 physicam
2170 4020 2507 4093 et'etbieam,
2549 4027 2600 4081 id
2640 4020 2743 4085 est.
2768 4025 3111 4087 ratiooalem,
3146 4020 3444 4075 naturalem

1866 4104 1918 4147 ct
1950 4096 2579 4172 moralem._Ration_alis
2618 4109 2721 4172 est.
2746 4098 2833 4172 illa
2868 4110 2990 4172 quze
3035 4094 3201 4172 Deum
3235 4102 3444 4172 p-qlrgfn

1865 4166 2105 4243 omnium
2132 4167 2440 4243 conﬁtetur,
2472 4169 2524 4223 id
2564 4178 2668 4235 est,
2697 4159 3032 4243 Abimelech.
3058 4159 3329 4243 Naturalis
3355 4159 3446 4241 illa

1864 4242 1950 4289 est
1987 4251 2105 4304 quae
2134 4237 2236 4290 lixa
2257 4247 2339 4292 est
2365 4248 2418 4294 et
2449 4249 2600 4295 tenet
2622 4238 2800 4292 omnia
2819 4277 2833 4301 ,
2862 4236 3011 4290 velut
3040 4245 3243 4289 natura:
3275 4236 3446 4304 ipsius

1865 4300 2070 4360 viribus
2098 4307 2296 4379 nitens,
2324 4324 2483 4379 quam
2511 4309 2791 4378 proﬁtetur
2822 4300 3084 4371 Ochozat,
3110 4304 3220 4379 qui
3251 4300 3449 4379 dicitur

1865 4385 2060 4431 tenens.
2102 4377 2320 4434 Muralis
2343 4371 2450 4445 est,
2489 4371 2609 4451 qua:
2650 4382 2700 4435 in
2740 4393 2835 4433 ore
2870 4388 2953 4433 est
2978 4371 3240 4451 omnium.
3281 4379 3341 4451 et
3375 4371 3445 4425 ad

1865 4460 2053 4501 omnes
2099 4452 2352 4523 Pertinet.
2395 4443 2451 4505 et
2508 4443 2604 4520 per
2643 4464 2985 4506 communem
3033 4443 3445 4523 siin‘ilitiidiiiei_n

1864 4514 2260 4594 prmceplogim
2307 4522 2359 4575 in
2396 4514 2639 4575 omnium
2677 4526 3079 4594 oreiversutur,
3116 4530 3273 4585 quam
3301 4514 3446 4594 desis

1867 4582 1997 4657 gnat
2027 4582 2128 4644 iste
2154 4589 2341 4665 Pliicol
2366 4632 2381 4656 ,
2425 4608 2528 4665 qui,
2554 4608 2611 4645 os
2662 4582 3330 4665 omniuminterpretatur.
3363 4582 3445 4665 .Hi

1867 4675 1998 4729 ergo
2023 4675 2213 4715 omnes
2242 4664 2329 4728 qui
2359 4664 2409 4716 in
2444 4658 2746 4731 littjusmodi
2779 4658 3170 4731 eruditionibus
3194 4664 3321 4731 sunt
3363 4658 3442 4707 in-

1861 4724 2060 4795 Stiiuti,
2104 4724 2325 4786 veniunt
2378 4734 2444 4786 ad
2506 4724 2677 4802 legem
2732 4733 2846 4794 Dei,
2877 4740 2931 4785 et
2961 4729 3167 4790 dicunt,
3205 4724 3446 4802 Υιάςηια

1861 4802 2101 4866 uidimus,
2122 4806 2241 4876 quia
2263 4813 2335 4857 est
2362 4796 2609 4857 Dominus
2636 4815 2829 4867 tecum;
2854 4820 2899 4855 ct
2919 4802 3169 4876 diximus,
3199 4796 3278 4850 Sit
3291 4798 3419 4876 jura

1861 4885 2087 4947 mentum
2116 4875 2249 4947 inter
2277 4891 2401 4940 nos,
2440 4886 2489 4947 et
2544 4875 2777 4947 ineamus
2825 4875 3094 4947 {adus_.__ut
3142 4884 3243 4922 non
3288 4868 3450 4947 facins

1863 4944 2008 4998 nobis
2032 4944 2314 5013 quidquam
2344 4946 2490 5011 mali,
2528 4944 2661 4996 sicut
2703 4954 2749 4997 et
2779 4960 2871 4998 nos
2920 4940 3049 4997 nihil
3093 4952 3297 4993 tuorum
3326 4940 3445 5013 atti-

1863 5008 2074 5085 gimus’:
2101 5008 2191 5067 nec
2216 5016 2430 5083 fecimus
2452 5008 2586 5075 quod
2616 5025 2663 5067 te
2690 5015 2911 5085 luderet,
2953 5013 3041 5067 sed
3064 5028 3184 5085 cum
3215 5024 3339 5080 pace
3371 5008 3451 5058 dt-

1869 5083 2124 5157 inisimus,
2153 5098 2359 5139 auctum
2389 5085 2736 5139 benedictione
2774 5084 3003 5139 Domini.
3064 5083 3296 5157 Possunt
3327 5091 3449 5157 ξιυιο

1867 5155 1993 5211 dem
2026 5158 2075 5208 bi
2119 5167 2249 5217 tres.
2294 5157 2379 5226 qui
2415 5171 2599 5225 pacem
2651 5157 2931 5223 requirunt
2981 5170 3010 5226 ξι
3059 5152 3362 5226 verbollei,
3395 5160 3451 5201 et

1868 5228 2169 5295 prinvenire
2189 5220 2593 5296 cupi'unt'pactu
2616 5220 2927 5299 societatem
2953 5224 3096 5299 ejus,
3120 5220 3343 5299 ﬁguram
3373 5227 3451 5299 te.-

1868 5293 2017 5373 here__
2052 5293 2349 5373 magorum,
2397 5293 2599 5373 q_i_ti_ex
2650 5296 2912 5373 orientis
2942 5293 3183 5373 partibus
3222 5293 3451 5373 veniunt

1866 5368 2066 5440 eruditi
2115 5366 2353 5437 paternis
2406 5366 2568 5440 libris
2588 5377 2643 5422 et
2689 5368 3021 5421 institutione
3061 5366 3454 5440 tnajurnni,__et

1866 5438 2068 5502 dicunt,
2102 5426 2225 5508 quia
2253 5440 2501 5493 videntes
2523 5438 2742 5493 vidimus
2783 5447 2963 5491 natum
2993 5426 3203 5508 regem.
3231 5442 3284 5485 et
3317 5426 3454 5483 vidi-

1866 5524 2005 5583 mus,
2035 5506 2159 5583 quia
2190 5510 2329 5583 Deus
2359 5510 2735 5583 estcumipso,
2760 5516 2806 5563 et
2833 5509 3061 5583 venimus
3082 5506 3299 5583 adorare
3326 5514 3452 5555 eum

1868 5572 2083 5652 (Matth.
2108 5580 2191 5640 nl.
2219 5581 2324 5637 Sed
2352 5580 2477 5635 etsi
2504 5572 2631 5652 quis
2662 5580 2753 5634 ille
2794 5588 2896 5652 est_
2923 5572 3295 5652 hujuscemodi
3328 5586 3454 5652 eri:-

1869 5642 2164 5724 ditionibus
2196 5652 2492 5724 institutus,
2518 5642 2841 5724 vidensquia
2864 5642 3011 5724 Deus
3034 5642 3455 5724 eratinChristu

1870 5723 2127 5777 mundum
2157 5719 2661 5793 reconcilianssibi,
2686 5727 2740 5774 et
2783 5719 3047 5793 attonitus
3084 5730 3317 5793 operum
3337 5719 3455 5793 ejus

1870 5793 2245 5863 magnitudine
2283 5794 2453 5860 dicat,
2493 5782 2731 5863 Videntes
2760 5789 2981 5843 vidimus
3026 5782 3149 5863 quia
3173 5794 3245 5842 est
3274 5782 3457 5838 Domi-

1871 5860 1985 5921 nus'
1999 5874 2186 5934 tecum,
2218 5872 2267 5921 et
2295 5864 2543 5932 diximus,
2576 5860 2658 5918 Sit
2674 5862 3028 5932 juramentum
3051 5861 3186 5916 inter
3205 5869 3341 5925 nos;
3368 5868 3456 5911 ac~
