4024 6336
169 304 275 367 99⁸1

1187 298 1665 363 COMMENTARII
1701 307 1768 364 IN
1805 306 2124 366 GENESlM.
2162 309 2292 367 LIB.
2335 304 2421 367 m.

3339 308 3446 372 998

167 425 310 496 quod
354 429 438 478 est
475 419 820 496 Deus._Ergo
849 424 1077 496 propter
1115 418 1338 482 Rachel,
1365 435 1489 496 _non
1537 429 1762 489 propter
1787 427 1842 489 Α
1865 432 2007 478 ctum
2036 424 2198 480 habet
2219 426 2270 478 in
2287 425 2364 480 eis
2397 438 2531 494 quos
2552 437 2718 492 regno
2742 422 2839 479 Dei
2855 430 3133 493 generant,
3151 422 3292 481 inter
3310 435 3448 484 mul-

170 491 321 551 Liaiu
345 498 598 549 servitur.
618 493 750 547 Nam
774 493 892 559 quis
910 492 1123 545 tandem
1144 491 1404 544 amaverit
1427 491 1480 545 in
1500 495 1754 561 operibus

167 566 387 638 juslilizr
437 568 673 620 laborem
722 566 990 638 actionum
1047 575 1205 632 alque
1245 565 1590 638 passionum?
1627 564 1756 632 Quis

170 633 290 693 eam
325 639 486 690 vitam
536 646 753 702 propter
781 651 840 688 se
883 633 1054 704 ipsam
1095 633 1435 700 expetiverit,
1478 635 1613 688 sicut
1657 649 1757 689 nec

171 711 340 764 .lacob
380 707 564 761 Liam?
603 707 706 760 Sed
753 718 929 758 tamen
977 707 1076 759 sibi
1126 715 1281 760 nocte
1327 708 1654 773 suppo~itam
1703 708 1755 760 in

175 795 332 835 usmn
360 777 673 847 generandi,
701 777 980 846 amplexus
1007 785 1060 830 et
1089 777 1465 830 fecunditatem
1496 777 1637 830 illius
1661 791 1758 831 ex-

175 859 364 920 pertus
404 861 510 906 est.
555 849 812 902 Dominus
855 852 998 901 enim
1030 863 1169 920 eam.
1203 852 1322 916 quia
1357 863 1451 914 per
1487 862 1544 900 se
1589 850 1756 915 ipsam

173 918 324 990 diligi
357 938 459 974 non
495 930 723 989 poterat,
757 921 929 984 primo
960 927 1018 971 ut
1047 918 1114 972 ad
1141 919 1337 974 Rachel
1365 922 1756 990 perveniretur,

177 989 398 1046 tolerari
431 991 584 1048 fecit:
611 990 804 1044 deinde
833 999 1048 1056 propter
1071 991 1210 1044 lilios
1233 989 1658 1043 commendavit:
1687 990 1758 1044 ita

176 1063 322 1118 enini
361 1065 724 1130 unusquisque
755 1061 900 1115 milis
930 1061 1022 1114 Dei
1056 1076 1244 1115 servus
1273 1061 1373 1114 sub
1401 1060 1759 1114 dealbuionis

177 1145 518 1204 peccaturum
545 1148 760 1187 Siiorum
792 1131 961 1200 gratia
985 1135 1340 1204 constitutus,
1370 1132 1496 1204 quid
1530 1131 1670 1184 aliud
1705 1131 1758 1185 in

174 1203 272 1261 cna
295 1205 702 1259 conversatione
739 1204 1023 1258 meditatos
1051 1212 1152 1265 est,
1193 1203 1319 1272 quid
1348 1203 1487 1256 aliud
1519 1204 1568 1254 in
1599 1205 1762 1256 corde

174 1277 425 1345 gestavit.
445 1276 570 1344 quid
599 1275 740 1329 aliud
765 1276 816 1328 in
855 1274 1017 1328 curde
1033 1275 1319 1340 adamavit,
1348 1273 1759 1326 nisidoctrinain

177 1347 498 1416 sapientiae?
526 1362 684 1414 quam
719 1345 958 1415 plerique
983 1359 1043 1399 se
1067 1346 1354 1412 adepturus
1381 1352 1437 1398 et
1478 1356 1763 1416 perceptu-

177 1433 274 1472 ros
323 1427 508 1486 putant
541 1429 718 1470 statim
760 1425 819 1469 ut
853 1431 913 1469 se
955 1418 1006 1468 in
1045 1426 1250 1484 septem
1295 1415 1574 1483 praeceptis
1629 1415 1760 1484 li-gis

179 1487 545 1553 exercuerim,
577 1503 695 1556 quae
719 1494 844 1541 sunt
868 1487 935 1540 de
958 1487 1242 1540 dilectioiie
1275 1488 1524 1554 proximi,
1554 1500 1619 1539 ne
1646 1486 1760 1538 cni-

176 1575 340 1628 quam
382 1558 582 1612 huniini
622 1567 923 1612 noceatur:
973 1557 1023 1628 id
1064 1567 1166 1623 est,
1209 1557 1425 1628 Honora
1476 1564 1672 1628 patrem
1702 1564 1763 1628 Aet

177 1625 420 1693 matrem,
443 1628 564 1682 Non
588 1628 934 1694 machaberis,
963 1626 1084 1680 Non
1108 1628 1326 1687 occides.
1347 1627 1466 1680 Non
1488 1625 1759 1692 riiraberis,

181 1700 310 1755 Non
343 1702 529 1770 falsum
557 1699 900 1770 testimonium
940 1699 1096 1759 dices.
1127 1698 1248 1751 Non
1278 1699 1600 1763 concupisces
1627 1712 1762 1770 ξατο-τ

176 1787 290 1826 rem
340 1767 556 1839 proximi
596 1771 692 1833 tui,
735 1769 857 1823 Non
901 1770 1224 1837 concupisces
1271 1785 1375 1820 rem
1421 1768 1642 1838 proximi
1688 1767 1763 1819 tui

179 1842 200 1912 (
237 1840 410 1895 Exod.
442 1858 508 1896 xx
537 1844 575 1911 ).
624 1841 831 1908 Quibus
870 1855 1126 1910 quantum
1179 1839 1412 1908 potuerit
1469 1841 1764 1912 observatis

181 1911 374 1982 posu-a
405 1928 564 1982 quam
598 1925 692 1976 pro
733 1913 1012 1973 concupita
1051 1919 1107 1964 et
1145 1920 1356 1977 Sperata
1407 1911 1762 1977 pulcherrima

182 1984 546 2038 delectatiOne
563 1982 820 2037 doctrinas
838 1997 932 2051 per
951 1982 1272 2035 tentationes
1301 1983 1474 2034 varias
1499 1982 1646 2045 quasi
1673 1997 1766 2049 per

183 2055 350 2121 hujus
375 2054 556 2108 saeculi
605 2061 835 2117 noctein,
879 2053 1178 2107 tolerantia:
1216 2052 1416 2106 laboris
1458 2052 1763 2112 adlitcscrit,

181 2131 337 2179 velut
365 2142 459 2194 pro
481 2124 702 2190 Rachel,
728 2124 838 2178 Lia:
867 2125 1132 2194 inopinate
1154 2125 1524 2192 conjungitur;
1555 2132 1607 2174 et
1630 2125 1767 2175 lianc

178 2199 435 2259 su~tinet,
460 2207 512 2248 ut
532 2198 595 2247 ad
619 2194 762 2248 illam
785 2196 1093 2264 perveniat;
1113 2196 1155 2248 si
1181 2205 1585 2264 perseveranter
1601 2201 1763 2258 ainat,

178 2267 425 2336 acceptis
451 2267 570 2320 aliis
601 2276 806 2335 septem
839 2266 1153 2334 prmceptis:
1187 2281 1248 2319 ac
1277 2266 1320 2319 si
1351 2265 1580 2328 dicatur,
1615 2264 1766 2317 Servi

180 2339 324 2392 alios
355 2349 558 2403 septem
577 2352 745 2390 annos
775 2353 872 2404 pro
891 2337 1126 2401 Rachel;
1152 2345 1211 2389 ut
1239 2336 1300 2389 sit
1326 2351 1528 2405 pauper
1550 2338 1761 2401 spiritu,

181 2409 360 2471 mitis,
395 2412 603 2475 lugens,
631 2412 898 2473 esuriens,
928 2407 1222 2476 sitiensque
1249 2408 1531 2475 jllslllltllll,
1564 2405 1768 2476 ιιιιιθτὶτ

182 2494 330 2544 cors,
365 2478 544 2534 mundi
577 2479 775 2540 cordis,
809 2478 1081 2546 paciﬁcus.
1135 2475 1305 2531 Vellet
1335 2477 1477 2530 enini
1512 2477 1691 2538 hoino,
1724 2475 1769 2528 si

183 2549 304 2606 ﬁeri
328 2561 529 2618 posset,
553 2550 668 2604 sine
687 2551 787 2603 ulla
814 2550 1092 2602 tolerantia
1117 2549 1334 2608 laboris,
1360 2564 1477 2617 quas
1501 2549 1769 2615 inagendo

187 2622 552 2690 patiendoque
582 2621 955 2680 amplectenda
985 2632 1086 2685 est,
1119 2621 1298 2673 statim
1326 2623 1390 2671 ad
1424 2623 1659 2686 pulchra:
1689 2626 1769 2670 at-

185 2707 300 2762 que
347 2692 594 2762 periectie
627 2693 899 2758 sapientiae
940 2691 1519 2762 deliciiisipervenire;
1551 2691 1641 2740 sed
1669 2693 1768 2740 huc

185 2761 299 2817 lion
335 2761 502 2825 potest
528 2763 580 2817 iu
607 2771 747 2816 terra
782 2761 1143 2815 morientium.
1175 2761 1286 2814 Hoc
1303 2761 1441 2812 enini
1468 2763 1770 2828 signiﬁcare

186 2834 405 2890 videtur
429 2835 569 2902 quod
607 2835 804 2887 dicuim
835 2844 916 2887 est
946 2834 1008 2883 ad
1049 2831 1234 2895 Jacob,
1269 2830 1390 2883 Non
1427 2840 1500 2883 est
1533 2833 1686 2882 moris
1717 2831 1771 2882 in

187 2907 305 2959 loco
329 2918 502 2958 nostra
524 2913 578 2958 ut
603 2909 766 2956 minor
796 2904 953 2956 nubat
978 2905 1274 2973 priusquam
1300 2904 1500 2970 major:
1521 2919 1635 2964 quia
1664 2916 1770 2953 non

187 2976 428 3030 absurde
474 2976 642 3042 major
671 2976 991 3043 appellatur,
1038 2989 1158 3039 quae
1208 2984 1445 3038 tempore.
1495 2973 1638 3038 prior
1666 2979 1769 3023 est.

187 3047 350 3102 Prior
370 3059 446 3101 est
471 3059 644 3100 autem
669 3045 719 3099 in
746 3058 888 3100 recta
913 3045 1148 3098 hominis
1162 3045 1464 3098 eruditione
1488 3046 1633 3094 labor
1653 3059 1773 3108 ope-

187 3120 349 3173 randi
398 3133 516 3185 quae
558 3118 699 3185 justa
753 3127 898 3181 sunt,
939 3131 1098 3185 quam
1144 3118 1392 3168 voluiitas
1440 3114 1770 3185 intelligendi

185 3203 317 3259 quae
341 3183 462 3241 vera
490 3183 634 3241 sunt.
658 3189 736 3241 Ad
768 3188 869 3242 hoc
892 3183 1032 3240 valet
1057 3186 1197 3254 qniid
1223 3189 1477 3259 scriptum
1507 3194 1612 3245 est,
1639 3183 1768 3259 Corr-

189 3256 382 3330 éupisti
401 3260 739 3330 sapientiam?
760 3275 903 3311 serva
925 3261 1190 3330 mandata,
1208 3268 1254 3310 et
1271 3256 1773 3330 Domitittspi'tebebit

189 3327 341 3384 illam
367 3331 457 3384 tibi
479 3328 665 3396 (Eccli.
694 3331 756 3400 ι).
789 3329 1030 3382 Mandata
1061 3329 1244 3400 utique
1270 3327 1335 3378 ad
1371 3327 1625 3400 ju~titiam
1659 3341 1775 3390 per-

191 3401 440 3465 tinentia,
470 3398 732 3470 justitiam
763 3415 882 3469 quae
911 3416 979 3454 ex
1010 3399 1114 3452 ﬁde
1137 3409 1239 3459 est,
1272 3414 1395 3470 quae
1423 3398 1559 3449 inter
1602 3404 1772 3449 tenta-

190 3475 401 3532 tionoin
445 3468 643 3525 inci-ria
677 3468 948 3524 verSatur:
979 3479 1036 3523 nt
1062 3471 1146 3537 pie
1167 3468 1436 3521 credendo
1465 3470 1605 3536 quod
1639 3481 1772 3519 non-

188 3543 324 3598 dum
347 3543 612 3611 intelligit.
639 3548 797 3595 etiam
822 3540 1184 3609 intelligentiae
1208 3542 1455 3592 meritum
1478 3551 1775 3611 ειιιιεθιμιῖιτ

186 3623 316 3668 tur:
347 3609 598 3678 quantum
630 3617 771 3666 enim
802 3615 958 3672 valet,
989 3612 1132 3681 quod
1164 3611 1322 3663 modo
1351 3609 1774 3662 commemoravi

189 3699 320 3740 esse
341 3686 619 3752 scriptum,
653 3684 948 3752 (.‘oncupisti
983 3683 1308 3752 sapientiam,
1333 3696 1474 3733 serva
1507 3682 1769 3746 mandata,

189 3767 245 3810 et
269 3755 517 3808 Dominus
541 3756 777 3825 prtebebit
803 3754 946 3806 illam
974 3755 1084 3819 tibi,
1122 3761 1324 3825 Ianum
1352 3761 1406 3804 et
1437 3753 1775 3825 illtidvalere

187 3827 448 3888 arbitror,
482 3822 598 3878 Nisi
637 3825 971 3890 credideritis,
1002 3841 1102 3878 non
1125 3823 1421 3894 intelligetis
1442 3864 1453 3882 ,
1490 3832 1546 3874 ut
1569 3822 1774 3889 jUstitia

187 3896 264 3950 ad
316 3897 498 3957 Iidem,
531 3897 594 3949 ad
624 3896 945 3965 sapientiam
974 3911 1102 3949 vero
1133 3893 1478 3962 intelligentia
1509 3893 1775 3962 pertinere

190 3979 551 4022 monstretur.
571 3967 803 4021 Proinde
829 3969 877 4019 iii
906 3967 988 4019 his
1005 3968 1094 4036 qui
1122 3966 1344 4032 ﬂagrant
1367 3965 1567 4031 ingenti
1590 3978 1776 4036 amore

188 4043 500 4107 perstiicuae
531 4040 787 4102 \‘Cl‘.l:lllS,
821 4054 924 4090 non
959 4034 1037 4090 est
1073 4038 1476 4104 improliandum
1508 4034 1772 4098 studium,

187 4110 291 4164 sed
323 4111 388 4163 ad
426 4111 670 4162 ordinem
700 4109 1092 4164 revocandum:
1125 4118 1181 4159 ut
1213 4122 1240 4159 a
1272 4108 1372 4158 lide
1419 4108 1690 4174 incipiant,
1723 4117 1775 4158 et

189 4177 355 4236 bouis
379 4181 615 4233 moribus
646 4180 882 4232 nitantur
912 4179 1191 4248 pervenire
1221 4194 1323 4245 quo
1352 4178 1594 4228 tendunt.
1627 4175 1681 4229 lit
1711 4190 1776 4229 eo

189 4251 398 4321 quippe
439 4252 580 4318 quod
620 4251 953 4316 adversatur,
987 4251 1158 4303 virtus
1187 4262 1268 4321 est
1300 4249 1561 4300 laboriosa
1581 4250 1670 4321 ;»in
1710 4260 1776 4300 eo

189 4319 329 4378 vero
358 4325 498 4391 quod
532 4321 820 4390 appetitur,
868 4321 1126 4374 luminosa
1161 4319 1437 4391 sapientia.
1474 4319 1609 4384 Quid
1642 4333 1776 4391 opus

191 4403 302 4459 εει,
329 4388 519 4461 ἱειίμιίι,
550 4388 804 4446 credere?
831 4393 956 4461 quid
984 4408 1088 4444 non
1119 4390 1244 4444 mihi
1269 4391 1569 4443 OSlClldlllll‘
1601 4388 1774 4440 mani-

191 4461 396 4518 festum
425 4463 644 4529 aliquod
675 4466 892 4516 verbum
933 4479 1037 4529 quo
1075 4465 1284 4515 videant
1323 4476 1498 4512 rerum
1536 4474 1773 4512 omnium

190 4536 440 4589 scientia:
471 4535 826 4603 principium?
852 4535 902 4587 ld
934 4534 1075 4587 enim
1106 4545 1182 4585 e~t
1221 4536 1268 4584 iit
1290 4534 1428 4600 quod
1455 4530 1684 4584 maxime
1711 4546 1775 4582 ac

192 4607 450 4673 primitus
473 4602 790 4664 inardescit,
838 4607 882 4656 si
922 4605 1004 4657 vel
1033 4602 1307 4656 Stiiiliosus
1333 4616 1412 4655 eSt
1446 4605 1655 4656 animus
1685 4617 1767 4654 ra-

191 4677 435 4729 tionalis.
478 4676 578 4728 Cui
624 4676 1057 4742 respmideatur:
1098 4674 1382 4726 Pulchrum
1431 4682 1513 4724 est
1558 4673 1772 4741 quidem

191 4747 342 4813 quod
373 4747 673 4809 desideras,
698 4756 752 4799 et
779 4747 946 4798 amari
975 4745 1377 4812 dignissimum;
1411 4747 1501 4795 sed
1529 4748 1776 4811 priosnuo

190 4815 279 4870 bit
307 4816 424 4883 Lia,
452 4828 506 4872 et
527 4832 709 4884 postea
746 4815 964 4877 Rachel.
1000 4814 1173 4868 Ardor
1201 4830 1329 4883 ergo
1357 4816 1457 4867 iste
1492 4819 1556 4865 ad
1600 4816 1648 4867 id
1680 4830 1778 4868 va-

193 4886 310 4943 leat
335 4896 393 4941 ut
411 4889 546 4942 ordo
570 4903 673 4941 non
700 4896 992 4950 recusetur,
1020 4888 1112 4938 sed
1144 4887 1315 4953 poﬁns
1341 4887 1626 4948 tuleretur;
1657 4901 1776 4938 cum

191 4969 381 5012 autem
414 4969 725 5028 perventum
762 4961 940 5023 inerit,
973 4956 1131 5028 simul
1161 4957 1440 5009 habebitur
1466 4959 1516 5028 in
1557 4955 1659 5009 hoc
1680 4970 1779 5008 sae-

193 5031 326 5083 culo
364 5027 467 5083 noii
500 5030 672 5084 solum
713 5030 953 5096 speciosa
983 5027 1355 5096 intelligentia,
1389 5027 1482 5081 sed
1510 5029 1670 5081 etiam
1708 5029 1783 5078 la-

194 5098 419 5154 boriosa
448 5099 675 5168 justitia.
709 5103 1008 5166 Quamlibet
1037 5102 1178 5152 enim
1207 5115 1362 5152 acute
1391 5100 1783 5164 Sinceriterque

192 5181 462 5226 cernatur
489 5185 520 5224 a
550 5173 863 5224 mortalibus
891 5171 1323 5225 inciiinuiutabile
1357 5170 1575 5234 bonum,
1608 5169 1784 5220 adhuc

191 5258 390 5312 corpus
410 5243 554 5313 quod,
576 5244 918 5312 corrumpitur
944 5251 1187 5313 aggrnvat
1224 5243 1469 5298 animum.
1511 5251 1560 5313 et
1585 5253 1784 5313 terrena

191 5311 510 5366 inhabitatio
522 5312 760 5380 deprimit
780 5311 1002 5378 meum,
1015 5311 1182 5366 inulta
1195 5316 1494 5379 cogitantem
1512 5311 1665 5381 (δίῳ.
1683 5311 1780 5378 tx).

192 5385 280 5438 Ad
317 5401 479 5438 unum
510 5400 638 5452 ergo
665 5386 971 5444 tenendum,
997 5389 1160 5437 multa
1187 5387 1403 5437 ferenda
1433 5394 1575 5436 sunt.
1602 5385 1783 5451 Itaque

192 5454 322 5524 duae
359 5467 484 5508 sunt
529 5470 728 5508 uxores
763 5457 927 5509 Jaciib
967 5456 1146 5508 Iiber.e
1178 5472 1189 5506 :
1234 5459 1402 5508 ambae
1433 5471 1627 5524 quippe
1660 5462 1783 5506 sunt

193 5523 332 5580 ﬁlia:
362 5525 701 5580 remissmnis
744 5541 1104 5595 peccatorum,
1137 5526 1236 5580 hoc
1273 5536 1375 5584 est,
1406 5523 1780 5592 deiilbationis,

194 5599 346 5667 quod
376 5609 458 5651 est
494 5595 706 5663 Laban;
737 5610 1100 5652 verumtamen
1125 5613 1226 5650 una
1269 5612 1497 5662 amatur,
1531 5607 1586 5650 et
1615 5600 1784 5651 altera

196 5671 498 5734 toleratur;
522 5669 614 5722 sed
643 5686 760 5738 quie
789 5673 1065 5736 toleratur,
1100 5673 1151 5738 ip
1183 5685 1209 5721 a
1237 5671 1379 5738 prius
1401 5680 1456 5722 et
1481 5673 1693 5723 uberius
1718 5669 1788 5721 fe-

197 5743 509 5810 cundatur:
540 5754 592 5793 ut
621 5757 664 5794 su
699 5758 800 5794 non
833 5756 1047 5809 propter
1073 5757 1132 5796 se
1180 5745 1365 5810 ipsam.
1397 5753 1542 5795 certe
1573 5753 1788 5808 propter

198 5807 354 5870 ﬁlios
379 5815 666 5881 diligatur:
694 5807 848 5869 labor
875 5807 1017 5870 enim
1051 5807 1317 5879 iustorum
1352 5807 1641 5868 maximum
1671 5807 1787 5869 l'ru-

1866 503 1944 570 tas
1972 497 2294 556 tentatioues
2325 505 2380 551 et
2414 496 2788 550 tribulationes
2819 497 3159 570 pragdicando
3204 501 3445 570 Evange-

1860 565 2022 638 liuni;
2063 578 2118 622 et
2147 583 2260 630 eos,
2302 579 2519 637 propter
2546 583 2681 638 quos
2712 578 2836 622 sunt
2867 569 2917 620 in
2962 568 3237 623 laboribus
3276 565 3445 626 aliun-

1858 637 2091 701 dantius,
2119 639 2168 691 in
2195 641 2363 708 plagis
2383 655 2539 712 supra
2567 637 2813 712 modum,
2842 641 2891 692 in
2913 641 3175 694 mortibus
3197 640 3446 712 frequen-

1860 717 2219 781 ter;_propter
2241 725 2374 780 quos
2396 710 2592 765 habent
2617 711 2746 768 foris
2782 722 3003 780 pugnas.
3035 715 3172 765 intus
3198 710 3439 781 timores,

1859 779 2106 848 gaudium
2131 792 2180 835 et
2210 779 2464 836 coronam
2497 798 2644 835 suam
2679 779 2887 836 vociint.
2923 781 3220 836 Nascuntur
3259 779 3436 840 autem

1859 852 1939 904 eis
1977 850 2365 934 [acilinsnatque
2395 854 2662 934 cordus-ius
2687 869 2755 908 ex
2787 851 2882 906 illo
2911 868 3167 934 sermone
3191 855 3311 934 ﬁdei
3335 873 3404 924 qu
3430 878 3442 903 ι

1863 922 2152 996 praedicant
2172 921 2441 996 Christum
2464 921 2802 992 eruciﬁxom,
2833 932 2887 979 et
2912 925 3167 996 quidquid
3201 921 3441 981 humani-

1861 993 1986 1064 t_atis
2009 994 2125 1061 ejos
2158 995 2316 1048 citius
2343 1000 2571 1049 humana
2599 993 3261 1064 cogitatione'percipittir,
3289 1007 3342 1052 et
3361 997 3443 1052 in-

1863 1061 2047 1116 ﬁrmos
2067 1066 2225 1118 etiam
2253 1064 2359 1118 Lite
2388 1066 2570 1119 oculos
2600 1061 2701 1118 ltuit
2727 1061 3018 1133 perturbat.
3047 1061 3245 1120 Rachel
3267 1079 3440 1123 autem

1861 1135 2002 1210 clara
2033 1145 2252 1210 δευρί-ιιι
2277 1146 2455 1210 mente
2480 1136 2849 1210 exceditDeo,
2881 1150 2932 1210 et
2956 1140 3097 1190 videt
3121 1141 3169 1190 in
3193 1144 3321 1210 pr'ni
3339 1142 3444 1210 {pio

1869 1202 2282 1259 Verbum'Deum
2308 1209 2448 1272 apud
2473 1205 2638 1259 Deum
2671 1202 2847 1266 (Joanl
2878 1208 2940 1277 t),
2972 1215 3028 1262 et
3049 1210 3156 1261 vult
3184 1202 3369 1274 parere
3390 1219 3446 1265 «ιι

1863 1290 1980 1350 non,
2017 1287 2214 1350 potest,
2257 1277 2381 1344 quia
2427 1278 2802 1350 generationem
2837 1281 2949 1346 ejus
2990 1280 3101 1350 quis
3150 1282 3448 1336 etiarrtibit?

1863 1345 2094 1400 Proinde
2135 1348 2240 1400 vita
2271 1363 2390 1416 quas
2427 1345 2602 1401 Stttdio
2652 1345 3124 1414 contclttplatimiis
3162 1355 3439 1419 Cotiipetit,

1863 1426 1922 1470 ut
1953 1432 2013 1471 ea
2051 1433 2170 1486 qua:
2206 1419 2356 1474 carni
2385 1427 2509 1471 sunt
2538 1419 2842 1482 invisibilia,
2876 1435 2980 1472 non
3022 1419 3248 1474 inﬁrmis
3274 1428 3445 1477 oculis

1863 1489 2057 1542 mentis
2086 1503 2178 1556 per
2203 1505 2265 1543 ea
2287 1505 2404 1558 quin
2432 1490 2566 1543 facta
2596 1499 2721 1543 sunt
2745 1491 3015 1545 in'ellecta
3047 1493 3362 1559 ciinspicizit,
3385 1503 3443 1549 et

1863 1563 2243 1626 sempiternam
2277 1561 2367 1615 Dei
2390 1561 2636 1613 virtutem
2660 1559 2999 1614 ineﬂ‘abiliter
3027 1572 3229 1620 cernat.
3252 1579 3440 1617 vacare

1864 1630 1977 1682 vult
2027 1629 2094 1682 ab
2135 1630 2280 1683 omni
2329 1635 2581 1700 negotio,
2618 1640 2671 1685 et
2711 1631 2832 1685 ideo
2870 1632 3103 1694 sterilis;
3144 1631 3443 1690 affectando

1865 1701 2063 1768 quippe
2089 1701 2256 1755 otium
2295 1717 2400 1770 quo
2431 1701 2605 1755 studia
2636 1703 3109 1770 contemplationis
3139 1703 3440 1771 ignoscunt,

1869 1785 1972 1824 noo
1996 1781 2433 1839 conteinperatur
2464 1771 2757 1826 inﬁrmitati
2785 1773 3060 1828 hominum
3089 1777 3173 1840 qui
3205 1775 3256 1828 in
3281 1776 3442 1830 variis

1871 1844 2134 1911 pressuris
2166 1842 2266 1914 sibi
2300 1841 2558 1898 dederant
2596 1844 2906 1909 subveniri;
2950 1844 3046 1898 sed
3091 1845 3212 1913 quia
3245 1853 3299 1899 et
3337 1849 3446 1914 ipsa

1871 1914 2184 1981 procreandi
2211 1913 2473 1968 charitate
2500 1916 2810 1979 inardescit,
2835 1919 2948 1968 vult
2969 1916 3165 1970 docere
3187 1919 3324 1983 quod
3351 1913 3449 1972 no-

1870 1989 1941 2035 vit
1969 2001 1979 2034 :
2017 2000 2186 2052 neque
2213 1987 2355 2037 cnim
2389 1986 2582 2037 invidia
2605 1986 2851 2046 tabescit,
2883 2002 3002 2039 cum
3037 1986 3177 2040 videt
3206 2001 3445 2042 sororem

1869 2053 2054 2107 labore
2083 2055 2274 2122 agendi
2310 2064 2468 2122 atque
2507 2057 2739 2119 patiendi
2786 2058 2904 2109 ﬁliis
2929 2057 3319 2122 abundantem;
3353 2059 3447 2112 sed

1870 2126 2012 2179 dolet
2056 2137 2230 2193 potius
2259 2141 2477 2178 currere
2522 2127 2767 2179 homines
2803 2127 2868 2179 ad
2902 2143 3018 2180 eant
3054 2130 3303 2181 virtutem
3345 2146 3446 2191 qua

1869 2210 2060 2249 eorum
2114 2194 2509 2249 inﬁrmitatibus
2559 2197 3072 2264 ηερε-εςίιειιὼιικιιυθ
3118 2201 3445 2266 eorsulitur,

1869 2282 2026 2335 quam
2067 2270 2130 2318 ail
2170 2267 2312 2320 illam
2355 2267 2493 2321 unde
2525 2269 2757 2320 diviimoi
2791 2278 2844 2320 et
2877 2269 3314 2324 incommutabile
3344 2271 3445 2323 ali-

1871 2339 1993 2410 quid
2023 2339 2270 2390 discitur.
2295 2339 2397 2410 llic
2427 2338 2580 2391 dolor
2603 2338 2858 2408 ἢθη-³1ης
2882 2339 3091 2392 videtur
3122 2342 3173 2392 in
3206 2357 3272 2392 eo
3300 2340 3444 2410 quod

1871 2408 2128 2476 seriptum
2153 2420 2258 2472 est,
2286 2408 2348 2461 Et
2369 2411 2546 2462 zelttrit
2576 2409 2765 2461 Rachel
2787 2425 3009 2463 sororem
3030 2427 3196 2464 suam.
3215 2408 3449 2467 Proinde

1874 2483 1994 2546 quia
2032 2481 2262 2547 liquidus
2298 2496 2567 2548 purusque
2600 2481 2902 2534 intellectus
2935 2483 2999 2533 de
3030 2483 3114 2534 illa
3149 2484 3449 2536 substantia

1872 2564 1989 2618 quie
2021 2565 2212 2618 corpus
2245 2565 2350 2603 non
2381 2559 2481 2618 est,
2515 2551 2580 2604 :id
2614 2566 2793 2604 carnis
2816 2566 3030 2605 sensum
3059 2567 3161 2606 non
3195 2555 3447 2620 pertinet,

1873 2630 1927 2674 et
1947 2625 2124 2674 verbis
2153 2636 2316 2675 carne
2343 2622 2502 2676 editis
2531 2623 2756 2689 exprimi
2792 2639 2894 2675 non
2931 2632 3135 2690 potest;
3167 2623 3329 2689 elegit
3355 2625 3452 2677 do-

1871 2693 2037 2744 ctrina
2070 2694 2346 2761 sapientiae
2375 2708 2470 2761 per
2499 2693 2766 2760 quaslibet
2794 2708 3078 2760 corporeas
3112 2696 3373 2763 imagines
3394 2703 3448 2750 et

1872 2763 2254 2816 similitudines
2288 2775 2574 2831 utcumque
2614 2765 2895 2831 Cogitanda
2942 2764 3211 2817 insinuare
3240 2765 3446 2831 divina,

1873 2848 2031 2906 quani
2063 2835 2130 2886 ab
2169 2834 2347 2887 ol’ﬁeio
2378 2834 2496 2887 talia
2545 2836 2770 2906 docendi
2810 2849 3064 2899 ces~are;
3112 2835 3251 2906 sicut
3287 2837 3451 2906 elegit

1878 2903 2071 2976 Rachel
2099 2919 2175 2976 rex
2219 2909 2333 2957 viro
2361 2920 2458 2958 suo
2490 2914 2540 2958 et
2573 2905 2759 2958 ancilla
2790 2910 3064 2971 suscipere
3099 2905 3258 2976 ﬁlios,
3289 2903 3450 2976 quam

1875 2976 1990 3026 sine
2016 2975 2138 3028 illis
2162 2980 2379 3028 omnino
2401 2991 2706 3030 remanere.
2734 2976 2856 3029 Bala
2881 2979 3079 3043 quippe
3103 2975 3447 3044 interpretari

1877 3045 2070 3098 dicitur
2102 3047 2393 3100 inveterata.
2427 3047 2571 3100 Hanc
2616 3046 2799 3099 habuit
2829 3048 3073 3100 ancdlani
3121 3046 3340 3102 Rachel.
3376 3049 3452 3104 De

1879 3118 2043 3170 veteri
2076 3121 2269 3184 quippe
2303 3119 2408 3170 vita
2439 3117 2747 3171 carnalibus
2776 3120 3026 3170 sensibus
3049 3117 3225 3171 dedita
3255 3133 3451 3187 corpo-

1801 3195 1843 3255 α
1877 3201 1984 3239 rea:
2014 3199 2318 3256 cogitantur
2345 3190 2620 3256 imagines,
2665 3189 2825 3240 etiam
2852 3204 2971 3241 cum
3005 3187 3208 3258 aliquid
3239 3189 3305 3242 de
3336 3191 3448 3258 spi-

1878 3258 2017 3309 ritali
2042 3270 2094 3310 et
2119 3261 2539 3312 iiicoiiimiitabili
2573 3258 2868 3312 substantia
2893 3260 3181 3313 divinitatis
3204 3260 3440 3315 auditur.

1876 3327 2120 3396 Suscepit
2154 3337 2206 3382 et
2235 3330 2328 3383 Lia
2356 3330 2422 3383 de
2449 3331 2642 3383 ancilla
2675 3343 2767 3382 sua
2804 3330 2962 3395 ﬁlios,
2988 3344 3171 3383 amore
3201 3345 3452 3386 numero-

1875 3398 2031 3452 sioris
2058 3401 2222 3467 prolis
2244 3415 2489 3454 accensa.
2513 3399 2820 3454 Invenimus
2847 3410 3025 3455 autem
3047 3399 3301 3468 Zelpham
3334 3402 3451 3470 ejus

1875 3471 2122 3522 ancillam
2168 3471 2528 3538 interpretari,
2563 3488 2617 3523 os
2643 3469 2811 3522 hians.
2839 3471 3176 3539 QuaprOpter
3213 3474 3277 3524 ad
3314 3469 3452 3541 pra:-

1876 3541 2143 3593 dicziiores
2186 3540 2312 3596 ﬁdei
2343 3544 2686 3609 evangelicae,
2729 3558 2956 3611 quorum
2999 3558 3058 3595 os
3096 3541 3230 3607 hiat,
3277 3540 3328 3595 et
3360 3557 3455 3598 cor

1877 3625 1982 3664 non
2009 3611 2138 3673 hiat,
2167 3627 2286 3665 cuin
2319 3613 2370 3664 iii
2398 3612 2689 3678 Sei-ipturis
2717 3613 3124 3676 adverterimus,
3161 3612 3274 3667 haec
3296 3612 3453 3667 intel-

1877 3683 2058 3753 ligitur
2082 3685 2276 3736 ancilla
2298 3683 2428 3736 Lizc.
2457 3685 2722 3753 Scriptum
2747 3693 2828 3737 est
2855 3684 2998 3736 enim
3019 3685 3083 3736 de
3106 3683 3448 3750 quibusdam,

1877 3751 2113 3819 Populus
2166 3756 2246 3806 hic
2302 3754 2448 3807 labiis
2502 3751 2592 3806 me
2634 3754 2870 3813 honorat.
2931 3770 3019 3806 cor
3066 3765 3233 3806 autent
3280 3770 3454 3807 eorum

1878 3825 2027 3894 longe
2057 3836 2126 3876 est
2156 3842 2187 3876 α
2219 3842 2296 3878 me
2324 3824 2475 3887 (1502'.
2526 3824 2697 3892 χχιι).
2735 3825 2800 3878 Ει
2833 3824 3024 3877 talibus
3055 3824 3332 3890 apostolus
3370 3825 3452 3879 di-

1878 3896 1971 3960 cit,
2001 3896 2098 3958 ριιὶ
2120 3897 2368 3964 prtedicas
2397 3913 2494 3947 non
2523 3895 2824 3959 [oranda-nt,
2855 3895 3076 3963 furoris;
3097 3895 3183 3963 qui
3202 3895 3330 3947 dicis
3351 3911 3453 3949 non

1879 3971 2263 4031 mtechandum,
2295 3967 2562 4019 maechuris
2599 3965 2788 4033 (Rom.
2832 3965 2930 4033 11).
2975 3964 3165 4018 Veiiim
3201 3976 3256 4018 ut
3288 3967 3451 4020 etiam

1881 4051 1974 4102 per
2005 4035 2140 4088 hanc
2170 4037 2527 4090 cotidittoneiii
2563 4039 2724 4091 libera
2745 4037 2829 4088 illa
2853 4051 2983 4089 uxor
3000 4035 3165 4089 Jacoh
3196 4035 3452 4091 laborans

1879 4107 2015 4159 filios
2049 4110 2287 4160 liii-.redes
2316 4110 2460 4172 regni
2504 4109 2779 4174 suscipiat,
2812 4107 2932 4160 ideo
2973 4107 3228 4159 Dominus
3268 4106 3400 4159 dicit
3431 4124 3444 4158 :

1883 4177 2008 4249 Qua:
2049 4178 2224 4229 dicunt
2265 4179 2440 4246 facite,
2478 4189 2798 4249 quteautem
2840 4179 3053 4248 faciunt,
3103 4177 3269 4245 facere
3297 4175 3456 4232 nolite

1881 4247 2107 4317 (Matth.
2141 4263 2250 4302 χιιι
2273 4250 2314 4318 ).
2349 4247 2499 4303 Unde
2532 4249 2585 4301 in
2613 4248 2796 4302 labore
2817 4247 3148 4301 vinculorum
3184 4249 3293 4300 vita
3310 4263 3455 4318 Aapo-

1879 4316 2065 4373 Stolica
2091 4336 2102 4370 :
2136 4316 2281 4386 sive,
2309 4319 2500 4388 inquit,
2530 4321 2833 4383 occasione,
2876 4322 2987 4372 sive
3019 4318 3266 4380 veritate,
3297 4316 3455 4372 Chri-

1880 4404 1994 4443 stus
2031 4392 2395 4454 annuntietur,
2429 4392 2557 4444 etin
2590 4389 2688 4443 huc
2718 4389 2943 4457 gaudeo.
2978 4388 3072 4442 sed
3095 4403 3147 4442 et
3177 4390 3448 4458 gaudebo;

1883 4469 2150 4529 tamquam
2185 4474 2235 4514 et
2273 4462 2460 4514 ancilla
2497 4463 2735 4530 pariente
2777 4461 2842 4514 de
2874 4460 3022 4527 prole
3059 4461 3449 4513 numerosiore.

1882 4531 2114 4585 Latatus
2138 4541 2217 4584 est
2241 4535 2450 4600 quidem
2483 4533 2590 4584 Li:e
2615 4535 2837 4584 aﬁ‘ectiis
2867 4547 2930 4584 ex
2966 4531 3225 4585 beneﬁcio
3252 4531 3456 4587 Rachel

1882 4607 2076 4664 editus,
2102 4618 2222 4657 cum
2255 4605 2424 4656 vitum
2456 4617 2609 4657 suum
2637 4617 2816 4656 secum
2849 4601 3022 4655 debita
3060 4608 3214 4656 nocte
3243 4603 3454 4655 cubitu-

1883 4689 2022 4738 rum,
2061 4676 2294 4743 acceptis
2322 4691 2350 4727 a
2378 4675 2484 4726 ﬁlio
2526 4673 2633 4727 Liac
2671 4672 3090 4741 maiiilragoricis
3119 4687 3238 4726 cum
3267 4689 3454 4727 sorore

1884 4745 2122 4798 cubitare
2147 4747 2405 4813 permisit.
2432 4745 2506 4798 De
2535 4745 2635 4798 hoc
2656 4757 2832 4798 autem
2859 4744 2997 4812 ponii
3027 4758 3222 4808 genere
3242 4743 3454 4812 Opinari

1884 4817 2143 4886 quosdam
2185 4819 2318 4882 scio,
2363 4817 2500 4883 quod
2538 4823 2815 4884 acceptum
2863 4816 2913 4867 in
2946 4828 3136 4886 escam
3179 4816 3453 4869 sterilibus

1885 4884 2099 4940 l‘eni'inis
2128 4887 2512 4942 fecunditatem
2541 4897 2715 4953 paret;
2747 4901 2808 4939 ac
2834 4901 2924 4954 per
2945 4884 3047 4938 huc
3071 4893 3256 4953 putant
3283 4888 3452 4940 onini-

1887 4961 2046 5011 modo
2080 4958 2334 5012 institisse
2373 4957 2574 5010 Rachel
2603 4966 2659 5009 ut
2686 4958 2788 5011 hoc
2813 4973 2838 5006 a
2874 4956 2982 5009 lilio
3012 4971 3213 5009 sororis
3243 4954 3454 5022 accipe-

1888 5038 1973 5082 ret
2019 5029 2312 5096 cupiditate
2360 5028 2797 5096 pariendizquod
2848 5042 2946 5094 ego
2996 5042 3099 5080 non
3138 5027 3449 5092 arbitrarer,

1890 5113 1988 5153 nec
2017 5103 2063 5153 si
2111 5108 2235 5153 tunc
2279 5111 2645 5166 concepisset;
2684 5114 2824 5151 nunc
2871 5113 2999 5151 vero
3025 5112 3144 5151 cum
3175 5104 3295 5164 post
3345 5097 3453 5151 Lia

1888 5171 2020 5222 duos
2051 5170 2181 5223 alios
2212 5172 2279 5223 ab
2321 5171 2406 5224 illa
2454 5183 2610 5223 nocte
2648 5180 2827 5236 partus
2877 5170 3129 5221 Dominus
3159 5166 3210 5220 ei
3251 5167 3455 5236 prolem

1887 5239 2190 5306 donaverit,
2222 5241 2349 5295 nihil
2392 5249 2473 5294 est
2509 5255 2606 5293 cur
2636 5243 2702 5294 de
2736 5239 3082 5307 inandragora
3117 5237 3221 5291 tale
3255 5237 3456 5307 aliquid

1888 5325 2241 5381 suspicemur,
2271 5313 2426 5380 quale
2454 5314 2502 5364 iit
2525 5312 2665 5365 nulla
2691 5311 2884 5364 l'eniina
2909 5309 3111 5376 experti
3135 5322 3354 5381 sumus.
3372 5311 3457 5363 Di-

1887 5379 2002 5436 cani
2048 5398 2173 5451 ergo
2201 5379 2327 5452 quid
2375 5383 2624 5446 sentiam,
2674 5382 2853 5435 dicant
2895 5381 3019 5432 hinc
3061 5381 3194 5452 torte
3233 5379 3457 5436 meliora

1890 5449 2154 5507 doctiores
2191 5449 2356 5506 {cum
2389 5456 2531 5507 enim
2580 5452 2694 5506 lucc
2741 5452 2878 5504 niala
2931 5453 3043 5518 ipse
3090 5449 3360 5514 vidis.~em,
3405 5460 3460 5506 et

1890 5537 2110 5595 propter
2135 5526 2293 5577 istum
2323 5527 2492 5592 ipsum
2541 5537 2705 5576 sacrae
2735 5522 2978 5575 lecﬁonis
3011 5522 3206 5586 locum,
3243 5520 3295 5574 id
3326 5521 3460 5576 itiihi

1889 5595 2146 5665 obtigisse
2177 5603 2494 5664 gratularer,
2528 5610 2647 5647 rara
2675 5607 2934 5665 eninrres
2957 5604 3058 5654 εει,
3093 5600 3335 5644 naturam
3367 5607 3460 5660 eo;

1889 5662 2356 5734 runi'diligenter,
2397 5675 2650 5736 quantum
2695 5662 2861 5731 potui,
2908 5670 3270 5736 perscrutatus
3316 5675 3459 5730 sum,

1891 5756 1996 5794 non
2028 5730 2201 5809 aliqua
2230 5754 2258 5792 a
2286 5730 2555 5792 caminum
2581 5730 2739 5790 sensti
2774 5730 3045 5809 remotiori
3074 5730 3318 5809 scicntia,
3340 5751 3459 5809 quae

1891 5813 2050 5869 docet
2079 5804 2304 5868 virtutes
2342 5809 2586 5865 radicum
2612 5817 2668 5862 et
2689 5815 2984 5873 potestates
3014 5805 3326 5869 herbarum,
3364 5804 3468 5866 sed
