4040 6182
391 338 448 395 η
1712 335 1996 396 JOANNIS
2033 337 2345 398 cassum
3595 368 3660 421 η

324 430 335 465 ³
388 462 415 491 ι
439 448 784 522 suspicienda
810 449 1047 506 cbaritas
1076 463 1195 506 mea
1223 449 1486 505 Romana:
1508 448 1766 507 Ecclesia:
1794 467 1859 509 ac
1886 454 1968 507 ιιι-
1994 461 2047 523 Α
2070 456 2306 512 sinuosis
2326 458 2588 515 tractibus
2609 460 2897 519 draconem
2923 465 3003 521 vis
3029 469 3340 538 prophetica
3368 480 3421 527 et
3455 489 3662 529 sermo-

386 546 494 600 vini
524 544 815 598 ministerii
840 544 1007 598 decus
1034 585 1049 609 ,
1082 541 1389 611 produccns
1418 555 1505 598 me
1528 557 1593 597 ex
1624 542 1719 598 illo
1749 559 1975 613 praeme-

385 635 543 690 ditati
566 634 773 689 silentii
819 646 1037 687 recessu
1074 633 1125 686 in
1159 633 1432 702 publicum
1466 632 1973 705 formidandumqne

383 724 687 795 judicium;
715 733 769 780 et
790 738 930 779 nova
969 723 1152 778 subire
1175 726 1352 793 cogis,
1383 723 1563 778 adhuc
1592 724 1657 778 de
1681 728 1976 795 praeteritis

387 819 835 884 erubescentem;
861 831 1092 887 cumque
1118 818 1282 872 etiam
1313 816 1612 873 minoribus
1644 819 1818 888 impar
1856 819 1975 876 fue-

386 925 471 975 ro,
503 924 601 979 par
626 908 924 980 majoribus
949 922 980 961 a
1013 916 1066 962 te
1096 921 1219 962 esse
1239 908 1565 978 compellor.
1598 909 1710 979 Ego
1738 911 1878 964 enim
1906 925 1976 966 ne

388 1002 443 1054 in
471 1001 580 1055 illis
603 999 819 1065 quidem
847 997 1147 1067 opusculis,
1176 998 1372 1068 quibus
1399 1015 1494 1069 per
1516 1000 1769 1071 ingenioli
1805 1003 1974 1057 nostri

386 1090 807 1146 oblatiuncnlam
840 1079 1072 1144 Domino
1099 1089 1546 1161 sacriﬁcavimus,
1565 1093 1742 1147 moliri
1772 1093 1975 1164 aliquid

385 1192 475 1238 aut
508 1197 776 1251 usurpare
807 1189 1126 1252 tentassem,
1159 1184 1264 1239 nisi
1306 1185 1597 1255 episcopali
1642 1196 1847 1242 tractus
1880 1188 1980 1241 im-

386 1274 559 1343 perio.
594 1274 782 1329 Crevit
809 1274 991 1343 itaque
1018 1289 1116 1344 per
1139 1284 1190 1329 te
1227 1276 1339 1329 oris
1371 1278 1541 1331 nostri
1564 1287 1616 1332 et
1647 1278 1773 1348 styli
1802 1278 1980 1347 digni-

387 1376 489 1419 tas.
524 1364 656 1420 Nam
679 1365 773 1436 qui
804 1365 943 1435 jussi
972 1376 1133 1422 antea
1155 1367 1224 1422 de
1251 1368 1551 1423 Dominicis
1581 1370 1780 1425 studiis
1813 1371 1977 1426 locuti

386 1470 594 1524 sumus,
630 1473 774 1513 nunc
800 1458 853 1513 id
880 1459 1053 1529 exigis
1098 1468 1157 1516 ut
1190 1460 1259 1517 de
1289 1446 1405 1529 ipsa
1454 1462 1830 1520 incarnatione
1869 1465 1978 1521 Do-

387 1549 518 1606 mini
545 1564 610 1604 ac
640 1548 921 1618 majestate
963 1550 1231 1606 dicamus.
1280 1552 1354 1606 Ita
1403 1555 1495 1624 qui
1528 1554 1678 1622 piius
1708 1555 1761 1610 in
1792 1566 1977 1612 sancta

388 1641 572 1711 templi
626 1640 774 1696 velut
821 1656 920 1710 per
974 1643 1371 1699 sacerdotalem
1415 1662 1633 1702 manum
1682 1650 1977 1707 introducti

386 1746 593 1797 sumus,
628 1746 771 1787 nunc
796 1733 960 1788 ductu
1004 1742 1096 1789 tuo
1121 1744 1285 1806 atque
1313 1737 1563 1793 subsidio
1585 1742 1740 1810 quasi
1771 1743 1825 1797 in
1853 1759 1979 1799 san-

2076 546 2158 601 nis
2184 551 2489 620 evangelici
2519 552 2697 607 divina
2738 556 2939 624 virtus,
2981 574 3067 614 me
3098 563 3250 630 quasi
3282 563 3660 635 incantatore,

2075 638 2365 708 irrumpat.
2410 641 2582 698 Pareo
2611 645 2975 701 obsccrationi
3006 656 3144 717 ειπερ,
3181 668 3346 720 pareo
3391 654 3658 722 iussioni;

2076 732 2223 787 malo
2272 734 2415 788 enim
2461 735 2528 790 de
2577 753 2663 793 me
2718 738 2835 808 ipso
2876 740 2969 795 tibi
3019 758 3179 812 quam
3228 745 3356 799 milu
3401 750 3660 813 credere,

2076 823 2311 879 maxime
2340 825 2463 895 quia
2486 826 2536 881 id
2568 836 2741 883 tecum
2766 845 2918 884 amor
2940 832 3070 886 Jesu
3094 833 3295 889 Christi
3326 837 3533 892 Domini
3557 841 3660 893 mei

2078 916 2345 984 praecipit,
2375 919 2465 987 qui
2499 918 2603 975 hoc
2635 920 2810 989 ipsum
2842 923 3003 977 etiam
3047 924 3098 977 in
3133 932 3187 979 te
3210 926 3384 993 jubet.
3408 927 3666 996 Superest

2077 1014 2135 1060 ut
2178 1006 2426 1062 ell‘cctum
2475 1010 2725 1079 imperati
2779 1014 2976 1083 negotii
3018 1015 3086 1068 ab
3140 1016 3258 1085 ipso
3307 1018 3544 1085 postules
3573 1033 3668 1086 per

2075 1112 2233 1166 quem
2258 1097 2558 1168 imperasti.
2583 1102 2696 1157 Tua
2721 1104 2862 1158 enim
2885 1104 2997 1173 jam
3024 1105 3110 1159 hic
3134 1102 3302 1177 magis
3322 1122 3483 1161 causa
3507 1123 3667 1177 quam

2080 1205 2195 1244 mea
2222 1194 2467 1261 vertitur,
2501 1203 2646 1249 tunm
2674 1197 2845 1267 magis
2870 1196 3130 1266 judicium
3162 1214 3324 1270 quam
3374 1214 3549 1254 meum
3578 1198 3667 1253 of-

2079 1283 2264 1339 ficium
2309 1288 2664 1355 periclitatur.
2697 1289 2779 1344 Me
2806 1292 2949 1346 enim
2972 1332 2987 1358 ,
3030 1292 3143 1347 sive
3183 1307 3279 1360 par
3307 1293 3407 1347 sim
3442 1301 3532 1346 tuo
3560 1292 3665 1346 im-

2081 1379 2267 1447 perio,
2302 1382 2417 1435 sive
2466 1396 2571 1434 non
2620 1382 2762 1448 sim,
2797 1383 2908 1453 ipsa
2953 1383 3299 1454 aliquatenus
3340 1385 3669 1440 obedientim

2081 1472 2219 1525 ratio
2251 1481 2411 1542 atque
2445 1473 2765 1528 humilitatis
2794 1486 3054 1541 excusat;
3097 1475 3199 1529 nisi
3246 1475 3388 1545 quod
3419 1477 3520 1529 hoc
3549 1474 3670 1545 plus

2081 1563 2258 1616 meriti
2291 1564 2456 1617 estin
2488 1565 2749 1634 obsequio
2779 1581 2923 1631 meo,
2959 1568 3003 1621 si
3036 1568 3211 1621 minus
3238 1576 3323 1623 est
3355 1568 3405 1621 in
3439 1566 3671 1636 possibi<

2079 1652 2249 1708 litate.
2284 1654 2469 1709 Facile
2490 1656 2633 1710 enim
2663 1658 2959 1726 cujuslibet
2988 1658 3215 1726 iussioni
3243 1674 3311 1713 ex
3344 1658 3670 1715 abundantia

2080 1747 2485 1803 satisfacimus:
2542 1750 2689 1805 illius
2733 1750 2973 1806 ofﬁcium
3012 1753 3215 1821 grande
3268 1760 3350 1807 est
3401 1762 3455 1808 et
3504 1751 3672 1806 mira-

384 1832 598 1878 ctorutn
622 1832 808 1878 sancta
841 1834 1205 1892 penetramus.
1233 1826 1459 1897 Magnus
1492 1829 1687 1899 honor,
1715 1833 1808 1888 sed
1836 1836 1971 1903 peri~
2005 1831 2050 1890 B
2082 1837 2212 1899 bile.
2246 1839 2339 1907 qui
2370 1840 2535 1895 etiam
2585 1842 2725 1896 idem
2760 1842 2814 1896 in
2847 1850 2977 1898 voto
3008 1843 3176 1899 habet
3209 1843 3349 1913 quod
3382 1844 3435 1898 in
3464 1843 3671 1898 viribus

384 1913 568 1968 culosa
598 1915 906 1984 progressio
947 1913 1124 1987 [Lips.
1169 1919 1222 1969 in
1261 1934 1426 1989 marg.
1461 1920 1794 1995 professio],
1849 1929 1974 1995 quia

384 2002 615 2060 obtineri
645 2020 920 2061 sacrorum
941 2007 1295 2075 penetralium
1327 2024 1391 2063 ac
1426 2010 1591 2066 divini
1620 2016 1825 2083 praemii
1857 2018 1974 2085 pal-

387 2111 473 2149 ma
502 2112 609 2151 non
644 2105 844 2167 potest,
878 2097 980 2152 nisi
1012 2099 1166 2155 hoste
1196 2112 1472 2170 superato.
1498 2104 1682 2175 Exigis
1706 2107 1883 2178 itaque
1916 2124 1978 2164 ac

384 2189 546 2258 jubes
572 2189 857 2246 adversum
891 2204 1164 2248 recentem
1194 2194 1446 2249 haeresim
1479 2211 1541 2250 ac
1569 2195 1596 2235 δ
1623 2212 1819 2253 novum
1856 2200 1980 2255 lldei

386 2281 599 2337 hostem
646 2296 941 2337 conserere
989 2282 1287 2339 imbecilles
1317 2272 1541 2350 manus,
1573 2295 1842 2342 elcontra
1891 2305 1977 2358 pe-

385 2373 559 2428 stifcri
604 2373 880 2443 serpentis
898 2387 1091 2442 graves
1123 2374 1303 2429 hiatus
1331 2384 1520 2444 aperto
1545 2418 1559 2444 ,
1593 2387 1648 2431 ut
1679 2379 1850 2446 aiunt,
1878 2396 1976 2436 ore

372 2466 681 2522 consistere
707 2482 719 2518 :
764 2465 972 2523 scilicet
1001 2475 1060 2521 ut
1088 2466 1457 2537 insurgentem
1490 2469 1541 2523 in
1571 2469 1846 2525 Ecclesias
1878 2472 1972 2527 Dei

2078 1947 2185 1986 non
2211 1930 2396 1986 habet.
2428 1933 2538 1987 Tua
2570 1948 2703 2001 ergo
2745 1934 2860 1988 inec
2885 1948 2976 1990 res
3001 1976 3015 2002 ,
3054 1945 3200 1990 tuum
3233 1936 3509 2003 negotium
3535 1976 3550 2001 ,
3592 1933 3670 1991 tui

2081 2023 2302 2091 pudoris
2332 2037 2466 2089 apns
2496 2031 2613 2080 est:
2657 2039 2754 2079 ora
2789 2035 2843 2079 et
2872 2026 3101 2080 obsecra
3145 2041 3210 2080 ne
3239 2026 3505 2093 imperitia
3547 2039 3670 2080 mea

2081 2114 2425 2183 periclitetur
2450 2115 2648 2169 electio
2681 2127 2803 2182 tua;
2835 2126 2889 2171 et
2912 2116 3156 2185 opinioni
3181 2124 3345 2170 tanta:
3375 2116 3530 2169 nobis
3560 2130 3671 2173 non

2082 2204 2559 2272 respondentibus,
2586 2205 2801 2259 etiamsi
2846 2220 2948 2275 ego
2978 2221 3075 2274 per
3107 2204 3429 2259 obedientiae
3458 2205 3673 2260 veniam

2083 2293 2222 2347 bene
2270 2309 2435 2365 parco
2462 2336 2474 2355 .
2512 2304 2564 2347 tu
2598 2302 2776 2351 tamen
2818 2311 2916 2365 per
2942 2296 3453 2353 inconsiderantiam
3482 2296 3672 2367 judicii

2082 2383 2223 2436 male
2256 2383 2549 2451 imperasse
2577 2382 2833 2437 videaris.

1472 2584 1731 2639 ALABDI
1770 2585 2000 2642 ΟΑΖᾸΞΙ
2041 2586 2598 2642 COMMENTARIUS.

450 2688 482 2714 ι
512 2675 758 2732 Mendum
801 2684 1020 2744 apparet
1057 2675 1110 2729 in
1139 2675 1220 2729 his
1247 2675 1447 2741 verbis,
1477 2692 1596 2745 qum
1640 2692 1740 2732 nec
1768 2693 1974 2747 prince-

386 2748 636 2803 dentibns
682 2762 783 2801 nec
818 2747 1274 2814 consequentibus
1324 2747 1643 2813 cohaerent;
1697 2759 1753 2803 et
1799 2750 1971 2803 multo

386 2821 560 2888 magis
597 2818 650 2871 in
688 2818 927 2872 editione
968 2816 1312 2888 Lugdunensi
1348 2818 1435 2888 ubi
1478 2818 1747 2873 habetur:
1793 2818 1972 2873 Susci-

386 2887 571 2959 piendo
590 2889 815 2959 charitas
837 2904 945 2959 mea
971 2888 1220 2959 Romanae
1244 2887 1508 2959 Ecclesiae,
1533 2898 1639 2959 etc.
1666 2890 1805 2955 Quid
1826 2890 1968 2943 enim

387 2955 527 3014 illud.
542 2959 643 3014 sibi
696 2958 839 3013 vult:
862 2955 1102 3011 Charitas
1132 2974 1241 3010 mea
1264 2957 1507 3012 Romana:
1531 2956 1815 3014 Ecclesia’?
1836 2959 1969 3014 Cre-

386 3030 616 3084 diderim
647 3028 728 3081 sic
752 3028 1147 3081 emendandum
1171 3069 1184 3091 ,
1216 3038 1273 3080 nt
1302 3028 1556 3095 claritas,
1588 3044 1694 3082 non
1730 3030 1969 3084 charitas

390 3104 616 3169 legatur.
645 3110 700 3151 et
739 3114 849 3149 mea
879 3110 1217 3165 expungatur
1248 3100 1349 3152 hoc
1379 3099 1537 3151 modo
1573 3118 1584 3151 :
1642 3099 1718 3152 illi
1750 3099 1855 3152 Leo
1887 3117 1969 3153 ve-

387 3170 611 3224 nerande
632 3185 691 3220 ac
720 3169 1041 3237 suspiciende
1075 3169 1257 3238 (velut
1287 3169 1387 3221 alia
1424 3170 1591 3235 lectio
1616 3169 1804 3238 habet)
1837 3187 1849 3221 :
1882 3188 1968 3224 su-

379 3240 651 3309 spicienda
674 3239 882 3309 claritas
911 3239 1157 3309 "ornante
1176 3236 1420 3291 Ecclesia!
1442 3256 1501 3292 ac
1522 3240 1682 3293 divini
1701 3236 1971 3294 ministerii

387 3308 571 3373 decus,
619 3321 723 3364 etc.
766 3308 835 3363 Ut
867 3309 985 3362 haec
1025 3308 1308 3375 ad'ipsnm
1356 3310 1591 3364 Leonem
1633 3311 1968 3375 referantur,

386 3395 545 3449 quem
579 3378 664 3433 Itis
703 3379 874 3433 titulis
914 3379 1219 3433 honorariis
1270 3391 1495 3434 exornat
1532 3380 1859 3445 Cassianus,
1914 3393 1971 3435 ut

386 3451 708 3514 claritatem,
750 3464 847 3503 seu
878 3449 1062 3502 lumen
1100 3449 1363 3503 Ecclesia:
1394 3450 1673 3517 Romanm,
1710 3462 1763 3504 ct
1802 3452 1972 3506 decus

2075 2697 2232 2740 num.
2263 2682 2349 2743 qui
2387 2694 2529 2732 anno
2580 2677 2791 2731 Domini
2842 2676 2950 2732 428
2991 2676 3074 2730 Vel
3115 2674 3219 2730 429
3267 2675 3467 2731 docere
3497 2679 3668 2745 cmpit

2076 2751 2133 2803 ii.
2174 2749 2699 2819 Virginein__Mai-iani
2731 2762 2836 2819 non
2868 2761 2990 2819 esse
3020 2747 3284 2811 Θιοτόκον,
3318 2746 3371 2800 id
3401 2756 3503 2811 est,
3540 2748 3667 2802 Dci-

2075 2814 2289 2895 parani;
2316 2832 2409 2872 seu
2438 2814 2665 2895 Matrem
2696 2818 2824 2895 Dei_.
2845 2816 2969 2895 _scd
2998 2820 3376 2895 Χριρςι-οτόκᾳν,
3422 2828 3479 2895 ut
3500 2832 3669 2895 _voca~

2075 2887 2185 2954 bat,
2215 2891 2267 2944 id
2299 2898 2407 2952 est,
2431 2904 2535 2942 non
2571 2888 2690 2952 Dei,
2721 2889 2813 2941 sed
2838 2887 3065 2950 Christt',
3091 2889 3140 2941 id
3170 2896 3273 2951 est,
3310 2889 3543 2942 hominis
3573 2903 3671 2956 pa.

2074 2972 2322 3023 rentein;
2353 2972 2409 3013 et
2439 2959 2492 3013 in
2525 2960 2746 3012 Christo
2796 2959 2930 3012 duas
2960 2972 3085 3012 esse
3128 2972 3408 3025 personas,
3437 2959 3670 3012 alterum

2073 3032 2338 3095 divinam,
2363 3032 2593 3084 aleram
2614 3029 3015 3098 qunanamJta
3041 3029 3269 3098 Prosper
3288 3029 3339 3080 in
3363 3027 3669 3082 Chronico:

2076 3088 2375 3167 Nestorius,
2410 3102 2608 3171 inquit,
2645 3088 3245 3171 Constantinopolitan'us
3273 3099 3543 3169 episcopus
3576 3116 3673 3150 tw-

2070 3189 2185 3226 iium
2233 3170 2489 3225 Ecclesiis’
2521 3171 2729 3223 molitur
2776 3185 3002 3223 errorem
3054 3170 3335 3231 inducere,
3380 3170 3673 3237 prendimus

2072 3243 2337 3297 Christum
2366 3258 2430 3296 ea:
2459 3240 2630 3293 Maria
2650 3241 2905 3293 hominem
2928 3248 3146 3301 tantum,
3179 3249 3223 3292 et
3252 3256 3354 3291 non
3382 3239 3549 3290 Deum
3574 3257 3673 3289 na-

2074 3323 2203 3374 tum,
2238 3313 2381 3382 eique
2407 3312 2731 3382 divinitatem
2761 3310 3020 3382 collatam
3048 3325 3153 3382 esse
3179 3325 3240 3382 ea:
3276 3310 3478 3382 merito.
3520 3307 3673 3382 Alluic

2072 3378 2323 3452 impietati
2353 3383 2611 3452 praecipue
2649 3380 2832 3451 Cyrilli
2860 3378 3200 3433 Alexandrini
3233 3379 3464 3452 episcopi
3512 3380 3674 3452 indu.

2076 3449 2204 3507 str'ia
2221 3463 2267 3506 et
2297 3468 2441 3523 papa
2465 3449 2730 3523 Caelestini
2761 3460 3014 3523 repugnat
3042 3450 3345 3523 auctoritas.
3383 3449 3510 3523 iure
3535 3449 3673 3523 Pro-

385 3520 737 3575 ecclesiastici
767 3519 973 3574 ordinis
997 3562 1011 3583 ,
1056 3536 1149 3574 seu
1198 3520 1515 3584 ministerii,
1570 3522 1643 3574 uti
1677 3538 1803 3576 vere
1835 3522 1963 3583 fuit,
1998 3529 2043 3591 ρ
2076 3540 2222 3575 sner.
2250 3526 2308 3574 At
2337 3519 2404 3576 «te
2436 3522 2685 3575 Nestorio
2716 3519 2835 3581 quis
2866 3521 3105 3587 qualisve
3135 3520 3317 3580 fuerit,
3368 3519 3583 3587 plenius
3616 3522 3674 3574 in

388 3607 512 3647 eum
543 3592 801 3659 appellet.

460 3660 486 3698 lt
517 3661 739 3716 Scilicet
760 3659 1064 3714 Nestorium
1090 3660 1404 3731 episcopum
1423 3661 1975 3733 ConstantinOpolita-

2079 3594 2431 3663 sequ-nullus
2462 3592 2849 3652 declarabitur.

1402 3863 1889 4013 LIBER
1956 3908 2615 4047 PRIMUS.

903 4201 1129 4259 CAPUT
1167 4199 1458 4257 PRIMUM.

647 4294 870 4350 llaresis
907 4295 1086 4367 hydrae
1131 4294 1339 4365 poetica
1375 4298 1723 4361 comparatur.

466 4398 494 4428 ι
536 4388 779 4445 Tradunt
821 4386 1015 4442 fabulae
1065 4394 1385 4457 poetarum,
1428 4382 1663 4438 desectis
1702 4379 1971 4450 quondam

2082 4194 2279 4250 damna
2309 4197 2582 4268 crevisse,
2610 4200 2682 4254 ita
2722 4207 2778 4254 ut
2806 4213 2951 4254 novo
2983 4198 3333 4270 inauditoque
3379 4201 3675 4271 miraculo,

2080 4289 2438 4357 multiplicato
2464 4294 2728 4349 mortibus
2758 4293 2874 4349 suis
2903 4302 3142 4348 monstro
3166 4293 3305 4349 lucri
3328 4309 3495 4365 genus
3524 4309 3677 4353 esset

2078 4380 2343 4446 amissio;
2405 4383 2615 4438 scilicet
2668 4384 2796 4438 dum
2854 4385 3113 4454 quidquid
3172 4386 3375 4440 ferrum
3433 4390 3678 4443 secantis

394 4482 621 4555 hydram
652 4478 941 4550 capitibus,
977 4477 1319 4533 numerosius
1345 4482 1724 4529 renascentem
1759 4486 1855 4540 per
1876 4486 1973 4527 sua
2078 4475 2460 4545 abscinderet,
2497 4486 2667 4532 totum
2726 4478 2776 4531 id
2815 4475 3118 4533 fecunditas
3155 4477 3457 4547 prodigiosa
3498 4480 3675 4546 genii.

691 4582 700 4591 ’
1448 4578 1703 4640 ΑΒΛΒΒΙ
1741 4584 1973 4640 ΟΑΖΑΞΙ

2077 4587 2567 4645 ΗΙΜΕΝΤΑῘὶιυὸ.

468 4698 492 4726 ι
520 4687 606 4742 Ita
634 4685 697 4739 D.
730 4683 1088 4752 Hieronymus
1116 4680 1169 4734 in
1192 4680 1455 4752 protentio
1475 4677 1517 4752 _l.
1542 4694 1558 4732 ι
1581 4675 1883 4752 Comment.
1913 4678 1974 4752 _in

389 4758 677 4816 Jeretniam
710 4772 723 4807 :
776 4747 1041 4805 Lerna'um
1086 4747 1301 4818 anguem
1342 4747 1532 4817 fabulis
1571 4752 1738 4818 ferunt
1779 4748 1971 4818 multis,

388 4848 457 4888 ex
484 4830 651 4903 medio
677 4825 879 4903 cap_ite_1
902 4817 1184 4903 pullulasse
1222 4817 1665 4903 scirpenti'busgljlt.
1693 4820 1747 4871 in
1788 4817 1978 4903 prmia-

392 4906 543 4957 tione
569 4898 660 4953 lib.
690 4888 818 4950 vt'in
841 4888 1200 4953 Eiechielem,
1231 4888 1321 4945 ubi
1351 4890 1418 4945 de
1442 4889 1618 4944 Ruﬁni
1647 4888 1756 4957 jam
1788 4889 1978 4943 defun-

395 4974 465 5028 cti
494 4974 546 5025 in
579 4969 859 5035 impietate
892 4962 1309 5035 successoribus
1339 4976 1505 5029 agens
1533 4977 1546 5013 :
1584 4958 1859 5035 Putabam,
1890 4961 1977 5014 in-

394 5044 527 5112 quit,
559 5031 694 5110 quod
726 5033 907 5112 medio.
922 5032 1156 5112 serpente
1184 5033 1459 5112 confosso,
1487 5047 1594 5112 _no_n
1622 5031 1978 5112 reviviscerent

2078 4680 2261 4751 hydra,
2300 4682 2571 4751 multiplex
2599 4684 2847 4754 capitibus
2871 4683 2984 4752 {era
3014 4684 3077 4737 de
3112 4682 3468 4754 Valentiniani
3488 4683 3675 4739 schola

2078 4764 2323 4823 generata
2345 4766 2438 4807 est.
2464 4753 2791 4809 Athanasius
2829 4763 3017 4809 contra
3049 4754 3277 4809 Arianos
3306 4772 3318 4807 :
3357 4753 3673 4818 Hcereticus,

2077 4825 2173 4887 ait,
2205 4835 2258 4876 ut
2291 4840 2370 4877 res
2401 4825 2514 4896 ipsa
2554 4824 2719 4893 docet,
2752 4841 2969 4896 pravum
2998 4825 3204 4896 omnino
3242 4834 3288 4896 et
3326 4826 3676 4896 undequaque

2077 4903 2377 4962 corruptum
2425 4895 2653 4948 animum
2701 4894 2767 4948 ad
2808 4896 3117 4965 impietatem
3164 4895 3330 4948 habet.
3368 4894 3498 4948 Ecce
3526 4895 3672 4948 enim

2079 4964 2263 5033 ubique
2291 4965 2501 5032 refutati
2530 4966 2753 5032 Ariani,
2803 4964 3095 5019 erubescere
3138 4975 3305 5034 tamen
3345 4980 3674 5034 nequaquam

2082 5043 2293 5104 possunt
2318 5050 2335 5087 :
2364 5034 2452 5087 sed
2472 5036 2907 5103 quemadmodum
2934 5036 2988 5087 in
3014 5033 3204 5101 fabulis
3230 5033 3550 5088 ethnicorum
3583 5051 3669 5088 ce-

615 5091 815 5163 navella
854 5091 1141 5173 plantaria;
1170 5112 1221 5183 et
1237 5091 1653 5185 jhxtaﬂfabttlttnt
1682 5111 1972 5185 poetarum,
2007 5091 2058 5151 Ι)
2082 5091 2280 5185 ὶεὺίξαιια
2308 5091 2496 5185 hydra,
2527 5107 2741 5185 sublatis
2767 5091 3045 5185 _prioribu's
3088 5104 3408 5185 serpentibus
3447 5106 3673 5173 aliisque

395 5170 577 5251 scylla
603 5188 826 5251 mortua,
855 5170 1366 5251 nequaquam‘in‘me
1388 5170 1602 5251 scyllai
1630 5172 1865 5251 uenirent
1889 5188 1977 5251 cas

394 5240 506 5314 nesv,
537 5250 622 5318 qui
652 5240 843 5301 latrare
869 5240 981 5318 non
999 5240 1223 5299 cessant.
1250 5242 1418 5318 Porro
1447 5240 1671 5318 hydram
1704 5242 1976 5318 finxerunt

398 5312 573 5388 poeta:
596 5317 831 5373 belluam
875 5314 1165 5370 multorum
1210 5312 1464 5388 capitum,
1495 5317 1549 5366 in
1580 5312 1752 5388 Lerna
1783 5312 1975 5379 palnile

394 5381 574 5445 omnia
605 5396 925 5451 vastantem,
957 5381 1322 5455 quorumJun’o
1341 5381 1524 5455 exciso
1548 5383 1695 5455 plura
1718 5396 1974 5455 renasce-

396 5467 604 5521 rentur,
637 5470 757 5533 qua
803 5450 1018 5533 tandem
1067 5455 1135 5508 ab
1164 5452 1415 5533 _ljercule
1463 5451 1606 5533 _ferro
1658 5450 1969 5533 facibusque

398 5521 667 5598 oppressa
693 5524 873 5607 fuerit.
894 5525 1096 5607 Dequo
1126 5522 1249 5583 vide
1281 5521 1640 5576 iles‘iodumin
1671 5521 1898 5594 Oso'ymu,
1922 5530 1977 5577 et

399 5598 675 5654 Platonem
708 5610 761 5649 in
798 5594 1071 5661 Sophista.
1114 5594 1303 5650 Solent
1332 5593 1517 5647 Patres
1541 5607 1659 5645 cum
1693 5591 1793 5645 hoc
1822 5608 1976 5645 tuon-

398 5680 513 5726 stro
538 5667 773 5722 haereses
802 5672 961 5729 atque
991 5664 1277 5720 haereticos
1310 5662 1584 5718 conferre.
1623 5662 1711 5716 Sic
1741 5661 1974 5717 lrenmus

398 5740 682 5797 Gnosticos
730 5733 1074 5805 suggillansl
1102 5730 1211 5788 Lib.
1244 5749 1262 5789 ι
1303 5750 1348 5787 c.
1382 5734 1489 5805 54)
1527 5751 1539 5786 :
1571 5732 1745 5800 Tales,
1775 5732 1971 5805 inquit,

400 5811 676 5869 secundum
698 5802 1090 5872 eosis'enteutia
1113 5816 1252 5869 sunt,
1279 5822 1309 5858 a
1328 5804 1532 5875 quibus,
1551 5805 1689 5859 t'elut
1711 5821 1739 5859 a
1762 5802 1975 5860 Lernaea

2081 5174 2490 5247 pullulantibus,
2530 5174 2857 5247 pervicaciter
2903 5174 3235 5247 contendebat
3286 5190 3418 5228 natm
3466 5192 3673 5243 semper

2080 5244 2279 5310 objecta
2307 5244 2550 5314 anguium
2573 5256 2751 5299 contra
2768 5262 2884 5300 eum
2911 5244 2999 5313 qui
3024 5244 3124 5314 ipsi
3144 5259 3261 5314 suos
3281 5254 3539 5313 serpentes
3567 5248 3672 5298 tol-

2078 5314 2243 5386 lebat,
2284 5315 2356 5386 ita
2381 5313 2581 5386 quoque
2624 5316 2727 5375 ipsi
2775 5313 3106 5386 exsecrabiles
3159 5313 3418 5386 homines,
3462 5316 3669 5370 ethnico

2078 5384 2271 5457 animo,
2302 5383 2570 5457 dejecti'ab
2592 5386 2699 5439 illis
2726 5400 2841 5449 qua:
2872 5383 3195 5455 objiciebant,
3226 5385 3359 5439 alias
3380 5389 3663 5457 τερα-ἔκη’.

2076 5452 2325 5508 Judaicas
2355 5452 2402 5506 et
2434 5454 2622 5510 stultas
2666 5452 3038 5509 controversias
3084 5452 3542 5511 comminiscuntur
3563 5492 3577 5511 .
3604 5464 3666 5505 ut

2077 5524 2150 5577 ita
2173 5540 2227 5577 se
2248 5525 2418 5597 inagis
2446 5526 2635 5579 Christi
2664 5525 2949 5597 perduelles
2995 5535 3045 5578 et
3084 5538 3465 5597 oppugnatores
3489 5522 3664 5597 decla-

2078 5604 2210 5677 rent.
2244 5592 2492 5678 Ejusdem
2515 5592 2682 5678 etiam
2734 5595 2923 5678 fabulae
2951 5592 3249 5678 elegantem
3274 5592 3730 5678 _a_cc.0tl_ttltgtlu_-L

2081 5661 2296 5790 tVi'oneni'
2322 5665 2481 5719 habet
2514 5665 2745 5722 Basilius
2776 5661 2996 5736 Magnus
3020 5661 3071 5721 in
3098 5667 3246 5723 calce
3273 5664 3392 5720 libri
3424 5664 3487 5717 de
3524 5662 3661 5717 \‘era

2132 5744 2419 5790 trainuate.

2132 5734 2419 5806 irginitate.

3536 5961 3610 6038 J

3628 6042 3669 6071 ,λ
3720 6064 3740 6074 -
