4040 6182
360 304 424 361 {3
1398 293 1487 351 DE
1526 292 2033 354 INCARNATIONE
2074 297 2337 355 CHRISTI
2377 299 2504 356 LIB.
2546 298 2588 355 1.
3558 303 3621 356 Η

369 408 546 483 paret,
591 409 766 464 donec
794 407 1051 464 laborans
1082 416 1242 478 atque
1287 417 1527 465 :estuans
1555 419 1749 479 emptae
1801 408 1945 468 illius
1974 415 2020 475 Α
2050 413 2306 469 Dominus
2329 412 2474 468 Deus
2505 422 2689 468 noster
2722 415 2937 483 utquod
2964 414 3032 469 de
3064 426 3237 470 morte
3266 405 3451 487 hydra:
3482 416 3624 474 illius

371 503 687 563 desectionis
716 502 1025 556 industrius
1054 501 1344 570 appetitor,
1370 504 1597 557 cessatis
1622 503 1782 557 toties
1808 502 1947 558 inef-

369 595 515 654 ﬁcaci
546 608 719 663 opere
751 592 1053 647 virtutibus
1074 630 1091 656 ,
1143 590 1513 645 fortitudinem
1541 593 1667 646 belli
1715 602 1950 647 armaret

366 698 482 742 arte
505 683 735 746 consilii,
770 691 846 747 et,
894 680 1149 747 admotis,
1182 691 1241 734 ut
1266 682 1439 748 aiunt,
1482 681 1715 750 ignibus,
1765 682 1947 735 multi-

371 779 563 850 ριίεειη
599 771 944 844 portentuosi
973 772 1218 839 corporis
1267 772 1475 839 prolem
1519 772 1744 827 ferventi
1773 773 1950 841 gladio

370 871 681 930 desecaret;
726 879 790 917 ac
836 865 951 929 sic,
1002 863 1267 916 ambustis
1297 862 1621 917 intrinsecus
1660 864 1909 919 medullis
1935 905 1951 931 ,

372 978 491 1015 cum
520 958 756 1013 rebelles
801 970 973 1010 venas
1005 957 1266 1023 improba:
1295 954 1644 1010 fecunditatis
1672 965 1949 1021 exureret,

374 1053 584 1106 tandem
632 1049 920 1118 parturitio
973 1057 1314 1101 monstruosa
1367 1058 1627 1104 cessaret.
1689 1050 1766 1103 lta
1823 1064 1953 1118 ergo

376 1145 529 1196 etiam
578 1143 814 1194 liazreses
846 1140 897 1192 in
931 1138 1226 1203 Ecclesiis,
1275 1138 1422 1193 illius
1477 1154 1635 1208 quam
1668 1150 1951 1210 poetarum

375 1242 681 1289 commenta
704 1232 974 1293 [iuuerunt
1001 1230 1189 1301 hydrae
1213 1230 1620 1287 similitudinem
1650 1246 1877 1301 gerunt;
1902 1245 1958 1290 et

378 1327 495 1380 ista:
518 1326 659 1378 enim
682 1326 971 1377 adversum
1006 1337 1105 1375 nos
1130 1322 1322 1391 linguis
1346 1321 1607 1377 feralibus
1636 1324 1875 1390 sibilaut,
1900 1335 1956 1381 et

377 1418 492 1472 ista:
530 1419 679 1470 virus
710 1414 910 1469 letliale
934 1413 1181 1482 jaciunt,
1226 1420 1282 1465 et
1326 1412 1445 1467 ista:
1485 1414 1648 1468 sectis
1684 1416 1956 1484 capitibus

378 1516 753 1566 renascuntur.
783 1504 891 1560 Sed
921 1506 1045 1574 quia
1085 1514 1401 1573 resurgente
1445 1505 1633 1560 morbo
1665 1522 1771 1559 non
1797 1506 1957 1562 debet

380 1614 593 1656 cessare
624 1596 922 1658 medicina;
954 1602 1010 1648 et
1037 1604 1240 1663 quanto
1270 1596 1443 1663 major
1475 1594 1637 1668 fuerit
1666 1597 1954 1666 aegritudo,

381 1699 531 1745 tanto
560 1689 842 1744 instantior
867 1686 1027 1740 debet
1054 1700 1174 1740 esse
1196 1687 1440 1752 curatio;
1486 1695 1678 1755 potens
1706 1697 1789 1742 est
1815 1688 1957 1741 enim

2051 506 2328 574 gentilium
2359 506 2562 559 falsitas
2594 504 2748 558 tinxit
2772 547 2787 572 ,
2830 504 2931 560 boc
2974 506 3027 560 in
3060 507 3422 563 Ecclesiarutu
3468 509 3629 565 belli:

2050 595 2251 648 veritas
2284 603 2534 663 peragat,
2579 605 2635 649 et
2665 594 2864 662 ignitus
2913 597 3085 649 sancti
3122 595 3355 663 Spiritus
3374 598 3623 668 gladius;

2051 684 2123 737 ita
2154 686 2206 737 in
2230 685 2616 754 exstinguenda
2651 687 2859 740 novella
2887 686 3083 743 liieresi
3124 689 3338 758 penitus
3366 691 3630 744 medullas

2050 774 2372 841 perniciosae
2418 776 2784 844 generationis
2833 787 3052 843 exurat,
3084 791 3142 830 ut
3188 781 3401 833 tandem
3448 781 3633 850 prodis
3708 810 3709 813 η

2053 866 2202 935 giosa
2232 865 2537 921 fecunditas
2566 867 2959 923 emorientibus
2982 872 3132 925 venis
3162 886 3351 940 parere
3381 872 3625 928 desistat.

2673 979 2899 1035 CAPUT
2938 980 3012 1035 ll.

2064 1066 2217 1123 Varia
2248 1068 2505 1125 licereteon
2554 1082 2780 1193 monstza
2822 1086 3039 1194 eabsese
3066 1072 3280 1126 invicem
3313 1074 3633 1143 pullulantia

2749 1157 2876 1194 escri
2917 1150 2973 1194 it.

2749 1150 2973 1195 ascribit.

2125 1238 2150 1266 α
2169 1228 2287 1284 Νοη
2308 1244 2445 1284 nova
2467 1230 2609 1285 enim
2638 1242 2761 1285 sunt
2792 1233 2906 1286 haec
2931 1232 2982 1286 in
3016 1232 3271 1288 Ecclesiis
3303 1238 3633 1289 moustruosi

2058 1322 2280 1377 seminis
2308 1323 2544 1392 germina
2585 1340 2599 1376 :
2649 1338 2868 1393 semper
2901 1325 2998 1377 lias
3024 1324 3287 1379 Dominici
3336 1327 3447 1395 agri
3481 1340 3636 1396 seges

2061 1415 2249 1485 lappas
2288 1426 2580 1485 sentesque
2611 1418 2880 1483 toleravit,
2908 1427 2961 1471 et
2992 1418 3264 1471 assiduum
3297 1417 3348 1471 iii
3381 1433 3442 1471 ea
3475 1419 3639 1473 sull‘o~

2062 1506 2277 1560 catricis
2307 1504 2525 1559 ZlZﬂllltB
2550 1522 2771 1575 germen
2794 1508 3037 1561 emersit.
3067 1508 3202 1560 llinc
3230 1506 3370 1560 enim
3394 1505 3421 1543 δ
3455 1507 3671 1560 llebio--

2065 1598 2217 1660 niue,
2250 1598 2373 1651 liinc
2403 1608 2423 1636 ο
2460 1598 2772 1662 Sabelliani,
2813 1598 2939 1651 liinc
2966 1597 2993 1634 ά
3018 1597 3222 1659 Ariani,
3258 1598 3382 1650 liine
3406 1598 3641 1666 denique

2070 1696 2094 1725 ο
2127 1688 2456 1742 Eunomiani
2487 1697 2543 1742 et
2576 1687 2595 1725 ί
2631 1687 3036 1756 Macedoniani,
3070 1688 3196 1741 hinc
3222 1697 3247 1735 ε
3285 1686 3549 1742 Fotiniaiii
3587 1698 3641 1743 et

1465 1799 1718 1855 ALARDI
1759 1802 1988 1859 ΕΑΖᾸΞΙ
2031 1801 2587 1859 COMMENTARIUS.

464 1894 571 1949 ³1η
599 1893 944 1961 hujusnperis
970 1890 1115 1944 aditu
1141 1891 1367 1944 in'erest
1388 1891 1613 1957 primum
1638 1908 1797 1948 nosse
1818 1897 1960 1950 circa
1995 1901 2037 1959 Β
2070 1907 2203 1950 trem
2234 1896 2503 1949 exstitisse
2543 1892 2963 1962 lilasphemabat.
3012 1893 3150 1948 lren.
3201 1894 3293 1949 lib.
3325 1911 3341 1949 l
3384 1896 3643 1952 adversus

387 1968 706 2036 mysterium
730 1963 1112 2036 incarnationis
1151 1962 1459 2036 Dominicis},
1483 1964 1657 2036 varios
1683 1966 1960 2021 eXstilisse

383 2030 595 2090 errores
626 2046 677 2085 et
704 2036 936 2087 lizereses
962 2033 1092 2103 olim
1120 2031 1187 2084 ali
1226 2030 1462 2103 Eccle~ia
1492 2031 1799 2097 damnatas,
1829 2050 1963 2103 quas

384 2109 495 2161 fere
514 2118 702 2157 omnes
725 2102 1046 2171 compendio
1066 2108 1314 2153 recenset
1338 2100 1571 2164 Auctor;
1600 2118 1820 2161 quarum
1843 2100 1963 2159 aliae

385 2176 547 2228 γειιιιὶ
579 2170 863 2236 parentes,
890 2172 1009 2223 alize
1047 2170 1261 2223 soboles
1308 2172 1614 2225 earumdem
1657 2174 1844 2226 merito
1872 2191 1966 2241 ap-

393 2247 690 2313 pellentur,
720 2258 841 2311 (tua:
869 2240 1177 2313 quiileniad
1226 2241 1324 2291 tria
1371 2242 1543 2313 capita
1572 2243 1812 2294 revocari
1845 2240 1965 2307 pois-

388 2308 535 2370 sunt.
556 2313 675 2366 Tria
723 2308 920 2380 quippe
940 2310 1007 2364 de
1054 2308 1269 2383 Christo
1293 2311 1629 2383 potissimum
1662 2317 1963 2383 retinentia,

387 2397 643 2454 quantum
687 2379 751 2454 a_i_l
786 2396 1069 2446 personam
1106 2380 1486 2454 _ejus_~attii_iet,
1519 2379 1964 2454 fides__catliolica

389 2450 688 2523 prolitetur:
707 2450 1047 2523 l’ritnuiiiest
1071 2450 1187 2523 ejus
1216 2450 1491 2523 divinitas,
1516 2467 1611 2503 seu
1642 2451 1833 2507 divinae
1868 2470 1966 2507 na-

391 2520 525 2577 tura:
554 2531 788 2583 veritas;
820 2521 1115 2575 secundum
1147 2520 1472 2581 humanitas,
1503 2534 1597 2573 seu
1644 2524 1836 2575 veritas
1866 2524 1967 2576 liu-

394 2609 562 2647 man:e
611 2606 862 2655 naiurie;
907 2594 1124 2644 tertium
1159 2590 1349 2642 liarum
1395 2601 1702 2644 naturarum
1745 2607 1803 2646 ea
1836 2608 1968 2645 con-

389 2666 619 2734 junctio,
652 2678 746 2728 per
772 2677 929 2734 quam
958 2663 1014 2734 lit
1042 2660 1722 2734 utveraciterproprieque
1749 2672 1802 2714 et
1827 2663 1968 2734 Deus

390 2729 449 2788 et
478 2736 636 2786 homo
661 2733 753 2784 sit.
786 2732 1019 2784 l’roinde
1060 2729 1301 2794 triplices
1337 2731 1498 2783 etiam
1550 2730 1784 2785 limrcses
1830 2732 1968 2786 circa

391 2805 592 2859 Christi
648 2816 929 2868 personam
975 2801 1314 2868 reperiuntur
1356 2814 1586 2854 errasse.
1622 2800 1780 2867 Nam,
1815 2816 1864 2855 ut
1898 2805 1972 2856 ait

393 2876 458 2927 Ι).
489 2875 815 2941 Augustinus
838 2913 852 2935 ,
903 2873 941 2941 Ιἶ
972 2886 985 2923 t
1025 2874 1223 2935 Quaest.
1278 2869 1477 2937 Evaiig.
1510 2885 1558 2922 e.
1594 2873 1725 2934 ult.,
1768 2872 1867 2925 Aut
1912 2874 1973 2925 de

395 2940 689 3004 divinitate,
717 2953 804 2993 aut
834 2942 894 2993 de
922 2940 1261 3005 humanitate,
1293 2949 1381 2993 aut
1405 2940 1468 2992 de
1496 2950 1708 3006 utroque
1734 2958 1822 2994 seu
1847 2943 1974 2993 ulri-

394 3030 552 3079 usque
591 3014 947 3080 conjunctione
977 3010 1249 3079 falluntur.
1288 3010 1349 3062 Et
1386 3010 1445 3063 Ι).
1481 3009 1587 3062 Leo
1633 3027 1795 3064 serui.
1829 3013 1862 3065 8
1906 3013 1975 3067 de

398 3083 620 3137 Nativit.
659 3082 889 3148 Domini,
920 3081 1151 3134 similem
1196 3083 1455 3148 l'eregcuiu
1486 3080 1741 3134 Cassiino
1771 3084 1974 3137 catalo-

394 3170 521 3220 gum
554 3152 857 3218 huiusmodi
889 3150 1264 3220 lizereseongde
1293 3147 1509 3205 Christo
1537 3162 1832 3206 contexens
1860 3169 1873 3203 :
1910 3152 1976 3205 Et

398 3218 492 3276 alii
525 3222 879 3293 (Slaiticliiri),
912 3219 1105 3293 inquit,
1128 3218 1372 3293 Domino
1397 3223 1559 3293 solam
1589 3223 1973 3287 humanitatem,

398 3295 492 3346 alii
523 3290 685 3345 solam
731 3293 1010 3361 ascripsere
1058 3290 1315 3361 deitatem.
1346 3290 1451 3342 Alii
1478 3306 1647 3345 veram
1690 3294 1895 3360 quidem
1924 3293 1977 3345 in

400 3364 517 3427 ipso
542 3362 875 3422 divinitatem,
893 3361 981 3413 sed
998 3374 1202 3412 carnem
1225 3360 1462 3412 dixerunt
1483 3360 1640 3430 fuisse
1659 3362 1977 3417 simulatum.

404 3434 507 3485 Alii
536 3432 752 3501 professi
777 3446 945 3484 veram
960 3446 1076 3482 eum
1103 3431 1381 3498 suscepisse
1400 3446 1621 3492 carnem,
1644 3432 1730 3484 sed
1758 3433 1847 3484 Dei
1872 3430 1980 3483 Pa-

404 3506 499 3555 tris
539 3500 639 3554 non
687 3500 921 3553 habuisse
966 3510 1237 3565 naturam;
1262 3510 1309 3552 et
1356 3502 1532 3553 deitati
1562 3503 1671 3570 ejus
1699 3517 1813 3569 quae
1838 3510 1981 3554 erant

406 3570 645 3625 humana:
673 3570 975 3624 substantia!
995 3571 1324 3637 deputantes,
1357 3572 1601 3637 majorem
1652 3573 1748 3624 sibi
1794 3570 1979 3635 Deum,

407 3643 756 3706 minoremque
782 3644 1058 3706 ﬁnxerunt,
1087 3656 1201 3692 cum
1238 3641 1429 3710 gradus
1458 3642 1510 3693 in
1547 3656 1661 3693 vera
1710 3642 1986 3697 Divinitate

407 3728 513 3767 esse
538 3728 640 3764 non
666 3715 846 3781 possit.
875 3710 1126 3774 Quoniam
1145 3711 1392 3779 quidquid
1410 3711 1517 3763 L’eo
1537 3713 1702 3765 minus
1725 3723 1819 3778 est,
1847 3712 1983 3769 Deus

411 3800 511 3835 non
541 3782 1107 3851 est.Alii_(Sabe|li:iiii,
1144 3781 1595 3850 l’atrOpascliitze)
1628 3795 1984 3851 cognoscentes

416 3852 583 3907 Patris
635 3862 679 3905 et
732 3848 860 3903 Filii
889 3850 1084 3922 nullam
1129 3866 1231 3903 esse
1260 3848 1583 3908 distantiam,
1607 3848 1727 3919 quia
1765 3869 1863 3905 non
1889 3868 1983 3922 po—

409 3934 572 3978 terant
606 3923 851 3973 unitatem
884 3920 1086 3973 deitatis
1113 3921 1425 3991 intelligere,
1452 3923 1551 3974 nisi
1572 3924 1622 3973 in
1651 3924 1843 3974 unitate
1873 3920 1985 3987 per-

407 4008 569 4057 sonat,
598 3996 829 4044 eumdem
858 4000 1184 4042 asseruerunt
1220 4007 1327 4043 esse
1359 3990 1567 4044 Putrem
1596 4008 1745 4059 quem
1770 3993 1986 4055 Filium,

411 4071 459 4118 ιι
507 4063 651 4114 nasci
691 4070 740 4114 et
768 4060 976 4119 nutriri,
1025 4064 1129 4127 pati
1160 4069 1205 4113 et
1236 4064 1386 4122 mori,
1417 4063 1623 4131 sepeliri
1652 4075 1697 4114 et
1727 4078 1990 4131 resurgere

413 4134 484 4186 ad
506 4135 727 4185 eumdem
758 4131 1140 4201 pertinere,qui
1166 4146 1253 4201 per
1282 4134 1452 4184 omnia
1490 4143 1536 4184 et
1563 4129 1784 4184 hominis
1812 4129 1991 4201 perso-

415 4220 532 4257 nam
579 4202 809 4272 impleret
849 4207 897 4251 et
940 4198 1102 4250 Verbi.
1138 4198 1358 4264 Quidam
1388 4213 1688 4272 putaverunt
1717 4198 1991 4272 Dominum

414 4273 586 4327 Jesnm
604 4269 863 4325 Christum
888 4285 985 4321 non
1002 4282 1188 4322 nostra:
1208 4269 1500 4331 substantia!
1522 4288 1567 4323 cr
1581 4288 1704 4339 rpus
1730 4271 1989 4337 habuisse,

416 4344 502 4397 sed
539 4342 602 4394 ab
652 4341 912 4394 elimentis
962 4341 1308 4407 superioribus
1354 4358 1414 4393 ac
1459 4342 1806 4396 subtilioribus
1847 4359 1991 4396 sum-

414 4426 574 4483 ptum.
616 4410 840 4476 Quidum
892 4421 1058 4483 autem
1097 4411 1989 4483 (Valentiniani,Apollinarislze,

417 4480 738 4538 Eunoniiaiii
757 4487 775 4549 )
809 4482 1182 4533 testiinaverunt
1222 4484 1275 4533 in
1318 4498 1472 4534 carne
1498 4480 1690 4537 Christi
1717 4485 1993 4535 humanam

417 4556 645 4605 animant
689 4568 790 4603 non
827 4551 1108 4612 habitasse,
1156 4567 1246 4602 nec
1277 4552 1436 4619 fuisse
1455 4596 1468 4619 ,
1498 4556 1587 4606 sed
1614 4566 1780 4616 partes
1810 4554 1995 4607 animw

420 4625 585 4694 ipsam
625 4621 773 4673 Verbi
799 4620 1054 4694 implesse
1097 4622 1358 4674 deitatem.

420 4689 470 4745 in
497 4693 597 4745 hoc
628 4692 851 4755 transiit,
886 4700 940 4742 ut
969 4689 1191 4763 animam
1240 4693 1442 4759 quidem
1489 4694 1540 4745 in
1589 4689 1810 4746 Domino
1838 4696 1996 4763 fuisse

422 4765 741 4830 faterentur;
760 4763 850 4813 sed
889 4762 1117 4813 eamdem
1145 4764 1367 4816 dicerent
1394 4772 1561 4816 mente
1589 4762 1847 4827 caruisse,
1878 4767 1997 4830 quia

420 4832 671 4903 suﬁceret
699 4830 895 4903 homini
924 4846 1019 4882 sua
1050 4831 1211 4885 deitas
1240 4833 1310 4883 ad
1353 4835 1525 4885 omnia
1560 4835 1773 4886 rationis
1814 4834 1995 4903 «(ﬁt-ia.

424 4900 693 4973 Postremo
709 4902 872 4973 iidem
893 4915 1117 4954 asserere
1145 4915 1571 4970 prorsumpserunt
1593 4910 1789 4971 partem
1816 4900 1998 4973 quain-

424 4974 546 5024 dant
595 4969 749 5023 Verbi
794 4973 847 5022 in
873 4985 1076 5023 carnem
1102 4969 1262 5040 fuisse
1304 4969 1630 5041 conversam,
1670 4985 1724 5026 ut
1749 4976 1801 5027 in
1829 4969 2001 5026 'unius

425 5042 683 5107 dogmatis
710 5042 954 5093 varietate
981 5042 1251 5108 multiplici
1292 5058 1396 5095 non
1440 5046 1610 5098 carnis
1658 5054 1859 5097 tantum
1884 5045 1998 5097 ani-

428 5126 625 5180 maque
644 5120 847 5173 natura,
872 5110 962 5180 sed
989 5111 1145 5164 etiam
1163 5113 1325 5178 ipsius
1362 5110 1507 5167 Verbi
1530 5117 1810 5168 solveretur
1829 5131 1999 5169 essen-

429 5178 749 5253 ᾐσζιιεθᾼδ.
765 5178 1048 5253 Leo(Vide
1060 5183 1287 5253 eumdem
1297 5196 1449 5236 scrin.
1464 5185 1497 5253 4
1516 5184 1579 5239 de
1591 5183 1769 5239 Natio.
1790 5183 1995 5253 Datin).

429 5248 651 5325 Quae;
672 5250 757 5305 his
785 5249 1062 5325 quze_i_nfra
1083 5251 1328 5325 dicentur
1353 5252 1577 5325 evadent
1602 5256 1681 5310 cla
1692 5257 1854 5325 riora.

506 5319 534 5358 ³³
562 5319 751 5403 Ebion,
776 5335 869 5375 seu
904 5319 1107 5402 llebiou
1135 5320 1201 5444 La
1230 5338 1336 5391 quo
1368 5319 1651 5405 Ebiotiila},
1675 5340 1768 5379 seu
1801 5324 1998 5379 llebio-

506 5390 585 5444 ιϐιδ)
610 5405 815 5444 primus
847 5390 1135 5444 haresmrc
1178 5408 1203 5443 a
1235 5402 1356 5444 post
1380 5393 1653 5444 Simonem
1683 5396 1910 5444 Marium.
1945 5404 1998 5444 ut

428 5389 585 5461 trita)
610 5393 815 5455 primus
847 5389 1203 5450 harresiarcha
1235 5389 1356 5462 post
1380 5393 1653 5449 Simonem
1683 5396 1911 5462 Magum,
1945 5404 2002 5450 ut

428 5468 666 5533 t_esiatur
685 5463 747 5517 υ.
765 5462 1001 5533 lgnatius
1024 5462 1323 5533 inepistola
1340 5464 1405 5516 ad
1438 5464 1826 5533 l’liilailelpliios
1845 5464 2004 5533 (Vide

427 5527 625 5603 paron.
657 5527 835 5603 tam.)
874 5547 1010 5585 anno
1041 5531 1163 5603 74),
1192 5527 1761 5603 δειηίοιιιοίξιὶειηυεξρι
1784 5527 2007 5603 seiriiju.

428 5599 631 5674 (larisa
657 5602 721 5674 ι).
749 5601 1081 5674 Hieronymo
1099 5599 1395 5671 appellatus
1422 5602 1512 5674 (In
1537 5606 1682 5672 epist.
1713 5605 1780 5657 ad
1804 5599 1995 5659 Galic.

430 5670 538 5736 ut),
556 5668 830 5741 Christum
860 5668 1048 5737 purum
1073 5668 1362 5739 hominem,
1378 5668 1470 5728 seu
1488 5668 1753 5728 hominem
1772 5683 1998 5741 tantum,

430 5752 540 5798 non
566 5742 737 5797 etiam
766 5740 971 5806 Deum,
1005 5742 1310 5809 asserebat,
1349 5745 1573 5813 ideoqne
1604 5761 1708 5801 nou
1738 5753 1859 5801 ante
1888 5740 2035 5801 ina;-

1396 4624 1636 4705 Quorun't‘
1672 4624 1993 4705 iiiipudeittia
2023 4634 2073 4693 ι)

2066 1966 2260 2019 Ιιιιιιδθδ.
2289 1981 2339 2019 c.
2363 1964 2450 2028 26,
2479 1965 2667 2031 Epipli.
2700 1963 2888 2017 lia-res.
2923 1965 3014 2028 εο,
3050 1972 3179 2033 Aug.
3207 1967 3242 2017 Ι.
3276 1966 3341 2019 de
3366 1967 3569 2020 llieres.

2141 2045 2163 2107 ε
2191 2036 2455 2107 Saliellius
2477 2035 2627 2087 Nocti
2655 2034 2948 2107 discipulus
2978 2044 3041 2107 et_
3061 2035 3444 2107 hieresiarelies
3469 2038 3644 2107 (aquo

2066 2103 2379 2168 Sabelliani,
2426 2108 2512 2172 qui
2557 2112 2610 2156 et
2655 2102 3043 2173 lfiitripassiaui
3072 2104 3239 2173 dicti)
3282 2102 3642 2171 persmi'asin

2066 2186 2250 2227 sancta
2277 2171 2538 2245 Tritiitate
2564 2171 2925 2245 Cllllflllltlellal
2958 2172 3174 2245 (Bai'on.
3200 2171 3291 2225 sub
3312 2190 3446 2245 anno
3472 2177 3578 2229 260
3598 2176 3643 2245 ),

2067 2258 2316 2297 asserens
2349 2244 2534 2305 Deum,
2586 2241 2880 2294 secundum
2908 2244 3051 2309 'qnud
3083 2245 3271 2306 vellet,
3307 2253 3398 2296 aut
3430 2241 3642 2299 Patrem

2069 2328 2210 2376 esse,
2237 2323 2327 2366 :iut
2352 2312 2564 2373 Filium,
2591 2318 2681 2363 aut
2710 2310 2968 2377 Spiritum
2997 2323 3262 2375 sanctum,
3296 2314 3521 2381 proinde
3545 2318 3645 2370 Pa-

2072 2394 2228 2443 trem,
2263 2393 2316 2435 et
2357 2381 2584 2443 Filium,
2631 2391 2683 2434 et
2718 2382 2974 2446 Spiritum
3031 2391 3273 2435 sanetum
3318 2399 3474 2436 unam
3522 2402 3644 2441 esse

2074 2450 2355 2521 personam
2379 2459 2433 2505 et
2464 2457 2563 2503 tria
2594 2454 2828 2503 nomina.
2860 2449 3057 2504 Contra
3086 2467 3242 2517 quem
3283 2454 3644 2509 Alexandrina

2072 2524 2308 2592 synodus
2355 2529 2707 2592 emigregata,
2745 2532 2851 2574 tres
2901 2522 3256 2592 sulisiSIeiiies
3282 2538 3565 2592 personas
3594 2527 3645 2580 in

2071 2590 2174 2645 una
2206 2591 2301 2645 Dei
2327 2590 2622 2645 solistaiitia
2648 2590 2978 2661 coplitendas
3005 2591 3238 2645 decrevit
3270 2590 3289 2661 (
3305 2592 3493 2649 Baron.
3521 2606 3646 2650 tom.

2074 2661 2207 2730 ΙΙΙ).
2242 2662 2438 2731 Epiph.
2469 2663 2659 2716 haeres.
2704 2659 2794 2728 57,
2840 2668 2896 2715 et
2945 2676 3011 2715 ex
3065 2676 3132 2715 eo
3176 2659 3509 2730 Augustinus
3560 2668 3648 2722 ubi

2074 2747 2259 2800 supra.

2146 2801 2171 2838 ἀ
2201 2802 2382 2865 Arius,
2413 2801 2527 2856 sive
2555 2800 2765 2864 Arrius,
2796 2800 2861 2854 de
2904 2816 3009 2870 quo
3057 2800 3190 2854 alias
3234 2801 3393 2870 etiam
3445 2804 3650 2861 dictum

2076 2881 2199 2935 est,
2254 2874 2533 2940 presbyter
2578 2869 2969 2924 Alexandrinus
3021 2883 3262 2939 tempore
3312 2869 3651 2929 Constantini

2078 2942 2250 3010 Magni
2269 2942 2482 3009 imper.,
2499 2941 2767 2994 Christum
2788 2944 2948 2993 Deum
2964 2955 3083 2993 esse
3105 2941 3335 3009 negavit,
3353 2956 3652 2999 creaturam

2078 3013 2327 3071 asseruit,
2343 3026 2441 3083 nec
2456 3011 2646 3065 Filiuin
2664 3011 2807 3064 Patri
2822 3020 3165 3083 ceieternum,
3182 3022 3233 3065 et
3246 3011 3532 3083 ὁμοούσιον,
3552 3015 3652 3069 hoc

2079 3092 2182 3145 est,
2201 3082 2703 3136 consubstantialem
2719 3093 2770 3134 et
2788 3081 3190 3135 coesseutialeiu
3208 3081 3437 3149 agnovit.
3465 3088 3652 3150 Quam~

2079 3151 2265 3205 obrem
2305 3167 2332 3203 a
2382 3165 2571 3218 magna
2615 3151 2824 3221 synodo
2875 3152 3084 3221 Meteon
3124 3153 3542 3217 condemnatus,
3576 3156 3653 3208 in-

2080 3222 2204 3275 fami
2228 3222 2375 3275 exitu
2401 3222 2451 3273 iii
2485 3220 2711 3289 publicis
2737 3220 2948 3274 latrinis
2973 3222 3203 3273 animam
3235 3224 3391 3274 simul
3422 3240 3541 3276 eum
3571 3226 3652 3277 in-

2084 3294 2291 3345 testinis
2317 3294 2575 3344 excrevit.
2648 3292 2972 3359 Epiphanius
2998 3291 3185 3344 lizeresi
3218 3292 3303 3353 69,
3330 3294 3654 3357 Augustinus

2083 3360 2275 3416 haeresi
2301 3360 2392 3429 49,
2421 3360 2792 3415 Tlieoiloreius
2813 3362 2879 3415 de
2900 3360 3087 3415 Fabul.
3110 3361 3380 3426 llueretic.,
3407 3363 3655 3418 Socrates

2082 3432 2216 3495 liba
2245 3432 2443 3485 Hister.
2477 3446 2596 3500 cap.
2626 3432 2717 3486 25.

2157 3512 2181 3539 ο
2216 3502 2508 3555 Euiiomius
2538 3505 2673 3556 Aetii
2705 3500 3015 3569 discipulus,
3047 3502 3203 3571 eique
3230 3501 3505 3571 impietate
3537 3520 3651 3572 par,

2084 3581 2139 3626 et
2190 3572 2549 3626 lueresiarclia
2587 3572 2960 3638 turpissimus,
3016 3583 3074 3625 ut
3128 3588 3197 3625 ex
3251 3573 3550 3640 Epiphanio
3601 3589 3657 3629 et

2085 3642 2310 3710 epistola
2359 3643 2549 3711 synodi
2596 3642 3198 3709 Constautinnpolitaiue
3242 3645 3308 3695 ad
3349 3648 3652 3707 Damasum,

2087 3727 2293 3765 necnon
2333 3723 2389 3766 et
2413 3711 2573 3766 Suida
2602 3722 2656 3765 et
2690 3713 2812 3765 aliis
2841 3713 3030 3779 liquet,
3062 3728 3166 3764 non
3198 3713 3370 3766 solum
3402 3714 3452 3766 id
3482 3714 3653 3781 ipsum

2088 3784 2259 3835 tenuit
2287 3781 2427 3851 quod
2466 3783 2653 3845 Arius,
2682 3781 2774 3851 Dei
2808 3781 2997 3835 Filium
3042 3792 3342 3835 creaturam
3368 3798 3653 3851 asserens.

2087 3866 2137 3904 et
2163 3848 2684 3918 idein'qnoquequod
2715 3850 3153 3913 Macedoiiius,de
3173 3865 3279 3912 quo
3301 3848 3457 3907 infra.
3487 3854 3656 3908 Deum

2090 3936 2292 3988 negans
2342 3921 2601 3985 Spiritum
2647 3932 2922 3985 sanctum,
2950 3931 3004 3973 et
3047 3936 3170 3973 eum
3221 3923 3359 3973 inter
3384 3934 3657 3979 creaturas

2088 3992 2380 4056 collocatis,
2413 3990 2505 4042 sed
2538 3992 2766 4059 amplius
2791 3993 2989 4044 addidit
3017 4006 3080 4044 ex
3110 4005 3324 4044 «(nupsit
3359 4003 3658 4059 prmeepto-

2091 4064 2164 4113 ris
2191 4062 2271 4114 sui
2292 4060 2428 4115 Aetii
2458 4061 2822 4127 diabolicaque
2847 4060 3109 4124 doctrina,
3137 4061 3392 4127 Spiritum
3416 4078 3657 4117 sanetum

2090 4135 2251 4184 creati
2287 4130 2404 4183 Filii
2431 4143 2730 4183 creaturam
2762 4144 2901 4184 esse.
2927 4132 3092 4195 Quam
3119 4135 3187 4183 ob
3216 4145 3432 4183 causam
3454 4132 3511 4187 ι).
3537 4133 3660 4189 Ilio-

2092 4216 2348 4270 roiiynius
2373 4201 2423 4253 in
2449 4201 2618 4270 epist;
2633 4201 2697 4252 ad
2731 4199 2993 4266 Ephesius
3020 4218 3136 4267 cap.
3172 4215 3221 4252 tv
3252 4203 3421 4253 lell:
3455 4204 3656 4270 Arium,

2094 4267 2451 4324 Macedoniam
2486 4280 2532 4322 et
2571 4267 2900 4330 Eunomium,
2934 4271 3278 4322 concordante
3316 4271 3367 4322 in
3407 4267 3661 4339 impietate

2094 4342 2372 4406 discordia,
2403 4356 2465 4393 ea:
2492 4356 2591 4392 uno
2619 4340 2758 4403 fonte
2803 4341 3025 4392 diversos
3055 4340 3313 4393 hwreseon
3342 4341 3550 4394 duxisse
3585 4346 3660 4396 rio

2093 4413 2257 4466 culos.
2289 4411 2419 4465 Vide
2466 4414 2526 4464 ι).
2557 4409 2809 4463 Basilium
2855 4409 2950 4463 lib.
2986 4425 2999 4461 ι
3040 4421 3091 4461 et
3139 4424 3175 4463 it
3221 4409 3272 4462 iii
3322 4411 3658 4474 liuiioui‘iuni.

2100 4480 2446 4551 Augustinum
2494 4480 2680 4551 Incresi
2729 4477 3233 4551 54,_Sozonieiium
3282 4478 3320 4534 l.
3352 4495 3400 4536 νι
3438 4496 3556 4551 Cap.
3588 4482 3663 4539 26

2095 4547 2312 4618 (Biiron.
2338 4561 2462 4605 tom.
2490 4550 2575 4614 Ill,
2604 4565 2740 4603 anno
2764 4547 2916 4615 260).

2172 4618 2191 4659 ί
2222 4620 2563 4676 Macedonius
2582 4626 2863 4691 episcopus
2877 4618 3495 4691 Cimstaiitinnpolitanus
3518 4621 3661 4678 circa

2095 4707 2296 4745 annum
2326 4692 2534 4745 Domitii
2572 4689 2679 4745 558
2714 4690 2898 4745 docuit
2946 4690 3136 4745 Filium
3178 4689 3390 4759 quidem
3418 4691 3512 4745 Dei
3542 4707 3664 4747 esse

2097 4777 2193 4829 per
2217 4762 2394 4816 omnia
2419 4760 2647 4814 similem
2676 4759 2845 4825 Patri,
2867 4764 2960 4815 sed
2984 4760 3240 4828 Spiritum
3273 4773 3512 4816 sanctum
3541 4775 3663 4817 esse

2094 4842 2418 4901 creaturam.
2441 4831 2875 4901 Queinsyuodus
2899 4830 3484 4900 Constantinopolimna
3509 4830 3663 4897 jussu

2098 4899 2311 4984 Parnasi
2346 4900 2613 4984 pontiﬁcis
2630 4899 2958 4984 congregata
2984 4899 3270 4984 damnavit
3305 4902 3607 4984 trimionasl
3620 4901 3662 4971 ).

2098 4973 2427 5039 Epiphanius
2456 4970 2644 5025 litere~i
2678 4970 2766 5032 75,
2793 4972 3118 5039 Augustinus
3142 4970 3327 5025 hicresi
3355 4970 3446 5036 52,
3464 4970 3662 5039 Socra-

2097 5049 2181 5167 ltes
2206 5038 2244 5093 'l.
2276 5056 2289 5094 ι
2304 5055 2437 5167 (ξαρ.
2464 5039 2556 5104 35,
2596 5038 2967 5096 Theodoretus
2998 5040 3244 5096 Historia:
3269 5038 3663 5095 Ecclesiasticat

2121 5152 2135 5165 .
2168 5125 2205 5165 ll
2226 5128 2275 5165 c.
2343 5149 2358 5165 .

2121 5152 2135 5165 .
2168 5125 2275 5165 nc.
2304 5114 2358 5168 6.

2173 5192 2199 5231 s
2225 5182 2467 5249 Fotinus,
2494 5181 2575 5236 vel
2602 5180 2862 5237 Photinus
2881 5179 3188 5250 Sirmiensis
3211 5179 3516 5250 cpiscopus,
3543 5194 3665 5246 pro-

2102 5252 2199 5307 diit
2226 5250 2579 5308 haeresiarcha
2610 5262 2850 5320 tempore
2875 5248 3167 5320 Coastantii
3200 5248 3560 5317 imperatoris,
3594 5250 3664 5305 de

2103 5338 2210 5392 quo
2226 5323 2284 5379 S.
2301 5322 2630 5392 Epiphanius
2646 5318 2766 5392 hinc
2776 5321 2960 5392 scribit
2982 5318 3203 5392 (literas.
3218 5320 3510 5387 7l,Baron.
3539 5330 3663 5373 tam.

2104 5390 2194 5459 Ill,
2222 5394 2314 5447 sub
2342 5408 2476 5448 anno
2521 5391 2623 5446 547
2667 5402 2712 5445 et
2755 5391 2895 5456 557)
2935 5409 2950 5445 :
2984 5390 3240 5444 Photinus
3270 5394 3285 5459 ζ
3311 5406 3375 5444 ea:
3415 5406 3516 5460 quo
3544 5396 3663 5460 sunt

2108 5456 2430 5532 Photiniani)
2455 5468 2548 5516 hoc
2579 5472 2799 5528 tempore
2822 5462 2969 5526 vixit,
2996 5470 3043 5513 et
3064 5456 3326 5532 episcopus
3348 5456 3535 5532 sancta:
3565 5456 3664 5512 Ec-

2105 5531 2274 5588 etesia:
2310 5529 2574 5588 catholica:
2598 5534 2714 5601 fuit,
2743 5533 2831 5602 qui
2859 5533 3070 5601 infantia
3093 5529 3198 5585 non
3233 5529 3665 5602 'ininimaelatus,

2102 5613 2152 5673 et
2181 5619 2337 5673 supra
2363 5620 2533 5658 omnes
2556 5599 2673 5655 ante
2697 5599 2988 5669 se'furiosus
3012 5602 3199 5673 factus.
3228 5602 3418 5673 similia
3445 5599 3667 5673 hisque

2108 5669 2305 5727 Paulus
2338 5674 2701 5728 Samosatenus
2747 5673 2944 5733 docuit,
2976 5669 3039 5727 de
3083 5670 3224 5727 Filio
3268 5672 3363 5725 Dei
3413 5669 3665 5733 sensit,et

2108 5743 2255 5797 verba
2285 5742 2631 5797 maledicentia
2660 5746 2949 5816 neutiquam
2989 5748 3260 5800 consistere
3305 5740 3521 5797 valentia
3551 5754 3660 5793 etio-
