4040 6182
461 336 524 392 ιι
1497 333 1587 388 DE
1622 331 2131 391 INCARNATIONE
2170 326 2442 385 CIIRISTI
2484 328 2612 383 LIB.
2653 328 2696 383 1.
3644 318 3717 372 2‘1

468 446 604 519 quod
632 444 903 516 peculiare
932 458 995 498 ac
1030 453 1056 482 ι
1090 443 1362 513 proprium
1394 444 1715 513 supradicta:
1746 443 1887 498 illius
1930 442 2042 497 lue-
2070 448 2119 507 Α
2150 442 2321 496 sartio
2351 440 2443 495 Dei
2470 454 2592 495 esse
2617 439 2901 508 potuisset.
2930 438 3007 493 Ac
3031 437 3112 493 sic
3140 437 3338 491 nullam
3370 434 3609 489 tacerent
3637 435 3719 486 ie-

466 551 670 603 reseos,
709 549 835 605 qua:
854 551 922 590 ex
944 534 1233 604 Pelagiana
1269 550 1455 591 errore
1482 533 1864 602 descenderat,
1896 533 1994 589 fuit
2022 552 2036 589 :

458 628 601 699 quod
639 627 889 684 dicentes
917 624 1138 695 quidem
1182 624 1487 681 solitarium
1536 626 1810 680 hominem
1836 624 2038 681 ‘Jesum

457 720 735 776 Christum
787 718 909 773 sine
934 716 1043 771 ulla
1078 718 1283 786 peccati
1329 717 1657 787 contagione
1706 715 1946 781 vixisse,
1977 730 2043 771 eo

459 812 737 881 progressi
769 817 931 873 sunt,
976 817 1036 862 ut
1059 817 1371 862 assererem
1394 807 1661 874 homines,
1704 805 1735 846 ι’
1761 808 1807 862 si
1853 808 2039 874 velint,

459 904 575 956 sine
606 909 833 970 peccato
857 912 978 953 esse
1000 913 1183 968 posse.
1212 898 1568 968 Consequens
1588 898 1735 953 enim
1766 896 2043 951 existima-

459 994 611 1056 bant,
626 1001 685 1045 ut
711 989 762 1045 si
779 991 942 1044 homo
958 989 1232 1044 solitarius
1241 988 1270 1044 ,Ι
1275 1002 1401 1044 esus
1424 987 1673 1044 Christus
1686 989 1808 1042 sine
1823 993 2041 1055 peccato

463 1084 671 1147 luisset,
701 1095 895 1135 omnes
941 1095 1155 1149 quoque
1185 1079 1437 1134 homines
1478 1079 1598 1134 sine
1632 1078 1727 1133 Dei
1771 1077 2040 1147 adjutorio

460 1187 581 1229 esse
607 1171 839 1242 possint,
862 1169 1117 1242 quidquid
1138 1169 1230 1225 ille
1259 1169 1424 1226 homo
1463 1168 1741 1225 solitarius
1766 1168 1881 1223 sine
1909 1182 2043 1222 eon-

2141 543 2224 588 ter
2262 546 2476 587 omnem
2509 530 2785 585 hominem
2822 544 2888 584 ac
2938 528 3223 583 Dominum
3253 536 3495 581 nostrum
3533 526 3717 579 Iesum

2140 623 2409 677 Christum
2452 636 2575 676 esse
2602 622 2945 687 distantiam;
2989 634 3110 675 cum
3156 619 3297 674 idem
3342 618 3527 683 utique
3556 616 3719 670 homo

2140 716 2261 769 nisu
2307 726 2470 783 atque
2507 713 2770 767 industria
2802 728 2901 768 sua
2933 712 3126 767 mereri
3160 711 3353 781 possit,
3386 709 3529 779 qttod
3562 707 3718 763 Chri-

2140 810 2258 858 stus
2286 802 2468 857 studio
2509 818 2570 855 ac
2598 802 2785 857 labore
2821 801 3127 856 meruisset.
3156 800 3274 866 Quo
3308 799 3508 854 factum
3544 803 3628 851 est
3663 804 3722 850 ut

2145 894 2198 948 in
2242 892 2501 962 majorem
2551 907 2766 972 quoque
2807 905 2871 947 ac
2918 893 3402 946 monstruosiorem
3454 887 3719 943 insaniam

2145 994 2581 1054 prorumpentes,
2633 984 2872 1038 dicerent
2894 1025 2909 1050 ,
2946 982 3230 1037 Dominum
3262 990 3501 1036 nostrum
3533 979 3717 1035 Jesnm

2143 1074 2416 1130 Christum
2448 1075 2593 1129 hunc
2622 1075 2673 1129 in
2696 1073 2981 1141 mundum,
3004 1087 3111 1127 non
3132 1071 3197 1127 ad
3228 1072 3587 1142 precetandam
3617 1069 3719 1124 hn~

2145 1182 2307 1222 mana
2338 1168 2520 1235 generi
2552 1167 3017 1239 redemptionem,
3049 1164 3146 1221 sed
3193 1164 3257 1219 ad
3308 1162 3594 1233 praebenda
3624 1162 3722 1217 bo-

1522 1259 1778 1317 ALARDI
1817 1258 2046 1315 GAZIEI
2081 1256 2643 1317 COMMENTARIUS.

540 1366 566 1394 ⁸
604 1355 920 1425 Suspicatur
940 1353 1174 1425 fortasse
1199 1354 1463 1425 quispiam
1492 1352 1561 1408 de
1582 1353 1894 1408 Nestoriana
1930 1353 2042 1407 hze—

460 1427 565 1481 resi
599 1423 871 1487 liac‘dici,
904 1423 1047 1493 quod
1077 1426 1238 1478 verba
1272 1424 1372 1478 ista
1387 1426 1752 1494 (prteselernnt
1779 1438 1794 1477 :
1826 1425 1953 1487 Quo:
1980 1439 2041 1477 ea:

460 1494 745 1565 Pelagiana
774 1509 942 1565 errore
965 1494 1308 1547 descenderat.
1355 1493 1725 1565 Nestorianam
1773 1495 2040 1565 siquidem

460 1563 709 1619 haeresim
738 1580 806 1617 ex
830 1563 1114 1631 Pelagiana
1140 1579 1325 1617 errore
1350 1579 1443 1617 seu
1473 1566 1659 1617 han-esi
1693 1564 2041 1618 descendisse

456 1651 526 1689 ac
560 1635 704 1688 velut
749 1650 816 1688 ex
856 1633 1005 1687 fonte
1045 1634 1384 1702 proﬂuxisse,
1409 1633 1520 1701 jam
1545 1643 1819 1687 ostensum
1850 1643 1954 1696 est,
1987 1643 2041 1686 et

458 1704 598 1758 alias
644 1704 806 1757 etiam
855 1704 1062 1771 plenius
1109 1703 1523 1757 ostendendum.
1554 1703 1749 1757 Verum
1796 1704 1954 1756 aliter
1981 1716 2041 1756 se

2148 1362 2463 1407 crumentum
2486 1352 2712 1406 condidit
2735 1361 2782 1405 et
2806 1348 3111 1420 exemplum,
3145 1358 3199 1404 ut
3223 1364 3405 1420 unum,
3428 1347 3715 1420 app_rehe_n-_

2148 1424 2319 1477 derent
2350 1423 2683 1489 renascendo,
2716 1423 2933 1475 alterum
2951 1417 3288 1490 sequerentur
3320 1418 3589 1490 imitanda.
3622 1417 3721 1470 Ubi

2149 1506 2274 1546 nota
2308 1495 2477 1559 primo
2509 1494 2625 1546 loco
2664 1488 3084 1554 Sacramentum,
3139 1505 3230 1544 seu
3272 1488 3587 1559 mysterium
3637 1501 3725 1539 re-

2148 1557 2476 1630 demptionis
2505 1563 2841 1625 humanam
2878 1560 3180 1627 primariam
3212 1557 3426 1630 causam
3454 1557 3718 1610 adventus

2146 1627 2349 1687 Christi
2377 1633 2679 1701 designari;
2707 1630 3082 1686 secundariam
3132 1643 3260 1683 vero
3313 1627 3723 1701 ipsius__e_xem_-

2148 1705 2294 1771 plum
2325 1703 2391 1756 ad
2422 1695 2736 1757 imitandum
2767 1701 3123 1771 propositum.
3152 1701 3220 1753 Et
3244 1712 3430 1771 rursus
3456 1696 3583 1751 alibi
3612 1695 3721 1748 :Ab

457 1790 547 1827 res
582 1773 765 1827 habet.
794 1767 907 1827 Non
932 1775 1074 1826 enim
1103 1773 1169 1826 de
1186 1772 1291 1843 alia
1324 1789 1480 1841 quam
1510 1772 1577 1826 de
1602 1773 1886 1840 Pelagiana
1924 1773 2044 1843 Iue-
2077 1782 2118 1840 Β
2147 1767 2482 1843 omnipotenti
2510 1772 2709 1843 medica
2729 1767 2930 1843 duplex
2951 1770 3093 1823 nobis
3132 1767 3409 1843 remedium
3431 1837 3441 1843 _
3462 1782 3722 1843 prwparu-

458 1846 567 1897 resi
596 1844 820 1911 intelligi
852 1857 1012 1910 posse
1057 1840 1398 1896 manifestum
1424 1850 1510 1896 est
1550 1857 1633 1911 ex_
1671 1842 2040 1910 sequentibus,

460 1914 550 1966 ubi
579 1909 1017 1966 commemtiratis
1056 1913 1259 1979 aliquot
1301 1913 1575 1965 erroribus
1605 1909 2039 1979 Pelagianorum,

455 1984 649 2036 subdit
674 1986 871 2037 Auctor
892 1982 1197 2036 Nestorium
1221 1980 1381 2051 idem
1409 1981 1772 2051 dicerequod
1807 1981 2039 2051 Pelagia-

459 2054 619 2107 nistre
648 2062 774 2106 ante
800 2052 1083 2115 dixerunt;
1107 2061 1161 2104 et
1183 2049 1381 2105 idcirco
1408 2052 1580 2120 ipsum
1602 2050 1910 2105 Nestorium
1938 2049 2041 2104 non

456 2137 617 2176 nova:
642 2122 911 2176 bmreseos
932 2129 1208 2174 auctorem
1234 2121 1496 2184 nominat,
1515 2121 1639 2188 quia
1663 2120 1875 2174 scilicet
1901 2135 2044 2173 eam-

461 2192 590 2247 dem
619 2191 864 2245 hteresim
896 2190 1146 2259 Pelagius
1175 2201 1298 2243 ante
1327 2190 1773 2259 ipsumtenuerat
1817 2196 1875 2243 et
1925 2204 2045 2250 pro-

464 2261 746 2323 niulgarat.
774 2264 956 2330 Neque
988 2258 1069 2314 vis
1091 2262 1142 2313 in
1164 2260 1274 2315 illis
1294 2258 1484 2330 verbis
1497 2258 1741 2330 facienda
1767 2268 1852 2330 est
1879 2276 1891 2312 :
1918 2259 2046 2330 Qua:

460 2348 529 2385 ex
560 2330 837 2399 Pelagiana
856 2328 1031 2385 errare
1057 2330 1403 2383 descenderat.
1430 2329 1630 2399 Dicitur
1649 2329 1790 2399 enim
1824 2328 2044 2381 lucri-sis

460 2396 746 2467 Pelagiana
786 2416 849 2453 ex
908 2399 1193 2467 Pelagiana
1222 2414 1408 2453 errore
1450 2396 1821 2464 descendisse,
1853 2399 1979 2466 quia
2012 2413 2041 2451 a

457 2473 678 2537 Pelagio
700 2477 913 2525 errante
942 2478 994 2523 et
1014 2472 1157 2523 circa
1187 2468 1347 2524 tidem
1372 2469 1721 2539 naufragante
1747 2468 1965 2524 inventa
1989 2475 2045 2522 et

460 2541 759 2608 prapalata.

534 2609 860 2681 b_lntellige,
888 2610 1000 2681 sine
1044 2608 1138 2662 Dei
1166 2609 1450 2681 adjutoria,
1482 2616 1544 2665 ut
1579 2607 1935 2681 postmodum
1950 2622 2045 2661 ex-

460 2679 698 2748 ponitur,
726 2677 912 2743 idest,
951 2680 1067 2734 sine
1093 2677 1292 2733 anxil’ia
1322 2681 1416 2734 Dei
1445 2677 1864 2747 supernaturali.
1898 2677 2045 2748 Enu-

462 2747 744 2802 inerantur
763 2759 937 2801 autem
965 2750 1052 2803 hic
1079 2759 1308 2817 quatuor
1329 2765 1547 2805 errores
1575 2764 1710 2819 quos
1742 2747 2044 2819 Pelagianis

458 2820 712 2873 attribuit
762 2821 982 2872 Auctor.
1042 2819 1250 2874 Przmus
1304 2835 1480 2886 error,
1520 2819 1803 2874 Dominum
1858 2819 2041 2872 Iesum

460 2887 740 2941 Christum
799 2890 1070 2943 hominem
1101 2904 1222 2944 esse
1271 2890 1594 2953 solitarium,
1624 2889 1674 2942 id
1704 2898 1805 2948 est.
1847 2903 2041 2956 purum

462 2957 762 3023 hamiuem,
787 2974 891 3011 non
928 2960 1118 3019 Deum.
1149 2959 1296 3027 quod
1322 2970 1446 3013 ante
1471 2960 1740 3027 Pelagium
1765 2956 1918 3012 multi
1953 2959 2042 3011 alii

461 3027 705 3098 ha'retici
730 3030 1047 3081 docuerunt.
1090 3029 1374 3083 Secundus
1395 3042 1569 3091 error,
1608 3042 2043 3098 unumquemque

462 3097 759 3161 hominem,
789 3097 833 3150 si
859 3098 1012 3163 velit,
1042 3112 1199 3163 posse
1222 3113 1340 3152 esse
1363 3099 1569 3167 absque
1605 3097 1847 3166 peccato,
1881 3097 2041 3166 idque

460 3167 584 3220 sine
603 3167 802 3221 auxilio
820 3169 1009 3235 gratia:
1032 3168 1247 3232 divinm,
1274 3176 1329 3222 ut
1353 3167 1554 3222 dictum
1578 3176 1680 3233 est,
1705 3182 1865 3237 quem
1890 3183 2039 3220 erro-

461 3251 581 3307 rem
604 3237 733 3291 dicit
760 3252 880 3291 esse
908 3239 1183 3307 praprium
1224 3254 1287 3293 ae
1326 3240 1652 3303 peculiarem
1686 3238 1912 3290 lueresis
1943 3237 2043 3290 Pe-

462 3306 691 3375 lagiana:
721 3323 737 3360 :
769 3322 874 3359 non
902 3309 1042 3374 quod
1072 3308 1155 3361 vel
1182 3310 1381 3375 primus
1409 3308 1490 3361 vel
1537 3308 1686 3361 solus
1713 3306 1766 3361 id
1797 3306 2040 3375 Pelagius

460 3376 733 3439 docuerit,
764 3376 1096 3445 contrarium
1120 3379 1261 3431 enim
1294 3380 1489 3431 asserit
1513 3380 1572 3431 D.
1604 3378 1962 3445 Hieronymus
1985 3378 2039 3430 in

459 3446 693 3513 epistola
728 3447 813 3499 illa
840 3447 905 3499 ad
933 3444 1359 3514 Ctesiphontem,
1386 3448 1474 3501 ubi
1504 3459 1557 3501 et
1588 3444 1960 3514 Manichieum,
1986 3456 2041 3500 et

462 3515 882 3580 Priscillianum,
914 3525 970 3571 et
997 3516 1303 3585 Origenem,
1336 3526 1391 3571 et
1417 3518 1552 3572 alios
1588 3516 1836 3582 ejusdem
1871 3516 2039 3570 haere-

461 3587 537 3640 sis
560 3593 711 3649 ponit
739 3595 989 3657 auctores
1017 3597 1071 3640 et
1097 3598 1417 3657 assertores,
1444 3587 1585 3657 quod
1612 3585 1916 3655 Pelagianis
1948 3603 2040 3640 cx-

461 3657 728 3737 probrans
743 3672 757 3709 :
774 3655 971 3709 Pudeat
991 3656 1321 3737 ergo,_inquit
1339 3655 1491 3726 (Cap.
1516 3656 1595 3737 ᾖ),
1627 3671 1715 3737 eos
1747 3657 2039 3737 pripcipum

462 3735 509 3778 et
532 3726 787 3778 sociarum
801 3742 1030 3791 suorum,
1054 3726 1143 3796 qui
1173 3728 1318 3780 aiunt
1350 3742 1496 3793 posse
1519 3726 1774 3779 hominem
1794 3726 1903 3779 sine
1917 3744 2039 3795 pec-

459 3804 575 3871 cata
626 3812 771 3871 es_se,_
797 3798 854 3871 _si
898 3797 1034 3860 velit,
1063 3798 1200 3865 quod
1231 3796 1416 3871 Graeci
1439 3797 2036 3871 dicitnt__a‘¢vatuéprmav;

456 3866 558 3918 sed
588 3866 711 3933 quia
760 3865 810 3918 id
860 3881 1026 3919 unum
1058 3882 1123 3919 ex
1171 3866 1452 3933 praecipuis
1478 3865 2041 3934 capitibus‘tuei'rseos

461 3934 785 4002 Pelagianae,
805 3949 870 3989 ac
896 3936 1058 3989 veluti
1081 3936 1352 4003 singulare
1367 3936 1557 4000 dogma
1584 3935 1806 4004 Pelagii,
1832 3940 2040 4003 majore

459 4005 641 4056 studio
667 4014 721 4057 et
749 4007 1095 4059 contentione
1121 4007 1189 4059 ab
1217 4008 1334 4073 ipso
1366 4007 1778 4074 promulgatum,
1810 4015 1861 4058 ut
1894 4015 2042 4073 patet

461 4074 686 4146 tumilla
710 4075 936 4141 epistola
971 4074 1034 4146 D.
1065 4076 1393 4146 llierooytni,
1424 4086 1535 4131 tum
1566 4090 1631 4130 ex
1672 4076 1821 4128 libris
1850 4078 2041 4129 adver-

463 4158 557 4197 sus
587 4141 925 4209 Pelagianos,
951 4145 1039 4198 ubi
1069 4141 1392 4209 catholicus,
1440 4146 1541 4201 sub
1587 4148 1806 4199 nomine
1851 4146 2037 4209 Attici,

461 4214 695 4285 primum
719 4214 990 4285 dialogum
1018 4230 1138 4285 eum
1169 4215 1452 4285 Critobulo
1480 4216 1771 4285 Pelagiana
1820 4215 1899 4269 sic
1947 4231 2043 4269 ex-

458 4282 670 4336 orditur
700 4299 713 4335 :
742 4282 837 4335 Dic
865 4282 1007 4347 mihi,
1040 4283 1321 4352 Critobule,
1355 4301 1591 4339 verumne
1611 4282 1705 4351 est,
1736 4285 1874 4350 quod
1919 4302 1950 4338 a
1994 4295 2042 4340 te

459 4354 707 4424 scriptum
732 4353 913 4415 audio,
938 4369 1087 4424 posse
1107 4356 1360 4407 hominem
1380 4357 1489 4408 sine
1505 4366 1710 4424 peccata
1732 4371 1861 4420 esse,
1886 4357 1930 4408 si
1958 4370 2040 4409 tte-

460 4422 564 4477 lit?
596 4421 664 4474 Et
690 4421 963 4494 respondet
994 4421 1304 4488 Critobulus,
1352 4421 1545 4494 tierunt.
1589 4425 1822 4494 Idipsum
1877 4431 2038 4479 etiam

2150 1853 2256 1895 tum
2287 1837 2379 1909 est,
2410 1844 2557 1910 cujus
2590 1841 2735 1894 aliud
2761 1850 2832 1893 est
2860 1841 2912 1893 in
2934 1848 3271 1910 sacramenta.
3296 1837 3441 1910 aliud
3468 1838 3520 1910 in
3550 1852 3723 1910 caem-

2146 1912 2255 1980 pla,
2292 1921 2349 1966 ut
2369 1907 2479 1980 per—
2490 1928 2648 1964 unum
2667 1913 2997 1975 conferantur
3021 1909 3214 1980 divina.
3238 1924 3327 1979 per
3349 1907 3725 1980 aliuderigan-

2146 1977 2230 2034 tur
2249 1977 2493 2035 humana.
2525 1982 2753 2037 Sanctus
2783 1980 2911 2033 item
2954 1977 3259 2033 Bernartius
3295 1985 3480 2032 contra
3505 1977 3720 2030 Petrum

2167 2045 2514 2104 Abailardnm
2545 2092 2560 2115 ,
2610 2051 2701 2118 qui
2751 2048 2996 2118 eumdem
3058 2064 3299 2103 errorem
3371 2045 3721 2118 praedicabat,

2147 2135 2349 2187 agens:
2387 2120 2523 2185 Quid
2550 2114 2655 2180 leaf.
2678 2119 2846 2187 inquit
2878 2116 3067 2188 (Epist.
3101 2118 3250 2183 190),
3280 2117 3405 2188 quid
3432 2114 3717 2188 prophetat,
3802 2150 3805 2155 α

2147 2184 2273 2255 quid
2298 2184 2540 2260 apostoli,
2566 2189 2690 2260 quid
2715 2184 2983 2256 apostalict'
3011 2188 3108 2239 viri
3128 2189 3268 2260 n_obt°s
3290 2186 3438 2260 aliud
3468 2184 3724 2260 evangeli-

2144 2267 2284 2325 zant,
2315 2256 2469 2327 quam
2497 2256 2633 2326 quod
2660 2260 2806 2327 solus
2836 2267 2890 2309 tu
2920 2273 3096 2323 negas,
3138 2256 3301 2327 Deum
3355 2256 3585 2327 uidelicet
3642 2256 3722 2327 fu-

2145 2337 2283 2381 rtum
2309 2325 2560 2380 hominem
2591 2338 2644 2381 ut
2670 2326 2925 2380 hominem
2953 2326 3225 2380 liberaret?
3254 2325 3382 2379 Etsi
3424 2326 3637 2393 angelus
3658 2325 3723 2379 de

2145 2401 2269 2451 cwlo
2297 2398 2440 2452 aliud
2478 2399 2620 2450 nobis
2650 2395 3089 2467 evangelisaaerit,
3119 2397 3391 2467 anathema
3419 2395 3506 2467 sit.
3543 2394 3609 2467 Et
3641 2394 3720 2447 in—

2146 2468 2309 2539 ferius
2335 2483 2355 2539 ι
2386 2467 2523 2539 Quid
2549 2464 2828 2539 prodest_si
2848 2482 2940 2519 nos
2964 2465 3186 2539 instituit
3213 2464 3528 2539 (Christus),
3549 2466 3595 2517 si
3621 2480 3720 2539 non

2144 2537 2364 2592 restituit
2384 2539 2410 2592 ἵ
2431 2537 2531 2591 Aut
2551 2534 2805 2607 numquid
2837 2536 3381 2607 [rustraiinstruintun
3413 2535 3459 2587 si
3487 2550 3587 2607 non
3633 2534 3722 2586 de-

2143 2617 2381 2677 struatur
2395 2607 2449 2677 in
2473 2608 2616 2661 nobis
2637 2605 2823 2677 corpus
2839 2605 3063 2677 peccati,
3088 2615 3141 2677 ut
3157 2607 3295 2658 ultra
3323 2621 3425 2677 non
3446 2605 3722 2677 seruierunt

2144 2676 2389 2748 peccata!
2416 2675 2475 2734 Si
2497 2693 2657 2748 omne
2684 2672 2819 2744 quod
2844 2672 3316 2748 profuit:_Christus
3365 2676 3436 2748 in_
3466 2672 3578 2748 sala
3624 2673 3722 2743 fuit

2147 2743 2430 2801 ostensione
2457 2747 2721 2810 virtutum,
2738 2755 2894 2799 restat
2924 2743 2977 2797 ut
3018 2744 3223 2797 dicatur
3242 2745 3377 2812 quod
3401 2743 3566 2797 Adam
3596 2761 3723 2812 quo-

2143 2832 2241 2887 que
2259 2832 2332 2888 ea:
2355 2816 2468 2871 sala
2497 2815 3003 2888 peccatiostensiane
3047 2814 3577 2888 nocuerit,_siquidem
3627 2831 3721 2888 pro

2146 2884 2393 2955 qualitate
2416 2884 2638 2940 vulneris
2660 2885 2818 2939 allata
2842 2892 2918 2939 est
2955 2884 3239 2955 medicina.
3285 2884 3431 2938 Sicut
3476 2884 3611 2955 enim
3639 2885 3722 2955 in

2147 2952 2314 3009 Adam
2341 2972 2512 3009 omnes
2531 2957 2843 3019 moriuntur,
2870 2955 2942 3007 ita
2963 2962 3012 3007 et
3038 2954 3090 3007 in
3120 2952 3321 3007 Christo
3347 2968 3520 3006 omnes
3548 2953 3717 3018 viviﬁ-

2146 3025 2416 3097 c_a_buntur.
2451 3026 2587 3097 Erga
2611 3026 2879 3097 sicuthoc,
2905 3026 2977 3076 ita
3000 3034 3048 3097 et
3074 3021 3235 3097 illud.
3256 3023 3316 3079 Si
3338 3024 3440 3097 tnta
3462 3038 3611 3084 quam
3632 3026 3721 3074 dat

2151 3093 2385 3149 Christus
2438 3093 2540 3147 non
2587 3107 2659 3147 est
2707 3093 2812 3146 alia
2839 3109 2991 3164 quam
3020 3095 3269 3147 institutio
3297 3095 3409 3161 ejus
3429 3134 3444 3159 ,
3476 3108 3565 3145 nec
3588 3107 3719 3164 mars

2071 3142 2116 3206 C
2149 3142 2661 3233 ιῖἑὲξιὶῖἐῖυάὲιῖἇεᾶἓὶ
2690 3142 2864 3216 iis":
2878 3142 2989 3216 an;
3013 3142 3716 3225 ὲῖἶι⁷Ξέἧέῑὶῑὶἔῖὶιέιάῆίίηειὶζ

2146 3237 2277 3305 tutio
2304 3236 2447 3305 ejus;
2469 3244 2524 3289 ut
2552 3235 2641 3287 ille
2666 3233 2869 3305 quidem
2897 3233 2967 3305 ad
2996 3243 3276 3305 peccatum
3307 3233 3553 3305 (exemplo
3605 3247 3719 3305 suo,

2142 3303 2224 3357 hic
2247 3302 2361 3358 vero
2387 3305 2620 3372 exempla
2645 3302 2692 3357 et
2722 3303 2870 3357 verba
2893 3304 2961 3355 ad
2986 3303 3111 3357 bene
3138 3302 3407 3356 vivendum
3430 3311 3475 3372 et
3518 3318 3569 3355 se
3600 3302 3719 3354 dili-

2143 3376 2362 3443 gendum
2392 3374 2621 3427 homines
2639 3374 2956 3443 infarmaret.
2975 3373 3035 3428 Si
3059 3372 3361 3427 Christianae
3380 3371 3525 3441 ﬁdei,
3548 3381 3595 3425 et
3617 3388 3717 3425 non

2141 3430 2440 3526 Pelagiana
2463 3444 2664 3526 haeresi,
2693 3430 3088 3526 ocquiescentcs,
3117 3430 3469 3526 generatione,
3510 3430 3609 3494 non
3638 3444 3719 3495 in-

2141 3513 2427 3573 stitutione.
2447 3515 2740 3568 traductum
2765 3513 2819 3567 in
2846 3529 2939 3566 nos
2955 3513 3255 3582 conﬁtemur
3278 3513 3403 3565 Adae
3431 3520 3716 3582 peccatum.

2141 3595 2188 3638 et
2218 3602 2305 3652 per
2336 3594 2596 3654 peccatum
2624 3593 2855 3646 mortem,
2880 3581 3134 3652 fateantur
3161 3597 3359 3636 necesse
3388 3581 3460 3634 est
3502 3590 3549 3654 et
3571 3581 3721 3635 Chri-

2141 3664 2218 3707 sto
2253 3652 2394 3709 nabis
2426 3671 2526 3708 non
2554 3655 2893 3717 institutione,
2921 3654 3011 3724 sed
3032 3654 3413 3724 regeneratione
3431 3652 3719 3724 restitutam

2130 3726 2409 3795 justitiam,
2426 3735 2473 3777 et
2498 3741 2586 3795 per
2603 3725 2865 3795 justitiam
2889 3723 3046 3795 citam
3063 3721 3159 3795 {ut
3184 3724 3318 3795 sicut
3339 3736 3429 3792 per
3455 3721 3607 3795 unius
3628 3722 3716 3775 de-

2141 3790 2321 3848 lictum
2348 3790 2405 3846 in
2430 3790 2851 3848 onines'homines
2880 3793 2934 3845 in
2957 3790 3539 3859 condemnationent.sic
3566 3803 3610 3842 et
3628 3806 3719 3859 per

2141 3866 2297 3917 unius
2315 3864 2570 3927 justitiam
2620 3863 2673 3913 in
2712 3877 2885 3914 omnes
2912 3860 3145 3915 homines
3193 3860 3248 3911 in
3287 3857 3719 3927 justi/icatianem

2138 3937 2273 3986 vitta.
2309 3930 2433 3986 llaec
2463 3932 2520 3986 S.
2556 3930 2882 3989 Bernardus.
2911 3941 2966 3984 et
3010 3945 3128 3998 quae
3158 3939 3459 3998 sequuntur
3491 3930 3542 3980 in
3572 3944 3720 3983 eam-

2140 4003 2260 4055 dem
2313 4001 2660 4056 sententiam.
2711 3999 2945 4067 Quartus
2970 4014 3121 4055 error
3167 3999 3574 4065 Pelagianorum
3633 3999 3719 4050 hic

2141 4078 2381 4134 notatus,
2413 4068 2687 4125 Christum
2712 4086 2816 4124 non
2850 4079 3066 4131 natura,
3108 4070 3202 4123 sed
3232 4069 3346 4123 suis
3372 4069 3578 4121 meritis
3602 4078 3717 4120 tan-

2140 4141 2542 4211 demadeptum
2570 4155 2692 4211 esse
2723 4140 3093 4211 divinitatem;
3129 4154 3322 4207 nempe
3341 4153 3485 4195 anno
3500 4135 3717 4205 trigesi-

2143 4228 2229 4265 mo
2260 4210 2461 4266 factum
2488 4225 2611 4265 esse
2636 4210 2911 4264 Christum
2959 4225 3055 4278 per
3083 4210 3431 4278 baptismum,
3486 4216 3542 4263 et
3595 4219 3721 4275 post

2141 4284 2448 4351 passionem
2475 4290 2527 4335 et
2560 4281 3016 4335 resurrectionem
3057 4281 3169 4351 suis
3197 4279 3358 4351 etiam
3402 4278 3612 4351 meritis
3638 4278 3715 4351 la-

2140 4347 2284 4406 etum
2315 4365 2436 4405 esse
2468 4351 2670 4414 Deum;
2702 4358 2759 4404 et
2785 4364 2944 4418 posse
2973 4350 3163 4404 eodem
3184 4348 3360 4418 (modo,
3385 4348 3520 4418 alios
3544 4347 3719 4400 homi-

2143 4436 2238 4475 nes
2266 4421 2379 4476 suis
2403 4421 2607 4474 viribus
2637 4421 2774 4475 bene
2788 4416 2999 4486 vivere,
3030 4425 3086 4471 et
3129 4417 3198 4471 ad
3221 4416 3611 4486 beatitudinem
3661 4427 3719 4470 et

460 4500 694 4563 testatur
724 4485 1166 4563 SiAugustinus,
1201 4485 1315 4548 haec
1337 4493 1405 4548 de
1447 4485 1747 4563 Pelagianis
1796 4496 2038 4549 scribens
2067 4499 2115 4558 ι)
2142 4492 2426 4563 quamdam
2454 4490 2794 4544 divinitatem
2826 4488 3124 4563 pervenire,
3153 4488 3296 4563 sicut
3323 4485 3570 4541 Christus
3597 4502 3716 4563 per.

464 4559 693 4631 (ﬂeet-es.
720 4562 809 4630 88)
838 4580 851 4615 :
877 4561 943 4614 In
971 4563 1025 4614 id
1044 4564 1197 4615 etiam
1219 4559 1640 4633 pragrediutttur,
1684 4571 1740 4617 ut
1770 4564 1943 4617 dicant
1963 4567 2038 4618 vi-

463 4639 571 4683 tant
610 4633 874 4701 justorum
928 4633 982 4701 in
1032 4634 1127 4701 hac
1176 4632 1365 4686 stccula
1392 4634 1590 4687 nullum
1621 4636 1826 4688 omnino
1853 4634 2039 4688 habere

463 4711 748 4764 peceatum,
774 4710 821 4754 et
847 4717 911 4754 ea:
934 4700 1013 4754 his
1045 4700 1325 4756 Ecclesium
1348 4704 1538 4757 Christi
1562 4706 1614 4757 in
1663 4704 1759 4756 hac
1804 4703 2037 4756 mortali-

464 4778 567 4822 tate
597 4769 794 4842 perljci,
830 4781 883 4823 ut
912 4773 974 4842 sit
1004 4774 1207 4825 omnino
1236 4774 1346 4827 sine
1375 4774 1575 4826 macula
1603 4784 1649 4827 et
1691 4790 1853 4842 ruga;
1892 4775 2040 4842 quasi

462 4854 565 4891 non
591 4842 655 4891 sit
682 4837 873 4893 Christi
904 4841 1134 4894 Ecclesia
1162 4859 1274 4906 quia
1304 4844 1356 4895 in
1383 4852 1485 4896 toto
1506 4844 1625 4896 orbe
1654 4837 2038 4896 terrarum'cla-

462 4916 572 4995 sitat
595 4908 859 4995 adulleum
892 4908 1152 4995 :.Dimitte
1175 4914 1316 4995 nobis
1342 4914 1508 4965 debita
1553 4924 1750 4995 nostra.
1790 4913 2037 4995 Denique

461 4979 516 5051 in
537 4979 765 5051 concilio
796 4980 1026 5047 quodam
1060 4982 1345 5035 l’alrestino
1360 4983 1765 5050 compulsnsest
1790 4979 2037 5051 Pelagius

461 5048 720 5121 damnare
751 5049 891 5104 hunc
920 5053 1205 5105 articulum
1233 5070 1245 5104 ε
1280 5053 1445 5105 Filios
1488 5048 1589 5105 Dei
1614 5070 1713 5105 non
1743 5069 1889 5121 posse
1924 5048 2033 5105 vvo-

463 5118 713 5190 cari,_n_isi
734 5121 871 5190 omni
904 5126 1053 5173 modo
1079 5121 1269 5189 absque
1293 5123 1431 5175 omni
1462 5132 1666 5187 peccato
1696 5118 1884 5190 fuerint
1914 5121 2036 5188 elfeo

467 5188 534 5262 gi
578 5186 739 5255 (Vide
768 5189 984 5262 _Baran.
1032 5186 1225 5262 tam._'V
1273 5210 1398 5247 ann.
1427 5186 1583 5262 “5).
1613 5186 1824 5246 Tertius
1856 5186 2033 5257 error,

468 5255 735 5311 Christum
768 5258 1050 5313 Dominum
1074 5262 1124 5312 in
1148 5260 1292 5315 hunc
1315 5255 1570 5314 mundum
1595 5263 1804 5315 venisse
1829 5278 1934 5314 non
1967 5255 2033 5317 ad

467 5325 835 5399 redimendum
864 5344 1033 5397 genus
1064 5329 1378 5393 humanum,
1433 5331 1525 5386 sed
1564 5331 1631 5384 ad
1687 5333 2031 5399 prinhendnm

464 5394 739 5468 dumtaitat
774 5394 987 5453 virtutis
1006 5402 1331 5467 exemplum,
1363 5416 1553 5468 nempe
1577 5410 1633 5454 ut
1665 5394 1906 5454 homines
1929 5403 2030 5454 do-

465 5477 611 5519 ceret
631 5467 1011 5540 humilitatem,
1045 5471 1383 5533 charttatem,
1411 5467 1516 5525 etc.
1544 5470 1738 5525 Contra
1764 5487 1919 5540 quem
1950 5488 2031 5526 er-

468 5550 639 5608 rorem
695 5548 914 5593 sanctus
959 5539 1069 5595 Leo
1123 5542 1211 5608 pie
1259 5550 1312 5594 et
1357 5543 1646 5607 prudenter
1670 5539 1949 5595 admonuit
1978 5542 2031 5597 in

466 5605 660 5659 Christi
690 5617 865 5662 marte
885 5609 995 5681 duo
1021 5605 1140 5664 esse
1172 5605 1578 5681 ronsideranda,
1628 5616 1933 5681 exemplum
1979 5622 2031 5667 et

469 5688 858 5752 sacramentum
893 5696 906 5732 :
939 5680 1200 5745 Salvator,
1231 5680 1401 5747 inquit
1425 5680 1621 5752 (Serm.
1649 5679 1712 5733 Μ
1756 5679 1803 5752 et
1850 5688 1913 5737 16
1968 5683 2032 5737 de

474 5741 616 5800 I'ast.
646 5745 779 5803 Dom
812 5748 849 5813 ),
882 5760 1049 5806 noster
1094 5741 1339 5806 unit'ersis
1366 5741 1495 5807 iu‘se
1525 5751 1843 5807 credentibus
1873 5762 1917 5808 et
1949 5770 2033 5808 sa-

2140 4561 2307 4613 venit.
2326 4559 2471 4626 Quos
2487 4572 2899 4614 omneserrores
2931 4559 3175 4627 (excepto
3192 4557 3428 4627 (fortasse
3454 4559 3717 4627 secundo)

2140 4640 2382 4683 secutum
2422 4642 2545 4683 esse
2569 4627 2876 4683 Nestorium
2931 4628 3132 4682 indicat
3174 4626 3393 4690 Auctor,
3427 4636 3483 4681 ut
3516 4626 3714 4693 Pelagii

2141 4714 2248 4753 non
2272 4700 2446 4752 solum
2477 4699 2705 4767 collega,
2734 4698 2837 4752 sed
2854 4698 3150 4766 discipulus
3177 4697 3280 4751 dici
3302 4696 3717 4767 meritoqdehue-

2141 4770 2229 4823 rit.
2256 4767 2353 4824 Ubi
2383 4765 2916 4823 animadvertendum
2940 4765 3022 4823 est
3044 4766 3348 4822 Nestorium
3377 4769 3455 4819 sic
3484 4765 3618 4819 duas
3658 4768 3709 4819 in

2139 4836 2355 4892 Christo
2384 4840 2626 4903 posuisse
2657 4852 2938 4906 personas,
2969 4848 3025 4893 ut
3064 4836 3223 4891 etiam
3274 4850 3517 4905 tempore
3572 4835 3718 4901 prius

2141 4907 2416 4963 hominem
2448 4923 2569 4962 esse
2589 4908 2816 4970 diceret,
2836 4923 2994 4977 quam
3042 4922 3073 4961 a
3120 4907 3298 4961 Verbo
3330 4915 3714 4977 assumeretur,

2146 4979 2413 5047 siquidem
2442 4977 2619 5031 studio
2646 4986 2702 5032 et
2723 4975 3001 5033 voluntate
3042 4977 3415 5047 virtutumque
3432 4975 3641 5047 meritis
3664 4977 3716 5028 ῘιΙ

2145 5045 2359 5102 tandem
2389 5047 2611 5101 honoris
2635 5059 2986 5102 consecutum
3025 5062 3166 5111 esse,
3209 5055 3267 5099 ut
3316 5045 3455 5099 Filio
3486 5045 3575 5098 Dei
3608 5046 3719 5098 sin-

2142 5117 2319 5183 gulari
2369 5116 2603 5171 amicitia
2628 5118 2992 5187 jungeretur,
3046 5117 3209 5170 immo
3252 5114 3526 5187 etuFilins
3548 5115 3639 5187 Dei
3664 5126 3718 5169 et

2144 5187 2291 5242 Deus
2308 5187 2598 5241 diceretur.
2627 5184 2783 5243 Unde
2809 5188 2899 5241 illa
2929 5196 3258 5239 memoratur
3303 5184 3531 5238 Nestorii
3572 5184 3712 5239 blas-

2144 5258 2339 5326 phema
2362 5256 2617 5324 iactantia
2665 5274 2679 5311 :
2732 5256 2855 5311 Non
2901 5256 3100 5310 invideo
3128 5254 3331 5326 Christo
3359 5256 3496 5325 facta
3527 5255 3719 5326 honuni

2146 5324 2263 5396 Dei,
2287 5328 2428 5397 quia,
2457 5328 2499 5380 si
2520 5327 2654 5391 vola,
2686 5327 2757 5396 ﬁo
2783 5337 2831 5380 et
2856 5342 2967 5396 ego.
2989 5326 3219 5397 Ideoque
3246 5324 3498 5395 Prosper,
3526 5325 3576 5379 in
3607 5328 3717 5391 epi-

2140 5396 2324 5464 tapliio
2355 5396 2685 5450 Nestorianze
2715 5407 2769 5450 et
2823 5396 3121 5464 Pelagiana:
3172 5396 3475 5460 hmreseon,
3508 5397 3583 5451 sic
3621 5412 3713 5450 eas

2138 5463 2418 5537 loquentes
2444 5465 2737 5521 introducit
2769 5464 2900 5538 (Lib.
2938 5465 3002 5519 de
3028 5463 3281 5535 Ingratis)
3309 5484 3321 5519 :

2201 5582 2416 5647 Quo_nos
2440 5581 2716 5647 praecipites
2739 5581 2905 5647 insana
2926 5580 3156 5647 superbia
3184 5584 3379 5647 inarsit,

2296 5642 2476 5692 Exutas
2496 5644 2652 5701 donis,
2679 5650 2731 5690 et
2756 5642 2963 5691 tumidas
2983 5643 3207 5694 meritis?

2201 5702 2317 5751 Nam
2339 5704 2578 5754 Christum
2604 5704 2784 5763 pietate
2809 5714 3010 5763 operum
3037 5711 3087 5753 et
3120 5706 3347 5755 mercmle
3374 5707 3597 5755 volentes

2290 5764 2411 5816 Esse
2432 5765 2606 5825 Deum,
2635 5767 2683 5814 in
2705 5765 2877 5825 capitis
2904 5764 3089 5816 laedere
3115 5780 3206 5816 non
3228 5769 3472 5820 stetimus.
