4040 6182
269 332 347 392 ’,Β
1332 326 1419 380 DE
1459 323 1969 380 lNCARNATlONE
2007 322 2277 379 CHBlSTl
2315 324 2442 380 LIB.
2488 326 2529 381 1.
3135 371 3145 378 .
3487 327 3561 384 16

278 450 554 513 cerdotes,
600 458 859 501 accusem
890 442 1099 507 nescio,
1132 450 1187 496 et
1232 440 1357 509 quid
1406 441 1459 495 in
1510 456 1597 495 me
1643 439 1875 509 primum
1906 444 1956 502 Α
1984 439 2101 505 Dei,
2135 439 2227 504 qui
2253 440 2353 495 sibi
2387 448 2509 493 ante
2550 438 2751 493 szecula
2797 447 2953 497 natus
2990 456 3054 497 es
3088 441 3247 498 Patre
3273 450 3377 506 est.
3408 444 3563 499 nobis

282 554 536 599 excusem
573 553 684 591 non
732 536 971 589 invenio.
998 534 1089 590 Sic
1119 533 1383 601 imperitia
1413 541 1468 588 et
1495 532 1771 602 superbia,
1802 532 1881 587 sic

283 634 444 689 stulta
472 628 796 696 simplicitas
823 639 947 679 cum
981 622 1333 694 persuasione
1378 624 1563 685 noxia,
1593 622 1674 677 sic
1702 622 1883 678 fervor

278 739 404 779 cum
452 718 897 788 intemperantia,
929 718 1029 781 sic,
1074 725 1132 770 ut
1175 714 1357 769 verius
1396 716 1751 781 dicam,lcum
1797 717 1881 771 sui

277 813 640 870 diminutione
666 809 866 863 debilis
896 808 1053 872 ﬁdes,
1076 806 1235 860 simul
1265 807 1317 859 itt
1349 820 1435 860 me
1457 807 1633 859 omnia
1665 819 1881 875 recepta

280 908 597 975 viguerunt,
630 912 689 955 ιιι
718 912 797 955 tot
829 910 884 954 et
910 900 1073 952 tantis
1102 900 1259 951 simul
1291 900 1362 952 sit
1387 906 1443 950 et
1468 897 1718 952 obedisse
1744 912 1878 950 con-

282 996 447 1059 fusio,
476 1005 530 1049 et
560 996 675 1047 haec
718 992 909 1045 eadem
936 991 1005 1044 ab
1031 990 1214 1044 animo
1245 989 1481 1059 potuisse
1506 990 1718 1052 cedere,
1749 985 1878 1042 mihi

284 1086 547 1157 stupenda
589 1084 907 1153 gratulatio.
963 1082 1029 1135 Et
1077 1091 1198 1150 post
1247 1095 1415 1149 pauca
1466 1081 1745 1149 subiungit
1774 1098 1785 1133 :
1819 1080 1877 1136 Si

284 1193 418 1244 ergo
444 1176 663 1229 minime
689 1172 1052 1241 percipientes
1082 1170 1223 1225 hanc
1256 1172 1546 1240 potentiam
1576 1172 1687 1236 Dei,
1714 1186 1876 1225 sen~u

284 1280 471 1321 nostro
514 1278 570 1321 et
608 1265 827 1335 propria
883 1265 1092 1317 ratione
1139 1264 1431 1329 sapientes,
1464 1264 1615 1330 quasi
1648 1262 1699 1315 in
1742 1263 1877 1315 infe-

282 1359 426 1414 riora
462 1358 629 1431 [Lips.
664 1358 716 1409 in
744 1373 907 1424 marg.
940 1356 1092 1423 quasi
1123 1351 1396 1423 inferiora]
1432 1367 1490 1407 se
1531 1353 1674 1405 Deus
1714 1367 1874 1417 agere

280 1449 554 1515 videatur,
580 1449 653 1501 ita
683 1446 956 1499 hominem
976 1460 1098 1497 cum
1126 1444 1234 1497 Deo
1258 1458 1438 1496 natum
1461 1458 1582 1497 esse
1606 1443 1867 1506 dicamus,

279 1548 339 1592 ut
368 1553 615 1593 seorsum
640 1552 759 1606 quxc
781 1537 872 1590 Dei
899 1546 1026 1589 sunt
1050 1535 1152 1589 soli
1177 1534 1288 1587 Deo
1308 1535 1517 1596 demus.
1545 1543 1599 1587 et
1626 1548 1867 1587 seorsum

278 1647 402 1698 qua:
433 1638 560 1683 sunt
587 1629 820 1683 hominis
849 1626 953 1682 soli
981 1626 1184 1681 homini
1212 1636 1546 1693 reputemus,
1574 1633 1597 1661 ⁸
1622 1635 1867 1694 quartam

280 1720 729 1775 tuattifestiSsime
761 1718 1151 1771 introducimus
1179 1717 1232 1769 in
1262 1715 1524 1769 Trinitate
1556 1730 1862 1785 personam,

1982 547 2011 585 ιι
2054 538 2295 599 tempore
2337 530 2404 585 de
2434 530 2633 598 Spiritu
2664 538 2874 597 sancto,
2903 542 2960 586 et
2989 533 3154 587 Maria
3194 548 3411 602 semper
3451 536 3562 590 vir-

1981 624 2106 694 gine
2137 624 2331 679 factum
2365 623 2659 689 hominem,
2692 624 2858 678 Deum
2896 635 3101 680 natum.
3143 626 3208 681 Et
3242 627 3564 683 conﬁtentes

1982 724 2269 784 utramque
2293 714 2650 769 substantiam
2679 716 2857 768 carnis
2887 731 2951 769 ac
2987 716 3168 783 Verbi,
3203 733 3367 771 unum
3412 734 3562 774 eum-

1980 810 2212 879 demque
2246 809 2412 861 Deum
2458 820 2622 877 atque
2652 809 2922 862 hominem
2975 809 3387 876 inseparabilem
3419 825 3565 864 sem-

1982 917 2077 970 per
2122 901 2203 969 pia
2234 901 2357 954 ﬁdei
2390 901 2707 955 credulitate
2752 900 3109 969 suscipimus;
3140 910 3196 953 et
3220 917 3283 955 ex
3318 913 3560 969 tempore

1979 1002 2246 1061 susceptae
2273 994 2474 1058 carnis,
2504 994 2585 1046 sic
2610 991 2635 1030 δ
2661 994 2839 1045 omnia
2872 992 3099 1046 dicimus
3127 1007 3247 1061 qua:
3283 1004 3435 1047 erant
3467 995 3560 1053 Dei

1981 1087 2241 1139 transisse
2280 1086 2330 1137 in
2374 1085 2668 1148 hominem,
2701 1096 2758 1137 ut
2790 1086 2966 1137 omnia
2997 1099 3116 1149 qua:
3144 1094 3299 1138 erant
3329 1085 3560 1141 hominis

1978 1177 2031 1231 in
2083 1178 2248 1231 Deum
2301 1178 2569 1229 venirent.
2622 1175 2686 1228 Et
2719 1186 2739 1214 ε
2770 1174 2868 1228 hac
2920 1175 3271 1243 intelligentia
3328 1175 3559 1230 Verbum

1976 1269 2174 1322 factum
2206 1269 2275 1320 sit
2305 1282 2453 1329 caro,
2480 1283 2587 1320 non
2620 1279 2674 1319 ut
2705 1267 3064 1321 conversione
3089 1278 3178 1317 aut
3207 1266 3560 1321 mutabilitate

1973 1362 2151 1429 aliqua
2182 1360 2404 1427 cmperit
2431 1374 2551 1411 esse
2578 1358 2719 1425 qttod
2765 1372 2871 1411 non
2913 1368 3049 1419 erat,
3079 1357 3174 1410 sed
3222 1364 3279 1409 ut
3322 1359 3558 1425 potentia

1974 1452 2170 1505 divina:
2214 1450 2633 1519 dispensationis
2682 1448 2915 1503 Verbum
2969 1450 3140 1501 Patris
3186 1464 3472 1513 numquam
3527 1464 3558 1502 a

1974 1542 2132 1595 Patre
2175 1540 2482 1604 discedens,
2518 1540 2679 1593 homo
2727 1540 2941 1608 proprie
2974 1538 3087 1593 ﬁeri
3118 1519 3447 1607 dignaretur,
3479 1539 3558 1592 in-

1974 1638 2333 1693 carnatusque
2360 1629 2429 1682 sit
2459 1630 2770 1691 unigenitus
2798 1641 3013 1683 secreto
3042 1631 3135 1683 illo
3164 1631 3421 1698 mysterio
3449 1644 3558 1698 quo

1974 1720 2081 1793 [AL
2113 1719 2279 1791 quod]
2310 1721 2425 1788 ipse
2455 1719 2637 1785 novit;
2663 1729 2906 1775 nostrum
2939 1736 3170 1791 namque
3201 1731 3285 1775 est
3309 1723 3555 1786 credere,

273 1821 335 1865 et
362 1812 432 1864 de
458 1826 563 1866 uno
596 1810 728 1864 Filio
758 1810 868 1864 Deo
898 1824 1003 1865 non
1031 1824 1219 1873 unum,
1246 1808 1340 1862 sed
1374 1807 1549 1862 facere
1581 1810 1867 1876 incipimus
1898 1816 1945 1877 Β
1975 1814 2121 1867 illius
2155 1828 2335 1866 nosse.
2364 1812 2443 1867 Ac
2466 1810 2548 1867 sic
2577 1815 2690 1881 ipse
2720 1814 2860 1867 Deus
2903 1814 3158 1877 Verbum,
3190 1824 3357 1868 totum
3387 1815 3557 1867 susci-

271 1902 426 1955 duos
454 1900 719 1968 Christus,
748 1900 887 1970 quod
938 1915 968 1953 a
1017 1900 1171 1955 nobis
1208 1899 1321 1969 jam
1366 1901 1479 1968 ipse
1522 1900 1781 1954 Dominus
1809 1912 1863 1957 et

276 1994 425 2047 Deus
470 1992 719 2046 Christus
746 1991 985 2046 avertat!
1037 1991 1175 2059 Ergo
1211 1992 1532 2045 conﬁtemur
1576 1991 1860 2047 Dominum

274 2100 337 2139 ac
371 2086 541 2139 Deum
574 2093 813 2140 nostrum
846 2084 1029 2138 Jesum
1081 2083 1353 2137 Christum
1400 2085 1616 2138 unicum
1667 2083 1860 2137 Filium

1970 1906 2123 1973 piens
2167 1904 2311 1973 qttod
2357 1912 2440 1958 est
2488 1904 2741 1969 hominis,
2774 1904 2937 1959 homo
2968 1906 3067 1969 sit;
3112 1914 3165 1959 et
3194 1903 3218 1943 ἀ
3253 1915 3557 1973 assumptus

1971 1995 2132 2049 homo
2180 2006 2347 2049 letum
2387 1996 2700 2064 accipiendo
2730 1996 2871 2062 quod
2918 1997 3009 2050 Dei
3055 2008 3158 2057 est,
3199 1997 3345 2050 aliud
3394 2011 3555 2065 quam

1969 2085 2112 2140 Deus
2139 2101 2259 2151 esse
2292 2102 2395 2138 non
2430 2086 2624 2153 pOSsit.
2656 2084 2773 2139 Non
2822 2097 2996 2140 tamen
3044 2088 3164 2154 quia
3194 2096 3216 2124 ε
3246 2090 3554 2143 incarnatus

1366 2181 1625 2236 ALARDI
1665 2180 1897 2236 ΟΑΖΕΙ
1934 2182 2495 2238 COMMENTARHJS.

346 2282 374 2309 ⁸
415 2271 503 2324 Sic.
534 2271 864 2340 Augustinus
903 2282 1135 2327 tractatu
1165 2274 1233 2327 78
1275 2274 1327 2326 in
1356 2274 1615 2327 Joannem
1645 2291 1657 2325 :
1690 2275 1863 2344 Agno-

276 2359 501 2403 scamus,
532 2344 723 2411 inquit,
760 2345 1018 2413 geminant
1052 2345 1415 2405 substantiam,
1455 2344 1677 2395 divinant
1718 2345 1861 2395 scili-

276 2422 372 2475 cet,
406 2429 507 2481 qua
534 2414 747 2481 mqualis
766 2412 851 2465 Vest
881 2412 1061 2477 Patri;
1085 2425 1129 2465 et
1158 2415 1454 2476 humanam,
1482 2432 1579 2478 qua
1606 2415 1769 2465 minor
1790 2422 1864 2464 cst

277 2483 479 2535 Patre:
510 2494 785 2549 utrumque
813 2493 980 2534 autem
1012 2486 1163 2537 simul
1201 2502 1301 2535 non
1338 2486 1459 2542 duo,
1500 2484 1588 2536 sed
1623 2500 1752 2534 unus
1790 2491 1865 2535 est

276 2552 535 2613 Christus,
564 2571 624 2606 ne
653 2555 717 2604 sit
756 2556 1096 2619 quaternitas,
1139 2572 1240 2605 non
1282 2554 1506 2605 Trinitas
1545 2555 1699 2605 Deus.
1738 2553 1864 2605 \‘iu-

278 2625 488 2676 centius
529 2624 652 2676 item
695 2624 991 2676 Lirinensis
1030 2624 1363 2695 (Commonit.
1400 2639 1412 2675 I
1443 2640 1556 2695 cap.
1596 2625 1656 2677 18
1687 2637 1731 2675 et
1768 2622 1837 2673 9.2

282 2697 424 2746 inter
453 2696 589 2745 alios
621 2696 927 2758 tucreticos,
976 2694 1247 2747 anathema
1294 2694 1418 2745 dicit
1466 2694 1721 2752 Ncstorin.
1774 2710 1860 2744 ne-

279 2765 423 2833 ganti
454 2780 519 2817 ex
560 2764 768 2831 Virgine
798 2761 964 2815 Deum
996 2775 1197 2824 natum,
1241 2775 1305 2823 et,
1348 2765 1557 2831 explosa
1601 2764 1863 2817 Trinitatis

280 2836 403 2903 ﬁde,
432 2837 826 2900 quarrrnitotent
850 2834 992 2885 nobis
1020 2835 1383 2886 introdurenti.

350 2904 378 2942 δ
420 2904 525 2957 Per
555 2906 700 2956 illam
740 2905 1279 2959 cotmnunicatiom-m
1313 2905 1621 2955 idiomatum
1649 2919 1712 2956 cx
1745 2903 1864 2956 nni-

278 2983 389 3028 tate
415 2990 663 3038 personas
688 2974 738 3026 in
771 2975 988 3027 Christo
1016 2979 1390 3034 resultanti-tn,
1413 2974 1477 3025 de
1508 2991 1609 3041 qtta
1639 2975 1860 3027 inferius

276 3045 574 3112 agendum,
609 3059 708 3111 qna
740 3045 797 3095 iit
847 3058 899 3094 ttt
950 3050 1305 3112 proprietates
1355 3045 1585 3096 hominis
1633 3044 1761 3105 Deo,
1811 3052 1865 3097 et

278 3119 647 3183 proprietates
678 3114 773 3167 Dei
823 3114 1046 3176 homini,
1078 3130 1201 3166 vcre
1244 3114 1547 3166 trihtt:mlur
1589 3114 1859 3183 (Eat/igni.

275 3187 327 3237 in
374 3202 422 3238 ι.
466 3200 519 3237 tv
560 3182 765 3248 Joan.),
796 3194 849 3235 et
887 3188 951 3235 de
990 3200 1091 3236 una
1127 3184 1325 3237 Christi
1361 3182 1607 3250 persona
1631 3182 1863 3238 \icissim

275 3258 656 3311 (minuentur.
694 3270 815 3305 Cttttt
846 3256 917 3305 sit
951 3254 1089 3306 idem
1145 3269 1369 3305 tttttttero
1421 3255 1559 3305 Deus
1589 3264 1640 3306 et
1680 3256 1862 3318 Ιιοιιιιι,

275 3338 329 3398 et
364 3334 423 3378 ut
448 3323 879 3398 Grmcifeliriter
902 3324 1206 3398 loquuntur,
1238 3325 1557 3398 θεὰνθρωπος
1583 3339 1596 3375 :
1633 3324 1868 3398 Qni_licet

275 3396 421 3447 Deus
455 3396 522 3447 sit
552 3406 597 3446 et
629 3393 812 3458 hamo,
847 3410 945 3445 non
976 3394 1079 3446 duo
1111 3406 1277 3447 tamen
1297 3436 1310 3455 ,
1342 3392 1429 3446 sed
1460 3410 1592 3446 unus
1622 3406 1694 3446 est
1717 3392 1867 3447 Citri-

275 3477 411 3525 stus,
443 3467 519 3516 ait
545 3465 605 3516 Β.
638 3465 964 3516 Athanasius
996 3467 1047 3516 in
1078 3466 1346 3534 symbolo.

352 3548 374 3573 ε
420 3535 622 3588 Tribus
654 3536 829 3585 modis
859 3549 964 3586 una
999 3532 1295 3586 substantia
1328 3533 1525 3587 dicitur
1566 3532 1682 3587 ﬁeri
1718 3533 1820 3586 alia
1850 3551 1862 3585 :

277 3604 561 3675 (Euthym.
607 3606 656 3655 in
689 3620 806 3670 cap.
841 3618 857 3656 ι
888 3602 1071 3673 Joan.)
1100 3623 1111 3655 :
1146 3606 1325 3657 l’rimo
1374 3605 1532 3656 modo
1572 3618 1666 3671 per
1696 3617 1867 3656 muta-

278 3678 511 3736 tionem,
552 3678 961 3727 conversionem
1003 3690 1096 3727 sett
1148 3675 1517 3726 transitionem
1570 3675 1728 3727 unius
1776 3688 1869 3725 na-

280 3756 416 3799 tura:
451 3749 505 3798 in
540 3747 791 3802 alterum.
819 3746 897 3795 sic
929 3754 985 3795 ut
1022 3744 1191 3797 altera
1236 3745 1532 3796 sobstantia
1562 3744 1614 3795 in
1647 3744 1868 3795 alterius

277 3824 445 3869 natur
466 3824 935 3876 .mcommutetur,
954 3825 1005 3865 ut
1029 3830 1146 3866 cum
1166 3829 1298 3880 aqua
1326 3816 1379 3867 tit
1406 3816 1611 3872 vinum.
1635 3813 1790 3866 Joan.
1808 3828 1863 3876 tt;

278 3900 431 3952 Virga
466 3898 715 3950 serpens,
751 3884 919 3939 Exod.
954 3899 1023 3935 γι.
1047 3884 1297 3938 Secundo
1324 3899 1417 3952 per
1443 3882 1864 3942 sttcces>i0nem,

278 3963 344 4007 ιιι
371 3974 496 4010 cum
529 3971 591 4008 ex
623 3969 780 4007 noete
813 3956 868 4005 ﬁt
892 3953 1027 4016 dies,
1057 3970 1122 4006 ex
1156 3954 1319 4006 nihilo
1347 3969 1469 4007 crea
1498 3968 1614 4011 uia,
1642 3968 1704 4005 ex
1734 3968 1875 4018 pane

278 4040 487 4093 corpus
516 4024 715 4077 Chri~ti
744 4026 796 4075 in
824 4025 1169 4082 eucharistia.
1200 4034 1251 4077 et
1279 4029 1328 4077 in
1351 4023 1563 4077 (ueteris
1592 4023 1642 4076 in
1672 4023 1868 4089 quibus

279 4096 458 4149 altera
488 4094 789 4147 substantia
820 4096 872 4145 in
900 4094 1120 4147 alterius
1146 4097 1303 4159 plane
1330 4093 1654 4147 intereuntis
1690 4097 1865 4145 locum

277 4166 543 4218 SIlCt'eli‘l.
580 4167 761 4217 Tertio
793 4180 887 4231 per
908 4165 1329 4231 assumptionem
1356 4165 1468 4217 sive
1498 4164 1865 4215 accessionem

278 4238 511 4287 alterius
540 4236 855 4287 substantia:
878 4249 971 4287 seu
1003 4247 1227 4293 natura}.
1260 4235 1333 4286 ita
1363 4247 1415 4285 nt
1441 4249 1501 4287 ex
1534 4244 1757 4300 utraque
1790 4235 1869 4286 in-

280 4306 508 4369 columi,
554 4305 701 4357 salva
732 4312 788 4357 et
818 4305 1043 4371 integra.
1096 4320 1262 4357 unum
1309 4304 1606 4368 subjectum
1647 4311 1863 4366 existat,

280 4391 407 4443 quat
441 4376 747 4443 hyposmsis
783 4374 995 4427 dicitur.
1027 4372 1114 4427 Sic
1146 4374 1348 4427 ferrtnn
1382 4376 1436 4426 fit
1469 4372 1624 4441 ignis,
1659 4388 1777 4425 cum
1812 4375 1863 4427 in

1972 2277 2168 2329 minem
2217 2278 2572 2344 intelligentes
2613 2279 2900 2331 humanam
2930 2285 3195 2329 naturam.
3227 2276 3325 2341 Qui
3372 2283 3550 2330 tamen

1970 2347 2140 2398 sicubi
2172 2348 2616 2409 Cil‘f‘lllltsllt‘CIillS
2641 2350 2915 2411 magisque
2950 2347 3161 2411 proin-ie
3193 2346 3337 2410 loqui
3365 2349 3551 2401 volue-

1974 2425 2117 2481 runt,
2150 2431 2253 2468 non
2286 2417 2578 2474 hominem,
2611 2418 2703 2470 sed
2755 2418 3138 2469 humanitatem
3170 2432 3197 2465 ιι
3247 2415 3424 2467 Verbo
3460 2431 3551 2469 as.

1972 2499 2236 2555 Sumptam
2265 2490 2420 2553 eique
2452 2489 2653 2539 unitum
2687 2488 2971 2539 dixerunt:
3006 2487 3272 2552 quomodo
3299 2485 3553 2553 frequen-

1974 2559 2081 2608 tius
2126 2572 2187 2607 ac
2237 2556 2490 2609 libentius
2537 2558 2698 2609 locati
2748 2569 2871 2609 sunt
2919 2557 3252 2623 posteriores
3294 2555 3550 2623 timuit-gi,

1974 2625 2273 2692 praesertim
2301 2627 2602 2679 scholastici
2630 2646 2639 2677 :
2675 2627 2836 2679 Nobis
2862 2630 2999 2679 enim
3022 2628 3070 2676 in
3098 2627 3177 2677 Itis
3207 2642 3321 2687 qui?
3346 2626 3552 2696 religio-

1968 2712 2080 2746 nem
2112 2706 2363 2765 spectant,
2397 2699 2462 2746 ad
2492 2709 2677 2749 certain
2702 2700 2931 2765 regulam
2956 2696 3091 2763 loqui
3117 2696 3194 2761 fas
3220 2704 3325 2759 est;
3353 2712 3415 2745 ne
3444 2713 3552 2748 rer-

1967 2765 2145 2817 boruni
2188 2768 2393 2818 licentia
2433 2768 2583 2819 etiam
2627 2768 2691 2819 de
2736 2768 2883 2819 rebus
2926 2782 3038 2834 quae
3072 2766 3148 2817 his
3194 2766 3552 2835 significantur

1967 2836 2177 2902 impiam
2217 2838 2392 2904 gignat
2424 2839 2729 2905 opinionem,
2773 2837 2847 2889 ait
2879 2837 2935 2890 S.
2977 2833 3303 2903 Augustinus
3341 2833 3478 2903 (Lib.
3517 2851 3549 2889 χ

1966 2906 2031 2957 de
2060 2906 2208 2959 Cit-it.
2231 2905 2350 2967 Dei,
2382 2924 2498 2969 cap.
2530 2906 2641 2973 ’25).

2044 2985 2065 3012 ο
2108 2976 2348 3029 Νοιίιιιιίει
2391 2986 2515 3028 sunt
2545 2978 2748 3042 aliquot
2775 2975 3032 3027 vocabula
3064 2973 3257 3039 quibus
3296 2981 3351 3024 ιιι
3384 2987 3549 3043 syno-

1970 3045 2149 3114 nymis
2194 3056 2417 3097 utuntur
2451 3046 2636 3098 Patres
2668 3046 2731 3098 ad
2765 3044 3173 3114 signiﬁcandum
3220 3044 3549 3096 lncarnatio-

1972 3118 2055 3169 nis
2089 3119 2424 3185 myswrinm.
2460 3115 2695 3167 Primum
2727 3127 2803 3169 est
2840 3120 3008 3183 ipsum
3042 3116 3425 3166 Ittcarntttimtts
3456 3129 3548 3167 vo-

1970 3187 2239 3249 (‘ahulnm,
2287 3186 2427 3254 quod
2478 3187 2599 3237 licet
2633 3188 2681 3237 itt
2729 3186 3019 3251 Scrtptttris
3052 3201 3154 3235 non
3188 3188 3543 3249 exprimatur,

1971 3266 2149 3308 tamen
2182 3272 2210 3306 a
2244 3256 2507 3319 Patribus,
2554 3265 2661 3308 tam
2707 3255 2912 3308 Latinis
2954 3270 3110 3321 quam
3151 3254 3377 3311 Graecis.
3426 3264 3549 3319 post

1970 3329 2255 3379 Concilium
2281 3326 2574 3387 Niczenum,
2607 3340 2908 3391 opportune
2939 3326 3211 3377 inventum
3242 3332 3297 3374 et
3324 3339 3548 3388 usurpa-

1970 3404 2081 3448 tum
2109 3405 2210 3459 est,
2244 3404 2523 3460 tttpote'ex
2550 3398 2653 3447 illis
2684 3396 2862 3447 verbis
2888 3397 3144 3447 Joannis:
3178 3393 3399 3445 Verbum
3426 3408 3547 3445 caro

1970 3472 2162 3535 factum
2182 3479 2254 3518 est
2278 3466 2454 3536 (Joan.
2486 3470 2550 3529 t),
2583 3467 2861 3520 man'fcste
2883 3466 3201 3518 derivatum.
3228 3464 3543 3536 Iden-reniti]

1969 3532 2071 3601 est,
2128 3532 2360 3591 Verbum
2409 3551 2624 3589 carnem
2673 3537 2807 3600 fieri,
2854 3548 2907 3588 et
2958 3536 3245 3587 ittc.tt'ttari.
3299 3532 3395 3586 Ubi
3450 3548 3544 3598 per

1970 3610 2347 3674 synecdochen
2397 3620 2527 3659 caro
2581 3621 2675 3671 pro
2727 3607 2941 3658 homine
2990 3605 3223 3671 ponitur,
3275 3616 3399 3670 pars
3449 3616 3546 3669 pro

1970 3684 2114 3740 toto;
2166 3677 2307 3745 quod
2358 3680 2407 3729 in
2457 3675 2752 3743 Scripturis
2796 3676 3284 3743 frequentissimum
3327 3682 3438 3733 est,
3489 3681 3547 3725 ut

1970 3747 2200 3798 Ostendit
2233 3748 2291 3800 Β.
2328 3747 2651 3808 Augustinus
2678 3745 2900 3799 Enchir.
2930 3759 3047 3809 cap.
3075 3746 3164 3800 54.
3193 3756 3243 3796 et
3276 3753 3396 3794 nota
3420 3752 3547 3795 sunt

1970 3818 2212 3881 exempla
2240 3834 2251 3868 :
2295 3816 2496 3867 Videbit
2528 3819 2691 3867 omnis
2721 3831 2839 3866 caro
2881 3813 3109 3866 salutare
3142 3810 3238 3864 Dei
3268 3810 3401 3877 (Isai
3431 3811 3539 3881 xu).

1972 3882 2094 3936 Non
2130 3886 2308 3937 timebo
2341 3887 2465 3953 quid
2503 3886 2656 3952 faciat
2700 3884 2824 3933 milii
2863 3899 2982 3935 caro
3020 3882 3190 3946 (Psal.
3229 3882 3421 3953 cavit).
3467 3880 3548 3932 Es:

1970 3954 2206 4026 operibus
2236 3949 2362 4026 legis
2388 3949 2881 4026 tton'justiﬁcabitur
2906 3952 3079 4026 omnis
3097 3966 3214 4026 caro
3242 3949 3415 4026 (liom_.
3442 3958 3545 4026 tu).

1969 4018 2144 4087 Quare
2172 4018 2305 4076 cuni
2325 4040 2392 4076 ex
2424 4018 2524 4075 illn'
2544 4018 2765 4076 Jonimis
2802 4024 3025 4075 oraculo
3050 4018 3338 4075 deductum
3387 4018 3548 4073 fuerit

1970 4091 2357 4147 Incurttzttionis
2401 4093 2742 4154 vocabithnn,
2787 4095 3065 4157 aptissime
3107 4093 3328 4144 tielltllul
3370 4087 3543 4152 ipsum

1972 4167 2313 4232 mysterium,
2343 4164 2483 4231 quod
2517 4163 2657 4216 Deus
2692 4163 2779 4215 Ι)ρί
2810 4162 2975 4215 Filius
3013 4163 3184 4215 factus
3216 4172 3429 4232 enimn
3460 4173 3549 4212 so-

1970 4229 2078 4285 lum
2111 4250 2260 4300 caro,
2290 4229 2380 4287 sed
2409 4234 2590 4298 homo,
2618 4234 2704 4302 qui
2736 4238 2952 4285 nomine
2978 4234 3154 4284 carnis
3182 4229 3544 4302 signiﬁcatur;

1970 4305 2166 4357 dicitur
2210 4306 2350 4357 enim
2406 4301 2645 4356 Verbum
2684 4304 3038 4363 im-aruatum,
3086 4317 3191 4353 non
3233 4302 3353 4368 quia
3394 4301 3546 4351 carni

1970 4373 2254 4437 inclusum,
2280 4389 2367 4426 aut
2400 4375 2546 4426 carni
2578 4375 2908 4440 copulatum,
2935 4372 3205 4437 quomodo
3253 4368 3391 4436 apud
3439 4374 3549 4440 Au-

281 4438 409 4497 éum
451 4438 527 4496 ita
572 4447 925 4501 convertitur.
969 4455 1041 4496 ut.
1070 4446 1269 4497 ferrum
1302 4444 1439 4509 ignis
1482 4438 1588 4495 non
1632 4443 1863 4505 dicatur,
1898 4449 1943 4506 ι)
1970 4446 2241 4511 gustinnnt
2287 4445 2483 4497 dicitur
2532 4438 2829 4496 incarnatto
2874 4443 3194 4497 animarum,
3243 4443 3406 4500 epist.
3452 4438 3546 4501 28,

281 4518 377 4567 sed
413 4518 613 4566 terrnm
648 4516 889 4583 ignitum,
923 4512 1044 4582 quia
1092 4523 1335 4566 naturam
1381 4522 1436 4567 et
1482 4512 1864 4582 prOprietatem

280 4590 603 4652 utriusque,
654 4586 779 4636 ferri
824 4585 1077 4636 videlicet
1118 4596 1169 4636 et
1220 4586 1380 4652 ignis,
1426 4591 1729 4652 conservet.
1778 4584 1867 4636 Sic

284 4654 437 4722 (nam
479 4650 579 4705 hac
618 4654 966 4706 similitudine
1001 4650 1357 4707 utuntur—SS.
1395 4653 1600 4719 Patres)
1646 4650 1868 4704 Verbum

281 4740 408 4775 caro
434 4725 625 4788 factum
652 4736 745 4783 est,
769 4726 908 4792 quod
928 4738 1143 4776 carnem
1176 4738 1270 4777 seu
1302 4732 1545 4776 naturam
1581 4723 1865 4775 humanam

283 4796 339 4844 in
372 4808 433 4845 se
461 4795 781 4859 susceperit,
826 4810 931 4845 non
976 4794 1115 4861 quod
1162 4796 1213 4845 in
1257 4810 1372 4847 eam
1415 4807 1735 4845 conversum
1778 4794 1867 4861 sit,

282 4872 381 4915 aut
412 4866 462 4915 in
492 4866 611 4927 ejus
643 4865 911 4925 pereuntis
941 4864 1114 4915 locum
1146 4866 1489 4918 successerit.
1527 4865 1693 4918 Sicuti
1722 4865 1865 4917 enim

283 4940 493 4998 primus
548 4934 708 4984 homo
752 4933 947 4987 dieitur
996 4934 1170 4985 factus
1218 4934 1269 4986 in
1318 4935 1549 4986 animam
1598 4934 1865 4987 viventem

284 5001 443 5069 (Gen.
476 5003 539 5070 ι).
571 5018 662 5054 seu
693 5006 866 5054 anima
902 5004 1111 5061 virens.
1146 5003 1283 5069 quod
1323 5008 1552 5055 animam
1597 5006 1865 5057 viventem

285 5073 389 5142 sibi
416 5072 673 5126 divinitus
699 5072 1007 5137 iusiiiratam
1033 5082 1087 5125 et
1111 5075 1158 5124 in
1186 5090 1341 5125 unam
1376 5074 1707 5142 hypostasim
1739 5090 1867 5127 eon-

284 5140 477 5194 ﬂatam
504 5143 796 5209 acceperit,
818 5146 898 5196 sic
923 5143 1153 5195 Verbmn
1180 5143 1374 5197 factum
1400 5140 1483 5197 est
1509 5158 1655 5207 caro,
1688 5144 1736 5196 id
1762 5156 1865 5206 est,

284 5212 579 5277 assumpsit
605 5227 823 5264 carnem
849 5214 897 5264 in
922 5214 1178 5265 unitatem
1202 5229 1447 5281 personat
1471 5214 1690 5266 lilVin'l‘.
1714 5215 1867 5281 Quod

287 5282 820 5351 duohnsﬁversicults
860 5284 1111 5347 exttosnit
1150 5283 1207 5337 S.
1257 5285 1581 5336 Athana~itts
1626 5287 1675 5336 in
1724 5300 1869 5351 sym-

290 5353 456 5405 bolo:
490 5350 635 5405 Unus
668 5364 836 5404 autem
872 5368 969 5403 non
1001 5355 1326 5405 conversione
1353 5354 1633 5406 divinitatis
1666 5356 1717 5406 in
1748 5350 1867 5406 car-

288 5436 426 5482 Item,
448 5424 540 5473 sed
563 5423 916 5486 assumptione
943 5424 1271 5475 Itumant'ta.'is
1294 5426 1344 5475 in
1377 5423 1558 5486 Deum,
1594 5440 1726 5476 unus
1754 5440 1866 5477 om-

290 5492 418 5544 nino
437 5509 578 5564 primo,
598 5494 920 5564 confusione
933 5493 1251 5564 substantiis,
1278 5493 1369 5546 sed
1397 5495 1588 5564 unitate
1616 5509 1865 5564 personat.

359 5565 387 5597 ⁴
430 5562 519 5617 Sic
548 5562 643 5616 lib.
677 5577 712 5616 ιι
743 5578 863 5629 cap.
892 5563 927 5615 5
954 5579 966 5613 :
1006 5560 1173 5615 Homo
1202 5566 1375 5615 unitas
1404 5563 1531 5615 Deo.
1552 5560 1869 5633 Ctijttsmodi

290 5629 583 5705 locutione,
612 5633 1076 5705 licet‘improprie,
1110 5633 1453 5705 subinderusi
1488 5629 1865 5705 Patresﬂug.

292 5701 382 5755 lib.
409 5704 471 5773 dr
486 5701 879 5773 AgoneChrist.
906 5724 947 5757 ι’.
974 5701 1058 5765 ii,
1087 5715 1133 5754 ct
1161 5721 1312 5759 scrin.
1339 5704 1371 5760 8
1394 5706 1456 5757 de
1486 5703 1633 5757 Verb.
1666 5701 1864 5773 Dona),

293 5772 640 5841 maxime’qtti
669 5772 902 5830 Nestorti
926 5786 1162 5842 tempora
1192 5785 1610 5843 prtccessertmt;
1648 5790 1745 5844 per
1775 5772 1869 5831 ho-

1975 4518 2246 4582 tnnltoqne
2272 4517 2447 4567 minus
2476 4515 2811 4567 incarnatutn
2840 4512 2961 4579 quia
2986 4511 3038 4563 in
3062 4526 3279 4582 carnem
3305 4522 3543 4582 versum,

1970 4584 2061 4653 sed
2088 4577 2211 4653 quia
2256 4583 2468 4636 Verbum
2500 4600 2620 4635 curo
2653 4577 2965 4651 factumve“,
3003 4582 3052 4633 id
3079 4591 3181 4647 eSI,
3210 4579 3351 4633 Dens
3379 4577 3549 4653 factus

1971 4650 2153 4711 homo.
2185 4662 2395 4708 servata
2432 4650 2709 4717 utriusiine
2756 4653 3080 4718 promit-tate
3111 4660 3340 4703 naturae.
3373 4650 3551 4712 Quare

1970 4726 2092 4792 plus
2141 4725 2516 4790 complectitur
2566 4724 2882 4775 vocabulum
2938 4720 3326 4774 lucarnationis
3381 4733 3542 4785 quam

1970 4794 2289 4847 Vocabulum
2342 4793 2554 4847 unionis
2599 4804 2649 4846 et
2691 4792 3113 4853 commixtionis,
3147 4794 3341 4859 quibus
3384 4802 3547 4859 etiam

1972 4866 2192 4917 vocibus
2223 4864 2322 4916 hac
2352 4866 2403 4916 in
2441 4880 2498 4916 re
2526 4872 2738 4916 veteres
2770 4863 2853 4915 nsi
2884 4857 3246 4927 reperiuntur.
3272 4858 3403 4912 Nam
3433 4857 3550 4909 ani-

1971 4949 2110 4986 mam
2145 4935 2347 4986 unitam
2382 4935 2529 4987 carni
2560 4942 2703 4986 recte
2734 4932 3049 4997 dixerimus,
3086 4946 3190 4983 non
3240 4940 3417 4981 autem
3470 4929 3551 4979 in-

1970 5016 2263 5064 Curnatatn,
2311 5004 2411 5056 hoc
2446 5019 2629 5063 sensu,
2679 5003 2726 5054 id
2767 5013 2872 5064 est,
2911 5018 3127 5055 carnem
3182 5001 3406 5061 factam;
3444 5012 3549 5051 non

1970 5074 2110 5126 enim
2141 5074 2316 5125 anima
2360 5087 2485 5126 caro
2516 5083 2604 5125 aut
2638 5073 2800 5125 ltomo
2849 5072 2982 5125 facta
3011 5084 3112 5134 εει,
3148 5071 3238 5122 sed
3272 5084 3337 5119 ex
3367 5067 3548 5121 anima

1970 5150 2025 5195 et
2067 5158 2229 5196 carne
2272 5144 2501 5196 efﬁcitur
2542 5143 2718 5195 homo.
2766 5142 2932 5194 Porro
2974 5142 3287 5193 vocabulum
3336 5139 3551 5190 unionis

1971 5213 2228 5266 Erasmus
2259 5216 2488 5283 quodam
2538 5214 2657 5266 loco
2704 5222 2973 5278 tamquam
3024 5210 3279 5283 novnium
3310 5219 3361 5260 et
3393 5207 3550 5261 scho-

1970 5284 2217 5336 lusticttm
2243 5280 2504 5351 repudiat,
2538 5298 2642 5335 non
2669 5288 2952 5337 attendens
2977 5280 3335 5351 gravissimos
3358 5289 3549 5331 auctu-

1970 5367 2058 5404 res
2075 5354 2173 5407 hoc
2199 5348 2502 5422 frequenter
2517 5368 2821 5418 usurpasse.
2846 5353 2950 5404 Leo
2973 5348 3136 5403 scrin.
3160 5352 3179 5400 t
3199 5350 3273 5422 de
3295 5348 3547 5422 Nativ_it_.:

1972 5422 2199 5485 Natura,
2233 5419 2425 5492 inquit,
2460 5423 2765 5476 inviolabilis
2795 5436 2993 5474 natura:
3022 5428 3093 5472 est
3120 5420 3262 5471 unita
3294 5419 3548 5492 possibili.

1970 5492 2271 5546 Cottcilium
2307 5489 2745 5547 UtnlcedOnense
2785 5496 2909 5544 dicit
2957 5504 3266 5542 naturarum
3298 5489 3547 5542 unionem

1971 5562 2023 5617 in
2048 5562 2264 5617 Christo
2287 5578 2407 5618 che
2429 5565 2646 5617 fictam.
2691 5563 2758 5616 Et
2785 5562 2877 5615 alii
2918 5562 3101 5614 Patres
3146 5560 3342 5628 paSsint
3376 5561 3443 5612 ita
3475 5561 3551 5610 Io-

1971 5645 2227 5700 qttuntnr.
2260 5634 2585 5688 Vocabulum
2616 5636 2739 5686 item
2770 5632 3172 5685 commixtiOnis
3210 5630 3419 5683 tamctsi
3451 5630 3549 5681 du-

1972 5704 2267 5757 riusculum
2298 5704 2460 5757 videri
2495 5714 2689 5769 potest,
2737 5714 2913 5756 tamen
2957 5718 2984 5755 λ
3035 5704 3279 5755 I‘atribus
3323 5701 3549 5754 subinde

1971 5784 2277 5841 usurpatur.
2303 5774 2663 5829 Tertullianus
2685 5774 2737 5827 in
2762 5774 3048 5842 Apologet.
3073 5772 3337 5837 Nascitur,
3362 5773 3549 5836 inquit.

2204 5852 2229 5875 ἱ
