4040 6182
481 325 553 381 27
1807 322 2089 379 ιυΑΝΝιδ
2125 323 2442 381 CASSIANI
3682 339 3751 394 28

486 440 707 508 dicitur,
735 449 791 496 et
818 438 1114 503 immixtus,
1143 435 1425 491 diminutio
1466 434 1580 504 ejus
1626 443 1709 489 est
1756 433 2063 504 accipienda
2093 439 2139 498 Α
2170 436 2312 491 Deus
2338 436 2499 491 homo
2520 438 2681 493 Jesus
2708 437 2959 495 Christus
2984 439 3153 497 Filius
3200 442 3317 501 Dei.
3358 444 3437 501 Ac
3476 446 3553 501 sic
3584 448 3636 502 in
3672 447 3750 504 al-

488 532 843 598 snhstantiae;
874 530 1029 585 novit
1071 528 1213 581 enim
1265 527 1403 581 Deus
1446 526 1565 580 sine
1593 524 1675 579 sui
1722 527 2072 595 corruptione

490 628 735 691 misceri,
767 633 824 681 et
864 635 1039 678 tamen
1071 623 1123 676 in
1157 622 1383 674 veritate
1422 620 1667 683 misceri;
1718 620 1867 673 novit
1909 619 1961 672 in
2012 633 2074 674 se

488 718 560 773 ita
607 717 881 784 suscipere
929 722 987 767 ut
1035 712 1170 767 nihil
1216 713 1266 767 ei
1317 719 1529 766 crescat
1574 694 1888 779 augmenti,
1936 707 2074 763 sicut

484 809 727 876 seipsum
757 814 926 860 totum
970 804 1122 859 novit
1152 803 1455 871 infundere,
1486 812 1546 856 ut
1576 802 1709 856 nihil
1743 801 1950 856 accidat
1979 802 2073 856 de-

489 898 749 953 trimenti.
796 897 914 951 Non
954 912 1084 966 ergo
1125 897 1192 949 ad
1240 896 1651 964 intelligentiam
1687 895 2072 949 imbecillitatis

488 998 688 1044 nostra:
733 990 1026 1044 secundum
1075 991 1566 1056 experimentorum
1621 986 1851 1041 visibilia
1900 987 2070 1041 docu-

487 1090 666 1135 menta
692 1078 950 1134 facientes
970 1079 1333 1149 conjecturam
1356 1079 1423 1133 de
1440 1078 1736 1147 tequalibus
1756 1091 1815 1131 se
1840 1076 2069 1132 invicem

406 1174 427 1184 ’
488 1172 919 1241 ingredientibus
960 1170 1247 1239 creaturis,
1296 1180 1543 1240 putemus
1574 1170 1741 1223 Deum
1772 1169 2073 1224 hominem-

487 1279 594 1334 que
626 1264 1001 1332 commixtum,
1030 1271 1085 1317 et
1128 1262 1220 1316 tali
1262 1261 1581 1316 confusione
1611 1262 1793 1314 carnis
1826 1268 1881 1313 et
1909 1259 2071 1315 Verbi

488 1357 638 1426 quasi
668 1355 885 1424 aliquod
915 1369 1110 1423 corpus
1137 1354 1409 1408 effectum.
1445 1362 1471 1389 ι
1498 1353 1653 1407 Absit
1698 1351 1772 1406 ita
1824 1351 2069 1418 credere,

488 1456 546 1501 nt
590 1447 846 1502 conﬂatili
897 1445 1298 1517 quodammodo
1327 1460 1525 1515 genere
1573 1446 1706 1498 duas
1751 1454 1968 1497 naturas
2015 1444 2068 1498 in

490 1554 650 1591 unam
701 1539 946 1592 redactas
994 1539 1320 1592 arbitremur
1360 1551 1481 1591 esse
1526 1536 1915 1600 substantiam;
1963 1534 2067 1589 bu-

483 1628 723 1697 jusmodi
751 1630 893 1684 enim
924 1630 1236 1683 commixtio
1266 1628 1435 1697 partis
1475 1628 1751 1696 utriusque
1791 1627 2067 1694 corruptio

490 1728 594 1772 est.
629 1720 766 1773 Deus
794 1720 960 1784 enim,
991 1721 1082 1789 qui
1120 1735 1287 1789 capas
1332 1734 1435 1773 non
1468 1718 1725 1788 capabilis
1768 1727 1872 1783 est,
1902 1732 2068 1786 pene-

2174 535 2441 582 terutrum
2474 543 2637 583 unum
2671 528 2729 583 lit
2761 529 2990 584 Verbum
3029 539 3086 586 et
3118 546 3283 588 caro:
3318 545 3374 590 ut
3418 547 3671 592 manente
3702 542 3753 592 in

2173 632 2268 673 sua
2301 618 2632 688 perfectione
2672 622 2989 676 naturaliter
3014 636 3242 693 utraque
3285 627 3604 697 substantia,
3635 633 3753 684 sine

2173 712 2257 767 sui
2287 712 2622 781 prarjudicio,
2665 724 2720 768 et
2760 714 3078 770 humanitati
3124 716 3301 771 divina
3332 723 3749 789 communicent,

2172 812 2229 857 et
2275 803 2543 858 divinitati
2590 804 2822 858 humana
2868 805 3210 875 participem.
3258 808 3367 863 Nec
3401 812 3537 865 alter
3586 811 3752 877 Deus,

2173 895 2310 950 alter
2348 894 2533 961 homo,
2563 897 2658 951 sed
2706 897 2847 950 idem
2896 899 3012 966 ipse
3060 897 3203 952 Deus
3244 898 3337 968 qui
3382 909 3435 955 et
3479 899 3669 965 homo;
3702 911 3756 954 et

2174 990 2409 1043 vicissim
2438 990 2619 1055 homo,
2651 991 2741 1059 qui
2770 999 2827 1045 et
2857 990 3005 1045 Deus
3029 990 3183 1045 lesus
3211 991 3461 1047 Christus
3492 1008 3628 1047 unus
3656 991 3753 1048 Dei

2173 1080 2345 1136 Filius
2373 1090 2711 1151 nuncupetur
2747 1092 2803 1137 et
2847 1098 2979 1137 vere
3019 1083 3128 1137 sit:
3160 1094 3212 1138 et
3238 1082 3364 1139 ideo
3406 1084 3458 1139 id
3487 1085 3749 1155 agendum

2173 1172 2328 1225 nobis
2366 1187 2586 1242 semper
2627 1184 2708 1227 est
2753 1184 2811 1228 et
2857 1174 3211 1241 credendum,
3242 1184 3302 1229 ut
3331 1176 3615 1230 Dominum
3658 1192 3757 1230 nu-

2172 1272 2343 1316 strum
2374 1262 2556 1317 Jesum
2593 1263 2870 1318 Christum
2918 1263 3113 1318 Filium
3162 1264 3277 1331 Dei,
3325 1265 3497 1325 Deum
3539 1282 3749 1331 verum,

2170 1369 2330 1422 quem
2362 1369 2484 1407 cum
2517 1354 2673 1410 Patre
2700 1369 2916 1423 semper
2938 1363 2994 1410 et
3034 1357 3295 1425 aequalem
3327 1357 3472 1412 Patri
3502 1368 3627 1412 ante
3652 1374 3753 1413 sac-

2171 1446 2289 1499 cula
2320 1447 2661 1511 contitemur,
2685 1447 2934 1501 eumdem
2956 1462 2984 1501 a
3015 1458 3255 1518 tempore
3284 1459 3548 1519 suscepta:
3574 1452 3757 1505 carnis

2171 1535 2368 1591 factum
2423 1536 2591 1592 Deum
2642 1538 2915 1593 hominem
2962 1555 3067 1593 non
3114 1556 3401 1610 negemus;
3434 1558 3557 1607 nec,
3601 1545 3753 1612 quasi

2174 1644 2269 1697 per
2303 1629 2500 1698 gradus
2526 1640 2579 1684 et
2612 1640 2855 1700 tempora
2888 1633 3256 1701 proficientem
3305 1634 3357 1687 in
3390 1634 3579 1703 Deum,
3611 1636 3753 1689 alte-

2171 1718 2283 1772 rius
2329 1727 2500 1772 status
2550 1718 2717 1774 fuisse
2761 1730 2890 1775 ante
2935 1724 3391 1777 resurrectionem
3443 1724 3751 1789 credamus,

488 1819 636 1863 trans
667 1826 771 1864 non
808 1810 1175 1879 penetrabilis,
1210 1810 1438 1879 impleas
1474 1825 1580 1865 non
1622 1809 1935 1879 itnplebilis,
1974 1808 2064 1874 qni
2095 1828 2141 1887 Β
2170 1812 2393 1867 alterius
2441 1824 2562 1881 post
2609 1816 3089 1880 resurrectionem,
3119 1816 3216 1870 sed
3255 1816 3499 1886 ejusdem
3540 1833 3757 1885 semper

488 1902 685 1971 ubique
726 1902 883 1957 simul
913 1912 1058 1956 totus
1087 1912 1191 1967 est,
1223 1912 1278 1958 et
1324 1901 1522 1971 ubique
1564 1900 1790 1955 diffusus
1833 1909 1934 1965 est,
1971 1914 2064 1967 per

487 1992 807 2048 infusionnm
838 1996 1093 2064 potentia:
1135 2010 1245 2049 sua:
1286 1994 1708 2049 mi~eiicorditer
1738 2002 1941 2047 natura:
1981 2000 2067 2045 est

488 2088 688 2141 mixtus
713 2086 981 2142 humanae.
1008 2088 1076 2142 Et
1105 2097 1223 2156 post
1255 2101 1417 2157 pauca
1444 2104 1460 2143 :
1484 2085 1732 2141 Nascitur
1758 2100 1886 2155 ergo
1909 2085 2067 2138 nobis

488 2180 701 2249 proprie
730 2180 797 2236 de
825 2181 1028 2252 Spiritu
1072 2190 1261 2236 sancto
1313 2190 1365 2235 et
1407 2180 1572 2235 Maria
1618 2193 1835 2250 semper
1863 2177 2069 2249 virgine

2171 1905 2521 1975 plenitudinis
2549 1917 2710 1976 atque
2739 1908 2978 1962 virtutis.
3012 1909 3078 1962 Et
3110 1910 3236 1963 item
3267 1910 3426 1978 paulo
3452 1919 3575 1980 post
3606 1931 3619 1966 :
3647 1911 3753 1967 Sed

2171 1998 2296 2064 quia
2342 1996 2575 2051 Verbum
2618 1998 2761 2053 Deus
2793 1999 2843 2051 in
2877 1999 3147 2054 hominem
3178 2001 3462 2069 dignanter
3483 2002 3755 2057 hominem

2173 2088 2518 2156 suscipiendo
2540 2088 2843 2152 descendit.
2866 2098 2920 2144 et
2944 2104 3041 2157 per
3060 2092 3455 2159 susceptionem
3478 2092 3569 2146 Dei
3594 2094 3756 2146 homo

2175 2177 2423 2233 ascendit
2453 2178 2506 2233 in
2530 2178 2787 2246 Verbum,
2818 2178 2845 2218 δ
2877 2190 3024 2235 totus
3053 2180 3190 2236 Deus
3222 2182 3453 2237 Verbum
3478 2181 3648 2238 factus
3670 2191 3759 2237 est

1550 2335 1805 2391 ALARDI
1845 2332 2073 2390 ΟᾹΖᾸΞΙ
2114 2333 2654 2391 COMMENTARIUS

489 2470 642 2522 homo
669 2468 779 2540 Deo
806 2472 1015 2523 mixtus.
1045 2470 1344 2540 Cyprianus
1379 2468 1471 2522 lib.
1506 2467 1849 2540 de_Vanritate
1889 2465 2064 2520 idolo-

490 2555 651 2592 rum:
692 2539 827 2593 Deus
870 2557 983 2593 cum
1022 2538 1227 2593 homine
1275 2540 1531 2591 miscetur.
1587 2538 1810 2605 Vigilius
1861 2544 2063 2607 martyr

475 2609 583 2681 ‘lib.
618 2620 847 2681 tcontra
890 2610 1164 2678 Eutychen
1201 2626 1215 2665 :
1250 2608 1420 2663 Filius
1465 2608 1559 2681 Dei
1586 2609 1866 2681 ostendere
1894 2607 2063 2681 potuit

492 2680 655 2732 nostri
694 2682 892 2750 generis
930 2677 1188 2746 naritiram,
1218 2696 1307 2751 per
1337 2679 1710 2751 commixtionis
1742 2677 2065 2751 individuam

476 2738 761 2818 'unitatein.
788 2752 1111 2818 Augustinus
1136 2738 1263 2803 vero
1288 2749 1513 2818 epistola
1544 2749 1722 2810 tertia,
1750 2763 1867 2816 qua:
1894 2745 2065 2818 estad

475 2816 893 2895 ﬁ'olusianunt,
932 2822 1061 2895 dicit
1089 2821 1283 2895 __l)eum
1324 2816 1539 2895 immitti
1589 2818 1907 2895 admixtum.
1958 2816 2067 2895 Leo

491 2902 656 2941 serm.
682 2891 714 2943 5
744 2890 1044 2957 deNativ.:
1079 2889 1199 2942 Non
1222 2891 1314 2952 sic,
1344 2890 1533 2957 inquit,
1566 2900 1797 2940 creatura
1828 2888 1878 2938 in
1904 2888 2066 2938 socie-

493 2967 645 3010 tatem
681 2961 762 3012 sni
798 2956 1057 3013 Creatoris
1096 2971 1357 3027 assumpta
1387 2956 1481 3018 est,
1516 2970 1568 3011 ut
1610 2959 1697 3010 ille
1735 2958 2068 3027 inhabitator,

492 3039 539 3081 et
580 3028 675 3080 illa
721 3028 1070 3083 habitaculum
1110 3025 1280 3095 esset;
1321 3030 1409 3083 sed
1453 3030 1526 3081 ita
1576 3036 1630 3079 ut
1680 3036 1866 3079 natura
1907 3025 2071 3078 altera

496 3096 648 3149 alteri
686 3100 999 3169 misceretur.
1035 3102 1272 3169 Denique
1307 3100 1617 3160 Cassianus,
1650 3099 1734 3150 vel
1767 3097 1942 3164 potius
1970 3095 2073 3169 _Le-

501 3169 717 3235 porius,
771 3168 871 3222 huc
925 3170 1041 3222 loco
1087 3165 1219 3224 di.it
1268 3170 1433 3223 Deum
1489 3169 1825 3222 incarnatutn
1873 3176 1926 3218 et
1968 3165 2073 3218 im-

501 3237 746 3300 tnixtutn,
782 3253 885 3291 non
931 3242 1192 3307 negative,
1223 3242 1371 3308 quasi
1399 3255 1503 3292 non
1534 3246 1777 3297 tinuum,
1802 3237 1893 3289 sed
1930 3237 2072 3302 posi-

503 3308 609 3359 tive
639 3309 1059 3377 etaflirtnative,
1092 3314 1243 3377 quasi
1279 3311 1414 3361 intra
1448 3309 1669 3360 mixtum
1700 3308 1777 3359 vel
1816 3310 2075 3377 eorum}:-

502 3387 633 3429 tum.
672 3376 823 3431 Unde
844 3379 1022 3431 subdit
1052 3375 1384 3446 postmodum
1413 3395 1427 3432 :
1461 3377 1621 3432 Novit
1650 3378 1781 3428 enim
1810 3376 1945 3427 Deus
1966 3375 2076 3428 sine

501 3448 581 3499 sui
611 3450 937 3515 corruptione
962 3451 1181 3502 misceri.
1210 3450 1474 3502 Craterum
1508 3447 1797 3512 prudenter
1824 3447 2074 3499 admonet

481 3517 955 3585 ‘Augustinus,epi
991 3522 1092 3570 tula
1124 3520 1373 3585 praedicta
1400 3520 1463 3571 ad
1492 3515 2077 3570 Volusianum.dehere

500 3586 587 3639 hic
616 3589 901 3641 auditorem
931 3588 1238 3641 catholicum
1268 3588 1500 3641 recedere
1520 3605 1551 3639 α
1573 3586 1933 3639 consuetudine
1962 3600 2077 3637 cor-

502 3673 716 3725 porum,
761 3674 858 3721 qua
900 3657 1059 3711 solent
1106 3660 1207 3712 duo
1251 3660 1471 3726 liquores
1512 3659 1587 3709 ita
1633 3656 1975 3726 Commisceri,
2022 3665 2077 3707 ut

503 3724 677 3779 neuter
717 3736 879 3780 servet
924 3730 1264 3796 integritatem
1300 3724 1471 3792 suam,
1506 3741 1837 3796 quamquam,
1881 3724 2073 3791 inquit,

503 3806 550 3847 et
591 3800 640 3849 in
684 3798 804 3867 ipsis
837 3795 1136 3866 corporibus
1174 3800 1283 3852 aeri
1319 3801 1409 3852 lux
1442 3800 1744 3864 incorrupta
1785 3795 2072 3867 misceatur.

503 3865 854 3938 Itaqttejtista
886 3865 1022 3923 hanc
1048 3868 1324 3938 Augustini
1355 3867 1795 3938 admonitionem,
1824 3879 1943 3917 eum
1978 3865 2079 3938 hoc

503 3934 901 3990 commixtionis
943 3934 1162 3992 verbum
1203 3941 1440 4001 auditur,
1471 3938 1554 3991 vel
1606 3937 1817 4005 legitur,
1864 3951 1967 3987 non
2007 3934 2073 3987 ad

504 4007 770 4074 liquerunt
807 4007 1117 4061 mixtionem
1155 4008 1546 4074 respiciendum
1586 4020 1691 4069 est,
1723 4006 1816 4060 sed
1850 4005 1914 4058 ad
1956 4020 2074 4057 eam

504 4076 672 4142 magis
696 4090 797 4141 qua
828 4075 914 4127 lux
950 4084 1115 4127 totum
1148 4093 1324 4129 aerem
1357 4088 1671 4143 penetrans,
1703 4075 1752 4125 ei
1786 4090 2078 4141 permisce-

506 4154 612 4197 tur.
646 4143 798 4197 Unde
829 4145 1080 4210 Cyrillus,
1114 4147 1164 4198 in
1198 4147 1334 4198 lihro
1363 4146 1450 4213 qui
1481 4144 1679 4198 dicitur
1710 4143 1882 4203 Golia.
1920 4152 2078 4211 negat

506 4223 749 4268 naturam
806 4214 1039 4267 divinam
1096 4215 1147 4268 in
1207 4215 1536 4267 humanitate
1593 4226 1897 4279 perpessam
1955 4228 2076 4266 esse

505 4285 963 4337 commixtionem.
996 4285 1061 4337 Et
1087 4285 1135 4337 in
1163 4284 1336 4338 oflicio
1359 4283 1730 4338 ecclesiastico
1771 4281 1979 4335 canitur
2008 4282 2076 4337 de

505 4352 720 4407 Christo
761 4372 773 4407 :
824 4354 946 4408 Non
983 4356 1397 4409 commixtionem
1432 4370 1635 4424 passus,
1674 4368 1835 4418 neque
1870 4352 2077 4424 divisio-

506 4440 638 4476 nem.
673 4424 929 4493 Superest
964 4436 1210 4491 quartntn
1254 4428 1333 4477 itis
1367 4423 1561 4489 aflinc,
1604 4432 1703 4477 nec
1740 4424 1913 4475 minus
1961 4423 2073 4476 nsi-

508 4503 673 4546 talum
696 4538 710 4561 ,
744 4492 1128 4563 assumptionis
1159 4496 1475 4549 vocabulum
1499 4534 1512 4556 ,
1562 4508 1667 4559 quo
1692 4492 2077 4563 communiter

506 4573 720 4634 utentes
752 4562 939 4634 Patres
962 4565 1051 4634 (S.
1077 4564 1177 4617 Leo
1205 4566 1355 4632 epist.
1382 4566 1449 4619 97
1476 4580 1592 4634 cap.
1620 4562 1731 4632 ll),
1758 4572 1813 4617 et
1844 4564 2072 4628 theologi

2163 2481 2279 2536 qua:
2321 2466 2418 2519 sibi
2462 2467 2675 2519 invicem
2717 2477 2837 2521 sunt
2877 2470 3275 2535 multiformium
3318 2470 3754 2539 blasphemiarum

2164 2539 2463 2605 cognatione
2487 2552 2752 2600 connexaz,
2786 2539 2850 2591 de
2884 2540 2945 2591 iis
2979 2542 3298 2605 potissimum
3320 2543 3575 2597 erroribus
3596 2545 3755 2598 decli-

2166 2607 2351 2659 nandis
2380 2608 2964 2683 obseruantiamnvestrte
3001 2611 3281 2662 devotionis
3319 2612 3592 2673 admoneo.
3626 2631 3757 2683 quo-

2165 2692 2281 2749 rum
2321 2693 2453 2729 unus
2500 2676 2695 2749 dudum
2745 2676 2987 2749 Nestorio
3042 2690 3250 2731 auctore
3298 2696 3607 2749 consurgere
3638 2676 3757 2736 'non

2168 2747 2376 2817 impune
2428 2748 2671 2817 tentavit,
2715 2747 2851 2800 alius
2900 2765 3063 2813 nuper
3112 2750 3224 2817 pari
3264 2747 3609 2806 exsecratione
3652 2754 3755 2804 da-

2170 2816 2423 2887 mnandus
2450 2815 2679 2887 Eutyche
2706 2830 2959 2869 assertore
2987 2815 3244 2887 prorupit.
3277 2818 3415 2871 Nam
3439 2822 3527 2875 ille
3555 2822 3758 2875 beatam

2173 2885 2399 2961 Mariam
2425 2886 2675 2961 virginem
2707 2888 2923 2961 hominis
2952 2885 3305 2943 tantummodo
3339 2906 3493 2943 ausus
3522 2900 3595 2944 est
3624 2909 3760 2961 μνω-
3806 2954 3809 2957 _

2173 2956 2345 3027 dicare
2376 2956 2690 3024 genitricem,
2721 2968 2773 3009 ut
2804 2958 2854 3009 in
2885 2970 3128 3027 conceptu
3168 2962 3284 3027 eius
3328 2968 3372 3011 et
3409 2970 3563 3027 partu
3613 2956 3762 3014 nulla

2186 3024 2334 3097 Verbi
2364 3035 2409 3077 et
2436 3026 2607 3097 carnis
2628 3030 2765 3093 facta
2792 3029 2954 3080 nnitio
2979 3024 3289 3090 crederetur,
3320 3024 3439 3097 quia
3472 3030 3565 3084 Dei
3588 3028 3760 3083 Filius

2175 3111 2279 3147 non
2304 3096 2626 3216 ipseJactus
2674 3099 2739 3149 sit
2779 3100 3001 3150 hominis
3032 3098 3191 3164 ﬁlius,
3224 3096 3524 3153 sed'creato
3566 3102 3761 3153 homini

2176 3166 2287 3216 sola
2332 3181 2386 3216 se
2469 3168 2733 3216 ianatione
2775 3168 3065 3216 sociaverit.
3101 3167 3252 3216 Ουοά
3293 3170 3561 3216 catholicae
3604 3187 3761 3216 aui-ps

2176 3166 2287 3217 sola
2332 3181 2386 3217 se
2429 3166 2733 3235 dignatione
2775 3168 3065 3221 sociaverit.
3101 3167 3252 3233 Quod
3293 3170 3561 3224 catholicae
3604 3187 3762 3227 aures

2179 3251 2500 3309 nequaquam
2528 3238 2747 3289 tolerare
2768 3240 3061 3309 potuerunt,
3086 3253 3198 3305 qua:
3224 3239 3297 3290 sic
3324 3237 3605 3309 Evangelio
3631 3246 3762 3292 ueri-

2180 3307 2299 3357 tatis
2336 3306 2544 3358 imbutte
2576 3317 2717 3369 sunt,
2749 3306 2803 3359 ut
2837 3308 3125 3365 ﬁrmissime
3158 3311 3385 3361 noverint
3423 3306 3615 3361 nullam
3653 3327 3764 3362 esse

2181 3374 2408 3447 humano
2436 3376 2611 3445 generi
2640 3392 2780 3442 spem
2807 3378 3011 3436 salutis.
3048 3379 3146 3447 nisi
3171 3379 3280 3445 ipse
3308 3387 3433 3431 esset
3461 3378 3605 3447 [ilius
3641 3378 3764 3431 Vir-

2179 3445 2337 3514 ginis,
2376 3447 2463 3512 qui
2504 3455 2701 3498 creator
2741 3456 2812 3498 est
2853 3450 3048 3499 matris.
3098 3444 3199 3499 llic
3242 3458 3411 3500 autem
3461 3444 3763 3503 recentioris

2177 3515 2439 3584 sacrilegii
2461 3517 2707 3581 profanus
2722 3527 2945 3568 assertor
2968 3517 3245 3569 unitionem
3259 3519 3463 3585 quidem
3481 3520 3531 3570 in
3556 3517 3765 3571 Christo

2180 3585 2406 3657 duarum
2430 3590 2693 3652 confessus
2724 3596 2793 3638 est
2824 3597 3146 3652 naturarum,
3180 3589 3267 3639 sed
3302 3589 3414 3657 ipsa
3443 3589 3677 3639 unitione
3707 3591 3765 3641 id

2181 3654 2303 3705 dicit
2331 3652 2583 3718 e/fectum,
2618 3664 2671 3707 ut
2694 3671 2756 3708 ea:
2784 3657 2980 3708 tluabns
3008 3673 3111 3708 una
3136 3652 3433 3719 remaneret,
3467 3658 3765 3710 nullatenus

2181 3724 2393 3776 alterius
2422 3726 2667 3777 existente
2696 3724 3000 3789 substantia,
3034 3726 3169 3794 quod
3198 3729 3371 3794 utique
3401 3729 3511 3786 ﬁeri
3543 3728 3640 3779 nisi
3670 3740 3765 3779 aut

2180 3796 2569 3859 consumptione
2593 3803 2681 3846 aut
2706 3796 3027 3856 separatione
3054 3812 3152 3847 non
3183 3805 3367 3862 posset.
3396 3796 3519 3849 llaec
3544 3796 3601 3850 S.
3624 3795 3762 3858 Leu,

2180 3862 2313 3916 duas
2342 3862 2576 3916 haereses
2614 3862 2925 3916 describens
2973 3864 3130 3917 simul
3179 3874 3231 3916 et
3274 3866 3574 3918 cotifutans.
3627 3865 3764 3919 Vide

2180 3932 2430 4001 eumdem
2461 3934 2687 3999 epistola
2718 3932 2808 3993 97.
2841 3942 2893 3987 et
2915 3935 3193 3999 epistolam
3229 3926 3463 3987 Flaviani
3494 3935 3557 3987 ad
3582 3935 3760 4001 ipsmu

2180 4000 2438 4063 Leonem,
2465 4012 2519 4055 et
2545 4003 2940 4056 Theodoretnm
2975 4003 3069 4056 lib.
3102 4018 3157 4057 tv
3188 4003 3255 4057 de
3278 4003 3407 4059 Fab.
3443 4000 3641 4057 ιιςντει.

2251 4070 2279 4111 ιι
2307 4074 2415 4143 lloc
2437 4073 2666 4143 explicat
2687 4072 3048 4143 Datttag‘enus
3070 4074 3120 4143 in
3145 4073 3285 4127 hunc
3303 4074 3515 4127 modum
3539 4072 3674 4143 (Lib.
3703 4090 3762 4127 ill

2184 4141 2405 4195 Orthod.
2436 4140 2585 4196 Fidei
2612 4159 2723 4213 cap.
2747 4143 2801 4207 7)
2828 4142 3022 4214 :Totus
3050 4141 3343 4214 (Christus)
3374 4155 3446 4197 est
3483 4140 3615 4214 Deus
3646 4160 3764 4209 per-

2181 4214 2377 4280 fectus;
2428 4211 2861 4265 sed'non‘totnm
2892 4211 3174 4279 Deus,'scd
3201 4225 3249 4267 et
3289 4212 3458 4267 homo.
3511 4213 3575 4266 Et
3624 4224 3763 4266 totus

2180 4282 2332 4359 homo
2350 4287 2641 4359 perfectus.
2673 4300 2772 4359 no_n
2804 4293 2967 4359 totum
3013 4294 3182 4337 autem
3225 4283 3377 4336 homo
3393 4300 3553 4359 ;,non
3592 4286 3761 4359 solum

2179 4355 2312 4421 enim
2341 4351 2514 4415 homo,
2542 4353 2629 4405 sed
2649 4365 2692 4405 et
2719 4354 2881 4410 Deus.
2907 4353 3047 4407 Nam
3074 4366 3252 4419 totum,
3282 4364 3355 4408 est
3381 4351 3577 4407 nittnrar
3603 4355 3764 4421 signi-

2179 4420 2472 4488 ﬁcativum;
2520 4432 2654 4473 totus
2698 4434 2887 4487 autem,
2922 4424 3293 4491 hypostaseos;
3333 4420 3762 4491 quemadmodum

2180 4492 2325 4543 aliud
2357 4502 2555 4561 natura:
2583 4500 2680 4561 est,
2711 4493 2848 4561 alius
2879 4502 3055 4561 autent
3082 4495 3433 4561 Itgpostuscos.
3474 4492 3573 4547 Ubi
3612 4507 3763 4546 com~

2180 4570 2428 4629 mentans
2474 4558 2925 4614 Joan.Cocltl;eus
2968 4578 2980 4613 :
3028 4558 3504 4629 lir'supersattctte,
3563 4560 3759 4628 inquit,

506 4633 704 4686 docent
735 4634 785 4685 in
813 4628 1026 4687 Christo
1056 4652 1158 4687 non
1190 4628 1432 4688 tiaturam
1463 4649 1491 4686 a
1525 4628 1734 4697 natura,
1760 4649 1931 4701 neque
1961 4648 2074 4699 per-
2104 4640 2156 4700 1)
2181 4628 2455 4689 Trinitatis
2478 4635 2718 4701 mysterio
2743 4631 2922 4682 itidem
2943 4640 2989 4681 et
3014 4628 3396 4701 Incarnationis
3417 4632 3756 4695 enuntianda,

507 4717 692 4757 sonam
723 4717 752 4753 a
786 4717 1032 4768 persona,
1070 4705 1164 4756 sed
1200 4713 1439 4757 naturam
1472 4705 1756 4756 humanam
1788 4717 1816 4755 a
1848 4717 2075 4767 perSnna

507 4773 684 4826 divina
717 4786 1065 4839 assumptam.
1096 4773 1228 4827 Vide
1270 4774 1582 4841 Magistrum
1610 4772 1853 4826 Sentent.
1893 4773 1986 4825 lib.
2020 4785 2077 4823 ιιι

507 4844 636 4898 dist.
673 4842 727 4907 5,
766 4853 820 4895 et
859 4844 965 4895 DD.
1017 4843 1233 4897 ibidem.
1282 4844 1375 4897 Est
1416 4854 1592 4895 autem
1625 4842 1729 4894 hoc
1772 4842 2079 4893 assumendi

508 4915 727 4967 verbum
754 4912 873 4966 huic
901 4914 1154 4982 mysterio
1183 4913 1334 4967 valde
1355 4912 1836 4982 accommodatum.
1864 4911 2004 4964 unde
2027 4920 2081 4982 et

507 4999 573 5038 eo
595 4978 971 5050 similibusque
990 4981 1265 5050 Scriptura
1295 4999 1398 5035 non
1428 4998 1549 5034 raro
1575 4982 1761 5033 utitur.
1796 4980 1988 5033 Paulus
2014 4978 2081 5033 ad

510 5054 766 5107 Hebraros
793 5068 829 5107 ιι
855 5070 868 5105 :
898 5052 1165 5120 Nusquam
1190 5053 1399 5120 angelos
1421 5050 1777 5121 apprehendit,
1800 5052 1888 5102 sed
1914 5066 2082 5102 semen

510 5123 1591 5196 AbrahaeAinQapGévu-ai,gpprehendit,
1617 5124 1843 5196 accepit,
1874 5134 2083 5196 assum-

508 5190 636 5261 psit.
679 5194 760 5249 Ad
802 5188 1033 5263 Philipp.
1068 5208 1141 5247 tt:
1172 5188 1425 5246 Formam
1460 5190 1591 5244 servi
1628 5188 1826 5257 ἔλαϐεν,
1873 5189 2085 5258 accepit,

508 5267 803 5318 assumnsit.

582 5284 940 5388 5‘lmilllirihhenim
982 5332 1082 5387 fuit
1108 5332 1330 5387 haeresis
1354 5329 1691 5401 Eutychetis,
1717 5329 1927 5383 abbatis
1947 5330 2089 5383 Cou-

510 5405 1126 5473 stautiuopobtani,qui,
1142 5414 1199 5456 ttt
1226 5400 1475 5456 Nestorio
1496 5401 1908 5473 contradiceret,
1926 5415 2086 5454 unam

511 5480 716 5525 tantum
747 5470 979 5528 asseruit
1010 5470 1059 5528 in
1087 5472 1300 5528 Christo
1329 5477 1571 5525 naturam
1601 5486 1667 5523 ex
1698 5470 1904 5523 duabus
1933 5479 2088 5522 natu-

511 5544 584 5596 ris
633 5544 683 5596 in
739 5543 851 5609 ipsa
904 5543 1276 5599 lnearnatione
1328 5540 1611 5595 conflatam
1663 5549 1717 5593 et
1769 5538 2081 5609 confusam;

508 5628 665 5680 quem
697 5608 818 5667 cum
844 5613 1102 5669 Dioscoro
1128 5610 1491 5670 Alexandrino
1523 5610 1759 5680 synodus
1787 5608 2085 5680 Chalcedo-

508 5678 689 5739 nensis
733 5684 1027 5745 damnavit,
1068 5701 1205 5738 anno
1252 5681 1460 5737 Domini
1510 5678 1637 5735 ιδι.
1687 5679 1818 5733 Hinc
1864 5681 1920 5734 S.
1974 5678 2084 5734 Leo

508 5767 672 5809 scrin.
718 5758 749 5811 8
790 5754 856 5808 de
884 5752 1058 5807 Nativ.
1096 5771 1107 5805 :
1145 5754 1267 5808 Post
1297 5754 1543 5818 dirersas,
1575 5751 1758 5821 inquit,
1794 5750 2081 5818 impiclales

2183 4711 2337 4762 totus,
2377 4701 2534 4765 alius,
2581 4711 2628 4753 et
2676 4700 2869 4752 similia
2912 4700 3121 4752 nomina
3167 4700 3217 4752 in
3256 4702 3540 4753 masculino
3583 4718 3765 4769 genere

2182 4769 2496 4839 hypostasim
2516 4781 2563 4822 et
2593 4785 2863 4835 personam
2890 4770 3181 4839 designant,
3219 4770 3482 4839 in_neutro
3522 4786 3762 4839 veroqua-

2182 4837 2351 4892 turam
2373 4851 2418 4893 et
2446 4843 2554 4911 ejus
2580 4841 2915 4910 proprietates
2939 4837 3221 4911 insinuant.
3257 4837 3537 4911 Propterea
3564 4842 3615 4891 in
3649 4838 3762 4911 Tria

2182 4911 2344 4963 nitate
2372 4908 2816 4963 admittitur'alius
2842 4926 2947 4963 esse
2984 4909 3161 4973 Pater,
3193 4916 3239 4961 et
3270 4910 3403 4962 alius
3433 4908 3618 4961 Filius.
3654 4910 3760 4961 Sed

2185 4981 2459 5049 nonialiud
2498 4979 2676 5045 I’ater,
2701 4980 2847 5033 aliud
2879 4977 3069 5043 Filius,
3103 4981 3223 5049 quia
3261 4980 3453 5033 dit'ersa
3484 4990 3553 5049 est
3588 4977 3763 5031 Patris

2185 5057 2233 5102 et
2262 5048 2387 5102 Filii
2412 5067 2652 5120 persona,
2685 5066 2787 5103 non
2820 5060 2987 5104 tamen
3023 5048 3127 5102 alia
3156 5051 3305 5102 unius
3334 5060 3380 5103 et
3408 5048 3619 5102 alterius
3647 5050 3762 5101 sub-

2189 5120 2398 5172 stantia.
2448 5120 2493 5173 E
2535 5123 2758 5185 diverso,
2800 5122 2853 5173 in
2900 5120 3235 5187 susceptionis
3277 5120 3514 5173 humana!
3564 5129 3764 5172 natura:

2190 5191 2513 5254 commercio,
2546 5191 2687 5243 aliud
2720 5190 2857 5243 Deus
2875 5200 2922 5244 et
2943 5191 3086 5241 aliud
3110 5189 3284 5250 homo,
3309 5206 3407 5241 non
3440 5198 3606 5240 tamen
3630 5188 3762 5239 alius

2191 5257 2331 5312 Deus
2357 5269 2405 5312 et
2431 5260 2565 5313 alius
2597 5262 2767 5323 homo,
2801 5262 2918 5321 quia
2948 5259 3160 5311 diversa:
3186 5268 3307 5310 sunt
3335 5256 3433 5311 Dei
3467 5269 3511 5311 et
3543 5257 3763 5310 hominis

2189 5342 2407 5393 natum,
2438 5347 2539 5383 non
2572 5342 2737 5382 tamen
2769 5343 3013 5398 persome.
3044 5328 3133 5382 Sic
3161 5336 3293 5379 recte
3322 5329 3602 5381 dixerimus
3626 5328 3765 5397 quod

2190 5398 2422 5453 Christus
2451 5408 2523 5452 est
2564 5409 2703 5452 totus
2735 5398 2874 5451 Deus
2913 5398 3164 5467 perfectus
3201 5406 3248 5449 et
3295 5406 3429 5451 totus
3458 5398 3609 5450 homo
3646 5411 3761 5467 perv

2189 5467 2371 5536 fectus,
2399 5486 2512 5520 cum
2543 5470 2675 5521 nihil
2710 5468 2875 5520 eidem
2915 5465 3047 5518 desit
3090 5466 3370 5536 divinitatis
3414 5482 3573 5536 neque
3610 5465 3761 5515 etiam

2190 5535 2561 5598 humanitatis;
2604 5554 2704 5590 non
2746 5547 2914 5588 tamen
2963 5544 3122 5587 totum
3166 5546 3239 5588 est
3288 5535 3455 5598 Deus,
3489 5535 3615 5586 cum
3659 5549 3761 5585 non

2188 5608 2355 5660 solum
2383 5606 2564 5661 habeat
2592 5618 2832 5659 naturam
2861 5606 3108 5673 divinam,
3144 5607 3233 5660 sed
3258 5618 3305 5661 et
3337 5608 3643 5663 humanum;
3676 5620 3762 5655 ne-

2188 5694 2285 5746 que
2314 5686 2471 5730 totum
2500 5685 2570 5730 est
2604 5677 2772 5740 homo,
2806 5692 2920 5729 cum
2961 5680 3110 5732 etiam
3142 5676 3321 5733 habeat
3346 5674 3528 5728 divinw
3567 5682 3762 5727 natura:

2191 5749 2613 5802 communionem.
2648 5747 2733 5803 Sic
2764 5746 2877 5804 ille.
