4040 6182
324 317 397 373 29
1354 318 1444 373 DE
1484 317 1998 375 INCARNATIONE
2039 318 2313 376 CHRISTI
2352 320 2482 392 LIB.
2525 323 2585 379 ll.
3544 309 3612 376 7.0

335 442 483 487 totus
513 431 696 485 homo.
728 428 847 486 Non
874 431 1017 487 enim
1044 431 1186 487 Deus
1212 431 1369 487 Pater
1399 432 1562 487 homo
1600 432 1769 486 factus
1809 441 1915 498 est,
1949 438 1991 493 Α
2023 448 2189 501 marg.
2221 430 2528 505 dissentit].
2560 431 2634 487 lta
2662 442 2719 489 ut
2740 433 2830 504 qui
2861 443 3051 490 contra
3088 435 3191 491 hoc
3229 440 3431 497 sentire
3462 445 3602 500 nita-

338 539 435 579 nec
460 522 691 590 Spiritus
717 532 939 578 sanctus
960 567 976 592 ,
998 525 1095 579 sed
1120 522 1437 592 Unigenitus
1466 523 1670 588 Patris;
1697 523 1922 591 ideoque

334 632 431 670 una
463 630 700 685 persona
732 615 1045 685 accipienda
1077 627 1159 670 est
1197 616 1376 670 carnis
1406 625 1455 669 et
1488 614 1672 679 Verbi,
1706 622 1765 669 ut
1794 615 1922 670 tide-

325 710 452 764 liter
478 710 598 763 sine
626 709 811 774 aliqua
842 708 1181 762 dubitatione
1224 709 1510 763 credamus
1552 722 1716 761 unum
1765 722 1918 761 eum-

322 801 556 868 demque
585 798 685 854 Dei
718 798 939 861 Filium.
969 800 1382 867 inseparabilem
1408 806 1670 866 semper‘I
1691 797 1919 867 geminas

326 892 672 958 substantiae,
721 893 887 945 etiam
936 891 1206 960 gigantem
1255 891 1590 945 nominatum
1633 890 1684 942 in
1730 889 1921 942 diebus

324 983 511 1038 carnis
551 1000 663 1037 sum
714 982 943 1051 (Psalm.
998 986 1174 1050 xvut),
1218 992 1271 1037 et
1321 998 1448 1036 vere
1493 997 1711 1051 semper
1738 980 1918 1034 omnia

329 1077 564 1145 gessisse
592 1090 717 1143 quas
759 1084 888 1128 sunt
929 1074 1181 1137 hominis,
1214 1082 1271 1129 et
1308 1090 1433 1127 vere
1475 1088 1693 1139 semper
1731 1086 1919 1141 posse-

329 1168 476 1220 disse
502 1182 624 1235 qua:
654 1167 747 1221 Dei
779 1177 925 1220 sunt.
952 1166 1218 1232 Quoniam
1253 1177 1305 1219 et
1339 1165 1419 1218 sic
1454 1163 1731 1233 cruciﬁxus
1760 1173 1918 1217 estea:

324 1257 653 1326 inﬁrmitate,
676 1258 769 1312 sed
798 1261 917 1312 vtoit
949 1275 1004 1311 ea
1038 1260 1222 1315 virtute
1252 1257 1349 1311 Dei
1378 1256 1445 1328 (ll
1476 1254 1597 1310 Cor.
1631 1254 1770 1326 xttt).

941 1394 1165 1452 CAPUT
1200 1395 1266 1449 Vl

358 1504 589 1562 Concors
634 1507 1003 1562 catholicorum
1036 1508 1275 1560 doctrina
1316 1508 1389 1560 uti
1429 1506 1721 1561 orthodoxa
1749 1507 1879 1576 ﬁdes

879 1578 1238 1646 amplectenda
1266 1586 1364 1631 est.

393 1710 549 1765 lianc
578 1724 707 1779 ergo
737 1708 766 1748 ι»
803 1709 922 1779 ejus
950 1710 1375 1777 confessionem,
1401 1710 1452 1764 id
1480 1719 1581 1776 est,
1615 1710 1912 1766 catholico-

2027 534 2134 589 tur,
2158 524 2315 593 hujus
2344 525 2517 593 prima
2550 528 2729 580 statim
2756 527 2931 582 fronte
2958 543 3064 583 non
3100 538 3207 584 tam
3241 532 3311 585 sit
3340 534 3607 592 audienda

2023 617 2274 683 assertio,
2301 634 2458 687 quam
2490 618 2793 672 damnanda
2837 621 3201 688 perversitas:
3246 624 3373 692 quia
3406 629 3602 697 pra-ju-

2022 710 2221 763 dicium
2272 725 2455 764 secum
2505 711 2863 766 damnationis
2911 712 3187 780 exhibuit,
3221 718 3309 785 qui
3342 717 3605 787 judicium

2022 800 2392 855 universitatis
2442 800 2753 869 impugnat;
2806 808 2861 855 et
2914 804 3202 858 audientia:
3262 807 3437 861 locum
3498 827 3605 864 non

2024 891 2383 961 habet,quia
2432 894 2641 947 cunctis
2696 902 2892 946 statuta
2945 896 3220 949 convellit.
3274 898 3604 953 Conﬁrmata

2022 984 2162 1037 enim
2196 985 2361 1038 semel
2388 984 2455 1037 ab
2478 985 2730 1037 omnibus
2761 986 3009 1045 veritate.
3043 986 3298 1055 quidquid
3326 1005 3513 1045 cun=ra
3552 992 3604 1046 id

2019 1075 2190 1139 venit,
2226 1076 2328 1128 hoc
2358 1076 2475 1142 ipso
2501 1076 2681 1128 statim
2724 1074 2927 1128 falsitas
2956 1091 3078 1130 esse
3112 1078 3440 1131 noscendum
3473 1089 3556 1133 est
3585 1121 3599 1142 .

2020 1164 2164 1233 quod
2210 1179 2238 1216 a
2288 1164 2519 1218 veritate
2562 1164 2833 1218 dissentit.
2866 1166 2943 1219 Ac
2979 1180 3074 1233 per
3106 1165 3209 1221 hoc
3250 1168 3501 1222 sufficere
3550 1172 3599 1223 ci

2018 1258 2179 1310 etiam
2214 1255 2264 1308 id
2286 1255 2459 1309 solum
2487 1257 2740 1310 convenit
2765 1256 2830 1309 ad
2866 1258 3183 1311 sententiam
3212 1258 3599 1327 damnationis,

2018 1349 2160 1418 quod
2188 1348 2455 1418 discrepat
2482 1365 2509 1401 a
2537 1349 2740 1417 judicio
2769 1350 3027 1403 veritatis.
3083 1350 3190 1406 Sed
3245 1364 3423 1406 tamen
3477 1355 3599 1422 quia

2018 1438 2213 1493 rationi
2246 1455 2350 1493 non
2379 1442 2532 1494 obest
2561 1454 2739 1493 sermo
2774 1440 3019 1507 rationis,
3069 1450 3123 1495 et
3152 1456 3368 1512 semper
3395 1448 3596 1497 veritas

2018 1534 2275 1587 ventilata
2307 1533 2424 1599 plus
2466 1533 2672 1597 rutilat,
2702 1534 3002 1601 meliusque
3024 1543 3108 1588 est
3136 1542 3382 1589 errantes
3413 1534 3602 1601 diSpll-

2022 1626 2237 1679 tationis
2259 1624 2535 1681 curatione
2565 1626 2786 1693 corrigi,
2818 1640 2978 1695 quam
3029 1641 3276 1681 censurae
3318 1632 3605 1684 severita'o

2018 1714 2296 1777 damnari;
2330 1716 2567 1769 curanda
2599 1726 2702 1782 est,
2736 1729 2996 1786 quantum
3041 1719 3096 1772 in
3152 1720 3309 1775 nobis
3355 1730 3461 1785 est,
3511 1736 3605 1790 per

321 1817 447 1856 rum
470 1802 707 1855 omnium
732 1802 913 1865 fidem,
936 1812 1198 1856 etomnes
1221 1802 1459 1857 Africani
1482 1804 1744 1871 episcopi,
1769 1804 1913 1858 unde
1946 1805 1989 1864 Β
2018 1807 2252 1862 divinam
2285 1823 2441 1877 opem
2469 1809 2519 1861 in
2554 1809 2709 1863 novis
2738 1811 3009 1864 haereticis
3036 1821 3191 1865 vetus
3220 1811 3471 1877 haeresis,
3523 1823 3602 1879 ut,

320 1892 629 1954 sczibebat.
660 1904 713 1945 et
737 1906 925 1945 omnes
980 1892 1268 1961 Gallicani,
1324 1893 1391 1945 ad
1433 1908 1570 1960 quos
1613 1893 1910 1961 scribebat,

316 1984 833 2052 comprobaverunt.
871 1983 1062 2053 Neque
1094 1984 1231 2038 ullus
1257 1984 1435 2038 adhuc
1455 1986 1676 2038 omnino
1707 1984 1915 2038 exstitit

314 2078 401 2128 cui
441 2077 574 2130 fides
614 2076 728 2130 ba-c
757 2077 874 2131 sine
905 2076 1247 2131 infidelitatis
1284 2077 1514 2131 crimine
1559 2077 1907 2145 displiceret,

315 2166 445 2236 quia
471 2165 731 2233 professio
754 2166 1049 2234 impietatis
1072 2178 1177 2233 est,
1210 2169 1493 2237 probatam
1522 2184 1720 2238 negare
1743 2171 1911 2236 pieta-

316 2265 454 2310 tem.
488 2258 747 2310 Sutficere
777 2272 907 2325 ergo
936 2258 1085 2311 solus
1114 2274 1253 2312 nunc
1283 2258 1351 2312 ad
1382 2259 1766 2312 confutandam
1798 2259 1907 2312 hae-

314 2348 482 2401 resim
511 2348 735 2402 deberet
784 2362 1084 2403 consensus
1108 2351 1369 2415 omnium,
1419 2351 1542 2419 quia
1594 2350 1912 2404 indubitatae

313 2440 567 2493 veritatis
596 2439 965 2494 manifestatio
995 2450 1075 2494 est
1106 2442 1399 2495 auctoritas
1428 2446 1825 2506 universorum,
1858 2452 1913 2495 et

315 2531 558 2601 perfecta
589 2531 727 2587 ratio
757 2531 896 2585 facta
948 2541 1029 2586 est
1071 2534 1159 2586 ubi
1192 2546 1349 2587 nemo
1373 2532 1624 2586 dissensit
1658 2531 1831 2605 [Lips.
1860 2535 1913 2586 in

2021 1910 2235 1969 recepta
2269 1916 2367 1969 per
2414 1917 2621 1955 sacram
2653 1903 3079 1957 misericordiam
3106 1903 3365 1969 sanitate,
3394 1904 3600 1959 medela

2021 1992 2200 2058 potius
2228 2005 2415 2044 eorum
2454 1991 2545 2044 det
2598 2002 2798 2045 sanctae
2847 1992 2970 2046 fidei
3021 1995 3391 2048 testimonium
3445 2011 3603 2063 quam

2017 2080 2296 2134 damnatio
2315 2081 2475 2148 jusue
2505 2082 2805 2134 severitatis
2827 2083 3164 2148 exemplum.
3211 2084 3367 2137 Adsit
3395 2093 3602 2137 tantum

2015 2171 2360 2239 dicputationi
2385 2186 2447 2224 ac
2477 2173 2712 2224 sermoni
2741 2172 2808 2226 de
2838 2188 2897 2225 se
2926 2173 3109 2227 habito
3137 2174 3250 2239 ipsa
3286 2173 3520 2236 Veritas.
3547 2185 3603 2229 et

2015 2263 2217 2332 pietate
2244 2262 2331 2314 illa
2365 2277 2467 2331 qua
2492 2262 2634 2317 Deus
2666 2262 2729 2315 ad
2762 2263 3008 2318 homines
3031 2265 3216 2319 venire
3240 2266 3490 2336 dignatus
3522 2278 3603 2322 e~t

2017 2351 2267 2407 humanis
2296 2352 2575 2407 erroribus
2628 2353 2951 2419 opituletur,
2999 2357 3087 2422 qui
3140 2354 3207 2408 ad
3260 2354 3360 2411 hoc
3405 2373 3464 2411 se
3516 2358 3602 2410 νυι

2020 2443 2253 2496 maxime
2306 2442 2358 2496 in
2408 2442 2573 2496 terris
2626 2451 2788 2511 atque
2817 2443 2868 2495 in
2900 2443 3115 2498 homine
3148 2446 3296 2501 nasci
3323 2446 3511 2511 voluit,
3546 2458 3602 2501 ut

2019 2533 2241 2587 falsitati
2268 2533 2499 2602 amplius
2534 2533 2681 2587 locus
2709 2548 2832 2588 esse
2863 2549 2968 2588 non
3006 2543 3210 2604 posset.

1393 2644 1650 2699 ALARDI
1690 2643 1920 2700 ϐΑΖίΕΙ
1958 2642 2527 2699 COMMENTARIUS.

390 2767 418 2795 ⁸
458 2759 533 2812 lta
561 2759 707 2813 canit
739 2758 984 2812 Ecclesia
1016 2758 1067 2811 in
1099 2757 1299 2827 hymno
1323 2756 1390 2811 de
1420 2755 1707 2810 Nativitate

579 2869 801 2917 Geminae
826 2870 970 2931 gigas
992 2869 1298 2928 substantia,

569 2931 757 2979 Alacris
780 2942 832 2978 ut
854 2937 1020 2979 currat
1040 2934 1161 2978 viam
1186 2944 1201 2991 ;

307 3033 569 3087 alludens
605 3032 668 3083 ad
698 3033 827 3085 illud
857 3032 1055 3102 psalmi
1085 3048 1208 3087 xvm
1238 3031 1568 3086 :Exsultavit
1598 3041 1652 3085 ut
1670 3032 1815 3104 gigas
1842 3032 1910 3085 ad

309 3105 630 3157 currendum
653 3104 806 3154 viam.

389 3172 417 3210 ιι
463 3175 615 3235 Ejus.
648 3175 855 3239 supple,
919 3171 1175 3238 Leporii,
1221 3189 1379 3243 quam
1430 3174 1497 3228 ad
1550 3174 1710 3227 finem
1742 3186 1913 3239 usque

314 3244 513 3310 capitis
554 3244 912 3311 praecedentis
962 3255 1277 3311 prosecutus
1326 3254 1428 3297 est.
1486 3246 1674 3297 Mirum
1729 3253 1908 3295 autem

2016 2753 2155 2813 ΩΟ)
2178 2791 2192 2815 ,
2222 2762 2507 2821 antequam
2541 2768 2567 2806 a
2598 2753 2845 2806 Nestorio
2895 2768 2987 2807 sua
3034 2754 3257 2808 hmresis
3298 2758 3602 2823 promulga—

2018 2832 2189 2885 retur,
2216 2825 2443 2876 inveniri
2468 2838 2583 2875 eam
2609 2839 2636 2875 a
2668 2824 2913 2891 Leporio,
2938 2838 3035 2875 suo
3059 2825 3225 2890 ipsius
3252 2826 3432 2878 lihello
3452 2832 3602 2894 peni-

2019 2902 2103 2945 tus
2132 2894 2485 2955 cunfutatatn,
2517 2904 2885 2962 assertamque
2908 2910 2966 2945 ea
2992 2895 3060 2945 de
3089 2908 3145 2947 re
3175 2896 3387 2947 sincere
3410 2896 3597 2948 catho-

2019 2963 2177 3016 licam
2211 2964 2391 3029 lidetn,
2426 2979 2527 3031 qua
2582 2964 2828 3016 Christus
2860 2964 3117 3017 Dominus
3140 2964 3193 3017 in
3222 2982 3325 3019 una
3371 2982 3597 3032 persona

2017 3048 2179 3087 verus
2211 3034 2348 3086 Deus
2378 3044 2431 3086 et
2469 3034 2651 3098 homo,
2681 3045 2730 3087 et
2764 3035 3103 3087 sanctissima
3137 3036 3287 3103 virgo
3316 3037 3475 3089 Maria
3510 3038 3599 3090 hci

2010 3103 2251 3161 Gnuitrix
2276 3114 2327 3156 et
2353 3103 2579 3169 Deipara
2608 3104 2727 3171 jure
2750 3104 3030 3157 astruitur.
3067 3105 3131 3157 Et
3159 3121 3352 3173 magno
3384 3108 3599 3172 quidem

2016 3174 2282 3247 miraculo
2311 3176 2514 3247 factum
2538 3185 2619 3227 est
2649 3183 2706 3227 ιιι
2736 3176 2848 3247 ipse
2870 3187 3024 3247 antea
3058 3178 3439 3247 lia-resiart-ha,
3466 3179 3600 3228 adeo

2017 3244 2226 3296 sincera
2261 3244 2503 3311 adeoque
2533 3261 2657 3298 vcra
2685 3244 3025 3298 confessione
3054 3244 3331 3299 damnaret
3361 3261 3478 3313 (pta:
3508 3264 3600 3314 pu—

314 3306 483 3383 plane
530 3306 634 3379 est,
680 3314 823 3383 quod
873 3322 929 3367 et
962 3306 1245 3368 'Barunius
1275 3314 1582 3369 observavit
1608 3313 1744 3384 (Sub
1773 3330 1909 3365 anno
1940 3306 1983 3367 C
2016 3316 2168 3382 gnaci
2197 3306 2715 3399 disjitttaiipttejajtie
2738 3306 3457 3405 deienfiereLedusqcvissej.
3484 3306 3545 3399 ,δ’

1251 3545 1724 3656 LIBER
1782 3542 2729 3694 SECUNDUS;

836 3845 1064 3901 CAPUT
1104 3842 1395 3901 PRIMUM.

326 3934 679 3989 Posteriorum
718 3936 1071 3989 ltebreticorum
1117 3937 1390 3989 erroresin
1417 3934 1711 3987 auctoribus
1756 3942 1906 4002 atque

442 4007 798 4060 inventoribus
826 4008 934 4060 suis
963 4007 1231 4059 damnatos
1259 4016 1304 4060 et
1333 4010 1622 4076 confutatos
1652 4021 1778 4058 esse.

395 4118 660 4185 Quoniam
721 4120 909 4174 libello
960 4120 1133 4188 primo
1190 4119 1438 4189 qumdatn
1499 4118 1901 4187 praemisimus,

323 4211 525 4277 quibus
563 4220 813 4264 Htovum
869 4210 1180 4265 haereticum
1237 4226 1302 4265 ex
1350 4210 1581 4279 antiquis
1636 4209 1906 4262 haereseos

323 4300 584 4370 stirpibus
611 4302 880 4369 pullulare
910 4303 1358 4372 approbaremus,
1398 4301 1652 4355 sufficere
1689 4301 1906 4369 quidem

324 4392 373 4445 ei
427 4392 492 4444 ad
523 4392 901 4457 excipiendam
954 4394 1115 4459 iusta:
1165 4392 1528 4445 damnationis
1587 4392 1907 4446 sententiam

324 4482 487 4535 debet
516 4484 756 4548 priorum
805 4482 1181 4537 haereticorum
1230 4481 1375 4550 justa
1417 4480 1715 4534 damnatio.
1774 4481 1907 4548 Quia

324 4589 448 4628 cum
479 4576 696 4629 easdem
723 4576 933 4629 radices
961 4575 1175 4642 habeat,
1206 4583 1366 4643 atque
1396 4574 1588 4629 iisdem
1637 4575 1911 4629 errOt-ibus

323 4666 513 4738 [Lips.
542 4670 595 4721 in
626 4683 789 4739 marg.
827 4664 1149 4737 scrobibus]
1200 4677 1457 4737 emergat,
1510 4668 1644 4723 satis
1692 4666 1805 4737 jam
1857 4668 1908 4720 in

324 4758 644 4813 auctoribus
673 4760 785 4813 suis
815 4760 930 4828 ipse
955 4760 1245 4813 damnatus
1270 4770 1385 4823 est;
1426 4763 1660 4815 maxime
1681 4775 1802 4813 cum
1832 4758 1911 4813 id-

328 4850 503 4917 ip~utn
536 4849 676 4913 quod
704 4850 803 4915 ipsi
828 4857 1097 4913 asserunt,
1129 4849 1290 4903 etiam
1317 4848 1371 4902 hi
1396 4850 1485 4918 qui
1519 4850 1759 4917 proxime
1788 4856 1912 4902 ante

329 4939 429 4994 hos
458 4939 596 4994 male
619 4941 788 4994 secuti
817 4950 944 4995 sunt
991 4940 1130 4995 bene
1178 4939 1619 5005 condetnnarint,
1654 4950 1709 4992 ttt
1757 4938 1911 4992 Suffi-

326 5045 456 5085 cere
482 5030 566 5082 bis
592 5030 805 5086 abunde
846 5032 957 5100 jam
994 5032 1045 5084 in
1072 5032 1395 5085 alterutrum
1423 5044 1641 5084 suorum
1667 5031 1914 5098 exempla

329 5120 589 5184 debeant,
618 5125 703 5175 vel
733 5122 923 5175 horum
946 5122 1154 5176 scilicet
1174 5122 1264 5191 qui
1294 5119 1584 5182 emendati,
1618 5120 1702 5172 vel
1724 5134 1911 5174 eorum

328 5211 425 5279 qui
445 5211 786 5266 condemnati
806 5222 950 5266 sunt.
979 5212 1034 5268 Si
1060 5213 1202 5267 enim
1234 5209 1437 5279 corrigi
1462 5218 1690 5278 queunt,
1715 5210 1915 5263 habent

327 5303 386 5357 in
417 5315 637 5359 suorum
669 5305 1100 5360 correctionibus
1144 5303 1448 5369 medelam;
1496 5304 1541 5357 si
1577 5302 1773 5369 corrigi
1806 5316 1910 5356 non

324 5402 563 5466 queunt,
591 5395 797 5453 habent
824 5398 875 5452 in
906 5411 1130 5453 suorum
1159 5395 1506 5452 damnatione
1549 5396 1909 5450 sententiam:

2505 3445 2517 3457 ι
2575 3445 2775 3461 ΙιΙΙθΙ
3015 3445 3578 3474 ιγ’...ῌὼ

2015 3853 2193 3897 tamen
2244 3856 2311 3896 ne
2355 3839 2669 3908 praejudicio
2723 3839 2891 3907 magis
2941 3837 3226 3893 adversum
3285 3853 3381 3892 eos
3432 3853 3593 3906 quam

2010 3934 2214 4003 judicio
2253 3933 2325 3985 uti
2353 3932 2498 3985 velle
2519 3929 2915 3995 existimemur,
2947 3928 3118 3997 ipsam
3174 3942 3361 3981 eorum
3400 3929 3451 3980 in
3488 3943 3600 3982 me—

2013 4024 2159 4079 dium
2192 4021 2498 4091 pestiferam
2538 4020 2983 4091 propositionem,
3013 4018 3097 4073 vel
3133 4017 3309 4085 potius
3343 4017 3596 4086 blasphe-

2015 4126 2253 4172 mantem
2276 4118 2565 4170 amentiam
2586 4114 2925 4184 proferamus
2951 4131 2964 4166 :
2996 4112 3266 4168 Sumentes
3288 4112 3341 4165 in
3365 4109 3603 4166 omnibus

2013 4220 2212 4263 scutum
2235 4208 2377 4277 ﬁdei,
2407 4218 2453 4260 et
2472 4208 2702 4278 gladium
2730 4207 2961 4273 spiritus,
2995 4204 3135 4275 quod
3166 4213 3237 4257 est
3264 4204 3470 4257 verbum
3504 4200 3601 4256 Dei

2019 4298 2239 4371 (Ephcs.
2286 4303 2403 4364 vt),
2449 4299 2655 4352 scilicet
2692 4304 2748 4349 ut
2795 4309 3092 4362 resurgens
3122 4294 3318 4348 vetusti
3349 4293 3601 4347 draconis

2016 4403 2180 4460 caput
2234 4392 2373 4446 idem
2418 4389 2586 4442 divini
2620 4388 2889 4442 sermonis
2918 4385 3130 4455 gladius
3159 4384 3319 4437 etiam
3369 4396 3512 4437 nunc
3545 4383 3597 4436 in

2018 4484 2177 4538 novis
2204 4484 2463 4550 anguibus
2485 4481 2720 4543 desecet,
2746 4479 2833 4545 qui
2858 4479 3009 4547 prius
3034 4478 3085 4529 in
3115 4475 3350 4543 antiquis
3375 4488 3600 4542 serpen-

2019 4576 2160 4630 libus
2211 4572 2528 4641 amputavit.
2584 4571 2715 4624 Nam
2764 4584 2886 4624 cum
2934 4568 3075 4623 idem
3109 4567 3298 4619 horum
3348 4580 3503 4620 error
3530 4566 3599 4617 sit

2016 4666 2105 4737 qui
2136 4666 2349 4718 illorum
2376 4663 2491 4729 fuit,
2525 4678 2621 4732 pro
2645 4660 2958 4716 desectiOne
2982 4659 3207 4714 istorum
3233 4657 3417 4712 haberi
3440 4656 3599 4710 debet

2015 4758 2255 4812 desectio
2286 4757 2539 4810 illorum:
2569 4765 2625 4808 et
2664 4756 2786 4824 quia
2819 4762 3163 4809 renascentes
3191 4750 3395 4805 colubri
3432 4747 3598 4817 pesti-

2016 4849 2162 4904 feros
2190 4849 2242 4903 itt
2284 4846 2525 4902 Ecclesia
2569 4845 2779 4899 Domini
2822 4845 2977 4899 flatus
3026 4853 3191 4912 agunt
3230 4850 3284 4894 et
3323 4839 3598 4893 tabescere

2016 4939 2273 5010 quosdam
2306 4937 2478 4993 sibilis
2507 4939 2619 4990 suis
2651 4937 2873 4998 faciunt,
2923 4932 3197 5002 iungenda
3250 4937 3333 4985 est
3378 4936 3598 4996 propter

2017 5047 2182 5086 novas
2212 5029 2557 5085 infirmitates
2584 5026 2820 5096 antiquis
2848 5022 3219 5078 curationibus
3262 5033 3451 5074 recens
3485 5031 3599 5072 tne-

2016 5122 2156 5183 dela,
2182 5121 2415 5175 utetiam
2438 5121 2482 5173 si
2514 5117 2640 5171 illud
2660 5116 2801 5187 quod
2834 5117 2983 5183 prius
3000 5121 3175 5166 actum
3207 5120 3289 5163 est
3317 5123 3421 5161 non
3454 5108 3597 5161 valet

2016 5212 2083 5267 ad
2116 5209 2389 5280 languoris
2421 5210 2825 5263 damnationem
2857 5203 3035 5276 [Lips.
3070 5202 3123 5253 in
3152 5215 3313 5267 marg.
3366 5196 3599 5250 curatio-

2016 5301 2214 5374 nem],
2245 5302 2347 5356 hoc
2373 5310 2555 5355 tamen
2596 5298 2737 5369 quod
2768 5311 2908 5351 nunc
2943 5295 3150 5362 agimus
3177 5291 3349 5345 valeat
3388 5291 3452 5342 ad
3487 5289 3595 5343 latt-

2015 5394 2291 5464 gueutiutn
2330 5393 2632 5445 sanitatem.

1402 5554 1655 5612 ALARDI
1694 5553 1926 5609 GAZASI
1966 5550 2527 5609 COMMENTARIUS.

408 5681 430 5707 "
472 5670 691 5743 Scilicet
719 5670 1053 5740 Nestorium,
1083 5673 1250 5743 ipsius
1281 5670 1518 5727 Cassiani
1554 5679 1794 5740 tempore
1825 5674 2067 5723 exortum
2097 5677 2149 5722 et
2179 5666 2541 5739 synchronum
2562 5703 2575 5727 ,
2608 5674 2766 5729 quem
2809 5657 2969 5712 etiam
3003 5654 3055 5712 in
3100 5656 3415 5725 prtefatione
3447 5661 3599 5710 vocat

332 5738 543 5795 Novum
575 5742 692 5796 ﬁdei
724 5743 938 5797 hostem.
