4040 6182
480 338 550 394 3;
1810 292 2089 383 toaivsrs
2128 324 2431 381 Cassrmt
3671 330 3736 384 ac

486 467 510 493 ι
538 454 897 524 antiquiorem
926 469 984 509 se
1015 452 1175 524 parit.
1200 450 1278 507 Ac
1305 451 1372 507 de
1398 451 1499 505 hoc
1527 448 1739 520 quidem
1768 456 1872 501 tam
1897 444 2062 499 stulto
2090 447 2140 507 Α
2169 454 2288 498 ratu
2308 444 2345 498 ῗ
2377 444 2429 498 si
2460 442 2643 513 utique
2675 441 2833 497 homo
2864 457 2929 497 ex
2962 441 3201 514 homine,
3245 452 3302 499 et
3345 458 3475 500 caro
3518 454 3741 500 tantum-

483 556 803 618 argumento
836 585 851 610 ,
908 558 1021 615 quo
1081 541 1412 597 nativitatem
1460 540 1552 593 Dei
1598 534 1800 592 carnali
1863 534 2065 589 intelli-

485 640 662 709 gentia
699 637 1071 693 aestimandam
1125 643 1300 702 putas,
1333 642 1387 685 et
1417 628 1727 694 mysterium
1770 625 2064 695 maiestatis

487 728 735 784 humanis
757 729 935 783 credis
963 725 1290 780 censendum
1331 734 1454 775 esse
1481 719 1804 783 rationibus,
1853 728 2062 785 postea,

485 823 531 877 si
592 822 731 874 Deus
786 827 1007 880 annuet,
1058 813 1491 881 disputabimus;
1550 824 1695 863 nunc
1750 810 1964 862 interim
2010 816 2066 861 et

484 911 756 968 Christum
787 910 976 968 Deum,
1001 918 1046 959 et
1078 904 1294 957 Mariam
1326 903 1545 957 Matrem
1574 900 1665 953 Dei
1694 899 1891 952 divinis
1915 894 2067 952 testi-

484 1006 583 1061 bus
612 1004 993 1073 approbemus.
1025 998 1161 1051 Audi
1187 996 1365 1064 itaque
1387 996 1693 1061 loquentem
1721 990 1785 1044 ad
1822 1000 2063 1059 pastores

486 1096 554 1150 de
594 1095 686 1147 Dt-i
714 1100 835 1144 ortu
864 1091 1109 1157 angelum
1140 1085 1273 1139 Dei:
1326 1083 1494 1137 Natus
1540 1092 1635 1145 est,
1695 1080 1887 1150 inquit,
1924 1078 2064 1132 vobis

484 1185 634 1237 hodie
665 1181 923 1240 Salvator,
953 1179 1131 1248 quiest
1170 1174 1408 1229 Christus
1456 1172 1731 1237 Dominus,
1762 1173 1817 1223 in
1864 1170 2065 1223 civitate

486 1274 650 1328 Dauid
682 1271 860 1344 (Lucra
901 1274 982 1338 ιι).
1016 1268 1090 1322 Ne
1111 1268 1284 1322 solum
1332 1266 1515 1331 utique
1562 1264 1613 1315 in
1645 1262 1857 1315 Christo
1890 1260 2065 1314 homi-

484 1382 605 1420 nem
631 1364 979 1430 intelltgerns,
1010 1368 1064 1413 et
1090 1358 1301 1412 Domini
1342 1357 1436 1410 tibi
1468 1367 1521 1409 et
1549 1353 1843 1409 Salvatoris
1867 1366 2062 1405 nomen

484 1457 699 1525 adjecit,
716 1454 918 1507 scilicet
942 1461 996 1503 ut
1013 1466 1172 1520 quem
1194 1449 1530 1503 Salvatorem
1552 1459 1673 1498 esse
1685 1457 2060 1511 cognosceres,

491 1549 658 1603 Deum
704 1559 1036 1613 nequaquam
1070 1556 1193 1595 esse
1222 1540 1531 1601 dubitares;
1561 1545 1615 1590 et
1642 1551 1765 1590 cum
1818 1534 2061 1588 salvandi

485 1641 652 1693 virtus
684 1652 789 1691 non
830 1634 932 1689 nisi
984 1633 1177 1687 divina:
1206 1638 1538 1699 competeret
1568 1627 1839 1697 potestati,
1868 1625 2062 1679 divina:

486 1745 610 1786 esse
630 1745 752 1783 eum
788 1727 1039 1796 potentia:
1072 1741 1175 1779 non
1204 1724 1529 1792 ambigeres,
1554 1722 1606 1775 in
1634 1735 1741 1790 quo
1766 1719 2060 1788 potentiam

2168 536 2327 590 modo
2352 534 2673 590 nascebatur
2701 549 2772 589 ex
2802 549 2987 598 carne,
3012 533 3183 604 iussio
3210 536 3426 605 quippe
3448 544 3651 591 tantum
3679 539 3742 592 ad

2166 626 2221 683 id
2251 636 2499 697 potuerat
2521 637 2609 681 aut
2640 628 2889 681 voluntas
2911 628 3086 682 divina
3120 626 3368 683 sufficere
3422 628 3476 685 Si
3507 629 3651 683 enim
3680 631 3746 685 ad

2165 720 2508 775 fabricandos
2556 720 2755 786 oculos,
2812 719 3137 773 fundandam
3189 729 3409 784 terram,
3459 720 3747 775 creandum

2166 828 2337 877 mare,
2370 814 2530 866 sedes
2559 812 2791 877 denique
2820 821 2871 865 et
2924 812 3173 875 thronos,
3207 819 3261 864 et
3288 812 3526 880 angelus,
3576 792 3628 865 et
3663 825 3748 865 ar-

2165 905 2478 975 changelos,
2513 912 2567 959 et
2597 905 2950 973 principatus,
2978 914 3032 957 et
3055 912 3373 972 potestates,
3396 904 3441 957 si
3464 904 3527 956 ad
3560 918 3747 958 crean-

2164 998 2287 1052 dam
2323 1008 2601 1067 postremo
2630 1010 2843 1049 onmem
2868 996 3144 1049 caelestem
3178 996 3423 1048 militiam
3443 1037 3457 1060 ,
3492 1003 3546 1048 et
3569 995 3632 1048 ad
3660 995 3745 1049 illa

2165 1090 2442 1144 innumera
2466 1087 2778 1141 divinorum
2801 1087 3140 1140 exercituum
3167 1086 3391 1139 millium
3417 1085 3608 1149 millia,
3632 1085 3745 1139 sola

2164 1182 2267 1235 sibi
2304 1192 2508 1236 tantum
2540 1182 2786 1235 voluntas
2814 1181 2906 1235 Dei
2934 1182 3326 1249 imperiumque
3360 1180 3572 1233 suffecit
3594 1180 3745 1248 (quia

2163 1273 2274 1339 ipse
2299 1275 2453 1335 dixit,
2483 1281 2527 1326 et
2556 1275 2693 1343 facta
2722 1281 2873 1334 sunt;
2900 1273 3008 1343 ipse
3027 1272 3310 1334 mandavit,
3341 1278 3386 1323 ct
3422 1280 3587 1322 creata
3631 1277 3747 1321 sunt

2165 1364 2390 1435 (Psalm.
2424 1366 2638 1431 χχιιι),
2671 1379 2768 1419 cur
2815 1363 2865 1417 id
2898 1364 2964 1417 ad
2994 1365 3401 1431 conceptionem
3435 1362 3511 1432 (ιιι
3557 1371 3609 1413 ιιι
3640 1360 3744 1428 ais)

2166 1457 2324 1510 unius
2378 1457 2608 1510 hominis
2640 1473 2828 1525 parum
2858 1455 3032 1509 visum
3064 1463 3165 1518 est,
3195 1454 3336 1522 quod
3369 1453 3498 1505 satis
3529 1450 3593 1505 ad
3624 1466 3745 1518 pro-

2164 1549 2495 1603 creationem
2537 1548 2840 1602 divinorum
2890 1546 3129 1600 omnium
3178 1544 3320 1598 fuit?
3351 1552 3407 1597 et
3429 1544 3478 1597 id
3508 1540 3743 1612 potentia

2163 1656 2227 1695 ac
2257 1641 2513 1710 maiestas
2542 1640 2636 1695 Dei
2667 1641 2719 1694 in
2750 1650 2873 1693 ortu
2924 1639 3082 1693 unius
3131 1636 3376 1690 ittfantnli
3413 1636 3599 1704 parum
3630 1648 3744 1686 cre-

2166 1732 2322 1793 didit,
2380 1731 2522 1801 quod
2572 1731 2639 1785 ad
2694 1731 3061 1784 conditionem
3118 1739 3455 1783 terrenarum
3506 1721 3743 1780 omnium

488 1821 729 1876 salvandi
759 1834 879 1874 esse
904 1818 1205 1872 didicisses.
1264 1815 1371 1869 Sed
1427 1813 1528 1867 hoc
1556 1810 1920 1866 incredulitati
1964 1818 2065 1862 tua:

2170 1826 2581 1889 cmlestittmque
2634 1822 2863 1877 sutTecit.
2911 1822 3016 1877 Sed
3067 1821 3195 1875 illttd
3238 1819 3423 1886 utique
3452 1825 3572 1881 est,
3604 1814 3743 1884 quod

487 1927 674 1982 parum
704 1910 931 1964 fortasse
955 1910 1216 1975 videatur,
1241 1906 1364 1977 quia
1390 1921 1511 1959 cum
1528 1904 1750 1973 angelus
1775 1902 2059 1955 Dominum

489 2006 667 2073 potius
715 2002 1149 2069 etSalvatorem
1199 2014 1357 2068 quam
1408 1998 1576 2051 Deum
1626 2006 1717 2049 aut
1746 1995 1839 2048 Dei
1868 1994 2062 2047 Filium

488 2096 804 2159 nominavit,
832 2109 952 2147 eum
973 2094 1157 2160 utique
1180 2090 1496 2158 impiissime
1522 2089 1686 2143 Deum
1720 2102 1881 2156 neges
1902 2101 2062 2156 quem

488 2186 822 2240 Salvatorem
854 2200 975 2239 esse
1004 2184 1239 2236 fatearis.
1274 2181 1413 2235 Audi
1442 2195 1657 2249 qunque
1679 2179 2062 2245 archangelum

488 2277 795 2334 Gabrielem
853 2277 1031 2329 Maria:
1070 2272 1266 2341 virgini
1308 2270 1688 2340 praedicantem
1724 2286 1737 2321 :
1796 2268 2059 2338 Spiritus,

489 2369 682 2434 inquit,
715 2377 916 2420 sanctus
946 2366 1107 2418 veniet
1150 2365 1205 2415 in
1232 2372 1298 2423 te,
1332 2370 1381 2414 et
1407 2362 1563 2413 virtus
1593 2360 1839 2412 Altissimi
1889 2359 2065 2412 obum-

488 2458 647 2511 brabit
678 2458 804 2508 tibi:
834 2456 949 2507 ideo
978 2462 1023 2506 et
1054 2454 1190 2522 quod
1218 2463 1452 2504 nascetur
1474 2453 1525 2503 in
1548 2460 1592 2502 te
1614 2459 1878 2515 sanctum,
1908 2466 2063 2503 voca-

489 2545 625 2598 bitur
655 2542 828 2597 Ftlius
854 2543 949 2596 Dei
978 2542 1155 2613 (Luca:
1180 2541 1241 2613 ι).
1269 2528 1427 2594 Vides
1452 2540 1903 2608 quemadmodum
1924 2541 2064 2593 nati-

489 2634 710 2689 vitalem
744 2634 838 2688 Dei
872 2632 1232 2697 indicaturus,
1264 2633 1571 2686 Divinitatis
1599 2647 1759 2700 Opera
1793 2634 2070 2700 prauuise-

488 2729 599 2786 rit?
630 2729 860 2799 Spiritus
891 2728 1033 2781 enim
1078 2737 1305 2795 sanctus,
1353 2726 1560 2795 inquit,
1614 2726 1775 2779 veniet
1805 2728 1855 2777 in
1901 2735 1979 2790 te,
2020 2733 2069 2779 et

490 2824 650 2876 uirtus
674 2821 923 2874 Altissimi
955 2807 1267 2872 obumbrabit
1295 2819 1406 2872 tibi.
1440 2818 1808 2872 Pulcherrima
1841 2818 2068 2886 loquens

495 2914 738 2983 angelus,
789 2911 1067 2965 divinitate
1123 2911 1449 2976 verborum,
1508 2910 1847 2977 maiestatem
1902 2910 2069 2963 divini

493 3003 669 3072 aperis
692 3001 966 3071 explicuit.
996 3000 1231 3069 Spiritus
1261 3001 1403 3054 enim
1427 3012 1643 3052 sanetus
1675 2999 1909 3068 Vit-ginis
1937 3001 2070 3054 inte-

490 3096 633 3149 riora
666 3092 1042 3158 sanctificans,
1090 3092 1224 3147 etin
1256 3092 1341 3144 his
1369 3092 1602 3160 potentia
1636 3091 1929 3145 divinitatis
1959 3107 2069 3145 sua:

2164 1917 2254 1970 illa
2287 1917 2465 1968 omnia
2495 1928 2663 1982 Opera
2706 1923 2827 1966 acta
2879 1913 3091 1965 fuerant
3140 1907 3556 1977 periussionem
3605 1905 3744 1967 Dei;

2165 2006 2420 2061 nativitas
2448 2014 2627 2059 autem
2656 2004 2861 2072 agenda
2894 2017 3001 2056 non
3034 2011 3148 2055 erat
3182 2000 3283 2054 nisi
3318 2015 3409 2067 per
3435 1999 3741 2059 adventum,

2163 2098 2287 2164 quia
2312 2107 2365 2149 et
2385 2096 2593 2163 concipi
2618 2094 2685 2147 ab
2716 2094 2932 2147 homine
2961 2092 3100 2145 Deus
3128 2090 3228 2143 nisi
3277 2105 3335 2142 se
3377 2088 3636 2153 donante,
3687 2094 3741 2139 et

2168 2187 2317 2240 nasci
2350 2187 2450 2239 nisi
2476 2200 2535 2239 se
2562 2186 2835 2250 illabente,
2871 2200 2974 2237 non
3010 2191 3255 2251 poterat;
3288 2192 3340 2235 et
3370 2181 3489 2234 ideo
3518 2180 3746 2233 archan-

2166 2277 2316 2346 gelus
2339 2286 2781 2344 superventuram
2819 2274 3021 2343 Virgini
3066 2274 3403 2340 maiestatem
3436 2286 3643 2324 sacram
3672 2271 3746 2323 in-

2167 2366 2401 2429 dicabat,
2430 2366 2679 2419 videlicet
2709 2377 2762 2418 ut
2784 2366 2905 2433 quia
2939 2363 3024 2431 agi
3054 2371 3198 2417 tantt
3234 2378 3318 2415 res
3348 2377 3440 2427 per
3467 2363 3744 2415 hominum

2166 2458 2402 2511 officium
2454 2473 2558 2509 non
2616 2456 2854 2519 valebat,
2909 2454 3077 2523 ipsius
3134 2454 3199 2507 ad
3249 2452 3477 2506 futuram
3533 2452 3751 2506 deceret

2167 2546 2344 2619 [Lips.
2373 2548 2424 2599 in
2451 2562 2615 2617 marg.
2644 2542 2882 2615 diceret]
2907 2543 3243 2610 maiestatem
3270 2546 3320 2595 in
3344 2551 3639 2608 cenceptu,
3663 2541 3753 2609 qui

2169 2652 2285 2693 erat
2315 2638 2523 2691 futurus
2569 2639 2618 2689 in
2674 2646 2849 2704 partu.
2908 2635 3121 2688 Etidco
3179 2634 3459 2688 descendit
3516 2634 3751 2688 Verbum

2173 2730 2360 2790 Filius,
2394 2728 2543 2780 adeSt
2578 2727 2830 2793 maiestas
2863 2725 3094 2795 Spiritus
3116 2725 3309 2786 sancti,
3349 2726 3517 2777 virtus
3556 2726 3753 2777 obum-

2171 2818 2344 2873 bravit
2389 2817 2581 2881 Patris,
2616 2817 2802 2885 utique
2847 2824 2905 2868 ut
2949 2815 3001 2868 in
3031 2825 3369 2868 sacramento
3409 2826 3577 2866 sacrze
3629 2828 3754 2866 con-

2172 2909 2440 2976 ceptionis
2501 2909 2678 2960 omnis
2735 2916 2883 2961 esset
2914 2905 3222 2976 conparatio
3277 2905 3575 2959 Trinitatis.
3634 2905 3756 2959 ldco

2173 3000 2389 3069 inquit:
2442 2999 2507 3052 Et
2548 2999 2689 3069 quod
2729 3008 2964 3052 nascetur
2995 3014 3056 3051 ea:
3088 3007 3130 3051 te
3183 3006 3437 3064 sanctum,
3493 2998 3756 3051 vocabitur

2175 3089 2346 3144 Filius
2374 3090 2485 3143 Dei.
2518 3091 2660 3143 Bene
2683 3089 2906 3157 addidit,
2935 3088 3071 3150 ideo,
3104 3097 3159 3140 ιιι
3190 3088 3501 3142 ostenderet
3543 3089 3757 3143 scilicet

487 3186 724 3254 apirans,
753 3180 781 3219 δ
811 3180 1061 3261 humanae
1110 3194 1170 3234 se
1198 3180 1425 3233 inseruit
1467 3180 1787 3249 miscuitque
1833 3190 2063 3246 naturae,
2092 3185 2139 3249 ρ
2174 3182 2292 3235 ideo
2324 3182 2437 3235 haac
2468 3191 2739 3245 secutura,
2791 3181 2910 3249 quia
2945 3180 3154 3233 fuerant
3206 3179 3295 3232 illa
3343 3178 3660 3246 praemissa;
3705 3190 3757 3232 ct

487 3284 648 3343 atque
687 3270 739 3326 id
792 3271 931 3340 quod
983 3270 1215 3324 alienum
1242 3284 1271 3322 a
1303 3285 1361 3324 se
1393 3271 1564 3324 fuerat
1592 3286 1746 3325 suum
1779 3270 1925 3334 fecit,
1953 3272 2065 3323 vir-

491 3374 605 3418 tute
634 3362 683 3417 id
707 3377 827 3425 sua,
853 3360 1077 3425 scilicet,
1106 3375 1167 3413 ac
1190 3359 1470 3429 majestate
1512 3375 1864 3428 praesumens.
1896 3362 1973 3414 Ac
2001 3376 2067 3415 ne

491 3455 557 3511 ad
582 3454 854 3509 introitum
884 3452 1173 3507 divinitatis
1233 3452 1463 3505 humana
1512 3450 1742 3506 fortasse
1787 3451 2067 3506 infirmitas

491 3562 596 3602 non
625 3547 965 3607 subsisteret,
998 3543 1356 3598 venerandam
1380 3544 1633 3597 omnibus
1664 3543 1934 3613 Virginem
1962 3543 2069 3597 vir-

490 3649 575 3695 tus
606 3639 866 3694 Altissimi
894 3638 1199 3703 roboravit,
1224 3646 1279 3691 ut
1302 3653 1619 3705 corpoream
1646 3639 2065 3694 imbecillitatem

489 3730 808 3787 circumfusa
841 3730 1042 3783 umbra:
1073 3745 1182 3782 sua;
1211 3728 1546 3798 protectione
1592 3730 1855 3795 firmaret,
1902 3740 1955 3784 et
1999 3730 2067 3785 ad

489 3820 971 3877 censummandum
1000 3828 1294 3889 conceptus
1320 3822 1458 3874 sacri
1497 3821 1857 3875 inenarrabile
1885 3836 2068 3876 sacra.

490 3923 729 3968 mentum
787 3914 1019 3967 humana
1073 3913 1359 3967 infirmitas
1404 3927 1509 3967 non
1559 3913 1851 3980 deficeret,
1908 3928 2067 3983 quam

489 4006 667 4060 divina
698 4005 1039 4058 obnmbratio
1068 4006 1381 4057 sustineret.
1438 4004 1669 4070 Spiritus
1700 4022 1838 4075 ergo,
1874 4005 2068 4070 inquit,

489 4108 693 4149 sanctus
739 4095 898 4147 ueniet
945 4094 997 4145 in
1050 4102 1118 4155 te,
1170 4104 1215 4145 et
1243 4093 1407 4146 uirtus
1450 4094 1703 4146 Altissimi
1753 4095 2070 4149 obumbrabit

490 4187 603 4241 tibi.
638 4187 693 4239 Si
720 4186 1024 4238 nasciturus
1054 4185 1232 4253 itaque
1268 4185 1337 4238 de
1374 4199 1504 4237 sana
1534 4185 1747 4253 Virgine
1776 4186 1933 4238 homo
1956 4196 2072 4239 tan-

493 4276 767 4330 tummodo
802 4275 1075 4329 solitarius
1124 4284 1261 4339 erat,
1293 4274 1419 4343 quid
1470 4285 1615 4328 tanto
1647 4276 1904 4344 agebatur
1931 4278 2069 4332 sacri

490 4367 749 4423 adventus
780 4366 1008 4420 nuntio?
1039 4364 1165 4436 quid
1200 4346 1346 4421 tarito
1376 4366 1671 4420 divinitatis
1710 4368 1878 4435 ipsius
1901 4382 2067 4436 appa-

2169 3275 2289 3342 quia
2327 3275 2464 3328 Deus
2495 3273 2898 3340 sttpervettisset
2951 3275 3000 3325 in
3032 3271 3401 3339 conceptione,
3452 3272 3573 3325 ideo
3617 3274 3755 3327 Deus

2173 3365 2381 3419 futurus
2411 3374 2557 3417 esset
2613 3364 2666 3416 itt
2723 3373 2897 3431 partu.
2953 3362 3230 3416 Rationem
3277 3377 3407 3430 ergo
3458 3373 3623 3416 tanta:
3680 3365 3756 3416 rri

2172 3457 2360 3526 puelli:
2393 3455 2625 3509 reddidit
2670 3456 2959 3519 nescienti,
2999 3456 3226 3510 dicens:
3262 3455 3452 3524 Utique
3477 3456 3601 3523 quia
3636 3455 3758 3522 Spi-

2168 3550 2305 3601 ritus
2329 3559 2535 3601 sanctus
2560 3548 2895 3615 superveniet,
2920 3559 2967 3601 et
2993 3549 3111 3616 quia
3131 3550 3288 3601 virtus
3308 3548 3557 3600 Altissimi
3578 3551 3758 3601 obum-

2174 3641 2357 3707 brabit,
2398 3643 2512 3693 ideo
2539 3651 2584 3693 et
2614 3642 2751 3711 quod
2782 3650 3019 3694 nascetur
3049 3654 3306 3704 sanctum,
3336 3641 3603 3695 vocabitur
3662 3640 3756 3694 Fi-

2174 3728 2273 3783 lius
2302 3730 2418 3785 Dei.
2474 3729 2584 3783 lloc
2633 3738 2717 3782 est
2743 3730 2921 3783 dicere
2950 3747 2963 3782 :
2996 3729 3072 3782 Ne
3102 3734 3333 3798 ignotes,
3365 3730 3556 3799 inquit,
3616 3732 3757 3786 hunc

2173 3828 2333 3874 tanta:
2362 3822 2436 3874 rei
2470 3829 2811 3887 apparatum,
2844 3822 2943 3873 huc
2972 3821 3105 3874 tanti
3162 3822 3401 3890 mystcrii
3442 3836 3757 3877 sacramen-

2168 3921 2304 3975 tum,
2332 3913 2452 3968 ideo
2478 3914 2528 3965 in
2566 3926 2615 3967 te
2642 3921 2750 3966 tota
2789 3916 2969 3968 veniet
2993 3930 3041 3967 m
3063 3915 3243 3981 tjeSluS
3291 3914 3410 3977 Dei,
3439 3916 3559 3983 quia
3594 3932 3659 3970 ex
3708 3930 3757 3971 te

2174 4015 2428 4060 nascetur
2462 4005 2626 4059 Filius
2674 4005 2790 4059 Dei.
2827 4005 2964 4070 Quid
3013 4005 3100 4057 hic
3132 4007 3263 4059 ultra
3308 4007 3482 4059 adhuc
3512 4009 3710 4075 ambigi
3739 4049 3754 4072 ,

2173 4107 2265 4151 aut
2285 4098 2417 4167 quid
2449 4098 2678 4163 amplius
2701 4097 2804 4151 dici
2840 4107 3014 4164 potest
3041 4097 3064 4150 ’ἒ
3111 4099 3275 4151 Deum
3302 4098 3435 4151 dixit
3461 4116 3753 4167 superven-

2173 4196 2373 4253 turum,
2423 4188 2515 4241 Dei
2546 4187 2739 4242 Filium
2772 4189 3129 4241 nasciturum.
3176 4189 3252 4241 'l‘u
3296 4203 3477 4258 qttasrc
3513 4206 3675 4250 nunc,
3708 4192 3753 4242 si

2174 4280 2367 4347 placet,
2418 4279 2688 4346 quomodo
2726 4288 2816 4333 aut
2867 4280 2960 4332 Dei
3018 4280 3182 4333 Filius
3217 4282 3355 4334 Deus
3385 4298 3487 4334 non
3516 4282 3617 4347 sit;
3668 4293 3756 4336 attt

2173 4370 2446 4438 quomodo
2492 4386 2611 4438 quae
2645 4371 2813 4425 Deum
2842 4370 3032 4435 edidit,
3082 4370 3407 4435 Theotocos,
3445 4373 3491 4424 id
3521 4382 3624 4434 εει,
3664 4373 3756 4427 Dei

1551 4524 1803 4580 ALARDI
1844 4524 2069 4580 ΟᾹΖΑΞΙ
2109 4524 2664 4580 COMMENTARIUS.

490 4639 631 4705 quod
661 4648 743 4712 est
790 4639 952 4712 Deus,
1006 4637 1089 4712 cui
1141 4638 1383 4712 proxime
1422 4637 1673 4712 ttni_unt_ur
1710 4656 1721 4689 ι
1759 4636 2069 4712 fluuianitas
2103 4640 2148 4699 D
2175 4638 2224 4690 id
2255 4646 2355 4700 est,
2385 4648 2553 4692 mater
2569 4637 2793 4712 Christi,
2817 4639 3050 4712 hominis
3072 4650 3299 4705 tantum,
3321 4658 3422 4697 non
3452 4645 3563 4700 Dei.
3595 4647 3753 4712 Quod

489 4711 701 4775 Christi,
736 4710 924 4773 inquit,
954 4725 1016 4762 ra:
1044 4709 1135 4760 hoc
1165 4709 1299 4775 quod
1326 4716 1397 4761 est
1425 4709 1563 4759 unita
1592 4706 1713 4765 Deo,
1743 4716 1789 4758 rt
1812 4708 2068 4760 beatitudo

491 4793 665 4837 creata
694 4796 754 4833 ex
781 4778 874 4831 hoc
899 4779 1033 4849 quod
1060 4788 1130 4849 est
1158 4780 1334 4846 fruitio
1386 4777 1497 4835 Dei,
1530 4788 1574 4831 et
1604 4777 1669 4849 B.
1705 4777 1861 4849 Virgo
1888 4795 1947 4830 ex.
1975 4780 2071 4849 hoc

489 4852 625 4923 quod
665 4860 735 4903 est
761 4846 1066 4923 mater‘Dei,
1093 4848 1583 4923 habent‘quan‘tdam
1620 4846 1918 4923 dignitatem
1949 4848 2068 4915 inﬁ-

490 4916 654 4977 nitam
675 4936 736 4974 ea:
763 4919 892 4971 bono
921 4919 1141 4982 inﬁnito.
1164 4918 1300 4988 quod
1320 4916 1394 4970 est
1420 4916 1555 4970 Deus
1580 4933 1597 4982 ;
1627 4916 1689 4971 et
1713 4934 1777 4970 ea:
1804 4918 1901 4969 hac
1925 4926 2069 4983 parte

490 5010 590 5046 non
615 4999 779 5063 potest
800 4988 1135 5063 aliquidjieri
1158 4987 1341 5063 melius
1369 4989 1463 5053 ris,
1488 4988 1616 5063 sicut
1640 5002 1741 5063 non
1769 4998 1931 5063 potest
1971 4989 2069 5063 ali-

527 5056 625 5116 nid'
652 5077 757 5115 esse
780 5059 961 5114 melius
994 5056 1125 5109 Deo.
1158 5057 1218 5109 Et
1252 5058 1441 5111 Petrus
1487 5056 1732 5111 Canisins
1774 5058 1868 5111 lib.
1904 5073 1959 5111 ιιι
2000 5059 2067 5113 de

527 5081 613 5116 ιιια
652 5081 757 5115 εδιε
780 5081 961 5114 mettus
994 5081 1125 5109 υευ.
1160 5081 1218 5109 bl
1252 5081 1441 5111 ['CII‘IIS
1487 5081 1732 5111 \JHIIISIIIS
1774 5081 1868 5111 IIII.
1905 5081 1959 5111 III
2000 5081 2064 5113 UU

490 5081 711 5198 (limine
739 5146 857 5199 cap.
889 5130 956 5184 15
984 5145 998 5181 :
1032 5126 1092 5181 Si
1119 5127 1271 5199 enim,
1297 5129 1490 5193 inquit,
1510 5145 1607 5199 quo
1624 5128 1880 5199 altiorgest
1904 5128 2064 5196 ﬁlius,

492 5197 1239 5284 {diligni‘orhmater‘censenda
1278 5208 1382 5284 est;
1411 5200 1524 5284 quis
1538 5198 1663 5284 jure
1688 5197 1918 5279 ambigat
1945 5199 2067 5263 quin

492 5272 588 5340 ﬁlii
633 5268 828 5340 infiniti
867 5269 1142 5323 auctoritas
1175 5282 1242 5340 ac
1279 5268 1501 5338 dignitas
1527 5270 1616 5340 ad
1659 5268 1873 5321 matrem
1901 5269 2068 5338 ipsam

492 5336 761 5402 redundet,
810 5356 870 5395 ac
899 5340 1143 5393 honorem
1170 5336 1469 5390 immensum
1518 5336 1599 5391 illi
1632 5340 1866 5408 conciliet
1892 5336 1930 5401 ,’
1953 5353 2071 5408 qua:

493 5410 605 5463 sola
623 5426 739 5462 cum
757 5409 913 5464 Patre
929 5408 1072 5463 Filio
1093 5417 1284 5463 wtemo
1312 5408 1481 5462 dicere
1499 5417 1667 5479 potest
1691 5424 1709 5461 :
1736 5404 1906 5463 Filius
1931 5404 2068 5462 uicus

491 5496 543 5534 es
567 5489 661 5551 tu;_
678 5496 764 5550 ego
791 5481 944 5551 genui
965 5480 1052 5535 te?

565 5558 589 5586 ⁸
625 5546 735 5620 lloc
778 5546 895 5602 erat
940 5557 1311 5620 argumentum
1362 5546 1591 5601 Nestorii
1626 5563 1639 5601 :
1681 5546 2071 5620 Nemopotest

494 5619 820 5673 anteriorem
852 5634 911 5672 se
954 5618 1171 5687 gignere
1202 5638 1218 5676 :
1270 5618 1413 5673 Dens
1460 5626 1544 5672 est
1582 5622 1819 5672 anterior
1859 5619 2066 5682 Maria;

494 5706 598 5744 non
627 5689 787 5761 igitur
813 5687 975 5761 hiaria
1004 5687 1173 5744 Deum
1201 5694 1419 5761 gignere
1445 5691 1650 5761 potuit;
1672 5703 1838 5761 quare
1865 5705 1966 5761 non
1989 5699 2075 5743 est

492 5759 805 5831 appellanda
840 5759 929 5812 Dei
961 5759 1285 5829 genitrix,ei
1314 5760 1571 5821 Θεοτὸκος,
1601 5760 1691 5815 sed
1714 5759 2064 5830 Χριστοτὸκος,

2171 4719 2542 4773 argumentum
2591 4710 2810 4775 eopiose
2838 4711 3038 4765 refellit
3067 4712 3357 4768 Cassianus
3401 4716 3497 4769 litt.
3528 4710 3631 4771 vn.—
3647 4720 3752 4773 Sed

2172 4779 2515 4856 breviter-hic
2548 4782 2860 4856 responderi
2890 4792 3095 4856 potest,
3126 4799 3229 4837 non
3268 4799 3423 4849 posse
3461 4789 3624 4840 ullum
3672 4790 3755 4856 gi-

2170 4864 2335 4917 gnere
2363 4850 2593 4917 aliquem
2624 4866 2681 4903 se
2708 4852 3066 4917 antiquiorem
3088 4893 3101 4909 .
3145 4868 3238 4905 seu
3280 4857 3627 4919 anteriorem,
3662 4850 3752 4912 se-

2170 4919 2490 4994 cnndnmid
2521 4934 2626 4986 quo
2664 4929 2747 4975 est
2788 4923 3045 4994 anterior.
3099 4923 3277 4994 Itaque
3326 4923 3487 4977 Maria
3541 4931 3754 4994 peperit

2169 4986 2339 5065 Deum
2363 4988 2659 5065 Christum,
2691 5008 2796 5065 non
2824 4993 3115 5045 secundum
3136 4986 3487 5053 divinitatem,
3512 4986 3753 5065 quaerat

2168 5060 2556 5138 ante_rior,__scd
2589 5063 2885 5138 secundum
2936 5066 3340 5138 humanitatem,
3384 5060 3633 5138 quaerat
3660 5085 3754 5138 po-

2172 5130 2390 5182 sterior.
2425 5129 2536 5185 Nec
2566 5132 2758 5185 tnirum
2787 5132 2833 5185 si
2862 5133 3106 5198 exempla
3134 5134 3235 5185 alia
3264 5150 3366 5187 non
3405 5129 3710 5192 habeamus
3734 5155 3749 5199 ;

2173 5199 2296 5267 quia
2328 5201 2771 5276 mysteriumltoc
2797 5203 3068 5276 singulare
3094 5202 3349 5276 esthide
3381 5206 3524 5276 infra
3563 5210 3631 5261 ad
3661 5210 3748 5261 lib.

2175 5283 2232 5343 tv
2252 5286 2369 5339 cap.
2386 5272 2465 5338 2).
2490 5270 2551 5323 Si
2568 5273 2700 5343 ratio
2722 5275 2984 5343 qumritttr,
3004 5289 3104 5325 non
3125 5274 3218 5327 erit
3238 5270 3503 5343 mirabile;
3525 5280 3569 5331 si
3589 5295 3752 5333 eum

2176 5337 2352 5417 pinu1
2372 5337 2473 5417 non
2502 5342 2598 5394 erit
2640 5337 2924 5417 singulare,
2948 5344 3023 5396 ait
3042 5343 3111 5417 S._
3137 5343 3466 5417 Augustinus
3487 5337 3657 5417 epist.
3695 5350 3751 5404 ὅ.

2250 5408 2277 5446 b
2320 5411 2540 5486 Scilicet
2579 5426 2678 5479 per
2715 5408 2962 5486 illapsum
3013 5421 3069 5466 et
3099 5408 3357 5471 infinitum
3389 5408 3572 5486 gratiae
3594 5460 3610 5483 ,
3645 5436 3751 5473 non

2178 5480 2558 5559 per.ttn_i‘on_em
2612 5490 2665 5559 e_t
2694 5485 3118 5559 assumptiopem
3154 5480 3569 5559 ItypOStatieam;
3598 5480 3749 5556 ’qno-

2180 5548 2339 5603 modo
2370 5549 2599 5628 verbum
2633 5550 2879 5628 humana:
2908 5566 2969 5608 se
2996 5548 3569 5628 inseruj't'migcuitque
3597 5548 3751 5611 natu-

2173 5635 2270 5684 rm,
2308 5630 2362 5671 ιιι
2391 5619 2595 5672 dictum
2643 5628 2740 5673 est.
2774 5620 2933 5676 Solus
2976 5626 3119 5679 enim
3173 5627 3263 5681 Dei
3308 5619 3751 5681 Filins'naturam

2176 5690 2465 5769 assumpsit
2482 5689 2791 5769 humanam,
2810 5707 2915 5749 non
2940 5693 3117 5766 Pater,
3138 5712 3237 5755 nec
3260 5698 3491 5768 Spiritus
3513 5706 3748 5765 sanctus,

2178 5758 2244 5814 dc
2272 5773 2375 5827 quo
2400 5757 2484 5813 hic
2516 5758 2711 5831 agitur.
