4040 6182
251 348 322 420 δι

1301 350 1384 406 DE
1424 345 1929 405 INCARNATIONE
1968 339 2237 396 ClIRlSTI
2280 338 2410 395 LIB.
2449 339 2492 394 ll

3462 338 3529 391 58

260 486 440 533 mater
461 482 578 528 esse
610 483 725 523 nou
770 465 985 538 possit?
1014 464 1277 521 Sufﬁcere
1304 478 1434 533 ergo
1456 462 1571 516 haec
1594 461 1689 516 tibi
1714 463 1849 526 5010.
1883 462 1923 518 Α
1959 474 2122 528 Deus.
2178 472 2290 527 Hoc
2318 473 2458 527 enim
2488 471 2789 541 appellatur
2826 470 3042 525 nomine
3067 512 3081 539 ,
3128 469 3269 542 quod
3316 480 3521 528 natura.

266 571 429 623 immo
452 559 709 617 sulticere
739 557 859 613 haec
884 556 981 612 tibi
1012 569 1221 609 summa
1249 554 1528 609 deberent.

874 667 1104 724 CAPUT
1146 667 1212 721 IlI

260 769 601 841 Prosequitur
625 766 766 818 idem
794 769 1152 843 argumentum
1176 760 1356 814 ueteris
1387 759 1672 831 Scriptura
1705 760 1844 813 testi-

955 846 1159 884 manus.

337 928 443 985 Sed
465 924 591 997 quia
624 921 939 978 testimonia
965 935 1133 974 sacrae
1158 918 1456 973 nativitatis
1481 918 1691 972 abunde
1715 932 1844 987 sup-

264 1026 480 1089 petunt,
530 1024 723 1085 utpote
771 1028 891 1083 qua:
924 1012 1123 1066 idcirco
1170 1012 1351 1065 omnia
1382 1009 1578 1078 scripta
1622 1017 1747 1063 sunt
1787 1019 1847 1064 ut

268 1111 444 1179 ipsius
469 1118 631 1162 testes
670 1112 891 1168 essent,
925 1103 1271 1171 inspiciamus
1310 1100 1364 1155 in
1408 1102 1635 1170 pauxilla
1668 1103 1844 1172 aliqua

273 1200 532 1269 portione.
556 1198 718 1251 etiam
744 1193 809 1247 ad
841 1192 1229 1247 nuntiationem
1256 1191 1323 1247 de
1354 1193 1465 1246 Deo
1489 1193 1690 1246 veteris
1713 1194 1847 1247 Tes-

274 1290 518 1356 tamenti,
550 1299 609 1345 ut
631 1287 903 1356 intelligas
927 1284 1165 1338 futurum
1184 1300 1252 1339 ex
1281 1284 1500 1353 Virgine
1525 1286 1615 1339 Dei
1643 1295 1843 1352 ortum,

268 1398 372 1436 non
426 1393 553 1435 tunc
604 1389 816 1433 tantum
860 1393 982 1433 cum
1033 1375 1212 1430 factus
1239 1386 1323 1430 est
1368 1379 1667 1432 nuntiatum
1694 1419 1707 1443 ,
1750 1378 1843 1432 sed

267 1475 428 1527 etiam
456 1473 525 1526 ab
554 1470 970 1541 ipsoadmodum
1000 1468 1186 1523 mundi
1213 1476 1333 1522 ortu
1353 1482 1472 1522 esse
1498 1469 1841 1536 praedictum;

267 1578 461 1617 revera
506 1571 567 1616 ut
593 1563 715 1629 quia
748 1558 1018 1613 inetl'abile
1046 1571 1183 1624 Opus
1213 1557 1476 1626 agendum
1520 1565 1657 1623 erat,
1694 1560 1847 1614 tolle-

266 1664 347 1705 ret
395 1650 720 1719 quandoque
775 1646 1205 1701 incredulitatem
1274 1660 1451 1699 rerum
1503 1649 1842 1716 prmscntium

266 1743 550 1812 praemissa
580 1755 790 1808 semper
817 1738 1149 1792 aununtiatio
1175 1737 1496 1792 futurorum.
1548 1740 1636 1792 Ait
1668 1740 1843 1808 itaque

1955 562 2105 618 Unde
2144 577 2264 617 cum
2296 562 2598 616 vocandum
2630 577 2751 615 eum
2794 560 2888 616 Dei
2919 560 3151 631 Spiritus
3179 563 3346 617 Deum
3374 562 3529 616 dixe-

1951 655 2041 721 rit,
2075 654 2265 724 probat
2289 668 2347 707 se
2374 654 2440 707 ab
2467 652 2670 722 Spiritu
2714 653 2812 707 Dei
2838 668 3089 719 vacuum,
3113 656 3201 723 qui
3235 670 3295 711 se
3325 671 3352 708 a
3398 670 3530 710 con-

1949 747 2119 801 sortio
2147 747 2325 802 reddit
2367 747 2559 801 divina:
2622 747 3035 814 nuncupationis
3085 747 3341 801 alienum.
3396 747 3531 800 Ecce

1948 855 2099 910 ergo,
2132 841 2325 909 inquit,
2356 840 2498 910 virgo
2528 839 2799 910 concipiet,
2834 848 2879 891 et
2905 839 3067 909 pariet
3094 839 3282 905 filium.
3311 847 3357 891 et
3379 854 3529 891 νοω·
3607 832 3615 898 ἓ

1948 933 2073 986 bunt
2119 948 2301 985 nomen
2347 934 2456 1002 ejus
2489 929 2817 996 Emmanuel,
2847 930 2982 999 quod
3016 938 3086 981 est
3112 931 3522 998 interpretatum,

1951 1026 2233 1079 Nobiscum
2264 1024 2421 1078 Deus.
2457 1023 2562 1078 Sed
2593 1023 2721 1077 illud
2752 1032 2836 1077 est
2867 1024 3088 1075 forsitan
3114 1036 3219 1091 quo
3249 1036 3306 1075 se
3337 1023 3521 1077 inlide-

1949 1118 2018 1172 lis
2040 1127 2215 1172 vertat
2246 1117 2641 1185 tergiversatio,
2673 1124 2729 1169 ut
2760 1114 2900 1168 dicat
2928 1112 3029 1167 hoc
3050 1114 3193 1182 quod
3225 1114 3525 1167 vocandum

1946 1225 2067 1263 eum
2100 1211 2261 1264 Deum
2287 1210 2550 1279 propheta
2575 1208 2806 1272 dixerat,
2838 1222 2943 1259 non
2974 1216 3077 1259 tam
3104 1205 3167 1259 ad
3193 1207 3526 1269 maiestatem

1948 1299 2243 1353 divinitatis
2267 1316 2423 1366 quam
2450 1298 2515 1352 ad
2542 1297 2960 1366 appellationem
2986 1296 3215 1349 nominis
3234 1296 3522 1363 pertinere.

1949 1387 2053 1443 Sed
2085 1388 2211 1457 quid
2247 1389 2473 1443 facimus
2500 1385 2526 1423 ά
2557 1386 2701 1455 quod
2743 1385 3045 1453 appellatus
3086 1384 3188 1438 hoc
3232 1384 3446 1438 nomine
3471 1384 3523 1437 in

1946 1480 2249 1550 Evangeliis
2271 1479 2520 1535 Chiistus
2542 1480 2763 1555 omnino
2790 1492 2895 1531 non
2922 1490 3022 1542 εει,
3050 1487 3104 1531 et
3134 1488 3307 1530 tamen
3333 1477 3526 1532 menti-

1948 1580 2033 1626 tus
2062 1588 2185 1626 esse
2212 1586 2305 1639 per
2330 1572 2645 1639 prophetam
2674 1570 2771 1623 Dei
2792 1569 3022 1639 Spiritus
3040 1569 3144 1623 dici
3169 1585 3276 1621 non
3305 1569 3526 1636 potest?

1945 1660 2081 1726 Quid
2099 1676 2225 1731 ergo
2247 1662 2372 1715 illud
2402 1662 2519 1715 est?
2544 1661 2971 1730 utintelligamus
2987 1659 3167 1729 utique
3189 1660 3521 1728 prophetiam

1947 1750 2088 1804 illam
2118 1751 2408 1805 divinitatis
2439 1766 2635 1805 nomen
2663 1761 2787 1804 tunc
2819 1750 3149 1817 pradixisse,
3182 1764 3286 1802 non
3317 1749 3516 1804 carnis.

264 1833 440 1887 Isaias
468 1832 721 1899 propheta
752 1848 765 1885 :
797 1838 824 1866 ⁸
854 1828 986 1883 Ecce
1013 1830 1153 1898 virgo
1198 1829 1466 1899 concipiet,
1495 1837 1545 1884 et
1577 1832 1739 1898 pariet
1777 1832 1844 1898 ﬁ-

1957 1844 2078 1896 Nam
2103 1859 2221 1898 cum
2240 1843 2418 1897 saliud
2436 1844 2485 1896 in
2509 1843 2797 1911 Evangelio
2815 1841 2976 1895 homo
3001 1843 3178 1895 unitus
3198 1841 3307 1895 Deo
3329 1857 3523 1897 nomen

264 1924 431 1987 lium,
464 1919 561 1974 eth
589 1923 822 1973 uocabunt
848 1935 1035 1972 nomen
1057 1922 1169 1991 ejus
1203 1929 1225 1957 ε
1250 1917 1578 1984 Emmanuel,
1606 1921 1742 1989 quod
1769 1929 1843 1974 est

264 2013 684 2083 interpretatum,
717 2008 993 2063 Nobiscum
1023 2007 1164 2062 Deus
1195 2007 1393 2080 (Isaia
1416 2026 1490 2064 Vll
1513 2010 1555 2080 ).
1586 2010 1717 2077 Quis
1760 2020 1843 2065 est

264 2105 354 2158 hic
387 2101 681 2156 incredulae
707 2100 1041 2170 ambiguitati
1072 2100 1265 2155 locust
1295 2099 1687 2171 Concepturam
1721 2117 1844 2171 pro-

264 2194 430 2263 pheta
474 2193 732 2261 virginem
778 2191 934 2258 dixit,
963 2190 1114 2259 virgo
1138 2192 1424 2259 concepit;
1470 2192 1636 2245 ﬁlium
1671 2194 1847 2246 nasci-

265 2297 479 2348 turum,
512 2284 649 2338 ﬁlius
678 2292 836 2337 natus
878 2291 999 2348 est;
1050 2282 1349 2338 vocandum
1398 2284 1588 2351 Deum,
1622 2296 1848 2340 vocatur

1947 1933 2234 2001 acceperit,
2262 1947 2479 1986 necesse
2510 1941 2593 1986 est
2614 1933 2795 2001 utique
2827 1932 2925 1987 hoc
2957 1931 3263 1985 vocabulum
3289 1931 3523 1985 hominis

1949 2022 2138 2090 fuisse,
2168 2023 2298 2078 illud
2354 2024 2665 2077 divinitatis.
2711 2023 2819 2077 Sed
2868 2036 3151 2092 pergamus
3192 2025 3437 2084 ulterius,
3470 2032 3527 2077 et

1950 2114 2053 2168 alia
2118 2114 2185 2168 ad
2232 2114 2513 2168 veritatem
2557 2113 2880 2180 probandam
2923 2114 3167 2167 veritatis
3223 2114 3527 2168 testimonia

1949 2218 2324 2260 convocemus.
2355 2202 2455 2258 Ubi
2488 2203 2632 2257 enim
2662 2203 2727 2255 de
2759 2202 2869 2255 Deo
2894 2200 3087 2271 agitur,
3117 2202 3258 2255 nulla
3288 2218 3344 2256 re
3387 2202 3528 2257 divi.

1953 2296 2094 2347 nitas
2117 2296 2306 2348 melius
2334 2309 2492 2363 quam
2515 2294 2631 2347 suis
2652 2292 2880 2347 testibus
2910 2291 3257 2362 approbatur.
3294 2293 3377 2347 Ait
3399 2308 3529 2364 ergo

1347 2423 1603 2480 ALARDI
1642 2425 1875 2483 GAZABI
1911 2429 2475 2486 COMMENTARIUS.

347 2557 903 2638 ID.Hiero_nymt_tsin
919 2577 1036 2638 cap.
1062 2563 1340 2638 thlatthaei
1371 2583 1384 2619 :
1412 2565 1517 2620 Pro
1541 2586 1619 2631 eo,
1647 2569 1844 2638 inquit,

273 2630 417 2694 quod
433 2632 745 2692 eranqelista
769 2629 1048 2687 Matthaus
1064 2636 1189 2685 dicit
1221 2651 1239 2688 :
1274 2638 1337 2687 In
1360 2645 1507 2689 utero
1529 2629 1752 2698 Itabebil.
1789 2629 1845 2695 in

274 2699 524 2777 propheta
537 2702 792 2769 scriptum
814 2712 891 2777 est
906 2719 924 2756 :
944 2700 1014 2777 In
1026 2714 1171 2777 utero
1190 2706 1427 2777 accipiet.
1445 2707 1553 2777 (Sed
1570 2710 1841 2777 propheta.

273 2769 637 2843 quiafutura
678 2774 935 2843 praedicit,
971 2773 1234 2843 signiﬁcat
1264 2769 1391 2842 quid
1429 2769 1772 2843 futurum'sit,
1796 2769 1845 2834 et

270 2839 449 2889 scribit
469 2840 687 2903 accipiet
719 2856 737 2892 :
772 2839 1130 2909 Evangelista,
1160 2839 1284 2905 quia
1313 2860 1413 2912 non
1430 2839 1728 2912 defutura.
1755 2839 1846 2903 sed

268 2916 331 2965 de
353 2916 615 2984 praeterito
635 2922 811 2984 narrat
834 2911 1120 2984 historiam,
1147 2911 1381 2972 mutavit,
1409 2911 1641 2979 accipiet,
1673 2922 1721 2964 et
1752 2930 1847 2981 po-

269 2979 393 3043 suit,
413 2982 635 3036 habebit.
662 2982 904 3047 Quienim
919 2979 1088 3050 habet,
1107 2994 1426 3050 nequaquam
1442 2991 1738 3050 accepturus
1753 2979 1848 3037 est.

344 3052 371 3089 δ
403 3053 498 3107 Sic
572 3053 714 3105 enim
766 3052 940 3104 locum
996 3049 1148 3104 Isaia:
1194 3049 1325 3102 citat
1369 3049 1852 3119 etiiuterpretatur

275 3123 567 3176 Mattha-us
596 3120 742 3189 (Cap.
774 3122 835 3189 ι),
867 3134 986 3173 cum
1018 3130 1194 3173 tamen
1240 3120 1378 3189 apud
1426 3118 1621 3173 Isaiam
1675 3123 1851 3176 solum

276 3194 544 3244 habeatur
576 3187 613 3243 :‘
643 3189 710 3242 Et
737 3187 933 3243 vocabis
965 3204 1145 3241 nomen
1184 3188 1296 3256 ejus
1338 3187 1656 3243 Emmanuel.
1697 3192 1850 3258 Quod

278 3263 500 3325 nequis
529 3260 770 3324 miretur,
794 3262 1046 3311 admonet
1088 3259 1147 3312 D.
1207 3259 1563 3326 Hieronymus
1605 3259 1659 3314 in
1706 3264 1853 3317 illum

278 3335 459 3384 locum
482 3365 499 3387 ,
539 3326 594 3380 in
615 3329 785 3383 multis
812 3328 1107 3382 testimoniis
1133 3341 1248 3397 qua
1268 3327 1586 3396 euangelista
1627 3333 1704 3384 vel
1730 3349 1854 3399 apo-

278 3402 396 3453 stoli
444 3402 510 3452 de
553 3401 694 3452 libris
722 3399 967 3452 veteribus
1004 3405 1408 3464 assumpserunt,
1442 3413 1540 3449 non
1570 3416 1652 3453 eos
1680 3404 1854 3456 verbo-

278 3488 396 3523 rum
424 3469 657 3523 ordinem
678 3477 874 3522 secutos
902 3484 1030 3530 esse,
1060 3466 1413 3539 sedsensum.
1468 3466 1619 3539 Unde
1645 3471 1698 3522 in
1724 3488 1851 3539 pra-

277 3542 430 3600 κηρὶ,
453 3542 555 3612 ait,
585 3540 726 3612 loco,
749 3538 1134 3612 pro,conripiet
1160 3538 1213 3589 in
1241 3547 1405 3612 utero,
1452 3537 1730 3612 Matthaus
1765 3559 1857 3612 ρο-

278 3611 405 3673 suit,
443 3611 500 3661 in
540 3619 683 3661 utero
704 3608 929 3672 habebit,
962 3617 1007 3661 et
1035 3622 1130 3674 pro
1149 3646 1164 3669 ,
1197 3608 1417 3670 vocabis,
1441 3608 1712 3664 vocabunt.

357 3690 378 3717 ε
434 3679 669 3746 Cyrillus
743 3679 1132 3746 Alexandrinus
1202 3676 1297 3746 lib.
1353 3679 1426 3746 t_le
1486 3676 1857 3737 Iucaruatione

280 3744 553 3813 Cuiaeniti
585 3748 735 3816 (Cap.
758 3746 795 3799 2
828 3758 876 3801 et
897 3747 966 3800 ad
1013 3745 1176 3800 Hebr.
1209 3745 1270 3817 ιι)
1303 3744 1650 3802 :Emmanuel
1692 3755 1859 3804 nomi-

282 3830 440 3870 natur
472 3818 609 3889 Deus
642 3817 878 3884 Verbum,
910 3818 1048 3889 quod
1069 3817 1290 3889 Abraha
1308 3833 1475 3870 semen
1499 3820 1856 3889 apprehendit,

280 3898 328 3940 et
373 3888 615 3941 similiter
650 3904 712 3940 ac
755 3904 848 3959 nos
867 3887 1206 3959 participavit
1234 3888 1376 3959 carni
1406 3897 1451 3940 et
1466 3887 1730 3959 sanguini.
1765 3890 1860 3945 In-

284 3967 598 4022 terpretatur
624 3966 792 4011 autem
813 3955 1133 4026 Emmanuel.
1155 3955 1436 4026 Nobiscum
1455 3955 1611 4012 Deus.
1633 3959 1856 4026 Con/ite-

283 4044 397 4097 mur
423 4035 592 4078 autent
619 4028 877 4097 nobiscum
906 4027 1064 4097 fuisse
1096 4025 1190 4097 Dei
1214 4025 1435 4080 Verbum
1459 4045 1559 4080 non
1606 4030 1853 4085 localiter.

286 4096 355 4169 In
404 4113 503 4165 quo
530 4097 665 4169 enim
690 4095 805 4149 loco
827 4095 928 4149 non
979 4104 1054 4149 est
1085 4095 1244 4169 Deus,
1297 4098 1384 4164 qui
1431 4099 1603 4169 implet
1645 4102 1860 4155 omnia?

288 4165 405 4219 Nec
430 4168 563 4236 quod
594 4168 771 4236 adesse
799 4168 940 4220 nobis
970 4168 1284 4236 conspicitur
1311 4165 1510 4220 auxilii
1535 4169 1750 4234 ratione,
1781 4173 1860 4222 di-

283 4247 425 4288 ctum
464 4247 532 4289 est
560 4239 699 4291 enim
745 4235 841 4308 hoc
870 4236 1016 4308 modo
1046 4238 1114 4288 ad
1138 4235 1315 4289 Iesum
1336 4236 1413 4306 (id
1440 4246 1515 4290 est
1541 4237 1721 4308 Iosue)
1755 4258 1766 4292 :
1792 4239 1860 4293 Et

282 4308 414 4358 sicut
440 4321 579 4380 erant
611 4322 725 4358 cum
750 4305 927 4380 Ablose',
958 4307 1034 4359 ita
1055 4322 1149 4380 (ero
1175 4314 1225 4359 et
1254 4305 1450 4380 tecum;
1492 4308 1581 4360 sed
1604 4305 1737 4377 quod
1781 4313 1857 4380 fa-

284 4388 395 4428 ctus
424 4386 498 4429 est
523 4378 575 4429 in
601 4377 818 4440 nostris,
841 4376 897 4428 id
925 4385 1019 4440 est,
1047 4378 1100 4429 in
1130 4376 1467 4440 humanitate,
1497 4394 1595 4430 non
1618 4376 1861 4435 derelicta

282 4458 473 4515 natura
493 4462 610 4499 sua.
633 4445 775 4515 Ergo
797 4447 1058 4499 nobiscum
1088 4446 1283 4515 factum
1308 4460 1416 4498 esse
1450 4448 1665 4502 dicimus
1698 4450 1859 4503 Deum

293 4514 518 4568 Verbum
544 4532 600 4568 eo
626 4514 851 4587 tempore
874 4517 937 4570 de
963 4532 1062 4587 quo
1079 4516 1205 4568 dicit
1246 4514 1451 4569 Baruch
1474 4532 1492 4568 :
1532 4515 1596 4570 In
1622 4530 1775 4587 (terra
1793 4522 1861 4573 vi-

280 4602 369 4658 sus
398 4595 497 4651 est,
525 4597 570 4639 et
592 4587 721 4638 inter
741 4585 1309 4658 Itomines‘conversatus
1329 4597 1424 4639 est.
1456 4587 1584 4641 Πειξο
1604 4586 1854 4658 Cyrillus.

285 4656 362 4708 Ex
384 4658 583 4724 quibus
626 4656 974 4723 intelligimus
1024 4657 1166 4727 quod
1216 4656 1372 4711 Iesus
1414 4665 1470 4712 et
1523 4656 1856 4720 Emmanuel,

281 4729 428 4792 quod
459 4726 524 4779 ad
550 4742 663 4782 rem
682 4727 892 4789 attinet,
924 4726 1062 4780 idem
1088 4735 1230 4792 sunt,
1253 4727 1376 4779 licet
1405 4728 1613 4780 diversa
1645 4730 1856 4782 nomina

1951 2564 2130 2633 quasi.
2161 2566 2228 2617 ad
2258 2563 2583 2618 Orthodoxos
2605 2560 2702 2633 IS!
2727 2601 2741 2625 ,
2772 2559 3124 2633 Tertullianus
3158 2560 3400 2614 adversus
3429 2560 3528 2614 Ju-

1952 2629 2091 2688 daos
2113 2645 2157 2686 et
2183 2635 2272 2691 lib.
2302 2650 2358 2687 ιιι
2390 2644 2567 2686 contra
2595 2631 2929 2687 Marcionem.
2956 2629 3255 2683 Lactantius
3279 2633 3366 2683 lib.
3388 2648 3436 2685 tv
3467 2634 3530 2684 de

1960 2703 2096 2757 Vera
2112 2705 2377 2774 Sapientia
2400 2702 2542 2763 c.12,
2560 2701 2956 2774 Chrysostomus
2970 2700 3140 2774 lib._de
3163 2699 3530 2774 Incarnatione

1954 2789 2068 2845 cap.
2092 2776 2147 2842 ‘2,
2170 2768 2493 2845 prophetam,
2518 2789 2619 2824 non
2649 2768 2736 2845 qui
2764 2772 3020 2845 vocandus
3056 2768 3306 2845 Christus,
3337 2772 3425 2823 sed
3445 2772 3531 2838 qui

1956 2839 2581 2914 futurus}evaugelistat_n,
2606 2839 2693 2914 qui
2714 2840 2973 2914 vocandus
2993 2850 3039 2891 et
3059 2841 3147 2907 qui
3159 2839 3359 2914 futurus
3380 2850 3531 2914 esset,

1958 2908 2219 2966 declarare
2247 2908 2482 2966 voluisse.
2510 2910 2695 2964 Noluit
2740 2912 2871 2963 enim
2917 2910 3083 2963 dicere
3129 2908 3378 2977 prapheta
3422 2911 3535 2976 fore

1959 2995 2012 3036 ut
2034 2987 2297 3054 proprium
2314 2982 2505 3054 Christi
2534 2996 2724 3054 nomen
2743 2988 2870 3032 esset
2914 2977 3245 3054 Emmanuel,
3268 2984 3356 3032 sed
3380 2993 3430 3033 ut
3455 2998 3533 3054 res

1956 3050 2044 3107 eo'
2070 3050 2273 3107 nomine
2304 3052 2592 3122 signiﬁcata
2646 3050 2724 3102 illi
2774 3052 3080 3122 conveniret,
3121 3050 3337 3122 ideoque
3358 3053 3535 3103 merito

1962 3119 2366 3177 Emmanuelem'
2424 3120 2594 3172 vocari
2655 3135 2818 3187 posse.
2898 3119 3339 3181 Quemadmodum
3402 3122 3535 3174 idem

1962 3192 2131 3246 Isaias
2159 3210 2271 3261 cap.
2305 3191 2648 3263 Ipradixerat
2677 3190 2739 3263 de
2765 3187 3092 3263 Ierusalem:
3132 3189 3259 3242 Post
3307 3193 3413 3242 hac
3450 3206 3537 3244 vo-

1958 3266 2157 3317 caberis
2183 3259 2357 3315 civitas
2377 3262 2527 3330 justi,
2558 3260 2674 3312 urbs
2714 3260 2897 3324 ﬁdelis.
2926 3259 3046 3330 on
3066 3263 3273 3327 quodeo
3295 3277 3534 3325 umquam

1960 3335 2163 3386 nomine
2182 3328 2407 3385 vocanda
2435 3340 2589 3399 esset,
2614 3331 2701 3382 sed
2725 3331 2861 3398 quod
2892 3328 3013 3381 talis
3033 3331 3227 3399 futura,
3261 3340 3313 3382 ut
3341 3331 3411 3399 ita
3434 3347 3537 3382 me-

1960 3404 2059 3455 rito
2084 3404 2253 3455 uocari
2309 3410 2495 3470 posset.
2546 3398 2613 3451 Et
2659 3401 2721 3451 de
2752 3399 2950 3452 Christo
2993 3398 3105 3467 ipso
3184 3401 3316 3450 idem
3370 3398 3536 3452 Isaias

1959 3474 2109 3539 dixit,
2144 3490 2258 3529 can.
2291 3487 2366 3533 Ix,
2399 3474 2506 3540 fore
2533 3479 2588 3521 ut
2617 3479 2880 3522 vocaretur
2903 3486 3079 3521 nomen
3106 3470 3216 3537 ejus
3242 3469 3535 3521 Admirabi-

1958 3543 2043 3606 lis,
2068 3542 2409 3606 consiliarius,
2440 3540 2600 3601 Deus,
2631 3542 2798 3607 fortis,
2822 3552 2965 3609 pater
2982 3540 3147 3604 futuri
3173 3540 3369 3595 saculi.
3394 3541 3535 3608 prin-

1957 3629 2071 3677 ceps
2093 3615 2264 3682 pacis;
2297 3628 2400 3682 non
2418 3612 2552 3676 quod
2581 3620 2653 3663 tot
2702 3612 2930 3669 nomina.
2959 3609 3049 3662 sed
3077 3610 3214 3682 quod
3242 3619 3312 3660 tot
3336 3626 3413 3662 res
3442 3616 3535 3661 ha-

1958 3677 2148 3735 biturus
2178 3693 2327 3735 esset.
2361 3681 2423 3734 Et
2478 3682 2727 3733 Jeremias
2755 3697 2868 3749 cap.
2905 3694 3033 3732 χχιιι
3071 3677 3094 3730 εί
3117 3677 3233 3731 Hoc
3252 3689 3328 3749 _e_st
3354 3696 3536 3732 nomen

1956 3755 2093 3822 quod
2114 3753 2363 3805 vocabunt
2395 3766 2526 3812 eum,
2562 3747 2824 3802 Dominus
2824 3753 3000 3822 justus
3024 3761 3211 3822 noster.
3251 3747 3378 3800 Vere
3399 3750 3536 3822 enim

1958 3817 2190 3875 Christus
2224 3822 2471 3873 Dominus
2488 3822 2662 3885 justus
2691 3817 2858 3871 noster
2880 3819 2996 3883 fuit.
3031 3817 3157 3885 Vere
3185 3833 3378 3885 quoque
3410 3817 3537 3869 Em-

1958 3894 2179 3949 manuel.
2211 3892 2348 3959 quod
2377 3900 2453 3942 est
2491 3884 2774 3939 nobiscum
2822 3886 2982 3939 Deus.
3014 3884 3125 3959 “Ita
3178 3884 3536 3956 evangelistam

1958 3962 2123 4013 locum
2148 3956 2304 4012 Isaia
2329 3958 2653 4021 intellexisse,
2683 3972 2745 4009 ex
2787 3972 2846 4009 eo
2885 3956 3208 4019 manifestum
3257 3966 3349 4015 est,
3399 3959 3535 4022 quod

1957 4047 2074 4084 cum
2101 4030 2355 4083 dixisset:
2399 4028 2610 4082 Vocabis
2658 4043 2838 4078 nomen
2889 4024 3250 4095 ejtteresum,
3287 4027 3435 4093 quasi
3480 4037 3537 4081 ut

1961 4100 2194 4164 probaret
2216 4102 2287 4151 ita
2315 4100 2483 4154 vocari
2525 4098 2772 4159 debuisse,
2822 4095 2976 4149 Isaia
3011 4094 3179 4148 locum
3214 4097 3398 4149 indixit
3426 4111 3445 4150 :
3472 4096 3538 4152 Et

1958 4171 2219 4223 vocabitur
2237 4188 2417 4222 nomen
2437 4171 2545 4235 eius
2583 4167 2886 4221 Emmanuel
2937 4164 3070 4236 (Isa.
3096 4168 3223 4237 vn)._
3238 4164 3383 4219 Idem
3415 4185 3537 4237 ergo

1960 4251 2031 4292 est
2050 4239 2203 4293 Iesus
2230 4250 2275 4293 et
2308 4239 2632 4299 Emmanuel,
2663 4254 2763 4289 non
2802 4235 2952 4299 sono,
2981 4247 3033 4287 ut
3073 4237 3142 4288 ait
3185 4235 3531 4291 Tertullianus

1962 4310 2172 4382 (Contra
2197 4309 2409 4382 Judaos
2447 4325 2563 4382 cap.
2590 4308 2674 4377 9),
2705 4307 2796 4382 sed
2831 4305 3163 4382 sensu..Esse
3203 4307 3334 4382 enim
3375 4304 3538 4361 Deum

1960 4374 2242 4439 nobiscum.
2270 4379 2406 4450 quod
2460 4374 2825 4450 Emmanuelis,
2871 4386 2945 4428 est
2982 4374 3163 4450 _De_u_m
3211 4374 3536 4450 Salinatorem

1959 4465 2066 4503 esse
2090 4444 2341 4515 nostrum,
2373 4451 2506 4516 quod
2537 4448 2739 4500 nomine
2775 4447 2902 4500 Iesu
2948 4445 3288 4515 signiﬁcatur.
3323 4444 3534 4501 llucus-

1962 4535 2069 4590 que
2098 4520 2433 4590 Malduuatus
2453 4520 2633 4590 paucis
2658 4516 3001 4590 internussis.

2034 4599 2057 4664 ξ’
2088 4589 2295 4664 Nempe
2311 4584 2506 4643 nomen
2529 4588 2675 4652 Jcsu,
2702 4588 2841 4664 quod
2880 4595 3110 4664 vocatum
3136 4595 3209 4638 est
3245 4584 3307 4639 ab
3352 4585 3535 4664 angelo

1960 4654 2257 4730 priusquam
2279 4660 2332 4711 in
2379 4654 2940 4730 ut_ero_conciperett_tr.
2978 4654 3209 4730 Necesse
3238 4664 3311 4709 est
3367 4654 3537 4725 utique

1962 4726 2057 4781 hoc
2082 4726 2381 4782 vocabulum
2413 4728 2630 4781 hominis
2655 4727 2830 4796 fuisse,
2865 4726 2914 4779 id
2940 4736 3043 4791 est,
3087 4726 3325 4796 Christo
3349 4734 3409 4778 ut
3441 4736 3538 4796 tto-

282 4796 593 4866 videantur.
619 4796 1336 4866 JesussonatSalvatorem;
1389 4797 1724 4865 Emmanuel,
1760 4814 1858 4853 no-
1891 4799 1939 4857 D
1965 4798 2093 4850 mini
2126 4799 2472 4859 attributum;
2506 4794 2887 4866 illud'(nempe
2913 4796 3249 4865 Emmanuel)
3291 4794 3534 4848 divinita-

283 4864 493 4918 biscum
524 4867 683 4920 Deus.
718 4865 798 4920 Ad
841 4867 941 4920 hoc
970 4879 1147 4920 autem
1182 4868 1275 4919 luit
1310 4867 1583 4920 nobiscum
1629 4864 1770 4923 Deus
1804 4879 1860 4924 ut

283 4949 388 4987 nos
436 4937 612 4990 salvus
641 4939 857 4990 laceret.
886 4936 1024 4990 Nihil
1062 4951 1189 5003 ergo
1216 4935 1357 4988 aliud
1394 4937 1674 5003 signiﬁcat,
1721 4939 1863 4994 Deus

280 5015 380 5074 est
414 5006 714 5065 nobiscum.
745 5022 923 5074 quam,
962 5006 1102 5061 Deus
1128 5006 1373 5062 Salvator
1400 5017 1582 5059 noster
1604 5016 1707 5060 est.

357 5072 383 5109 ἀ
419 5074 605 5143 Tangit
632 5072 987 5143 objectionem
1046 5075 1331 5141 quamdam
1374 5090 1494 5144 qua:
1514 5077 1580 5129 de
1630 5076 1732 5132 hoc
1765 5095 1863 5134 no-

284 5144 435 5197 mine
461 5145 768 5200 Emmanuel
801 5146 1004 5201 moveri
1052 5156 1251 5214 posset,
1291 5147 1560 5213 quomodo
1588 5147 1751 5202 Isaias
1781 5152 1863 5202 di-

282 5216 431 5266 xerit
471 5215 763 5269 vocaudum
821 5216 1243 5289 Emtnanuelent,
1298 5233 1417 5270 cum
1476 5217 1527 5269 in
1561 5217 1864 5289 Evangeliis

284 5299 550 5355 nusquam
582 5291 788 5353 legatur
815 5284 1059 5339 Christus
1104 5286 1207 5339 hoc
1258 5289 1475 5340 nomine
1531 5284 1864 5355 appellatus?

288 5353 440 5407 llanc
467 5357 816 5422 quaestionem
847 5358 1007 5411 etiam
1037 5366 1214 5410 movet
1238 5366 1293 5409 et
1334 5357 1491 5410 solvit
1530 5353 1861 5415 clarissimus

282 5424 504 5513 diaetae.
525 5425 867 5513 yelldonatus
916 5426 1208 5513 his'verbis
1239 5425 1503 5513 '(In'cap.
1530 5443 1545 5480 ι
1594 5427 1810 5513 Matth.)
1843 5449 1858 5486 :

286 5489 557 5568 Dubitabit
583 5497 771 5568 aliquis
810 5496 1063 5563 quomodo
1103 5489 1527 5568 angelus_Jesum
1554 5501 1725 5553 vocari
1781 5489 1863 5562 iu-

286 5564 420 5627 beat,
446 5580 561 5620 cum
582 5564 750 5621 Isaias
774 5568 960 5621 dixerit
986 5568 1267 5620 vocandum
1317 5565 1699 5621 Emmanuelem
1722 5571 1746 5625 ἰ)
1794 5570 1861 5623 Id

287 5635 431 5688 nobis
460 5636 652 5703 Iudaei,
682 5647 736 5690 nt
769 5638 981 5703 probent
1024 5636 1171 5691 illam
1213 5640 1265 5690 in
1300 5636 1504 5691 Christo
1542 5641 1862 5706 prophetiam

289 5722 404 5785 non.
438 5711 720 5785 convenire,
754 5707 915 5761 solent
938 5708 1177 5779 objicere.
1211 5708 1315 5763 Sed
1353 5709 1477 5785 satis
1525 5711 1726 5785 capiere
1754 5727 1862 5785 pro

282 5778 431 5828 nobis
466 5780 580 5847 jam
609 5778 696 5831 diu
733 5787 915 5833 veteres
945 5778 1175 5835 auctores
1205 5778 1591 5849 responderunt
1628 5778 1861 5834 Justinus

1967 4868 2051 4935 tis,
2086 4867 2137 4921 id
2168 4876 2270 4929 est,
2293 4866 2509 4921 Christo
2535 4866 2713 4920 utDeo
2733 4870 3043 4928 convenire,
3070 4874 3125 4920 ut
3146 4880 3241 4934 per
3256 4878 3315 4919 se
3345 4874 3533 4931 sonat;

1969 4937 2194 5008 proinde
2209 4937 2481 4991 Christum
2503 4944 2560 4991 et
2585 4951 2764 4991 verum
2815 4936 3086 5008 hominem
3106 4946 3168 5008 et
3197 4950 3377 5008 verum
3415 4950 3536 5008 esse

1973 5004 2158 5074 Deum,
2188 5009 2311 5078 quia
2344 5023 2448 5078 non
2480 5008 2581 5060 alia
2611 5016 2691 5078 est
2719 5020 2945 5078 persona
2992 5006 3174 5078 Verbi,
3225 5004 3336 5078 alia
3359 5005 3537 5078 homi-

1970 5081 2075 5150 nis,
2106 5074 2331 5133 sed'una
2355 5077 2649 5150 eademque
2671 5077 2721 5129 in
2752 5077 2959 5131 duabus
2983 5074 3410 5150 naturis._divina
3438 5075 3539 5125 Lu-

1971 5144 2249 5215 maiiaque,
2282 5144 2619 5212 subsistens;
2647 5161 2805 5215 quam
2839 5162 3080 5215 persona
3137 5144 3394 5215 unitatem
3444 5159 3537 5199 ne-

1968 5213 2202 5275 cessario
2248 5218 2593 5288 consequitur
2646 5213 2955 5271 idiomatum
3007 5230 3099 5269 seu
3151 5213 3534 5288 proprietatum

1968 5292 2247 5359 utriusque
2276 5283 2482 5345 natura:
2502 5290 2933 5359 communicatio,
2984 5295 3043 5337 ut
3070 5298 3444 5359 quacumque
3472 5283 3540 5337 de

1969 5352 2182 5416 Christo
2237 5360 2346 5414 Deo
2372 5374 2497 5414 vere
2543 5368 2597 5414 et
2632 5358 2847 5427 pr0prie
2889 5352 3168 5427 dicuntttr,
3232 5353 3301 5406 de
3344 5352 3535 5407 eodem

1966 5431 2182 5485 Christo
2204 5430 2420 5483 homine
2447 5444 2574 5484 vere
2592 5425 2914 5498 proni-ieque
2952 5425 3220 5498 dicantur,
3242 5435 3297 5478 et
3328 5433 3537 5477 contra.

1969 5500 2118 5555 Unde
2131 5503 2264 5553 sicut
2278 5499 2541 5554 catholico
2553 5495 2651 5552 con
2661 5499 2870 5553 titemur
2882 5509 3040 5550 unum
3055 5495 3410 5563 eamdemque
3421 5507 3542 5547 esse

1969 5572 2135 5625 Deum
2166 5578 2221 5623 et
2237 5568 2529 5631 hominem.
2572 5568 2769 5622 Filium
2808 5568 2898 5619 Dei
2921 5572 2973 5620 et
3000 5564 3163 5619 tilium
3190 5564 3444 5627 hominis,
3467 5564 3538 5616 ita

1969 5640 2212 5693 conﬁteri
2236 5641 2525 5695 debeamus
2539 5636 2785 5691 eumdem
2807 5650 2926 5689 esse
2944 5636 3342 5690 Emmanuelem
3366 5649 3395 5688 a
3418 5646 3541 5701 pro.

1969 5713 2129 5781 pheta
2156 5712 2487 5780 pradictum,
2504 5719 2557 5765 et
2575 5708 2757 5764 Jesum
2786 5706 2839 5761 in
2864 5704 3157 5778 Evangelio
3186 5705 3537 5762 nominatum.

3556 936 3579 1085 l

3562 1088 3574 1109 ς
