  <div class='ocr_page' id='page_1' title='image "/cluster/home/n/w/nwhite01/storage/ocr_20150623/50/hvd.32044096580717/027.png"; bbox 0 0 4040 6182; ppageno 0'>
   <div class='ocr_carea' id='block_1_1' title="bbox 499 312 2062 382">
    <p class='ocr_par' dir='ltr' id='par_1_1' title="bbox 499 312 2062 370">
     <span class='ocr_line' id='line_1_1' title="bbox 499 312 2062 370; baseline -0.001 -1"><span class='ocrx_word' id='word_1_1' title='bbox 499 313 566 369; x_wconf 72' lang='grc'><strong>39</strong></span> <span class='ocrx_word' id='word_1_2' title='bbox 1817 312 2062 370; x_wconf 78' lang='lat' dir='ltr'><strong><em>JOANNI:</em></strong></span> 
     </span>
    </p>
   </div>
   <div class='ocr_carea' id='block_1_2' title="bbox 2166 312 3740 382">
    <p class='ocr_par' dir='ltr' id='par_1_2' title="bbox 2166 316 3740 382">
     <span class='ocr_line' id='line_1_2' title="bbox 2166 316 3740 382; baseline 0.009 -14"><span class='ocrx_word' id='word_1_3' title='bbox 2166 316 2442 373; x_wconf 69' lang='lat' dir='ltr'><strong><em>LASSIANI</em></strong></span> <span class='ocrx_word' id='word_1_4' title='bbox 3681 326 3740 382; x_wconf 73' lang='grc' dir='ltr'>ιο</span> 
     </span>
    </p>
   </div>
   <div class='ocr_carea' id='block_1_3' title="bbox 497 421 3743 500">
    <p class='ocr_par' dir='ltr' id='par_1_3' title="bbox 497 421 3743 500">
     <span class='ocr_line' id='line_1_3' title="bbox 497 421 3743 500; baseline 0 -11"><span class='ocrx_word' id='word_1_5' title='bbox 497 434 637 490; x_wconf 87' lang='lat' dir='ltr'><strong><em>idem</em></strong></span> <span class='ocrx_word' id='word_1_6' title='bbox 669 430 924 500; x_wconf 84' lang='lat' dir='ltr'><strong><em>prepheta</em></strong></span> <span class='ocrx_word' id='word_1_7' title='bbox 953 421 1081 483; x_wconf 86' lang='lat' dir='ltr'><strong><em>alibi</em></strong></span> <span class='ocrx_word' id='word_1_8' title='bbox 1114 426 1318 480; x_wconf 79' lang='lat' dir='ltr'><strong><em>:Fitius</em></strong></span> <span class='ocrx_word' id='word_1_9' title='bbox 1343 432 1490 478; x_wconf 86' lang='lat' dir='ltr'><strong><em>natus</em></strong></span> <span class='ocrx_word' id='word_1_10' title='bbox 1513 431 1582 477; x_wconf 86' lang='lat' dir='ltr'><strong><em>est</em></strong></span> <span class='ocrx_word' id='word_1_11' title='bbox 1626 423 1790 486; x_wconf 87' lang='lat' dir='ltr'><strong><em>nobis,</em></strong></span> <span class='ocrx_word' id='word_1_12' title='bbox 1824 434 2068 494; x_wconf 70' lang='lat' dir='ltr'><strong><em>paruulus</em></strong></span> <span class='ocrx_word' id='word_1_13' title='bbox 2097 435 2147 493; x_wconf 75' lang='grc' dir='ltr'><strong>Α</strong></span> <span class='ocrx_word' id='word_1_14' title='bbox 2175 437 2225 482; x_wconf 89' lang='lat' dir='ltr'><strong><em>te</em></strong></span> <span class='ocrx_word' id='word_1_15' title='bbox 2247 427 2534 482; x_wconf 81' lang='lat' dir='ltr'><strong><em>conferas?</em></strong></span> <span class='ocrx_word' id='word_1_16' title='bbox 2565 436 2716 495; x_wconf 83' lang='lat' dir='ltr'><strong><em>septa</em></strong></span> <span class='ocrx_word' id='word_1_17' title='bbox 2749 429 2823 481; x_wconf 86' lang='lat' dir='ltr'><strong><em>et‘</em></strong></span> <span class='ocrx_word' id='word_1_18' title='bbox 2844 427 3098 484; x_wconf 85' lang='lat' dir='ltr'><strong><em>conclusa</em></strong></span> <span class='ocrx_word' id='word_1_19' title='bbox 3137 439 3260 485; x_wconf 88' lang='lat' dir='ltr'><strong><em>sunt</em></strong></span> <span class='ocrx_word' id='word_1_20' title='bbox 3283 433 3488 500; x_wconf 82' lang='lat' dir='ltr'><strong><em>omnia,</em></strong></span> <span class='ocrx_word' id='word_1_21' title='bbox 3518 449 3626 490; x_wconf 89' lang='lat' dir='ltr'><strong><em>non</em></strong></span> <span class='ocrx_word' id='word_1_22' title='bbox 3665 445 3743 490; x_wconf 84' lang='lat' dir='ltr'><strong><em>est</em></strong></span> 
     </span>
    </p>
   </div>
   <div class='ocr_carea' id='block_1_4' title="bbox 495 515 2066 588">
    <p class='ocr_par' dir='ltr' id='par_1_4' title="bbox 495 515 2066 588">
     <span class='ocr_line' id='line_1_4' title="bbox 495 515 2066 588; baseline -0.004 -14"><span class='ocrx_word' id='word_1_23' title='bbox 495 525 647 576; x_wconf 80' lang='lat' dir='ltr'><strong><em>datus</em></strong></span> <span class='ocrx_word' id='word_1_24' title='bbox 667 529 739 574; x_wconf 90' lang='lat' dir='ltr'><strong><em>est</em></strong></span> <span class='ocrx_word' id='word_1_25' title='bbox 771 519 933 583; x_wconf 90' lang='lat' dir='ltr'><strong><em>nobis,</em></strong></span> <span class='ocrx_word' id='word_1_26' title='bbox 954 520 1100 588; x_wconf 80' lang='lat' dir='ltr'><strong><em>cujus</em></strong></span> <span class='ocrx_word' id='word_1_27' title='bbox 1126 515 1446 586; x_wconf 75' lang='lat' dir='ltr'><strong><em>principatus</em></strong></span> <span class='ocrx_word' id='word_1_28' title='bbox 1461 529 1614 582; x_wconf 89' lang='lat' dir='ltr'><strong><em>super</em></strong></span> <span class='ocrx_word' id='word_1_29' title='bbox 1638 516 1902 566; x_wconf 79' lang='lat' dir='ltr'><strong><em>humerum</em></strong></span> <span class='ocrx_word' id='word_1_30' title='bbox 1931 517 2066 584; x_wconf 90' lang='lat' dir='ltr'><strong><em>ejus,</em></strong></span> 
     </span>
    </p>
   </div>
   <div class='ocr_carea' id='block_1_5' title="bbox 495 605 2066 677">
    <p class='ocr_par' dir='ltr' id='par_1_5' title="bbox 495 605 2066 677">
     <span class='ocr_line' id='line_1_5' title="bbox 495 605 2066 677; baseline -0.006 -11"><span class='ocrx_word' id='word_1_31' title='bbox 495 622 542 665; x_wconf 89' lang='lat' dir='ltr'><strong><em>et</em></strong></span> <span class='ocrx_word' id='word_1_32' title='bbox 570 611 831 664; x_wconf 79' lang='lat' dir='ltr'><strong><em>vocabitur</em></strong></span> <span class='ocrx_word' id='word_1_33' title='bbox 845 622 1024 660; x_wconf 81' lang='lat' dir='ltr'><strong><em>nomen</em></strong></span> <span class='ocrx_word' id='word_1_34' title='bbox 1045 609 1156 675; x_wconf 86' lang='lat' dir='ltr'><strong><em>ejus</em></strong></span> <span class='ocrx_word' id='word_1_35' title='bbox 1168 606 1340 677; x_wconf 79' lang='lat' dir='ltr'><strong><em>magni</em></strong></span> <span class='ocrx_word' id='word_1_36' title='bbox 1361 605 1561 658; x_wconf 76' lang='lat' dir='ltr'><strong><em>consilii</em></strong></span> <span class='ocrx_word' id='word_1_37' title='bbox 1580 606 1790 676; x_wconf 81' lang='lat' dir='ltr'><strong><em>angelus</em></strong></span> <span class='ocrx_word' id='word_1_38' title='bbox 1811 646 1825 668; x_wconf 88' lang='lat'><strong><em>,</em></strong></span> <span class='ocrx_word' id='word_1_39' title='bbox 1853 613 1877 640; x_wconf 80' lang='grc'><strong>⁸</strong></span> <span class='ocrx_word' id='word_1_40' title='bbox 1908 605 2066 670; x_wconf 90' lang='lat' dir='ltr'><strong><em>Deus,</em></strong></span> 
     </span>
    </p>
   </div>
   <div class='ocr_carea' id='block_1_6' title="bbox 495 692 2067 770">
    <p class='ocr_par' dir='ltr' id='par_1_6' title="bbox 495 692 2067 770">
     <span class='ocr_line' id='line_1_6' title="bbox 495 692 2067 770; baseline -0.003 -16"><span class='ocrx_word' id='word_1_41' title='bbox 495 703 665 770; x_wconf 81' lang='lat' dir='ltr'><strong><em>fortis,</em></strong></span> <span class='ocrx_word' id='word_1_42' title='bbox 716 709 858 766; x_wconf 86' lang='lat' dir='ltr'><strong><em>pater</em></strong></span> <span class='ocrx_word' id='word_1_43' title='bbox 888 697 1045 765; x_wconf 76' lang='lat' dir='ltr'><strong><em>futuri</em></strong></span> <span class='ocrx_word' id='word_1_44' title='bbox 1093 695 1288 760; x_wconf 71' lang='lat' dir='ltr'><strong><em>secuti,</em></strong></span> <span class='ocrx_word' id='word_1_45' title='bbox 1341 695 1577 764; x_wconf 81' lang='lat' dir='ltr'><strong><em>princeps</em></strong></span> <span class='ocrx_word' id='word_1_46' title='bbox 1629 696 1770 763; x_wconf 84' lang='lat' dir='ltr'><strong><em>pacis</em></strong></span> <span class='ocrx_word' id='word_1_47' title='bbox 1799 692 1935 766; x_wconf 84' lang='lat' dir='ltr'><strong><em>(lsa.</em></strong></span> <span class='ocrx_word' id='word_1_48' title='bbox 1963 696 2067 765; x_wconf 84' lang='lat' dir='ltr'><strong><em>Ix).</em></strong></span> 
     </span>
    </p>
   </div>
   <div class='ocr_carea' id='block_1_7' title="bbox 494 784 2070 856">
    <p class='ocr_par' dir='ltr' id='par_1_7' title="bbox 494 784 2070 856">
     <span class='ocr_line' id='line_1_7' title="bbox 494 784 2070 856; baseline -0.004 -11"><span class='ocrx_word' id='word_1_49' title='bbox 494 792 644 845; x_wconf 78' lang='lat' dir='ltr'><strong><em>Sicut</em></strong></span> <span class='ocrx_word' id='word_1_50' title='bbox 668 788 917 856; x_wconf 87' lang='lat' dir='ltr'><strong><em>superius</em></strong></span> <span class='ocrx_word' id='word_1_51' title='bbox 940 788 1118 854; x_wconf 79' lang='lat' dir='ltr'><strong><em>utique</em></strong></span> <span class='ocrx_word' id='word_1_52' title='bbox 1140 785 1436 838; x_wconf 88' lang='lat' dir='ltr'><strong><em>vocandum</em></strong></span> <span class='ocrx_word' id='word_1_53' title='bbox 1462 799 1583 838; x_wconf 90' lang='lat' dir='ltr'><strong><em>eum</em></strong></span> <span class='ocrx_word' id='word_1_54' title='bbox 1609 784 1924 838; x_wconf 83' lang='lat' dir='ltr'><strong><em>Emmanuel</em></strong></span> <span class='ocrx_word' id='word_1_55' title='bbox 1949 799 2070 854; x_wconf 84' lang='lat' dir='ltr'><strong><em>pro-</em></strong></span> 
     </span>
    </p>
   </div>
   <div class='ocr_carea' id='block_1_8' title="bbox 495 875 2070 951">
    <p class='ocr_par' dir='ltr' id='par_1_8' title="bbox 495 875 2070 951">
     <span class='ocr_line' id='line_1_8' title="bbox 495 875 2070 951; baseline -0.003 -18"><span class='ocrx_word' id='word_1_56' title='bbox 495 881 653 951; x_wconf 86' lang='lat' dir='ltr'><strong><em>pheta</em></strong></span> <span class='ocrx_word' id='word_1_57' title='bbox 685 881 915 944; x_wconf 80' lang='lat' dir='ltr'><strong><em>dixerat,</em></strong></span> <span class='ocrx_word' id='word_1_58' title='bbox 946 878 1015 931; x_wconf 84' lang='lat' dir='ltr'><strong><em>ita</em></strong></span> <span class='ocrx_word' id='word_1_59' title='bbox 1045 877 1131 930; x_wconf 87' lang='lat' dir='ltr'><strong><em>hic</em></strong></span> <span class='ocrx_word' id='word_1_60' title='bbox 1153 875 1449 930; x_wconf 86' lang='lat' dir='ltr'><strong><em>vocandum</em></strong></span> <span class='ocrx_word' id='word_1_61' title='bbox 1477 890 1597 929; x_wconf 91' lang='lat' dir='ltr'><strong><em>eum</em></strong></span> <span class='ocrx_word' id='word_1_62' title='bbox 1629 884 1684 930; x_wconf 92' lang='lat' dir='ltr'><strong><em>et</em></strong></span> <span class='ocrx_word' id='word_1_63' title='bbox 1732 875 1909 945; x_wconf 80' lang='lat' dir='ltr'><strong>magni</strong></span> <span class='ocrx_word' id='word_1_64' title='bbox 1933 890 2070 930; x_wconf 37' lang='lat' dir='ltr'><strong><em>con».</em></strong></span> 
     </span>
    </p>
   </div>
   <div class='ocr_carea' id='block_1_9' title="bbox 493 964 2068 1034">
    <p class='ocr_par' dir='ltr' id='par_1_9' title="bbox 493 964 2068 1034">
     <span class='ocr_line' id='line_1_9' title="bbox 493 964 2068 1034; baseline -0.004 -8"><span class='ocrx_word' id='word_1_65' title='bbox 493 970 598 1026; x_wconf 86' lang='lat' dir='ltr'><strong><em>silii</em></strong></span> <span class='ocrx_word' id='word_1_66' title='bbox 631 971 895 1032; x_wconf 89' lang='lat' dir='ltr'><strong><em>nuntium,</em></strong></span> <span class='ocrx_word' id='word_1_67' title='bbox 927 975 980 1020; x_wconf 88' lang='lat' dir='ltr'><strong><em>et</em></strong></span> <span class='ocrx_word' id='word_1_68' title='bbox 1002 967 1187 1030; x_wconf 88' lang='lat' dir='ltr'><strong><em>Deum,</em></strong></span> <span class='ocrx_word' id='word_1_69' title='bbox 1221 967 1432 1031; x_wconf 87' lang='lat' dir='ltr'><strong><em>fortem,</em></strong></span> <span class='ocrx_word' id='word_1_70' title='bbox 1465 974 1518 1019; x_wconf 91' lang='lat' dir='ltr'><strong><em>et</em></strong></span> <span class='ocrx_word' id='word_1_71' title='bbox 1552 973 1755 1034; x_wconf 81' lang='lat' dir='ltr'><strong>patrem</strong></span> <span class='ocrx_word' id='word_1_72' title='bbox 1781 964 1940 1019; x_wconf 86' lang='lat' dir='ltr'><strong><em>futuri</em></strong></span> <span class='ocrx_word' id='word_1_73' title='bbox 1966 980 2068 1020; x_wconf 75' lang='lat' dir='ltr'><strong><em>sa:-</em></strong></span> 
     </span>
    </p>
   </div>
   <div class='ocr_carea' id='block_1_10' title="bbox 493 1055 2067 1129">
    <p class='ocr_par' dir='ltr' id='par_1_10' title="bbox 493 1055 2067 1129">
     <span class='ocr_line' id='line_1_10' title="bbox 493 1055 2067 1129; baseline -0.004 -12"><span class='ocrx_word' id='word_1_74' title='bbox 493 1062 624 1125; x_wconf 88' lang='lat' dir='ltr'><strong><em>culi,</em></strong></span> <span class='ocrx_word' id='word_1_75' title='bbox 651 1071 704 1114; x_wconf 92' lang='lat' dir='ltr'><strong><em>et</em></strong></span> <span class='ocrx_word' id='word_1_76' title='bbox 734 1061 876 1129; x_wconf 81' lang='lat' dir='ltr'><strong><em>pacis</em></strong></span> <span class='ocrx_word' id='word_1_77' title='bbox 905 1059 1198 1126; x_wconf 76' lang='lat' dir='ltr'><strong><em>principem</em></strong></span> <span class='ocrx_word' id='word_1_78' title='bbox 1227 1056 1379 1121; x_wconf 92' lang='lat' dir='ltr'><strong><em>dicit,</em></strong></span> <span class='ocrx_word' id='word_1_79' title='bbox 1405 1071 1526 1110; x_wconf 89' lang='lat' dir='ltr'><strong><em>cum</em></strong></span> <span class='ocrx_word' id='word_1_80' title='bbox 1553 1055 1735 1124; x_wconf 82' lang='lat' dir='ltr'><strong><em>utique</em></strong></span> <span class='ocrx_word' id='word_1_81' title='bbox 1777 1056 1924 1110; x_wconf 88' lang='lat' dir='ltr'><strong><em>nullo</em></strong></span> <span class='ocrx_word' id='word_1_82' title='bbox 1948 1055 2067 1110; x_wconf 92' lang='lat' dir='ltr'><strong><em>loco</em></strong></span> 
     </span>
    </p>
   </div>
   <div class='ocr_carea' id='block_1_11' title="bbox 497 1146 2068 1218">
    <p class='ocr_par' dir='ltr' id='par_1_11' title="bbox 497 1146 2068 1218">
     <span class='ocr_line' id='line_1_11' title="bbox 497 1146 2068 1218; baseline -0.004 -13"><span class='ocrx_word' id='word_1_83' title='bbox 497 1166 620 1206; x_wconf 84' lang='lat' dir='ltr'><strong><em>eum</em></strong></span> <span class='ocrx_word' id='word_1_84' title='bbox 652 1151 704 1203; x_wconf 91' lang='lat' dir='ltr'><strong><em>in</em></strong></span> <span class='ocrx_word' id='word_1_85' title='bbox 764 1147 1065 1218; x_wconf 86' lang='lat' dir='ltr'><strong><em>Evangeliis</em></strong></span> <span class='ocrx_word' id='word_1_86' title='bbox 1113 1156 1359 1200; x_wconf 88' lang='lat' dir='ltr'><strong><em>vocatum</em></strong></span> <span class='ocrx_word' id='word_1_87' title='bbox 1405 1146 1485 1199; x_wconf 89' lang='lat' dir='ltr'><strong><em>his</em></strong></span> <span class='ocrx_word' id='word_1_88' title='bbox 1537 1147 1840 1200; x_wconf 90' lang='lat' dir='ltr'><strong><em>nominibus</em></strong></span> <span class='ocrx_word' id='word_1_89' title='bbox 1876 1147 2068 1216; x_wconf 83' lang='lat' dir='ltr'><strong><em>legeri-</em></strong></span> 
     </span>
    </p>
   </div>
   <div class='ocr_carea' id='block_1_12' title="bbox 494 1235 2066 1307">
    <p class='ocr_par' dir='ltr' id='par_1_12' title="bbox 494 1235 2066 1307">
     <span class='ocr_line' id='line_1_12' title="bbox 494 1235 2066 1307; baseline -0.003 -11"><span class='ocrx_word' id='word_1_90' title='bbox 494 1258 610 1296; x_wconf 76' lang='lat' dir='ltr'><strong><em>mus</em></strong></span> <span class='ocrx_word' id='word_1_91' title='bbox 635 1257 651 1306; x_wconf 88' lang='lat'><strong>;</strong></span> <span class='ocrx_word' id='word_1_92' title='bbox 677 1249 732 1293; x_wconf 90' lang='lat' dir='ltr'><strong><em>ut</em></strong></span> <span class='ocrx_word' id='word_1_93' title='bbox 757 1239 1119 1307; x_wconf 85' lang='lat' dir='ltr'><strong><em>intelligamus</em></strong></span> <span class='ocrx_word' id='word_1_94' title='bbox 1141 1237 1348 1291; x_wconf 85' lang='lat' dir='ltr'><strong><em>scilicet</em></strong></span> <span class='ocrx_word' id='word_1_95' title='bbox 1376 1235 1404 1274; x_wconf 69' lang='grc' dir='ltr'>δ</span> <span class='ocrx_word' id='word_1_96' title='bbox 1437 1251 1539 1290; x_wconf 92' lang='lat' dir='ltr'><strong><em>non</em></strong></span> <span class='ocrx_word' id='word_1_97' title='bbox 1589 1237 1766 1290; x_wconf 89' lang='lat' dir='ltr'><strong><em>carnis</em></strong></span> <span class='ocrx_word' id='word_1_98' title='bbox 1793 1252 1912 1290; x_wconf 84' lang='lat' dir='ltr'><strong><em>esse</em></strong></span> <span class='ocrx_word' id='word_1_99' title='bbox 1953 1238 2066 1292; x_wconf 70' lang='lat' dir='ltr'><strong><em>hmc</em></strong></span> 
     </span>
    </p>
   </div>
   <div class='ocr_carea' id='block_1_13' title="bbox 494 1326 2066 1405">
    <p class='ocr_par' dir='ltr' id='par_1_13' title="bbox 494 1326 2066 1405">
     <span class='ocr_line' id='line_1_13' title="bbox 494 1326 2066 1405; baseline -0.002 -20"><span class='ocrx_word' id='word_1_100' title='bbox 494 1331 771 1405; x_wconf 72' lang='lat' dir='ltr'><strong><em>vocabula,</em></strong></span> <span class='ocrx_word' id='word_1_101' title='bbox 802 1329 895 1382; x_wconf 89' lang='lat' dir='ltr'><strong><em>sed</em></strong></span> <span class='ocrx_word' id='word_1_102' title='bbox 927 1328 1222 1382; x_wconf 69' lang='lat' dir='ltr'><strong><em>divinitatis</em></strong></span> <span class='ocrx_word' id='word_1_103' title='bbox 1257 1344 1271 1381; x_wconf 91' lang='lat'><strong>:</strong></span> <span class='ocrx_word' id='word_1_104' title='bbox 1302 1335 1461 1396; x_wconf 86' lang='lat' dir='ltr'><strong><em>atque</em></strong></span> <span class='ocrx_word' id='word_1_105' title='bbox 1498 1326 1626 1380; x_wconf 82' lang='lat' dir='ltr'><strong><em>illud</em></strong></span> <span class='ocrx_word' id='word_1_106' title='bbox 1679 1327 1730 1379; x_wconf 93' lang='lat' dir='ltr'><strong><em>in</em></strong></span> <span class='ocrx_word' id='word_1_107' title='bbox 1765 1327 2066 1396; x_wconf 82' lang='lat' dir='ltr'><strong><em>Evangeliis</em></strong></span> 
     </span>
    </p>
   </div>
   <div class='ocr_carea' id='block_1_14' title="bbox 498 1418 2069 1490">
    <p class='ocr_par' dir='ltr' id='par_1_14' title="bbox 498 1418 2069 1490">
     <span class='ocr_line' id='line_1_14' title="bbox 498 1418 2069 1490; baseline -0.002 -12"><span class='ocrx_word' id='word_1_108' title='bbox 498 1435 521 1465; x_wconf 72' lang='grc' dir='ltr'><strong>ο</strong></span> <span class='ocrx_word' id='word_1_109' title='bbox 555 1441 745 1478; x_wconf 81' lang='lat' dir='ltr'><strong><em>nomen</em></strong></span> <span class='ocrx_word' id='word_1_110' title='bbox 777 1438 898 1478; x_wconf 86' lang='lat' dir='ltr'><strong><em>esse</em></strong></span> <span class='ocrx_word' id='word_1_111' title='bbox 929 1423 1160 1476; x_wconf 89' lang='lat' dir='ltr'><strong><em>hominis</em></strong></span> <span class='ocrx_word' id='word_1_112' title='bbox 1181 1421 1439 1490; x_wconf 77' lang='lat' dir='ltr'><strong><em>suscepti,</em></strong></span> <span class='ocrx_word' id='word_1_113' title='bbox 1495 1421 1598 1476; x_wconf 92' lang='lat' dir='ltr'><strong><em>hoc</em></strong></span> <span class='ocrx_word' id='word_1_114' title='bbox 1645 1418 1671 1457; x_wconf 75' lang='grc' dir='ltr'>ἀ</span> <span class='ocrx_word' id='word_1_115' title='bbox 1698 1422 1946 1489; x_wconf 71' lang='lat' dir='ltr'><strong><em>ingenita:</em></strong></span> <span class='ocrx_word' id='word_1_116' title='bbox 1974 1435 2069 1490; x_wconf 84' lang='lat' dir='ltr'><strong><em>po-</em></strong></span> 
     </span>
    </p>
   </div>
   <div class='ocr_carea' id='block_1_15' title="bbox 494 1511 2064 1582">
    <p class='ocr_par' dir='ltr' id='par_1_15' title="bbox 494 1511 2064 1582">
     <span class='ocr_line' id='line_1_15' title="bbox 494 1511 2064 1582; baseline -0.004 -13"><span class='ocrx_word' id='word_1_117' title='bbox 494 1517 728 1569; x_wconf 79' lang='lat' dir='ltr'><strong><em>testatis.</em></strong></span> <span class='ocrx_word' id='word_1_118' title='bbox 777 1523 801 1551; x_wconf 80' lang='grc'><strong><em>⁸</em></strong></span> <span class='ocrx_word' id='word_1_119' title='bbox 833 1515 899 1568; x_wconf 83' lang='grc' dir='ltr'>Ει</span> <span class='ocrx_word' id='word_1_120' title='bbox 922 1512 1044 1582; x_wconf 85' lang='lat' dir='ltr'><strong><em>quia</em></strong></span> <span class='ocrx_word' id='word_1_121' title='bbox 1074 1513 1370 1565; x_wconf 79' lang='lat' dir='ltr'><strong><em>nasciturus</em></strong></span> <span class='ocrx_word' id='word_1_122' title='bbox 1409 1513 1460 1564; x_wconf 91' lang='lat' dir='ltr'><strong><em>in</em></strong></span> <span class='ocrx_word' id='word_1_123' title='bbox 1493 1511 1706 1565; x_wconf 85' lang='lat' dir='ltr'><strong><em>homine</em></strong></span> <span class='ocrx_word' id='word_1_124' title='bbox 1757 1512 1898 1566; x_wconf 89' lang='lat' dir='ltr'><strong><em>Deus</em></strong></span> <span class='ocrx_word' id='word_1_125' title='bbox 1929 1522 2064 1578; x_wconf 87' lang='lat' dir='ltr'><strong><em>erat,</em></strong></span> 
     </span>
    </p>
   </div>
   <div class='ocr_carea' id='block_1_16' title="bbox 494 1603 2068 1674">
    <p class='ocr_par' dir='ltr' id='par_1_16' title="bbox 494 1603 2068 1674">
     <span class='ocr_line' id='line_1_16' title="bbox 494 1603 2068 1674; baseline 0 -14"><span class='ocrx_word' id='word_1_126' title='bbox 494 1609 568 1661; x_wconf 84' lang='lat' dir='ltr'><strong><em>ita</em></strong></span> <span class='ocrx_word' id='word_1_127' title='bbox 596 1606 944 1674; x_wconf 88' lang='lat' dir='ltr'><strong><em>nominaipsa</em></strong></span> <span class='ocrx_word' id='word_1_128' title='bbox 986 1621 1082 1674; x_wconf 91' lang='lat' dir='ltr'><strong><em>per</em></strong></span> <span class='ocrx_word' id='word_1_129' title='bbox 1120 1603 1572 1674; x_wconf 76' lang='lat' dir='ltr'><strong><em>dispensationem</em></strong></span> <span class='ocrx_word' id='word_1_130' title='bbox 1635 1618 1842 1658; x_wconf 83' lang='lat' dir='ltr'><strong><em>sacram</em></strong></span> <span class='ocrx_word' id='word_1_131' title='bbox 1901 1603 2068 1660; x_wconf 87' lang='lat' dir='ltr'><strong><em>fuisse</em></strong></span> 
     </span>
    </p>
   </div>
   <div class='ocr_carea' id='block_1_17' title="bbox 495 1693 2068 1760">
    <p class='ocr_par' dir='ltr' id='par_1_17' title="bbox 495 1693 2068 1760">
     <span class='ocr_line' id='line_1_17' title="bbox 495 1693 2068 1760; baseline -0.001 -12"><span class='ocrx_word' id='word_1_132' title='bbox 495 1699 688 1760; x_wconf 84' lang='lat' dir='ltr'><strong><em>divisa,</em></strong></span> <span class='ocrx_word' id='word_1_133' title='bbox 721 1707 779 1750; x_wconf 88' lang='lat' dir='ltr'><strong><em>ut</em></strong></span> <span class='ocrx_word' id='word_1_134' title='bbox 808 1706 862 1749; x_wconf 90' lang='lat' dir='ltr'><strong><em>ct</em></strong></span> <span class='ocrx_word' id='word_1_135' title='bbox 884 1697 1028 1749; x_wconf 84' lang='lat' dir='ltr'><strong><em>carni</em></strong></span> <span class='ocrx_word' id='word_1_136' title='bbox 1059 1694 1287 1748; x_wconf 80' lang='lat' dir='ltr'><strong><em>hominis</em></strong></span> <span class='ocrx_word' id='word_1_137' title='bbox 1305 1709 1500 1748; x_wconf 90' lang='lat' dir='ltr'><strong><em>nomen</em></strong></span> <span class='ocrx_word' id='word_1_138' title='bbox 1538 1693 1764 1759; x_wconf 88' lang='lat' dir='ltr'><strong><em>inderel,</em></strong></span> <span class='ocrx_word' id='word_1_139' title='bbox 1791 1703 1844 1748; x_wconf 90' lang='lat' dir='ltr'><strong><em>et</em></strong></span> <span class='ocrx_word' id='word_1_140' title='bbox 1874 1694 2068 1748; x_wconf 87' lang='lat' dir='ltr'><strong><em>divini-</em></strong></span> 
     </span>
    </p>
   </div>
   <div class='ocr_carea' id='block_1_18' title="bbox 2172 518 3741 590">
    <p class='ocr_par' dir='ltr' id='par_1_18' title="bbox 2172 518 3741 590">
     <span class='ocr_line' id='line_1_18' title="bbox 2172 518 3741 590; baseline 0.006 -20"><span class='ocrx_word' id='word_1_141' title='bbox 2172 533 2400 587; x_wconf 90' lang='lat' dir='ltr'><strong><em>usquam</em></strong></span> <span class='ocrx_word' id='word_1_142' title='bbox 2444 519 2656 586; x_wconf 83' lang='lat' dir='ltr'><strong><em>penitus</em></strong></span> <span class='ocrx_word' id='word_1_143' title='bbox 2700 519 2937 572; x_wconf 87' lang='lat' dir='ltr'><strong><em>exeundi</em></strong></span> <span class='ocrx_word' id='word_1_144' title='bbox 2981 518 3152 574; x_wconf 85' lang='lat' dir='ltr'><strong><em>locus.</em></strong></span> <span class='ocrx_word' id='word_1_145' title='bbox 3199 520 3465 590; x_wconf 84' lang='lat' dir='ltr'><strong><em>Superest</em></strong></span> <span class='ocrx_word' id='word_1_146' title='bbox 3511 534 3569 578; x_wconf 86' lang='lat' dir='ltr'><strong><em>tit</em></strong></span> <span class='ocrx_word' id='word_1_147' title='bbox 3596 539 3741 580; x_wconf 89' lang='lat' dir='ltr'><strong><em>erro-</em></strong></span> 
     </span>
    </p>
   </div>
   <div class='ocr_carea' id='block_1_19' title="bbox 2170 609 3742 678">
    <p class='ocr_par' dir='ltr' id='par_1_19' title="bbox 2170 609 3742 678">
     <span class='ocr_line' id='line_1_19' title="bbox 2170 609 3742 678; baseline 0.005 -17"><span class='ocrx_word' id='word_1_148' title='bbox 2170 624 2284 662; x_wconf 86' lang='lat' dir='ltr'><strong><em>rem</em></strong></span> <span class='ocrx_word' id='word_1_149' title='bbox 2312 622 2468 675; x_wconf 88' lang='lat' dir='ltr'><strong><em>quem</em></strong></span> <span class='ocrx_word' id='word_1_150' title='bbox 2507 609 2752 661; x_wconf 81' lang='lat' dir='ltr'><strong><em>voluntas</em></strong></span> <span class='ocrx_word' id='word_1_151' title='bbox 2784 609 2957 662; x_wconf 84' lang='lat' dir='ltr'><strong><em>noluit</em></strong></span> <span class='ocrx_word' id='word_1_152' title='bbox 2989 609 3316 678; x_wconf 89' lang='lat' dir='ltr'><strong><em>intelligere,</em></strong></span> <span class='ocrx_word' id='word_1_153' title='bbox 3372 613 3587 668; x_wconf 76' lang='lat' dir='ltr'><strong><em>laudern</em></strong></span> <span class='ocrx_word' id='word_1_154' title='bbox 3617 613 3742 669; x_wconf 83' lang='lat' dir='ltr'><strong><em>inci-</em></strong></span> 
     </span>
    </p>
   </div>
   <div class='ocr_carea' id='block_1_20' title="bbox 2169 698 3742 768">
    <p class='ocr_par' dir='ltr' id='par_1_20' title="bbox 2169 698 3742 768">
     <span class='ocr_line' id='line_1_20' title="bbox 2169 698 3742 768; baseline 0.005 -16"><span class='ocrx_word' id='word_1_155' title='bbox 2169 699 2282 768; x_wconf 89' lang='lat' dir='ltr'><strong><em>piat</em></strong></span> <span class='ocrx_word' id='word_1_156' title='bbox 2330 698 2416 752; x_wconf 87' lang='lat' dir='ltr'><strong><em>vel</em></strong></span> <span class='ocrx_word' id='word_1_157' title='bbox 2465 700 2758 754; x_wconf 86' lang='lat' dir='ltr'><strong><em>necessitas</em></strong></span> <span class='ocrx_word' id='word_1_158' title='bbox 2803 699 3068 753; x_wconf 87' lang='lat' dir='ltr'><strong><em>confiteri.</em></strong></span> <span class='ocrx_word' id='word_1_159' title='bbox 3113 701 3218 756; x_wconf 87' lang='lat' dir='ltr'><strong><em>Sed</em></strong></span> <span class='ocrx_word' id='word_1_160' title='bbox 3262 718 3365 755; x_wconf 92' lang='lat' dir='ltr'><strong><em>non</em></strong></span> <span class='ocrx_word' id='word_1_161' title='bbox 3394 705 3631 759; x_wconf 85' lang='lat' dir='ltr'><strong><em>contenti</em></strong></span> <span class='ocrx_word' id='word_1_162' title='bbox 3663 705 3742 760; x_wconf 87' lang='lat' dir='ltr'><strong><em>his</em></strong></span> 
     </span>
    </p>
   </div>
   <div class='ocr_carea' id='block_1_21' title="bbox 2169 788 3739 865">
    <p class='ocr_par' dir='ltr' id='par_1_21' title="bbox 2169 788 3739 865">
     <span class='ocr_line' id='line_1_21' title="bbox 2169 788 3739 865; baseline 0.009 -27"><span class='ocrx_word' id='word_1_163' title='bbox 2169 805 2289 859; x_wconf 66' lang='lat' dir='ltr'><strong><em>quae</em></strong></span> <span class='ocrx_word' id='word_1_164' title='bbox 2327 788 2623 856; x_wconf 80' lang='lat' dir='ltr'><strong><em>subiciunt,</em></strong></span> <span class='ocrx_word' id='word_1_165' title='bbox 2671 789 2799 860; x_wconf 87' lang='lat' dir='ltr'><strong><em>quid</em></strong></span> <span class='ocrx_word' id='word_1_166' title='bbox 2838 791 3001 845; x_wconf 91' lang='lat' dir='ltr'><strong><em>etiam</em></strong></span> <span class='ocrx_word' id='word_1_167' title='bbox 3070 807 3167 861; x_wconf 89' lang='lat' dir='ltr'><strong><em>per</em></strong></span> <span class='ocrx_word' id='word_1_168' title='bbox 3216 793 3379 848; x_wconf 90' lang='lat' dir='ltr'><strong><em>alium</em></strong></span> <span class='ocrx_word' id='word_1_169' title='bbox 3429 799 3739 865; x_wconf 76' lang='lat' dir='ltr'><strong><em>prophetam</em></strong></span> 
     </span>
    </p>
   </div>
   <div class='ocr_carea' id='block_1_22' title="bbox 2170 879 3741 958">
    <p class='ocr_par' dir='ltr' id='par_1_22' title="bbox 2170 879 3741 958">
     <span class='ocr_line' id='line_1_22' title="bbox 2170 879 3741 958; baseline 0.006 -24"><span class='ocrx_word' id='word_1_170' title='bbox 2170 879 2401 946; x_wconf 87' lang='lat' dir='ltr'><strong><em>Spiritus</em></strong></span> <span class='ocrx_word' id='word_1_171' title='bbox 2425 893 2643 935; x_wconf 85' lang='lat' dir='ltr'><strong><em>sanctus</em></strong></span> <span class='ocrx_word' id='word_1_172' title='bbox 2663 881 2861 936; x_wconf 76' lang='lat' dir='ltr'><strong><em>dixerit</em></strong></span> <span class='ocrx_word' id='word_1_173' title='bbox 2882 881 3251 952; x_wconf 86' lang='lat' dir='ltr'><strong><em>inquiramus:</em></strong></span> <span class='ocrx_word' id='word_1_174' title='bbox 3287 883 3304 922; x_wconf 71' lang='grc' dir='ltr'><em>τ</em></span> <span class='ocrx_word' id='word_1_175' title='bbox 3339 885 3400 941; x_wconf 91' lang='lat' dir='ltr'><strong><em>Si</em></strong></span> <span class='ocrx_word' id='word_1_176' title='bbox 3437 887 3636 958; x_wconf 70' lang='lat' dir='ltr'><strong><em>aﬁiget,</em></strong></span> <span class='ocrx_word' id='word_1_177' title='bbox 3666 890 3741 942; x_wconf 87' lang='lat' dir='ltr'><strong><em>in-</em></strong></span> 
     </span>
    </p>
   </div>
   <div class='ocr_carea' id='block_1_23' title="bbox 2169 970 3735 1046">
    <p class='ocr_par' dir='ltr' id='par_1_23' title="bbox 2169 970 3735 1046">
     <span class='ocr_line' id='line_1_23' title="bbox 2169 970 3735 1046; baseline 0.006 -22"><span class='ocrx_word' id='word_1_178' title='bbox 2169 972 2304 1040; x_wconf 88' lang='lat' dir='ltr'><strong><em>quit,</em></strong></span> <span class='ocrx_word' id='word_1_179' title='bbox 2336 970 2489 1025; x_wconf 84' lang='lat' dir='ltr'><strong><em>Itomo</em></strong></span> <span class='ocrx_word' id='word_1_180' title='bbox 2515 972 2676 1025; x_wconf 83' lang='lat' dir='ltr'><strong><em>Deum</em></strong></span> <span class='ocrx_word' id='word_1_181' title='bbox 2699 989 2868 1041; x_wconf 87' lang='lat' dir='ltr'><strong><em>suum,</em></strong></span> <span class='ocrx_word' id='word_1_182' title='bbox 2895 975 3018 1043; x_wconf 88' lang='lat' dir='ltr'><strong><em>quia</em></strong></span> <span class='ocrx_word' id='word_1_183' title='bbox 3044 989 3129 1028; x_wconf 76' lang='lat' dir='ltr'><strong><em>vos</em></strong></span> <span class='ocrx_word' id='word_1_184' title='bbox 3154 976 3357 1046; x_wconf 68' lang='lat' dir='ltr'><strong><em>aﬁigitis</em></strong></span> <span class='ocrx_word' id='word_1_185' title='bbox 3381 993 3460 1032; x_wconf 92' lang='lat' dir='ltr'><strong><em>me</em></strong></span> <span class='ocrx_word' id='word_1_186' title='bbox 3489 977 3735 1046; x_wconf 79' lang='lat' dir='ltr'><strong><em>(Maiach.</em></strong></span> 
     </span>
    </p>
   </div>
   <div class='ocr_carea' id='block_1_24' title="bbox 2170 1064 3736 1137">
    <p class='ocr_par' dir='ltr' id='par_1_24' title="bbox 2170 1064 3736 1137">
     <span class='ocr_line' id='line_1_24' title="bbox 2170 1064 3736 1137; baseline 0.004 -20"><span class='ocrx_word' id='word_1_187' title='bbox 2170 1065 2286 1134; x_wconf 86' lang='lat' dir='ltr'><strong><em>ut)?</em></strong></span> <span class='ocrx_word' id='word_1_188' title='bbox 2316 1073 2372 1117; x_wconf 91' lang='lat' dir='ltr'><strong><em>ut</em></strong></span> <span class='ocrx_word' id='word_1_189' title='bbox 2401 1064 2732 1119; x_wconf 85' lang='lat' dir='ltr'><strong><em>evidentiora</em></strong></span> <span class='ocrx_word' id='word_1_190' title='bbox 2762 1064 2947 1134; x_wconf 88' lang='lat' dir='ltr'><strong><em>utique</em></strong></span> <span class='ocrx_word' id='word_1_191' title='bbox 2976 1065 3166 1120; x_wconf 76' lang='lat' dir='ltr'><strong><em>fierent</em></strong></span> <span class='ocrx_word' id='word_1_192' title='bbox 3191 1083 3311 1136; x_wconf 72' lang='lat' dir='ltr'><strong><em>quae</em></strong></span> <span class='ocrx_word' id='word_1_193' title='bbox 3342 1069 3736 1137; x_wconf 86' lang='lat' dir='ltr'><strong><em>prephetaban-</em></strong></span> 
     </span>
    </p>
   </div>
   <div class='ocr_carea' id='block_1_25' title="bbox 2172 1155 3740 1228">
    <p class='ocr_par' dir='ltr' id='par_1_25' title="bbox 2172 1155 3740 1228">
     <span class='ocr_line' id='line_1_25' title="bbox 2172 1155 3740 1228; baseline 0.006 -21"><span class='ocrx_word' id='word_1_194' title='bbox 2172 1164 2278 1221; x_wconf 85' lang='lat' dir='ltr'><strong><em>tur,</em></strong></span> <span class='ocrx_word' id='word_1_195' title='bbox 2302 1156 2443 1225; x_wconf 87' lang='lat' dir='ltr'><strong><em>quod</em></strong></span> <span class='ocrx_word' id='word_1_196' title='bbox 2474 1156 2540 1210; x_wconf 86' lang='lat' dir='ltr'><strong><em>de</em></strong></span> <span class='ocrx_word' id='word_1_197' title='bbox 2570 1155 2818 1222; x_wconf 80' lang='lat' dir='ltr'><strong><em>passione</em></strong></span> <span class='ocrx_word' id='word_1_198' title='bbox 2849 1156 3054 1210; x_wconf 82' lang='lat' dir='ltr'><strong><em>Domini</em></strong></span> <span class='ocrx_word' id='word_1_199' title='bbox 3104 1158 3274 1212; x_wconf 88' lang='lat' dir='ltr'><strong><em>nostri</em></strong></span> <span class='ocrx_word' id='word_1_200' title='bbox 3306 1159 3564 1228; x_wconf 84' lang='lat' dir='ltr'><strong><em>prapheta</em></strong></span> <span class='ocrx_word' id='word_1_201' title='bbox 3603 1161 3740 1216; x_wconf 89' lang='lat' dir='ltr'><strong><em>ceci-</em></strong></span> 
     </span>
    </p>
   </div>
   <div class='ocr_carea' id='block_1_26' title="bbox 2172 1245 3740 1321">
    <p class='ocr_par' dir='ltr' id='par_1_26' title="bbox 2172 1245 3740 1321">
     <span class='ocr_line' id='line_1_26' title="bbox 2172 1245 3740 1321; baseline 0.005 -23"><span class='ocrx_word' id='word_1_202' title='bbox 2172 1245 2271 1310; x_wconf 87' lang='lat' dir='ltr'><strong><em>nit,</em></strong></span> <span class='ocrx_word' id='word_1_203' title='bbox 2302 1245 2454 1315; x_wconf 88' lang='lat' dir='ltr'><strong><em>quasi</em></strong></span> <span class='ocrx_word' id='word_1_204' title='bbox 2485 1245 2650 1314; x_wconf 75' lang='lat' dir='ltr'><strong><em>ipsius</em></strong></span> <span class='ocrx_word' id='word_1_205' title='bbox 2673 1245 2742 1300; x_wconf 89' lang='lat' dir='ltr'><strong><em>de</em></strong></span> <span class='ocrx_word' id='word_1_206' title='bbox 2768 1260 2874 1315; x_wconf 90' lang='lat' dir='ltr'><strong><em>quo</em></strong></span> <span class='ocrx_word' id='word_1_207' title='bbox 2906 1246 3230 1301; x_wconf 89' lang='lat' dir='ltr'><strong><em>dicebatore</em></strong></span> <span class='ocrx_word' id='word_1_208' title='bbox 3260 1249 3506 1316; x_wconf 77' lang='lat' dir='ltr'><strong><em>prtedixit</em></strong></span> <span class='ocrx_word' id='word_1_209' title='bbox 3531 1267 3543 1301; x_wconf 93' lang='lat'>:</span> <span class='ocrx_word' id='word_1_210' title='bbox 3579 1249 3643 1305; x_wconf 88' lang='lat' dir='ltr'><strong><em>Si</em></strong></span> <span class='ocrx_word' id='word_1_211' title='bbox 3660 1256 3740 1321; x_wconf 80' lang='lat' dir='ltr'><strong><em>af-</em></strong></span> 
     </span>
    </p>
   </div>
   <div class='ocr_carea' id='block_1_27' title="bbox 2169 1335 3738 1408">
    <p class='ocr_par' dir='ltr' id='par_1_27' title="bbox 2169 1335 3738 1408">
     <span class='ocr_line' id='line_1_27' title="bbox 2169 1335 3738 1408; baseline 0.006 -20"><span class='ocrx_word' id='word_1_212' title='bbox 2169 1336 2290 1405; x_wconf 77' lang='lat' dir='ltr'><strong><em>ﬁget</em></strong></span> <span class='ocrx_word' id='word_1_213' title='bbox 2311 1335 2461 1388; x_wconf 81' lang='lat' dir='ltr'><strong><em>homo</em></strong></span> <span class='ocrx_word' id='word_1_214' title='bbox 2486 1335 2646 1388; x_wconf 87' lang='lat' dir='ltr'><strong><em>Deum</em></strong></span> <span class='ocrx_word' id='word_1_215' title='bbox 2671 1351 2840 1402; x_wconf 82' lang='lat' dir='ltr'><strong><em>suum,</em></strong></span> <span class='ocrx_word' id='word_1_216' title='bbox 2864 1337 2984 1404; x_wconf 83' lang='lat' dir='ltr'><strong><em>quia</em></strong></span> <span class='ocrx_word' id='word_1_217' title='bbox 3012 1352 3095 1390; x_wconf 83' lang='lat' dir='ltr'><strong><em>ros</em></strong></span> <span class='ocrx_word' id='word_1_218' title='bbox 3148 1337 3349 1408; x_wconf 79' lang='lat' dir='ltr'><strong><em>a/ﬁgitis</em></strong></span> <span class='ocrx_word' id='word_1_219' title='bbox 3389 1355 3467 1391; x_wconf 89' lang='lat' dir='ltr'><strong><em>me</em></strong></span> <span class='ocrx_word' id='word_1_220' title='bbox 3487 1341 3512 1393; x_wconf 73' lang='grc' dir='ltr'><em>ξ)</em></span> <span class='ocrx_word' id='word_1_221' title='bbox 3557 1340 3738 1397; x_wconf 84' lang='lat' dir='ltr'><strong><em>Nonne</em></strong></span> 
     </span>
    </p>
   </div>
   <div class='ocr_carea' id='block_1_28' title="bbox 2171 1425 3738 1499">
    <p class='ocr_par' dir='ltr' id='par_1_28' title="bbox 2171 1425 3738 1499">
     <span class='ocr_line' id='line_1_28' title="bbox 2171 1425 3738 1499; baseline 0.006 -21"><span class='ocrx_word' id='word_1_222' title='bbox 2171 1426 2288 1492; x_wconf 84' lang='lat' dir='ltr'><strong><em>tibi,</em></strong></span> <span class='ocrx_word' id='word_1_223' title='bbox 2319 1440 2522 1496; x_wconf 71' lang='lat' dir='ltr'><strong><em>qumso,</em></strong></span> <span class='ocrx_word' id='word_1_224' title='bbox 2549 1426 2749 1481; x_wconf 82' lang='lat' dir='ltr'><strong><em>dixisse</em></strong></span> <span class='ocrx_word' id='word_1_225' title='bbox 2785 1425 2887 1480; x_wconf 90' lang='lat' dir='ltr'><strong><em>hoc</em></strong></span> <span class='ocrx_word' id='word_1_226' title='bbox 2916 1427 3168 1482; x_wconf 86' lang='lat' dir='ltr'><strong><em>Dominus</em></strong></span> <span class='ocrx_word' id='word_1_227' title='bbox 3198 1427 3346 1482; x_wconf 84' lang='lat' dir='ltr'><strong><em>Deus</em></strong></span> <span class='ocrx_word' id='word_1_228' title='bbox 3377 1440 3560 1485; x_wconf 88' lang='lat' dir='ltr'><strong><em>noster</em></strong></span> <span class='ocrx_word' id='word_1_229' title='bbox 3588 1433 3738 1499; x_wconf 87' lang='lat' dir='ltr'><strong><em>quasi</em></strong></span> 
     </span>
    </p>
   </div>
   <div class='ocr_carea' id='block_1_29' title="bbox 2171 1517 3740 1591">
    <p class='ocr_par' dir='ltr' id='par_1_29' title="bbox 2171 1517 3740 1591">
     <span class='ocr_line' id='line_1_29' title="bbox 2171 1517 3740 1591; baseline 0.002 -18"><span class='ocrx_word' id='word_1_230' title='bbox 2171 1519 2237 1573; x_wconf 85' lang='lat' dir='ltr'><strong><em>ad</em></strong></span> <span class='ocrx_word' id='word_1_231' title='bbox 2277 1533 2494 1573; x_wconf 87' lang='lat' dir='ltr'><strong><em>crucem</em></strong></span> <span class='ocrx_word' id='word_1_232' title='bbox 2518 1517 2711 1572; x_wconf 88' lang='lat' dir='ltr'><strong><em>ductus</em></strong></span> <span class='ocrx_word' id='word_1_233' title='bbox 2751 1519 2990 1573; x_wconf 86' lang='lat' dir='ltr'><strong><em>videtur?</em></strong></span> <span class='ocrx_word' id='word_1_234' title='bbox 3018 1517 3145 1582; x_wconf 84' lang='lat' dir='ltr'><strong><em>Cur,</em></strong></span> <span class='ocrx_word' id='word_1_235' title='bbox 3181 1535 3382 1587; x_wconf 68' lang='lat' dir='ltr'><strong><em>qumso,</em></strong></span> <span class='ocrx_word' id='word_1_236' title='bbox 3421 1520 3740 1591; x_wconf 79' lang='lat' dir='ltr'><strong><em>Redempto-</em></strong></span> 
     </span>
    </p>
   </div>
   <div class='ocr_carea' id='block_1_30' title="bbox 2172 1609 3736 1679">
    <p class='ocr_par' dir='ltr' id='par_1_30' title="bbox 2172 1609 3736 1679">
     <span class='ocr_line' id='line_1_30' title="bbox 2172 1609 3736 1679; baseline 0.001 -14"><span class='ocrx_word' id='word_1_237' title='bbox 2172 1626 2284 1665; x_wconf 89' lang='lat' dir='ltr'><strong><em>rem</em></strong></span> <span class='ocrx_word' id='word_1_238' title='bbox 2307 1621 2540 1665; x_wconf 90' lang='lat' dir='ltr'><strong><em>vestrum</em></strong></span> <span class='ocrx_word' id='word_1_239' title='bbox 2569 1625 2652 1664; x_wconf 91' lang='lat' dir='ltr'><strong><em>me</em></strong></span> <span class='ocrx_word' id='word_1_240' title='bbox 2674 1624 2778 1663; x_wconf 91' lang='lat' dir='ltr'><strong><em>non</em></strong></span> <span class='ocrx_word' id='word_1_241' title='bbox 2817 1611 3140 1679; x_wconf 78' lang='lat' dir='ltr'><strong><em>agnoscitis?</em></strong></span> <span class='ocrx_word' id='word_1_242' title='bbox 3165 1609 3272 1665; x_wconf 88' lang='lat' dir='ltr'><strong><em>Cur</em></strong></span> <span class='ocrx_word' id='word_1_243' title='bbox 3298 1611 3466 1666; x_wconf 91' lang='lat' dir='ltr'><strong><em>Deum</em></strong></span> <span class='ocrx_word' id='word_1_244' title='bbox 3496 1613 3736 1667; x_wconf 88' lang='lat' dir='ltr'><strong><em>indutum</em></strong></span> 
     </span>
    </p>
   </div>
   <div class='ocr_carea' id='block_1_31' title="bbox 2171 1699 3740 1769">
    <p class='ocr_par' dir='ltr' id='par_1_31' title="bbox 2171 1699 3740 1769">
     <span class='ocr_line' id='line_1_31' title="bbox 2171 1699 3740 1769; baseline 0.003 -17"><span class='ocrx_word' id='word_1_245' title='bbox 2171 1715 2267 1769; x_wconf 92' lang='lat' dir='ltr'><strong><em>pro</em></strong></span> <span class='ocrx_word' id='word_1_246' title='bbox 2309 1699 2460 1754; x_wconf 80' lang='lat' dir='ltr'><strong><em>vobis</em></strong></span> <span class='ocrx_word' id='word_1_247' title='bbox 2510 1713 2672 1752; x_wconf 89' lang='lat' dir='ltr'><strong><em>carne</em></strong></span> <span class='ocrx_word' id='word_1_248' title='bbox 2719 1699 2977 1754; x_wconf 75' lang='lat' dir='ltr'><strong><em>nescitis?</em></strong></span> <span class='ocrx_word' id='word_1_249' title='bbox 3028 1700 3292 1754; x_wconf 84' lang='lat' dir='ltr'><strong><em>Salvatori</em></strong></span> <span class='ocrx_word' id='word_1_250' title='bbox 3327 1711 3504 1755; x_wconf 85' lang='lat' dir='ltr'><strong><em>vestro</em></strong></span> <span class='ocrx_word' id='word_1_251' title='bbox 3552 1716 3740 1756; x_wconf 87' lang='lat' dir='ltr'><strong><em>necem</em></strong></span> 
     </span>
    </p>
   </div>
   <div class='ocr_carea' id='block_1_32' title="bbox 494 1785 3742 1857">
    <p class='ocr_par' dir='ltr' id='par_1_32' title="bbox 494 1785 3742 1857">
     <span class='ocr_line' id='line_1_32' title="bbox 494 1785 3742 1857; baseline 0.002 -17"><span class='ocrx_word' id='word_1_252' title='bbox 494 1790 588 1840; x_wconf 87' lang='lat' dir='ltr'><strong><em>tati</em></strong></span> <span class='ocrx_word' id='word_1_253' title='bbox 616 1787 728 1839; x_wconf 93' lang='lat' dir='ltr'><strong><em>Dei.</em></strong></span> <span class='ocrx_word' id='word_1_254' title='bbox 773 1785 1042 1838; x_wconf 83' lang='lat' dir='ltr'><strong><em>Vocabitur</em></strong></span> <span class='ocrx_word' id='word_1_255' title='bbox 1070 1801 1221 1851; x_wconf 74' lang='lat' dir='ltr'><strong><em>ergo,</em></strong></span> <span class='ocrx_word' id='word_1_256' title='bbox 1257 1785 1447 1853; x_wconf 89' lang='lat' dir='ltr'><strong><em>inqttit,</em></strong></span> <span class='ocrx_word' id='word_1_257' title='bbox 1486 1786 1656 1854; x_wconf 86' lang='lat' dir='ltr'><strong><em>magni</em></strong></span> <span class='ocrx_word' id='word_1_258' title='bbox 1681 1785 1882 1839; x_wconf 83' lang='lat' dir='ltr'><strong><em>consilii</em></strong></span> <span class='ocrx_word' id='word_1_259' title='bbox 1930 1802 2064 1838; x_wconf 87' lang='lat' dir='ltr'><strong><em>nun-</em></strong></span> <span class='ocrx_word' id='word_1_260' title='bbox 2099 1795 2141 1852; x_wconf 80' lang='grc' dir='ltr'>Β</span> <span class='ocrx_word' id='word_1_261' title='bbox 2175 1790 2414 1857; x_wconf 79' lang='lat' dir='ltr'><strong><em>paratis?</em></strong></span> <span class='ocrx_word' id='word_1_262' title='bbox 2449 1799 2719 1844; x_wconf 76' lang='lat' dir='ltr'><strong><em>auctorem</em></strong></span> <span class='ocrx_word' id='word_1_263' title='bbox 2751 1789 2874 1843; x_wconf 71' lang='lat' dir='ltr'><strong><em>vitm</em></strong></span> <span class='ocrx_word' id='word_1_264' title='bbox 2925 1789 2991 1843; x_wconf 85' lang='lat' dir='ltr'><strong><em>ad</em></strong></span> <span class='ocrx_word' id='word_1_265' title='bbox 3045 1799 3269 1845; x_wconf 86' lang='lat' dir='ltr'><strong><em>mortem</em></strong></span> <span class='ocrx_word' id='word_1_266' title='bbox 3319 1792 3552 1845; x_wconf 83' lang='lat' dir='ltr'><strong><em>ducitis?</em></strong></span> <span class='ocrx_word' id='word_1_267' title='bbox 3601 1793 3742 1847; x_wconf 90' lang='lat' dir='ltr'><strong><em>Deus</em></strong></span> 
     </span>
    </p>
   </div>
   <div class='ocr_carea' id='block_1_33' title="bbox 494 1874 2062 1945">
    <p class='ocr_par' dir='ltr' id='par_1_33' title="bbox 494 1874 2062 1945">
     <span class='ocr_line' id='line_1_33' title="bbox 494 1874 2062 1945; baseline -0.001 -17"><span class='ocrx_word' id='word_1_268' title='bbox 494 1879 616 1939; x_wconf 86' lang='lat' dir='ltr'><strong><em>tius,</em></strong></span> <span class='ocrx_word' id='word_1_269' title='bbox 648 1874 806 1941; x_wconf 87' lang='lat' dir='ltr'><strong><em>Deus,</em></strong></span> <span class='ocrx_word' id='word_1_270' title='bbox 839 1876 1007 1944; x_wconf 78' lang='lat' dir='ltr'><strong><em>fortis,</em></strong></span> <span class='ocrx_word' id='word_1_271' title='bbox 1055 1886 1199 1945; x_wconf 90' lang='lat' dir='ltr'><strong><em>pater</em></strong></span> <span class='ocrx_word' id='word_1_272' title='bbox 1221 1875 1386 1945; x_wconf 76' lang='lat' dir='ltr'><strong><em>futuri</em></strong></span> <span class='ocrx_word' id='word_1_273' title='bbox 1415 1877 1610 1938; x_wconf 75' lang='lat' dir='ltr'><strong><em>swculi,</em></strong></span> <span class='ocrx_word' id='word_1_274' title='bbox 1653 1876 1888 1944; x_wconf 79' lang='lat' dir='ltr'><strong><em>princeps</em></strong></span> <span class='ocrx_word' id='word_1_275' title='bbox 1903 1876 2062 1940; x_wconf 83' lang='lat' dir='ltr'><strong><em>pacis.</em></strong></span> 
     </span>
    </p>
   </div>
   <div class='ocr_carea' id='block_1_34' title="bbox 494 1966 2067 2036">
    <p class='ocr_par' dir='ltr' id='par_1_34' title="bbox 494 1966 2067 2036">
     <span class='ocr_line' id='line_1_34' title="bbox 494 1966 2067 2036; baseline -0.001 -14"><span class='ocrx_word' id='word_1_276' title='bbox 494 1970 606 2022; x_wconf 81' lang='lat' dir='ltr'><strong><em>Non</em></strong></span> <span class='ocrx_word' id='word_1_277' title='bbox 639 1971 744 2029; x_wconf 79' lang='lat' dir='ltr'><strong><em>hic,</em></strong></span> <span class='ocrx_word' id='word_1_278' title='bbox 775 1969 1015 2036; x_wconf 75' lang='lat' dir='ltr'><strong><em>quisquis</em></strong></span> <span class='ocrx_word' id='word_1_279' title='bbox 1035 1983 1115 2029; x_wconf 86' lang='lat' dir='ltr'><strong><em>es,</em></strong></span> <span class='ocrx_word' id='word_1_280' title='bbox 1147 1983 1180 2021; x_wconf 93' lang='grc' dir='ltr'>ο</span> <span class='ocrx_word' id='word_1_281' title='bbox 1224 1967 1500 2031; x_wconf 70' lang='lat' dir='ltr'><strong><em>ltieretice,</em></strong></span> <span class='ocrx_word' id='word_1_282' title='bbox 1552 1982 1657 2020; x_wconf 91' lang='lat' dir='ltr'><strong><em>non</em></strong></span> <span class='ocrx_word' id='word_1_283' title='bbox 1696 1966 1780 2020; x_wconf 84' lang='lat' dir='ltr'><strong><em>hic</em></strong></span> <span class='ocrx_word' id='word_1_284' title='bbox 1809 1966 2067 2035; x_wconf 76' lang='lat' dir='ltr'><strong><em>propheta</em></strong></span> 
     </span>
    </p>
   </div>
   <div class='ocr_carea' id='block_1_35' title="bbox 493 2058 2065 2128">
    <p class='ocr_par' dir='ltr' id='par_1_35' title="bbox 493 2058 2065 2128">
     <span class='ocr_line' id='line_1_35' title="bbox 493 2058 2065 2128; baseline -0.003 -13"><span class='ocrx_word' id='word_1_285' title='bbox 493 2063 584 2115; x_wconf 89' lang='lat' dir='ltr'><strong><em>ille</em></strong></span> <span class='ocrx_word' id='word_1_286' title='bbox 609 2062 788 2114; x_wconf 83' lang='lat' dir='ltr'><strong><em>divino</em></strong></span> <span class='ocrx_word' id='word_1_287' title='bbox 810 2062 998 2128; x_wconf 82' lang='lat' dir='ltr'><strong><em>spiritu</em></strong></span> <span class='ocrx_word' id='word_1_288' title='bbox 1029 2060 1238 2127; x_wconf 87' lang='lat' dir='ltr'><strong><em>plenus,</em></strong></span> <span class='ocrx_word' id='word_1_289' title='bbox 1281 2059 1527 2126; x_wconf 84' lang='lat' dir='ltr'><strong><em>exemplo</em></strong></span> <span class='ocrx_word' id='word_1_290' title='bbox 1582 2058 1898 2112; x_wconf 88' lang='lat' dir='ltr'><strong><em>assertionis</em></strong></span> <span class='ocrx_word' id='word_1_291' title='bbox 1938 2066 2065 2122; x_wconf 66' lang='lat' dir='ltr'><strong><em>tute,</em></strong></span> 
     </span>
    </p>
   </div>
   <div class='ocr_carea' id='block_1_36' title="bbox 491 2150 2066 2222">
    <p class='ocr_par' dir='ltr' id='par_1_36' title="bbox 491 2150 2066 2222">
     <span class='ocr_line' id='line_1_36' title="bbox 491 2150 2066 2222; baseline -0.004 -14"><span class='ocrx_word' id='word_1_292' title='bbox 491 2155 638 2208; x_wconf 88' lang='lat' dir='ltr'><strong><em>illum</em></strong></span> <span class='ocrx_word' id='word_1_293' title='bbox 669 2154 756 2222; x_wconf 90' lang='lat' dir='ltr'><strong><em>qui</em></strong></span> <span class='ocrx_word' id='word_1_294' title='bbox 788 2161 944 2205; x_wconf 87' lang='lat' dir='ltr'><strong><em>natus</em></strong></span> <span class='ocrx_word' id='word_1_295' title='bbox 975 2161 1089 2217; x_wconf 61' lang='lat' dir='ltr'><strong><em>est,</em></strong></span> <span class='ocrx_word' id='word_1_296' title='bbox 1120 2152 1374 2205; x_wconf 77' lang='lat' dir='ltr'><strong><em>conflatili</em></strong></span> <span class='ocrx_word' id='word_1_297' title='bbox 1410 2160 1601 2205; x_wconf 78' lang='lat' dir='ltr'><strong><em>stature</em></strong></span> <span class='ocrx_word' id='word_1_298' title='bbox 1627 2160 1681 2204; x_wconf 89' lang='lat' dir='ltr'><strong><em>et</em></strong></span> <span class='ocrx_word' id='word_1_299' title='bbox 1709 2152 1963 2218; x_wconf 85' lang='lat' dir='ltr'><strong><em>figmento</em></strong></span> <span class='ocrx_word' id='word_1_300' title='bbox 1987 2150 2066 2202; x_wconf 81' lang='lat' dir='ltr'><strong><em>in-</em></strong></span> 
     </span>
    </p>
   </div>
   <div class='ocr_carea' id='block_1_37' title="bbox 491 2242 2065 2310">
    <p class='ocr_par' dir='ltr' id='par_1_37' title="bbox 491 2242 2065 2310">
     <span class='ocr_line' id='line_1_37' title="bbox 491 2242 2065 2310; baseline -0.003 -11"><span class='ocrx_word' id='word_1_301' title='bbox 491 2247 736 2299; x_wconf 77' lang='lat' dir='ltr'><strong><em>sensibili</em></strong></span> <span class='ocrx_word' id='word_1_302' title='bbox 764 2247 1119 2310; x_wconf 81' lang='lat' dir='ltr'><strong><em>comparavit.</em></strong></span> <span class='ocrx_word' id='word_1_303' title='bbox 1155 2242 1324 2295; x_wconf 81' lang='lat' dir='ltr'><strong><em>Filius</em></strong></span> <span class='ocrx_word' id='word_1_304' title='bbox 1346 2244 1520 2306; x_wconf 88' lang='lat' dir='ltr'><strong><em>enim,</em></strong></span> <span class='ocrx_word' id='word_1_305' title='bbox 1555 2243 1758 2309; x_wconf 88' lang='lat' dir='ltr'><strong><em>inquit,</em></strong></span> <span class='ocrx_word' id='word_1_306' title='bbox 1792 2251 1943 2294; x_wconf 79' lang='lat' dir='ltr'><strong><em>natus</em></strong></span> <span class='ocrx_word' id='word_1_307' title='bbox 1993 2251 2065 2295; x_wconf 86' lang='lat' dir='ltr'><strong><em>est</em></strong></span> 
     </span>
    </p>
   </div>
   <div class='ocr_carea' id='block_1_38' title="bbox 493 2333 2065 2406">
    <p class='ocr_par' dir='ltr' id='par_1_38' title="bbox 493 2333 2065 2406">
     <span class='ocr_line' id='line_1_38' title="bbox 493 2333 2065 2406; baseline -0.004 -16"><span class='ocrx_word' id='word_1_308' title='bbox 493 2339 660 2401; x_wconf 80' lang='lat' dir='ltr'><strong><em>nobis,</em></strong></span> <span class='ocrx_word' id='word_1_309' title='bbox 683 2337 926 2406; x_wconf 76' lang='lat' dir='ltr'><strong><em>parvulus</em></strong></span> <span class='ocrx_word' id='word_1_310' title='bbox 953 2336 1100 2386; x_wconf 86' lang='lat' dir='ltr'><strong><em>datus</em></strong></span> <span class='ocrx_word' id='word_1_311' title='bbox 1130 2343 1203 2386; x_wconf 82' lang='lat' dir='ltr'><strong><em>est</em></strong></span> <span class='ocrx_word' id='word_1_312' title='bbox 1229 2333 1392 2396; x_wconf 87' lang='lat' dir='ltr'><strong><em>nobis,</em></strong></span> <span class='ocrx_word' id='word_1_313' title='bbox 1446 2335 1591 2402; x_wconf 83' lang='lat' dir='ltr'><strong><em>cujus</em></strong></span> <span class='ocrx_word' id='word_1_314' title='bbox 1641 2333 1951 2400; x_wconf 66' lang='lat' dir='ltr'><strong><em>principatus</em></strong></span> <span class='ocrx_word' id='word_1_315' title='bbox 1981 2348 2065 2383; x_wconf 78' lang='lat' dir='ltr'><strong><em>su—</em></strong></span> 
     </span>
    </p>
   </div>
   <div class='ocr_carea' id='block_1_39' title="bbox 495 2422 2068 2494">
    <p class='ocr_par' dir='ltr' id='par_1_39' title="bbox 495 2422 2068 2494">
     <span class='ocr_line' id='line_1_39' title="bbox 495 2422 2068 2494; baseline -0.005 -15"><span class='ocrx_word' id='word_1_316' title='bbox 495 2442 582 2494; x_wconf 88' lang='lat' dir='ltr'><strong><em>per</em></strong></span> <span class='ocrx_word' id='word_1_317' title='bbox 611 2428 874 2477; x_wconf 67' lang='lat' dir='ltr'><strong><em>humerum</em></strong></span> <span class='ocrx_word' id='word_1_318' title='bbox 899 2427 1028 2493; x_wconf 85' lang='lat' dir='ltr'><strong><em>ejus,</em></strong></span> <span class='ocrx_word' id='word_1_319' title='bbox 1057 2431 1103 2474; x_wconf 84' lang='lat' dir='ltr'><strong><em>et</em></strong></span> <span class='ocrx_word' id='word_1_320' title='bbox 1128 2423 1385 2474; x_wconf 71' lang='lat' dir='ltr'><strong><em>vocabitur</em></strong></span> <span class='ocrx_word' id='word_1_321' title='bbox 1411 2438 1591 2473; x_wconf 85' lang='lat' dir='ltr'><strong><em>nomen</em></strong></span> <span class='ocrx_word' id='word_1_322' title='bbox 1614 2423 1725 2488; x_wconf 84' lang='lat' dir='ltr'><strong><em>ejus</em></strong></span> <span class='ocrx_word' id='word_1_323' title='bbox 1749 2422 1918 2490; x_wconf 81' lang='lat' dir='ltr'><strong><em>magni</em></strong></span> <span class='ocrx_word' id='word_1_324' title='bbox 1944 2435 2068 2472; x_wconf 84' lang='lat' dir='ltr'><strong><em>con-</em></strong></span> 
     </span>
    </p>
   </div>
   <div class='ocr_carea' id='block_1_40' title="bbox 489 2512 2066 2579">
    <p class='ocr_par' dir='ltr' id='par_1_40' title="bbox 489 2512 2066 2579">
     <span class='ocr_line' id='line_1_40' title="bbox 489 2512 2066 2579; baseline -0.003 -10"><span class='ocrx_word' id='word_1_325' title='bbox 489 2517 595 2570; x_wconf 61' lang='lat' dir='ltr'><strong><em>silii</em></strong></span> <span class='ocrx_word' id='word_1_326' title='bbox 626 2517 858 2578; x_wconf 84' lang='lat' dir='ltr'><strong><em>nuntius,</em></strong></span> <span class='ocrx_word' id='word_1_327' title='bbox 885 2512 1042 2576; x_wconf 84' lang='lat' dir='ltr'><strong><em>Deus,</em></strong></span> <span class='ocrx_word' id='word_1_328' title='bbox 1065 2513 1235 2579; x_wconf 75' lang='lat' dir='ltr'><strong><em>fortis.</em></strong></span> <span class='ocrx_word' id='word_1_329' title='bbox 1294 2512 1368 2565; x_wconf 84' lang='lat' dir='ltr'><strong><em>Ne</em></strong></span> <span class='ocrx_word' id='word_1_330' title='bbox 1396 2512 1539 2564; x_wconf 87' lang='lat' dir='ltr'><strong><em>hunc</em></strong></span> <span class='ocrx_word' id='word_1_331' title='bbox 1589 2527 1747 2579; x_wconf 88' lang='lat' dir='ltr'><strong><em>quem</em></strong></span> <span class='ocrx_word' id='word_1_332' title='bbox 1783 2512 2066 2564; x_wconf 84' lang='lat' dir='ltr'><strong><em>annuntia-</em></strong></span> 
     </span>
    </p>
   </div>
   <div class='ocr_carea' id='block_1_41' title="bbox 495 2603 2067 2673">
    <p class='ocr_par' dir='ltr' id='par_1_41' title="bbox 495 2603 2067 2673">
     <span class='ocr_line' id='line_1_41' title="bbox 495 2603 2067 2673; baseline -0.001 -14"><span class='ocrx_word' id='word_1_333' title='bbox 495 2607 587 2659; x_wconf 88' lang='lat' dir='ltr'><strong><em>bat</em></strong></span> <span class='ocrx_word' id='word_1_334' title='bbox 610 2607 770 2658; x_wconf 91' lang='lat' dir='ltr'><strong><em>alium</em></strong></span> <span class='ocrx_word' id='word_1_335' title='bbox 800 2621 958 2673; x_wconf 88' lang='lat' dir='ltr'><strong><em>quam</em></strong></span> <span class='ocrx_word' id='word_1_336' title='bbox 993 2604 1138 2657; x_wconf 82' lang='lat' dir='ltr'><strong><em>illurn</em></strong></span> <span class='ocrx_word' id='word_1_337' title='bbox 1172 2603 1262 2672; x_wconf 91' lang='lat' dir='ltr'><strong><em>qui</em></strong></span> <span class='ocrx_word' id='word_1_338' title='bbox 1307 2604 1358 2656; x_wconf 92' lang='lat' dir='ltr'><strong><em>in</em></strong></span> <span class='ocrx_word' id='word_1_339' title='bbox 1389 2619 1553 2657; x_wconf 76' lang='lat' dir='ltr'><strong><em>carne</em></strong></span> <span class='ocrx_word' id='word_1_340' title='bbox 1587 2613 1740 2656; x_wconf 73' lang='lat' dir='ltr'><strong><em>natus</em></strong></span> <span class='ocrx_word' id='word_1_341' title='bbox 1767 2613 1849 2656; x_wconf 89' lang='lat' dir='ltr'><strong><em>est</em></strong></span> <span class='ocrx_word' id='word_1_342' title='bbox 1873 2604 2067 2658; x_wconf 85' lang='lat' dir='ltr'><strong><em>intelli-</em></strong></span> 
     </span>
    </p>
   </div>
   <div class='ocr_carea' id='block_1_42' title="bbox 493 2691 2064 2765">
    <p class='ocr_par' dir='ltr' id='par_1_42' title="bbox 493 2691 2064 2765">
     <span class='ocr_line' id='line_1_42' title="bbox 493 2691 2064 2765; baseline -0.003 -15"><span class='ocrx_word' id='word_1_343' title='bbox 493 2710 672 2765; x_wconf 81' lang='lat' dir='ltr'><strong><em>geres,</em></strong></span> <span class='ocrx_word' id='word_1_344' title='bbox 705 2710 898 2748; x_wconf 86' lang='lat' dir='ltr'><strong><em>nomen</em></strong></span> <span class='ocrx_word' id='word_1_345' title='bbox 952 2694 1247 2748; x_wconf 80' lang='lat' dir='ltr'><strong><em>nativitatis</em></strong></span> <span class='ocrx_word' id='word_1_346' title='bbox 1293 2694 1512 2762; x_wconf 83' lang='lat' dir='ltr'><strong><em>adjecit,</em></strong></span> <span class='ocrx_word' id='word_1_347' title='bbox 1545 2693 1730 2746; x_wconf 88' lang='lat' dir='ltr'><strong><em>dicens</em></strong></span> <span class='ocrx_word' id='word_1_348' title='bbox 1760 2710 1773 2744; x_wconf 90' lang='lat'><strong>:</strong></span> <span class='ocrx_word' id='word_1_349' title='bbox 1807 2691 2064 2746; x_wconf 79' lang='lat' dir='ltr'><strong><em>Parvulas</em></strong></span> 
     </span>
    </p>
   </div>
   <div class='ocr_carea' id='block_1_43' title="bbox 493 2783 2066 2854">
    <p class='ocr_par' dir='ltr' id='par_1_43' title="bbox 493 2783 2066 2854">
     <span class='ocr_line' id='line_1_43' title="bbox 493 2783 2066 2854; baseline 0 -16"><span class='ocrx_word' id='word_1_350' title='bbox 493 2795 642 2839; x_wconf 85' lang='lat' dir='ltr'><strong><em>natus</em></strong></span> <span class='ocrx_word' id='word_1_351' title='bbox 663 2795 734 2839; x_wconf 83' lang='lat' dir='ltr'><strong><em>est</em></strong></span> <span class='ocrx_word' id='word_1_352' title='bbox 765 2786 927 2848; x_wconf 86' lang='lat' dir='ltr'><strong><em>nobis,</em></strong></span> <span class='ocrx_word' id='word_1_353' title='bbox 950 2785 1087 2854; x_wconf 83' lang='lat' dir='ltr'><strong><em>ﬁlius</em></strong></span> <span class='ocrx_word' id='word_1_354' title='bbox 1116 2785 1265 2837; x_wconf 84' lang='lat' dir='ltr'><strong><em>datus</em></strong></span> <span class='ocrx_word' id='word_1_355' title='bbox 1295 2797 1366 2837; x_wconf 82' lang='lat' dir='ltr'><strong><em>est</em></strong></span> <span class='ocrx_word' id='word_1_356' title='bbox 1397 2784 1558 2837; x_wconf 87' lang='lat' dir='ltr'><strong><em>nobis.</em></strong></span> <span class='ocrx_word' id='word_1_357' title='bbox 1623 2783 1779 2837; x_wconf 83' lang='lat' dir='ltr'><strong><em>Vides</em></strong></span> <span class='ocrx_word' id='word_1_358' title='bbox 1826 2796 1954 2854; x_wconf 89' lang='lat' dir='ltr'><strong><em>quot</em></strong></span> <span class='ocrx_word' id='word_1_359' title='bbox 1975 2799 2066 2838; x_wconf 86' lang='lat' dir='ltr'><strong><em>co-</em></strong></span> 
     </span>
    </p>
   </div>
   <div class='ocr_carea' id='block_1_44' title="bbox 491 2870 2066 2946">
    <p class='ocr_par' dir='ltr' id='par_1_44' title="bbox 491 2870 2066 2946">
     <span class='ocr_line' id='line_1_44' title="bbox 491 2870 2066 2946; baseline 0.001 -17"><span class='ocrx_word' id='word_1_360' title='bbox 491 2877 836 2946; x_wconf 66' lang='lat' dir='ltr'><strong><em>gnominibus</em></strong></span> <span class='ocrx_word' id='word_1_361' title='bbox 863 2877 926 2929; x_wconf 92' lang='lat' dir='ltr'><strong><em>ad</em></strong></span> <span class='ocrx_word' id='word_1_362' title='bbox 947 2876 1420 2929; x_wconf 86' lang='lat' dir='ltr'><strong><em>demonstrandam</em></strong></span> <span class='ocrx_word' id='word_1_363' title='bbox 1443 2870 1741 2942; x_wconf 74' lang='lat' dir='ltr'><strong><em>corporalis</em></strong></span> <span class='ocrx_word' id='word_1_364' title='bbox 1763 2887 1911 2929; x_wconf 90' lang='lat' dir='ltr'><strong><em>ortus</em></strong></span> <span class='ocrx_word' id='word_1_365' title='bbox 1943 2891 2066 2944; x_wconf 84' lang='lat' dir='ltr'><strong><em>pro-</em></strong></span> 
     </span>
    </p>
   </div>
   <div class='ocr_carea' id='block_1_45' title="bbox 492 2967 2066 3036">
    <p class='ocr_par' dir='ltr' id='par_1_45' title="bbox 492 2967 2066 3036">
     <span class='ocr_line' id='line_1_45' title="bbox 492 2967 2066 3036; baseline 0.003 -16"><span class='ocrx_word' id='word_1_366' title='bbox 492 2970 772 3036; x_wconf 71' lang='lat' dir='ltr'><strong><em>prietatem</em></strong></span> <span class='ocrx_word' id='word_1_367' title='bbox 800 2967 1059 3036; x_wconf 87' lang='lat' dir='ltr'><strong><em>propheta</em></strong></span> <span class='ocrx_word' id='word_1_368' title='bbox 1092 2982 1216 3020; x_wconf 73' lang='lat' dir='ltr'><strong><em>usus</em></strong></span> <span class='ocrx_word' id='word_1_369' title='bbox 1248 2968 1350 3020; x_wconf 84' lang='lat' dir='ltr'><strong><em>sit?</em></strong></span> <span class='ocrx_word' id='word_1_370' title='bbox 1381 2977 1434 3020; x_wconf 91' lang='lat' dir='ltr'><strong><em>et</em></strong></span> <span class='ocrx_word' id='word_1_371' title='bbox 1483 2981 1662 3020; x_wconf 89' lang='lat' dir='ltr'><strong><em>natum</em></strong></span> <span class='ocrx_word' id='word_1_372' title='bbox 1700 2968 1840 3021; x_wconf 90' lang='lat' dir='ltr'><strong><em>enim</em></strong></span> <span class='ocrx_word' id='word_1_373' title='bbox 1865 2984 1987 3022; x_wconf 90' lang='lat' dir='ltr'><strong><em>eum</em></strong></span> <span class='ocrx_word' id='word_1_374' title='bbox 2012 2978 2066 3024; x_wconf 92' lang='lat' dir='ltr'><strong><em>et</em></strong></span> 
     </span>
    </p>
   </div>
   <div class='ocr_carea' id='block_1_46' title="bbox 492 3058 2063 3128">
    <p class='ocr_par' dir='ltr' id='par_1_46' title="bbox 492 3058 2063 3128">
     <span class='ocr_line' id='line_1_46' title="bbox 492 3058 2063 3128; baseline 0.002 -20"><span class='ocrx_word' id='word_1_375' title='bbox 492 3058 769 3128; x_wconf 81' lang='lat' dir='ltr'><strong><em>parvulum</em></strong></span> <span class='ocrx_word' id='word_1_376' title='bbox 796 3059 1110 3123; x_wconf 74' lang='lat' dir='ltr'><strong><em>nominavit,</em></strong></span> <span class='ocrx_word' id='word_1_377' title='bbox 1135 3058 1343 3111; x_wconf 74' lang='lat' dir='ltr'><strong><em>scilicet</em></strong></span> <span class='ocrx_word' id='word_1_378' title='bbox 1375 3067 1433 3111; x_wconf 93' lang='lat' dir='ltr'><strong><em>ut</em></strong></span> <span class='ocrx_word' id='word_1_379' title='bbox 1465 3058 1766 3112; x_wconf 82' lang='lat' dir='ltr'><strong><em>evidentius</em></strong></span> <span class='ocrx_word' id='word_1_380' title='bbox 1790 3060 2063 3128; x_wconf 80' lang='lat' dir='ltr'><strong><em>significa-</em></strong></span> 
     </span>
    </p>
   </div>
   <div class='ocr_carea' id='block_1_47' title="bbox 2167 1880 3743 1949">
    <p class='ocr_par' dir='ltr' id='par_1_47' title="bbox 2167 1880 3743 1949">
     <span class='ocr_line' id='line_1_47' title="bbox 2167 1880 3743 1949; baseline 0.001 -14"><span class='ocrx_word' id='word_1_381' title='bbox 2167 1892 2346 1936; x_wconf 87' lang='lat' dir='ltr'><strong><em>vester</em></strong></span> <span class='ocrx_word' id='word_1_382' title='bbox 2369 1897 2508 1944; x_wconf 86' lang='lat' dir='ltr'><strong><em>sum,</em></strong></span> <span class='ocrx_word' id='word_1_383' title='bbox 2533 1896 2688 1949; x_wconf 89' lang='lat' dir='ltr'><strong><em>quem</em></strong></span> <span class='ocrx_word' id='word_1_384' title='bbox 2706 1880 3051 1948; x_wconf 84' lang='lat' dir='ltr'><strong><em>suspenditis,</em></strong></span> <span class='ocrx_word' id='word_1_385' title='bbox 3085 1881 3222 1934; x_wconf 81' lang='lat' dir='ltr'><strong><em>Deus</em></strong></span> <span class='ocrx_word' id='word_1_386' title='bbox 3246 1890 3426 1934; x_wconf 86' lang='lat' dir='ltr'><strong><em>vester</em></strong></span> <span class='ocrx_word' id='word_1_387' title='bbox 3446 1896 3604 1949; x_wconf 91' lang='lat' dir='ltr'><strong><em>quem</em></strong></span> <span class='ocrx_word' id='word_1_388' title='bbox 3629 1896 3743 1936; x_wconf 85' lang='lat' dir='ltr'><strong><em>cru-</em></strong></span> 
     </span>
    </p>
   </div>
   <div class='ocr_carea' id='block_1_48' title="bbox 2168 1971 3741 2042">
    <p class='ocr_par' dir='ltr' id='par_1_48' title="bbox 2168 1971 3741 2042">
     <span class='ocr_line' id='line_1_48' title="bbox 2168 1971 3741 2042; baseline -0.002 -13"><span class='ocrx_word' id='word_1_389' title='bbox 2168 1974 2402 2042; x_wconf 87' lang='lat' dir='ltr'><strong><em>cifigitis.</em></strong></span> <span class='ocrx_word' id='word_1_390' title='bbox 2440 1973 2592 2038; x_wconf 82' lang='lat' dir='ltr'><strong><em>Quis,</em></strong></span> <span class='ocrx_word' id='word_1_391' title='bbox 2621 1987 2773 2042; x_wconf 81' lang='lat' dir='ltr'><strong><em>rogo,</em></strong></span> <span class='ocrx_word' id='word_1_392' title='bbox 2798 1971 2883 2025; x_wconf 92' lang='lat' dir='ltr'><strong><em>hic</em></strong></span> <span class='ocrx_word' id='word_1_393' title='bbox 2931 1986 3103 2037; x_wconf 73' lang='lat' dir='ltr'><strong><em>error,</em></strong></span> <span class='ocrx_word' id='word_1_394' title='bbox 3131 1982 3220 2024; x_wconf 90' lang='lat' dir='ltr'><strong><em>aut</em></strong></span> <span class='ocrx_word' id='word_1_395' title='bbox 3250 1987 3369 2040; x_wconf 81' lang='lat' dir='ltr'><strong><em>quae</em></strong></span> <span class='ocrx_word' id='word_1_396' title='bbox 3389 1973 3589 2025; x_wconf 86' lang='lat' dir='ltr'><strong><em>insania</em></strong></span> <span class='ocrx_word' id='word_1_397' title='bbox 3616 1973 3741 2027; x_wconf 80' lang='lat' dir='ltr'><strong><em>est?</em></strong></span> 
     </span>
    </p>
   </div>
   <div class='ocr_carea' id='block_1_49' title="bbox 2169 2059 3739 2133">
    <p class='ocr_par' dir='ltr' id='par_1_49' title="bbox 2169 2059 3739 2133">
     <span class='ocr_line' id='line_1_49' title="bbox 2169 2059 3739 2133; baseline -0.001 -18"><span class='ocrx_word' id='word_1_398' title='bbox 2169 2062 2231 2119; x_wconf 82' lang='lat' dir='ltr'><strong><em>Si</em></strong></span> <span class='ocrx_word' id='word_1_399' title='bbox 2252 2062 2413 2133; x_wconf 74' lang='lat' dir='ltr'><strong><em>aﬂ‘iget</em></strong></span> <span class='ocrx_word' id='word_1_400' title='bbox 2445 2063 2593 2114; x_wconf 85' lang='lat' dir='ltr'><strong><em>homo</em></strong></span> <span class='ocrx_word' id='word_1_401' title='bbox 2623 2061 2783 2113; x_wconf 86' lang='lat' dir='ltr'><strong><em>Deum</em></strong></span> <span class='ocrx_word' id='word_1_402' title='bbox 2812 2077 2982 2122; x_wconf 83' lang='lat' dir='ltr'><strong><em>suum,</em></strong></span> <span class='ocrx_word' id='word_1_403' title='bbox 3007 2059 3126 2129; x_wconf 88' lang='lat' dir='ltr'><strong><em>quia</em></strong></span> <span class='ocrx_word' id='word_1_404' title='bbox 3155 2076 3240 2112; x_wconf 86' lang='lat' dir='ltr'><strong><em>vos</em></strong></span> <span class='ocrx_word' id='word_1_405' title='bbox 3286 2061 3486 2131; x_wconf 73' lang='lat' dir='ltr'><strong><em>aﬂigitis</em></strong></span> <span class='ocrx_word' id='word_1_406' title='bbox 3506 2062 3624 2114; x_wconf 86' lang='lat' dir='ltr'><strong><em>me?</em></strong></span> <span class='ocrx_word' id='word_1_407' title='bbox 3656 2062 3739 2114; x_wconf 88' lang='lat' dir='ltr'><strong><em>Vi-</em></strong></span> 
     </span>
    </p>
   </div>
   <div class='ocr_carea' id='block_1_50' title="bbox 2167 2150 3741 2224">
    <p class='ocr_par' dir='ltr' id='par_1_50' title="bbox 2167 2150 3741 2224">
     <span class='ocr_line' id='line_1_50' title="bbox 2167 2150 3741 2224; baseline -0.003 -16"><span class='ocrx_word' id='word_1_408' title='bbox 2167 2155 2264 2208; x_wconf 90' lang='lat' dir='ltr'><strong><em>des</em></strong></span> <span class='ocrx_word' id='word_1_409' title='bbox 2307 2153 2575 2224; x_wconf 89' lang='lat' dir='ltr'><strong><em>quomodo</em></strong></span> <span class='ocrx_word' id='word_1_410' title='bbox 2610 2167 2713 2206; x_wconf 87' lang='lat' dir='ltr'><strong><em>vox</em></strong></span> <span class='ocrx_word' id='word_1_411' title='bbox 2745 2154 2858 2204; x_wconf 75' lang='lat' dir='ltr'><strong><em>inec</em></strong></span> <span class='ocrx_word' id='word_1_412' title='bbox 2897 2151 3137 2216; x_wconf 85' lang='lat' dir='ltr'><strong><em>ipsarum</em></strong></span> <span class='ocrx_word' id='word_1_413' title='bbox 3191 2150 3589 2218; x_wconf 88' lang='lat' dir='ltr'><strong><em>quodammodo</em></strong></span> <span class='ocrx_word' id='word_1_414' title='bbox 3621 2165 3741 2219; x_wconf 68' lang='lat' dir='ltr'><strong><em>qua:</em></strong></span> 
     </span>
    </p>
   </div>
   <div class='ocr_carea' id='block_1_51' title="bbox 2167 2240 3744 2308">
    <p class='ocr_par' dir='ltr' id='par_1_51' title="bbox 2167 2240 3744 2308">
     <span class='ocr_line' id='line_1_51' title="bbox 2167 2240 3744 2308; baseline -0.003 -11"><span class='ocrx_word' id='word_1_415' title='bbox 2167 2253 2300 2297; x_wconf 70' lang='lat' dir='ltr'><strong><em>acta:</em></strong></span> <span class='ocrx_word' id='word_1_416' title='bbox 2322 2254 2446 2297; x_wconf 90' lang='lat' dir='ltr'><strong><em>sunt</em></strong></span> <span class='ocrx_word' id='word_1_417' title='bbox 2476 2259 2655 2298; x_wconf 87' lang='lat' dir='ltr'><strong><em>rerum</em></strong></span> <span class='ocrx_word' id='word_1_418' title='bbox 2704 2257 2803 2294; x_wconf 83' lang='lat' dir='ltr'><strong><em>vox</em></strong></span> <span class='ocrx_word' id='word_1_419' title='bbox 2829 2241 2937 2295; x_wconf 85' lang='lat' dir='ltr'><strong><em>sit?</em></strong></span> <span class='ocrx_word' id='word_1_420' title='bbox 2961 2240 3222 2308; x_wconf 78' lang='lat' dir='ltr'><strong><em>Numquid</em></strong></span> <span class='ocrx_word' id='word_1_421' title='bbox 3252 2241 3558 2306; x_wconf 77' lang='lat' dir='ltr'><strong><em>expressius</em></strong></span> <span class='ocrx_word' id='word_1_422' title='bbox 3589 2241 3744 2308; x_wconf 91' lang='lat' dir='ltr'><strong><em>quid-</em></strong></span> 
     </span>
    </p>
   </div>
   <div class='ocr_carea' id='block_1_52' title="bbox 2165 2329 3741 2403">
    <p class='ocr_par' dir='ltr' id='par_1_52' title="bbox 2165 2329 3741 2403">
     <span class='ocr_line' id='line_1_52' title="bbox 2165 2329 3741 2403; baseline -0.002 -15"><span class='ocrx_word' id='word_1_423' title='bbox 2165 2351 2327 2403; x_wconf 84' lang='lat' dir='ltr'><strong><em>quam</em></strong></span> <span class='ocrx_word' id='word_1_424' title='bbox 2359 2343 2449 2387; x_wconf 91' lang='lat' dir='ltr'><strong><em>aut</em></strong></span> <span class='ocrx_word' id='word_1_425' title='bbox 2501 2332 2836 2386; x_wconf 88' lang='lat' dir='ltr'><strong><em>manifestius</em></strong></span> <span class='ocrx_word' id='word_1_426' title='bbox 2879 2331 3188 2400; x_wconf 74' lang='lat' dir='ltr'><strong><em>qumreres?</em></strong></span> <span class='ocrx_word' id='word_1_427' title='bbox 3264 2331 3422 2383; x_wconf 78' lang='lat' dir='ltr'><strong><em>Vides</em></strong></span> <span class='ocrx_word' id='word_1_428' title='bbox 3471 2329 3741 2398; x_wconf 87' lang='lat' dir='ltr'><strong><em>quomodo</em></strong></span> 
     </span>
    </p>
   </div>
   <div class='ocr_carea' id='block_1_53' title="bbox 2169 2422 3738 2480">
    <p class='ocr_par' dir='ltr' id='par_1_53' title="bbox 2169 2422 3738 2480">
     <span class='ocr_line' id='line_1_53' title="bbox 2169 2422 3738 2480; baseline -0.003 0"><span class='ocrx_word' id='word_1_429' title='bbox 2169 2427 2470 2480; x_wconf 74' lang='lat' dir='ltr'><strong><em>tesimonia</em></strong></span> <span class='ocrx_word' id='word_1_430' title='bbox 2508 2439 2660 2477; x_wconf 86' lang='lat' dir='ltr'><strong><em>saeta</em></strong></span> <span class='ocrx_word' id='word_1_431' title='bbox 2705 2435 2888 2477; x_wconf 87' lang='lat' dir='ltr'><strong><em>natum</em></strong></span> <span class='ocrx_word' id='word_1_432' title='bbox 2941 2424 2993 2476; x_wconf 91' lang='lat' dir='ltr'><strong><em>in</em></strong></span> <span class='ocrx_word' id='word_1_433' title='bbox 3034 2438 3196 2476; x_wconf 88' lang='lat' dir='ltr'><strong><em>carne</em></strong></span> <span class='ocrx_word' id='word_1_434' title='bbox 3228 2422 3506 2475; x_wconf 80' lang='lat' dir='ltr'><strong><em>Dominum</em></strong></span> <span class='ocrx_word' id='word_1_435' title='bbox 3552 2423 3738 2476; x_wconf 88' lang='lat' dir='ltr'><strong><em>Jesum</em></strong></span> 
     </span>
    </p>
   </div>
   <div class='ocr_carea' id='block_1_54' title="bbox 2165 2511 3740 2582">
    <p class='ocr_par' dir='ltr' id='par_1_54' title="bbox 2165 2511 3740 2582">
     <span class='ocr_line' id='line_1_54' title="bbox 2165 2511 3740 2582; baseline -0.004 -11"><span class='ocrx_word' id='word_1_436' title='bbox 2165 2519 2461 2581; x_wconf 87' lang='lat' dir='ltr'><strong><em>Christum,</em></strong></span> <span class='ocrx_word' id='word_1_437' title='bbox 2487 2515 2552 2566; x_wconf 90' lang='lat' dir='ltr'><strong><em>ab</em></strong></span> <span class='ocrx_word' id='word_1_438' title='bbox 2577 2515 2704 2580; x_wconf 89' lang='lat' dir='ltr'><strong><em>ipsis</em></strong></span> <span class='ocrx_word' id='word_1_439' title='bbox 2743 2511 3137 2582; x_wconf 85' lang='lat' dir='ltr'><strong><em>quodammodo</em></strong></span> <span class='ocrx_word' id='word_1_440' title='bbox 3189 2513 3528 2564; x_wconf 87' lang='lat' dir='ltr'><strong><em>incunabulis</em></strong></span> <span class='ocrx_word' id='word_1_441' title='bbox 3571 2528 3740 2581; x_wconf 88' lang='lat' dir='ltr'><strong><em>usque</em></strong></span> 
     </span>
    </p>
   </div>
   <div class='ocr_carea' id='block_1_55' title="bbox 2167 2603 3738 2673">
    <p class='ocr_par' dir='ltr' id='par_1_55' title="bbox 2167 2603 3738 2673">
     <span class='ocr_line' id='line_1_55' title="bbox 2167 2603 3738 2673; baseline -0.003 -12"><span class='ocrx_word' id='word_1_442' title='bbox 2167 2609 2232 2662; x_wconf 88' lang='lat' dir='ltr'><strong><em>ad</em></strong></span> <span class='ocrx_word' id='word_1_443' title='bbox 2255 2621 2490 2666; x_wconf 87' lang='lat' dir='ltr'><strong><em>crucem,</em></strong></span> <span class='ocrx_word' id='word_1_444' title='bbox 2521 2619 2679 2673; x_wconf 89' lang='lat' dir='ltr'><strong><em>quam</em></strong></span> <span class='ocrx_word' id='word_1_445' title='bbox 2707 2603 2940 2668; x_wconf 90' lang='lat' dir='ltr'><strong><em>pertulit,</em></strong></span> <span class='ocrx_word' id='word_1_446' title='bbox 2976 2610 3263 2669; x_wconf 87' lang='lat' dir='ltr'><strong><em>prosecuta</em></strong></span> <span class='ocrx_word' id='word_1_447' title='bbox 3292 2603 3438 2655; x_wconf 84' lang='lat' dir='ltr'><strong><em>sint?</em></strong></span> <span class='ocrx_word' id='word_1_448' title='bbox 3466 2604 3598 2655; x_wconf 87' lang='lat' dir='ltr'><strong><em>Cum</em></strong></span> <span class='ocrx_word' id='word_1_449' title='bbox 3635 2605 3738 2656; x_wconf 82' lang='lat' dir='ltr'><strong><em>uti-</em></strong></span> 
     </span>
    </p>
   </div>
   <div class='ocr_carea' id='block_1_56' title="bbox 2167 2691 3740 2765">
    <p class='ocr_par' dir='ltr' id='par_1_56' title="bbox 2167 2691 3740 2765">
     <span class='ocr_line' id='line_1_56' title="bbox 2167 2691 3740 2765; baseline 0 -19"><span class='ocrx_word' id='word_1_450' title='bbox 2167 2712 2271 2765; x_wconf 87' lang='lat' dir='ltr'><strong><em>que</em></strong></span> <span class='ocrx_word' id='word_1_451' title='bbox 2293 2697 2439 2750; x_wconf 89' lang='lat' dir='ltr'><strong><em>illum</em></strong></span> <span class='ocrx_word' id='word_1_452' title='bbox 2469 2709 2626 2764; x_wconf 88' lang='lat' dir='ltr'><strong><em>quem</em></strong></span> <span class='ocrx_word' id='word_1_453' title='bbox 2660 2693 2786 2746; x_wconf 89' lang='lat' dir='ltr'><strong><em>alibi</em></strong></span> <span class='ocrx_word' id='word_1_454' title='bbox 2817 2692 2950 2760; x_wconf 83' lang='lat' dir='ltr'><strong><em>legis</em></strong></span> <span class='ocrx_word' id='word_1_455' title='bbox 2981 2691 3143 2744; x_wconf 87' lang='lat' dir='ltr'><strong><em>Deum</em></strong></span> <span class='ocrx_word' id='word_1_456' title='bbox 3177 2691 3231 2744; x_wconf 94' lang='lat' dir='ltr'><strong><em>in</em></strong></span> <span class='ocrx_word' id='word_1_457' title='bbox 3269 2707 3431 2744; x_wconf 87' lang='lat' dir='ltr'><strong><em>carne</em></strong></span> <span class='ocrx_word' id='word_1_458' title='bbox 3454 2692 3621 2757; x_wconf 89' lang='lat' dir='ltr'><strong><em>nasci,</em></strong></span> <span class='ocrx_word' id='word_1_459' title='bbox 3652 2692 3740 2747; x_wconf 90' lang='lat' dir='ltr'><strong><em>hic</em></strong></span> 
     </span>
    </p>
   </div>
   <div class='ocr_carea' id='block_1_57' title="bbox 2167 2780 3740 2852">
    <p class='ocr_par' dir='ltr' id='par_1_57' title="bbox 2167 2780 3740 2852">
     <span class='ocr_line' id='line_1_57' title="bbox 2167 2780 3740 2852; baseline -0.004 -11"><span class='ocrx_word' id='word_1_460' title='bbox 2167 2788 2335 2842; x_wconf 89' lang='lat' dir='ltr'><strong><em>Deum</em></strong></span> <span class='ocrx_word' id='word_1_461' title='bbox 2361 2787 2412 2840; x_wconf 91' lang='lat' dir='ltr'><strong><em>in</em></strong></span> <span class='ocrx_word' id='word_1_462' title='bbox 2439 2801 2598 2839; x_wconf 86' lang='lat' dir='ltr'><strong><em>cruce</em></strong></span> <span class='ocrx_word' id='word_1_463' title='bbox 2629 2786 2811 2837; x_wconf 86' lang='lat' dir='ltr'><strong><em>videas</em></strong></span> <span class='ocrx_word' id='word_1_464' title='bbox 2841 2783 3006 2852; x_wconf 77' lang='lat' dir='ltr'><strong><em>affigi.</em></strong></span> <span class='ocrx_word' id='word_1_465' title='bbox 3058 2782 3123 2836; x_wconf 72' lang='lat' dir='ltr'><strong><em>lit</em></strong></span> <span class='ocrx_word' id='word_1_466' title='bbox 3152 2782 3271 2836; x_wconf 87' lang='lat' dir='ltr'><strong><em>ideo</em></strong></span> <span class='ocrx_word' id='word_1_467' title='bbox 3317 2796 3347 2834; x_wconf 90' lang='lat' dir='ltr'><strong><em>a</em></strong></span> <span class='ocrx_word' id='word_1_468' title='bbox 3377 2780 3635 2849; x_wconf 84' lang='lat' dir='ltr'><strong><em>pr0pheta</em></strong></span> <span class='ocrx_word' id='word_1_469' title='bbox 3682 2791 3740 2835; x_wconf 88' lang='lat' dir='ltr'><strong><em>et</em></strong></span> 
     </span>
    </p>
   </div>
   <div class='ocr_carea' id='block_1_58' title="bbox 2168 2873 3739 2938">
    <p class='ocr_par' dir='ltr' id='par_1_58' title="bbox 2168 2873 3739 2938">
     <span class='ocr_line' id='line_1_58' title="bbox 2168 2873 3739 2938; baseline -0.005 -4"><span class='ocrx_word' id='word_1_470' title='bbox 2168 2879 2276 2934; x_wconf 56' lang='lat' dir='ltr'><strong><em>illic</em></strong></span> <span class='ocrx_word' id='word_1_471' title='bbox 2309 2878 2398 2931; x_wconf 89' lang='lat' dir='ltr'><strong><em>ubi</em></strong></span> <span class='ocrx_word' id='word_1_472' title='bbox 2428 2887 2582 2930; x_wconf 91' lang='lat' dir='ltr'><strong><em>natus</em></strong></span> <span class='ocrx_word' id='word_1_473' title='bbox 2607 2884 2691 2930; x_wconf 88' lang='lat' dir='ltr'><strong><em>est</em></strong></span> <span class='ocrx_word' id='word_1_474' title='bbox 2711 2877 2849 2928; x_wconf 85' lang='lat' dir='ltr'><strong><em>Deus</em></strong></span> <span class='ocrx_word' id='word_1_475' title='bbox 2871 2874 3164 2938; x_wconf 85' lang='lat' dir='ltr'><strong><em>dicitur,et</em></strong></span> <span class='ocrx_word' id='word_1_476' title='bbox 3187 2873 3297 2926; x_wconf 85' lang='lat' dir='ltr'><strong><em>illic</em></strong></span> <span class='ocrx_word' id='word_1_477' title='bbox 3325 2873 3410 2925; x_wconf 89' lang='lat' dir='ltr'><strong><em>ubi</em></strong></span> <span class='ocrx_word' id='word_1_478' title='bbox 3445 2873 3739 2926; x_wconf 82' lang='lat' dir='ltr'><strong><em>crticilixus</em></strong></span> 
     </span>
    </p>
   </div>
   <div class='ocr_carea' id='block_1_59' title="bbox 2169 2964 3739 3028">
    <p class='ocr_par' dir='ltr' id='par_1_59' title="bbox 2169 2964 3739 3028">
     <span class='ocr_line' id='line_1_59' title="bbox 2169 2964 3739 3028; baseline -0.006 -2"><span class='ocrx_word' id='word_1_479' title='bbox 2169 2979 2255 3026; x_wconf 86' lang='lat' dir='ltr'><strong><em>est</em></strong></span> <span class='ocrx_word' id='word_1_480' title='bbox 2285 2970 2427 3024; x_wconf 89' lang='lat' dir='ltr'><strong><em>Deus</em></strong></span> <span class='ocrx_word' id='word_1_481' title='bbox 2479 2967 2881 3022; x_wconf 78' lang='lat' dir='ltr'><strong><em>evidentissime</em></strong></span> <span class='ocrx_word' id='word_1_482' title='bbox 2932 2965 3270 3028; x_wconf 89' lang='lat' dir='ltr'><strong><em>nominatur;</em></strong></span> <span class='ocrx_word' id='word_1_483' title='bbox 3319 2979 3390 3016; x_wconf 90' lang='lat' dir='ltr'><strong><em>ne</em></strong></span> <span class='ocrx_word' id='word_1_484' title='bbox 3431 2964 3637 3018; x_wconf 86' lang='lat' dir='ltr'><strong><em>scilicet</em></strong></span> <span class='ocrx_word' id='word_1_485' title='bbox 3683 2964 3739 3016; x_wconf 88' lang='lat' dir='ltr'><strong><em>in</em></strong></span> 
     </span>
    </p>
   </div>
   <div class='ocr_carea' id='block_1_60' title="bbox 2168 3054 3742 3130">
    <p class='ocr_par' dir='ltr' id='par_1_60' title="bbox 2168 3054 3742 3130">
     <span class='ocr_line' id='line_1_60' title="bbox 2168 3054 3742 3130; baseline -0.004 -16"><span class='ocrx_word' id='word_1_486' title='bbox 2168 3061 2348 3130; x_wconf 90' lang='lat' dir='ltr'><strong><em>aliquo</em></strong></span> <span class='ocrx_word' id='word_1_487' title='bbox 2377 3059 2624 3128; x_wconf 85' lang='lat' dir='ltr'><strong><em>dignitati</em></strong></span> <span class='ocrx_word' id='word_1_488' title='bbox 2680 3057 2973 3111; x_wconf 85' lang='lat' dir='ltr'><strong><em>divinitatis</em></strong></span> <span class='ocrx_word' id='word_1_489' title='bbox 3005 3055 3378 3124; x_wconf 76' lang='lat' dir='ltr'><strong><em>prtejudiearet</em></strong></span> <span class='ocrx_word' id='word_1_490' title='bbox 3432 3054 3611 3108; x_wconf 77' lang='lat' dir='ltr'><strong><em>carnis</em></strong></span> <span class='ocrx_word' id='word_1_491' title='bbox 3653 3069 3742 3107; x_wconf 81' lang='lat' dir='ltr'><strong><em>as-</em></strong></span> 
     </span>
    </p>
   </div>
   <div class='ocr_carea' id='block_1_61' title="bbox 495 3141 3742 3221">
    <p class='ocr_par' dir='ltr' id='par_1_61' title="bbox 495 3141 3742 3221">
     <span class='ocr_line' id='line_1_61' title="bbox 495 3141 3742 3221; baseline -0.002 -19"><span class='ocrx_word' id='word_1_492' title='bbox 495 3153 692 3204; x_wconf 80' lang='lat' dir='ltr'><strong><em>tioaem</em></strong></span> <span class='ocrx_word' id='word_1_493' title='bbox 717 3158 856 3203; x_wconf 71' lang='lat' dir='ltr'><strong><em>naue</em></strong></span> <span class='ocrx_word' id='word_1_494' title='bbox 897 3150 1098 3203; x_wconf 85' lang='lat' dir='ltr'><strong><em>sobolis</em></strong></span> <span class='ocrx_word' id='word_1_495' title='bbox 1147 3165 1340 3202; x_wconf 87' lang='lat' dir='ltr'><strong><em>nomen</em></strong></span> <span class='ocrx_word' id='word_1_496' title='bbox 1371 3150 1696 3218; x_wconf 81' lang='lat' dir='ltr'><strong><em>exprimeret</em></strong></span> <span class='ocrx_word' id='word_1_497' title='bbox 1739 3151 2058 3217; x_wconf 86' lang='lat' dir='ltr'><strong><em>parvitatis:</em></strong></span> <span class='ocrx_word' id='word_1_498' title='bbox 2090 3141 2134 3202; x_wconf 92' lang='lat' dir='ltr'>C</span> <span class='ocrx_word' id='word_1_499' title='bbox 2168 3153 2424 3221; x_wconf 85' lang='lat' dir='ltr'><strong><em>sumptio,</em></strong></span> <span class='ocrx_word' id='word_1_500' title='bbox 2473 3163 2525 3204; x_wconf 91' lang='lat' dir='ltr'><strong><em>et</em></strong></span> <span class='ocrx_word' id='word_1_501' title='bbox 2561 3150 2820 3203; x_wconf 83' lang='lat' dir='ltr'><strong><em>honorem</em></strong></span> <span class='ocrx_word' id='word_1_502' title='bbox 2852 3147 3147 3216; x_wconf 86' lang='lat' dir='ltr'><strong><em>majestatis</em></strong></span> <span class='ocrx_word' id='word_1_503' title='bbox 3175 3145 3484 3214; x_wconf 80' lang='lat' dir='ltr'><strong><em>infringeret</em></strong></span> <span class='ocrx_word' id='word_1_504' title='bbox 3528 3146 3608 3198; x_wconf 89' lang='lat' dir='ltr'><strong><em>vel</em></strong></span> <span class='ocrx_word' id='word_1_505' title='bbox 3642 3145 3742 3196; x_wconf 85' lang='lat' dir='ltr'><strong><em>hu-</em></strong></span> 
     </span>
    </p>
   </div>
   <div class='ocr_carea' id='block_1_62' title="bbox 494 3238 2064 3308">
    <p class='ocr_par' dir='ltr' id='par_1_62' title="bbox 494 3238 2064 3308">
     <span class='ocr_line' id='line_1_62' title="bbox 494 3238 2064 3308; baseline 0.001 -16"><span class='ocrx_word' id='word_1_506' title='bbox 494 3241 794 3307; x_wconf 71' lang='lat' dir='ltr'><strong><em>przevidens</em></strong></span> <span class='ocrx_word' id='word_1_507' title='bbox 820 3241 1021 3308; x_wconf 87' lang='lat' dir='ltr'><strong><em>absque</em></strong></span> <span class='ocrx_word' id='word_1_508' title='bbox 1047 3238 1209 3292; x_wconf 85' lang='lat' dir='ltr'><strong><em>dubio</em></strong></span> <span class='ocrx_word' id='word_1_509' title='bbox 1239 3238 1452 3292; x_wconf 90' lang='lat' dir='ltr'><strong><em>divinus</em></strong></span> <span class='ocrx_word' id='word_1_510' title='bbox 1485 3239 1719 3307; x_wconf 84' lang='lat' dir='ltr'><strong><em>Spiritus</em></strong></span> <span class='ocrx_word' id='word_1_511' title='bbox 1746 3240 1884 3294; x_wconf 89' lang='lat' dir='ltr'><strong><em>hanc</em></strong></span> <span class='ocrx_word' id='word_1_512' title='bbox 1924 3241 2064 3295; x_wconf 86' lang='lat' dir='ltr'><strong><em>blas-</em></strong></span> 
     </span>
    </p>
   </div>
   <div class='ocr_carea' id='block_1_63' title="bbox 494 3330 2065 3400">
    <p class='ocr_par' dir='ltr' id='par_1_63' title="bbox 494 3330 2065 3400">
     <span class='ocr_line' id='line_1_63' title="bbox 494 3330 2065 3400; baseline 0.003 -18"><span class='ocrx_word' id='word_1_513' title='bbox 494 3332 857 3400; x_wconf 88' lang='lat' dir='ltr'><strong><em>phetnantiutn</em></strong></span> <span class='ocrx_word' id='word_1_514' title='bbox 902 3330 1278 3384; x_wconf 63' lang='lat' dir='ltr'><strong><em>haereticorqu</em></strong></span> <span class='ocrx_word' id='word_1_515' title='bbox 1321 3332 1750 3399; x_wconf 85' lang='lat' dir='ltr'><strong><em>perversitatem,</em></strong></span> <span class='ocrx_word' id='word_1_516' title='bbox 1798 3331 1880 3386; x_wconf 86' lang='lat' dir='ltr'><strong><em>itis</em></strong></span> <span class='ocrx_word' id='word_1_517' title='bbox 1918 3331 2065 3386; x_wconf 90' lang='lat' dir='ltr'><strong><em>omni</em></strong></span> 
     </span>
    </p>
   </div>
   <div class='ocr_carea' id='block_1_64' title="bbox 493 3422 2066 3490">
    <p class='ocr_par' dir='ltr' id='par_1_64' title="bbox 493 3422 2066 3490">
     <span class='ocr_line' id='line_1_64' title="bbox 493 3422 2066 3490; baseline 0.001 -14"><span class='ocrx_word' id='word_1_518' title='bbox 493 3422 692 3476; x_wconf 81' lang='lat' dir='ltr'><strong><em>mundo</em></strong></span> <span class='ocrx_word' id='word_1_519' title='bbox 725 3423 886 3474; x_wconf 89' lang='lat' dir='ltr'><strong><em>Deutn</em></strong></span> <span class='ocrx_word' id='word_1_520' title='bbox 917 3422 1004 3490; x_wconf 92' lang='lat' dir='ltr'><strong><em>qui</em></strong></span> <span class='ocrx_word' id='word_1_521' title='bbox 1038 3423 1357 3475; x_wconf 85' lang='lat' dir='ltr'><strong><em>nascebatur</em></strong></span> <span class='ocrx_word' id='word_1_522' title='bbox 1409 3438 1588 3476; x_wconf 86' lang='lat' dir='ltr'><strong><em>rerum</em></strong></span> <span class='ocrx_word' id='word_1_523' title='bbox 1627 3424 1858 3485; x_wconf 87' lang='lat' dir='ltr'><strong><em>ipsarum</em></strong></span> <span class='ocrx_word' id='word_1_524' title='bbox 1905 3439 2066 3478; x_wconf 83' lang='lat' dir='ltr'><strong><em>voca-</em></strong></span> 
     </span>
    </p>
   </div>
   <div class='ocr_carea' id='block_1_65' title="bbox 495 3512 2064 3582">
    <p class='ocr_par' dir='ltr' id='par_1_65' title="bbox 495 3512 2064 3582">
     <span class='ocr_line' id='line_1_65' title="bbox 495 3512 2064 3582; baseline 0 -14"><span class='ocrx_word' id='word_1_525' title='bbox 495 3515 633 3568; x_wconf 83' lang='lat' dir='ltr'><strong><em>bulis</em></strong></span> <span class='ocrx_word' id='word_1_526' title='bbox 659 3512 1080 3577; x_wconf 87' lang='lat' dir='ltr'><strong><em>demonstravit;</em></strong></span> <span class='ocrx_word' id='word_1_527' title='bbox 1109 3521 1163 3566; x_wconf 89' lang='lat' dir='ltr'><strong><em>ut</em></strong></span> <span class='ocrx_word' id='word_1_528' title='bbox 1189 3512 1349 3566; x_wconf 88' lang='lat' dir='ltr'><strong><em>etiam</em></strong></span> <span class='ocrx_word' id='word_1_529' title='bbox 1377 3515 1420 3566; x_wconf 90' lang='lat' dir='ltr'><strong><em>si</em></strong></span> <span class='ocrx_word' id='word_1_530' title='bbox 1453 3515 1825 3582; x_wconf 68' lang='lat' dir='ltr'><strong><em>blasphemare</em></strong></span> <span class='ocrx_word' id='word_1_531' title='bbox 1849 3516 2064 3570; x_wconf 66' lang='lat' dir='ltr'><strong><em>haereti-</em></strong></span> 
     </span>
    </p>
   </div>
   <div class='ocr_carea' id='block_1_66' title="bbox 492 3603 2066 3673">
    <p class='ocr_par' dir='ltr' id='par_1_66' title="bbox 492 3603 2066 3673">
     <span class='ocr_line' id='line_1_66' title="bbox 492 3603 2066 3673; baseline -0.001 -15"><span class='ocrx_word' id='word_1_532' title='bbox 492 3619 586 3658; x_wconf 84' lang='lat' dir='ltr'><strong><em>Ctts</em></strong></span> <span class='ocrx_word' id='word_1_533' title='bbox 607 3613 894 3671; x_wconf 59' lang='lat' dir='ltr'><strong><em>quairerct,</em></strong></span> <span class='ocrx_word' id='word_1_534' title='bbox 926 3603 1268 3670; x_wconf 70' lang='lat' dir='ltr'><strong><em>blaSpltemim</em></strong></span> <span class='ocrx_word' id='word_1_535' title='bbox 1305 3613 1478 3657; x_wconf 87' lang='lat' dir='ltr'><strong><em>tamen</em></strong></span> <span class='ocrx_word' id='word_1_536' title='bbox 1531 3604 1703 3657; x_wconf 88' lang='lat' dir='ltr'><strong><em>locum</em></strong></span> <span class='ocrx_word' id='word_1_537' title='bbox 1753 3605 1961 3673; x_wconf 84' lang='lat' dir='ltr'><strong><em>penitus</em></strong></span> <span class='ocrx_word' id='word_1_538' title='bbox 1985 3605 2066 3656; x_wconf 86' lang='lat' dir='ltr'><strong><em>in-</em></strong></span> 
     </span>
    </p>
   </div>
   <div class='ocr_carea' id='block_1_67' title="bbox 494 3691 2061 3764">
    <p class='ocr_par' dir='ltr' id='par_1_67' title="bbox 494 3691 2061 3764">
     <span class='ocr_line' id='line_1_67' title="bbox 494 3691 2061 3764; baseline 0.002 -19"><span class='ocrx_word' id='word_1_539' title='bbox 494 3697 680 3748; x_wconf 89' lang='lat' dir='ltr'><strong><em>venire</em></strong></span> <span class='ocrx_word' id='word_1_540' title='bbox 707 3711 811 3747; x_wconf 91' lang='lat' dir='ltr'><strong><em>non</em></strong></span> <span class='ocrx_word' id='word_1_541' title='bbox 845 3705 1045 3763; x_wconf 88' lang='lat' dir='ltr'><strong><em>posset.</em></strong></span> <span class='ocrx_word' id='word_1_542' title='bbox 1079 3691 1245 3747; x_wconf 86' lang='lat' dir='ltr'><strong><em>Filius</em></strong></span> <span class='ocrx_word' id='word_1_543' title='bbox 1269 3709 1417 3762; x_wconf 87' lang='lat' dir='ltr'><strong><em>ergo,</em></strong></span> <span class='ocrx_word' id='word_1_544' title='bbox 1439 3694 1630 3764; x_wconf 89' lang='lat' dir='ltr'><strong><em>inquit,</em></strong></span> <span class='ocrx_word' id='word_1_545' title='bbox 1686 3707 1836 3748; x_wconf 89' lang='lat' dir='ltr'><strong><em>natus</em></strong></span> <span class='ocrx_word' id='word_1_546' title='bbox 1867 3704 1938 3748; x_wconf 87' lang='lat' dir='ltr'><strong><em>est</em></strong></span> <span class='ocrx_word' id='word_1_547' title='bbox 1967 3712 2061 3749; x_wconf 87' lang='lat' dir='ltr'><strong><em>no-</em></strong></span> 
     </span>
    </p>
   </div>
   <div class='ocr_carea' id='block_1_68' title="bbox 491 3785 2065 3859">
    <p class='ocr_par' dir='ltr' id='par_1_68' title="bbox 491 3785 2065 3859">
     <span class='ocr_line' id='line_1_68' title="bbox 491 3785 2065 3859; baseline 0.002 -21"><span class='ocrx_word' id='word_1_548' title='bbox 491 3785 587 3851; x_wconf 82' lang='lat' dir='ltr'><strong><em>bis,</em></strong></span> <span class='ocrx_word' id='word_1_549' title='bbox 615 3786 854 3855; x_wconf 80' lang='lat' dir='ltr'><strong><em>parvulus</em></strong></span> <span class='ocrx_word' id='word_1_550' title='bbox 875 3787 1021 3838; x_wconf 81' lang='lat' dir='ltr'><strong><em>datus</em></strong></span> <span class='ocrx_word' id='word_1_551' title='bbox 1052 3795 1124 3838; x_wconf 82' lang='lat' dir='ltr'><strong><em>est</em></strong></span> <span class='ocrx_word' id='word_1_552' title='bbox 1169 3786 1334 3848; x_wconf 82' lang='lat' dir='ltr'><strong><em>nobis,</em></strong></span> <span class='ocrx_word' id='word_1_553' title='bbox 1363 3789 1508 3851; x_wconf 84' lang='lat' dir='ltr'><strong><em>cujus</em></strong></span> <span class='ocrx_word' id='word_1_554' title='bbox 1555 3787 1866 3856; x_wconf 85' lang='lat' dir='ltr'><strong><em>principatus</em></strong></span> <span class='ocrx_word' id='word_1_555' title='bbox 1911 3803 2065 3859; x_wconf 85' lang='lat' dir='ltr'><strong><em>super</em></strong></span> 
     </span>
    </p>
   </div>
   <div class='ocr_carea' id='block_1_69' title="bbox 493 3879 2062 3951">
    <p class='ocr_par' dir='ltr' id='par_1_69' title="bbox 493 3879 2062 3951">
     <span class='ocr_line' id='line_1_69' title="bbox 493 3879 2062 3951; baseline 0.003 -21"><span class='ocrx_word' id='word_1_556' title='bbox 493 3879 757 3932; x_wconf 80' lang='lat' dir='ltr'><strong><em>humerum</em></strong></span> <span class='ocrx_word' id='word_1_557' title='bbox 788 3879 918 3947; x_wconf 83' lang='lat' dir='ltr'><strong><em>ejus,</em></strong></span> <span class='ocrx_word' id='word_1_558' title='bbox 945 3888 988 3930; x_wconf 86' lang='lat' dir='ltr'><strong><em>et</em></strong></span> <span class='ocrx_word' id='word_1_559' title='bbox 1019 3879 1278 3931; x_wconf 78' lang='lat' dir='ltr'><strong><em>vocabitur</em></strong></span> <span class='ocrx_word' id='word_1_560' title='bbox 1305 3895 1484 3931; x_wconf 84' lang='lat' dir='ltr'><strong><em>nomen</em></strong></span> <span class='ocrx_word' id='word_1_561' title='bbox 1511 3883 1624 3951; x_wconf 78' lang='lat' dir='ltr'><strong><em>ejus</em></strong></span> <span class='ocrx_word' id='word_1_562' title='bbox 1666 3881 1837 3950; x_wconf 86' lang='lat' dir='ltr'><strong><em>magni</em></strong></span> <span class='ocrx_word' id='word_1_563' title='bbox 1862 3880 2062 3935; x_wconf 78' lang='lat' dir='ltr'><strong><em>consilii</em></strong></span> 
     </span>
    </p>
   </div>
   <div class='ocr_carea' id='block_1_70' title="bbox 492 3969 2065 4043">
    <p class='ocr_par' dir='ltr' id='par_1_70' title="bbox 492 3969 2065 4043">
     <span class='ocr_line' id='line_1_70' title="bbox 492 3969 2065 4043; baseline 0.003 -23"><span class='ocrx_word' id='word_1_564' title='bbox 492 3973 716 4032; x_wconf 86' lang='lat' dir='ltr'><strong><em>nuntius,</em></strong></span> <span class='ocrx_word' id='word_1_565' title='bbox 746 3969 899 4029; x_wconf 85' lang='lat' dir='ltr'><strong><em>Deus,</em></strong></span> <span class='ocrx_word' id='word_1_566' title='bbox 931 3969 1098 4037; x_wconf 81' lang='lat' dir='ltr'><strong><em>fortis,</em></strong></span> <span class='ocrx_word' id='word_1_567' title='bbox 1122 3980 1264 4039; x_wconf 84' lang='lat' dir='ltr'><strong><em>pater</em></strong></span> <span class='ocrx_word' id='word_1_568' title='bbox 1291 3971 1451 4039; x_wconf 79' lang='lat' dir='ltr'><strong><em>futuri</em></strong></span> <span class='ocrx_word' id='word_1_569' title='bbox 1477 3971 1670 4034; x_wconf 69' lang='lat' dir='ltr'><strong><em>surculi,</em></strong></span> <span class='ocrx_word' id='word_1_570' title='bbox 1710 3974 1943 4043; x_wconf 80' lang='lat' dir='ltr'><strong><em>princeps</em></strong></span> <span class='ocrx_word' id='word_1_571' title='bbox 1973 3990 2065 4034; x_wconf 81' lang='lat' dir='ltr'><strong><em>pa-</em></strong></span> 
     </span>
    </p>
   </div>
   <div class='ocr_carea' id='block_1_71' title="bbox 490 4057 2065 4130">
    <p class='ocr_par' dir='ltr' id='par_1_71' title="bbox 490 4057 2065 4130">
     <span class='ocr_line' id='line_1_71' title="bbox 490 4057 2065 4130; baseline 0.006 -20"><span class='ocrx_word' id='word_1_572' title='bbox 490 4059 582 4110; x_wconf 89' lang='lat' dir='ltr'><strong><em>cis.</em></strong></span> <span class='ocrx_word' id='word_1_573' title='bbox 620 4057 906 4110; x_wconf 79' lang='lat' dir='ltr'><strong><em>Parvulum</em></strong></span> <span class='ocrx_word' id='word_1_574' title='bbox 962 4060 1101 4110; x_wconf 89' lang='lat' dir='ltr'><strong><em>hunc</em></strong></span> <span class='ocrx_word' id='word_1_575' title='bbox 1132 4060 1221 4124; x_wconf 87' lang='lat' dir='ltr'><strong><em>qui</em></strong></span> <span class='ocrx_word' id='word_1_576' title='bbox 1275 4068 1429 4112; x_wconf 72' lang='lat' dir='ltr'><strong><em>natus</em></strong></span> <span class='ocrx_word' id='word_1_577' title='bbox 1458 4071 1559 4123; x_wconf 61' lang='lat' dir='ltr'><strong><em>est,</em></strong></span> <span class='ocrx_word' id='word_1_578' title='bbox 1599 4074 1651 4114; x_wconf 89' lang='lat' dir='ltr'><strong><em>et</em></strong></span> <span class='ocrx_word' id='word_1_579' title='bbox 1684 4066 1829 4129; x_wconf 88' lang='lat' dir='ltr'><strong><em>pacis</em></strong></span> <span class='ocrx_word' id='word_1_580' title='bbox 1868 4066 2065 4130; x_wconf 88' lang='lat' dir='ltr'><strong><em>princi-</em></strong></span> 
     </span>
    </p>
   </div>
   <div class='ocr_carea' id='block_1_72' title="bbox 495 4147 2058 4219">
    <p class='ocr_par' dir='ltr' id='par_1_72' title="bbox 495 4147 2058 4219">
     <span class='ocr_line' id='line_1_72' title="bbox 495 4147 2058 4219; baseline 0.003 -19"><span class='ocrx_word' id='word_1_581' title='bbox 495 4162 614 4213; x_wconf 87' lang='lat' dir='ltr'><strong><em>pem</em></strong></span> <span class='ocrx_word' id='word_1_582' title='bbox 641 4163 760 4200; x_wconf 76' lang='lat' dir='ltr'><strong><em>esse</em></strong></span> <span class='ocrx_word' id='word_1_583' title='bbox 795 4147 994 4211; x_wconf 88' lang='lat' dir='ltr'><strong><em>docuit,</em></strong></span> <span class='ocrx_word' id='word_1_584' title='bbox 1029 4159 1079 4199; x_wconf 90' lang='lat' dir='ltr'><strong><em>et</em></strong></span> <span class='ocrx_word' id='word_1_585' title='bbox 1107 4149 1266 4198; x_wconf 90' lang='lat' dir='ltr'><strong><em>fttturi</em></strong></span> <span class='ocrx_word' id='word_1_586' title='bbox 1299 4149 1480 4200; x_wconf 69' lang='lat' dir='ltr'><strong><em>sutcnli</em></strong></span> <span class='ocrx_word' id='word_1_587' title='bbox 1515 4162 1743 4216; x_wconf 82' lang='lat' dir='ltr'><strong><em>patrem,</em></strong></span> <span class='ocrx_word' id='word_1_588' title='bbox 1769 4159 1827 4203; x_wconf 87' lang='lat' dir='ltr'><strong><em>et</em></strong></span> <span class='ocrx_word' id='word_1_589' title='bbox 1873 4154 2058 4219; x_wconf 85' lang='lat' dir='ltr'><strong><em>Deum,</em></strong></span> 
     </span>
    </p>
   </div>
   <div class='ocr_carea' id='block_1_73' title="bbox 491 4236 2061 4310">
    <p class='ocr_par' dir='ltr' id='par_1_73' title="bbox 491 4236 2061 4310">
     <span class='ocr_line' id='line_1_73' title="bbox 491 4236 2061 4310; baseline 0.002 -20"><span class='ocrx_word' id='word_1_590' title='bbox 491 4236 705 4291; x_wconf 77' lang='lat' dir='ltr'><strong><em>fortem.</em></strong></span> <span class='ocrx_word' id='word_1_591' title='bbox 739 4237 866 4303; x_wconf 84' lang='lat' dir='ltr'><strong><em>Quis</em></strong></span> <span class='ocrx_word' id='word_1_592' title='bbox 894 4247 978 4290; x_wconf 88' lang='lat' dir='ltr'><strong><em>est</em></strong></span> <span class='ocrx_word' id='word_1_593' title='bbox 1012 4237 1403 4306; x_wconf 57' lang='lat' dir='ltr'><strong><em>tergiviérsantli</em></strong></span> <span class='ocrx_word' id='word_1_594' title='bbox 1443 4238 1637 4292; x_wconf 77' lang='lat' dir='ltr'><strong><em>locus?</em></strong></span> <span class='ocrx_word' id='word_1_595' title='bbox 1671 4240 1912 4307; x_wconf 67' lang='lat' dir='ltr'><strong><em>separari</em></strong></span> <span class='ocrx_word' id='word_1_596' title='bbox 1943 4256 2061 4310; x_wconf 87' lang='lat' dir='ltr'><strong><em>par-</em></strong></span> 
     </span>
    </p>
   </div>
   <div class='ocr_carea' id='block_1_74' title="bbox 491 4326 2058 4396">
    <p class='ocr_par' dir='ltr' id='par_1_74' title="bbox 491 4326 2058 4396">
     <span class='ocr_line' id='line_1_74' title="bbox 491 4326 2058 4396; baseline 0.004 -18"><span class='ocrx_word' id='word_1_597' title='bbox 491 4329 645 4381; x_wconf 84' lang='lat' dir='ltr'><strong><em>vulus</em></strong></span> <span class='ocrx_word' id='word_1_598' title='bbox 679 4327 761 4380; x_wconf 88' lang='lat' dir='ltr'><strong><em>hie</em></strong></span> <span class='ocrx_word' id='word_1_599' title='bbox 787 4327 875 4396; x_wconf 90' lang='lat' dir='ltr'><strong><em>qui</em></strong></span> <span class='ocrx_word' id='word_1_600' title='bbox 907 4339 1056 4380; x_wconf 81' lang='lat' dir='ltr'><strong><em>natus</em></strong></span> <span class='ocrx_word' id='word_1_601' title='bbox 1083 4337 1166 4381; x_wconf 89' lang='lat' dir='ltr'><strong><em>est</em></strong></span> <span class='ocrx_word' id='word_1_602' title='bbox 1192 4343 1220 4379; x_wconf 90' lang='lat' dir='ltr'><strong><em>a</em></strong></span> <span class='ocrx_word' id='word_1_603' title='bbox 1250 4326 1357 4380; x_wconf 83' lang='lat' dir='ltr'><strong><em>De‘o</em></strong></span> <span class='ocrx_word' id='word_1_604' title='bbox 1385 4330 1472 4396; x_wconf 87' lang='lat' dir='ltr'><strong><em>qtti</em></strong></span> <span class='ocrx_word' id='word_1_605' title='bbox 1497 4328 1548 4381; x_wconf 89' lang='lat' dir='ltr'><strong><em>in</em></strong></span> <span class='ocrx_word' id='word_1_606' title='bbox 1578 4344 1642 4381; x_wconf 88' lang='lat' dir='ltr'><strong><em>eo</em></strong></span> <span class='ocrx_word' id='word_1_607' title='bbox 1669 4340 1824 4382; x_wconf 89' lang='lat' dir='ltr'><strong><em>natus</em></strong></span> <span class='ocrx_word' id='word_1_608' title='bbox 1845 4343 1926 4384; x_wconf 75' lang='grc' dir='ltr'><strong><em>εει</em></strong></span> <span class='ocrx_word' id='word_1_609' title='bbox 1955 4347 2058 4385; x_wconf 92' lang='lat' dir='ltr'><strong><em>non</em></strong></span> 
     </span>
    </p>
   </div>
   <div class='ocr_carea' id='block_1_75' title="bbox 490 4418 2058 4488">
    <p class='ocr_par' dir='ltr' id='par_1_75' title="bbox 490 4418 2058 4488">
     <span class='ocr_line' id='line_1_75' title="bbox 490 4418 2058 4488; baseline 0.003 -17"><span class='ocrx_word' id='word_1_610' title='bbox 490 4428 699 4487; x_wconf 48' lang='lat' dir='ltr'><strong><em>potest;</em></strong></span> <span class='ocrx_word' id='word_1_611' title='bbox 723 4418 863 4472; x_wconf 87' lang='lat' dir='ltr'><strong><em>hunc</em></strong></span> <span class='ocrx_word' id='word_1_612' title='bbox 891 4419 1031 4472; x_wconf 89' lang='lat' dir='ltr'><strong><em>enim</em></strong></span> <span class='ocrx_word' id='word_1_613' title='bbox 1062 4433 1218 4483; x_wconf 84' lang='lat' dir='ltr'><strong><em>quem</em></strong></span> <span class='ocrx_word' id='word_1_614' title='bbox 1247 4429 1425 4470; x_wconf 90' lang='lat' dir='ltr'><strong><em>uatum</em></strong></span> <span class='ocrx_word' id='word_1_615' title='bbox 1457 4419 1611 4483; x_wconf 74' lang='lat' dir='ltr'><strong><em>dixit,</em></strong></span> <span class='ocrx_word' id='word_1_616' title='bbox 1647 4431 1854 4488; x_wconf 87' lang='lat' dir='ltr'><strong><em>patrem</em></strong></span> <span class='ocrx_word' id='word_1_617' title='bbox 1897 4423 2058 4476; x_wconf 81' lang='lat' dir='ltr'><strong><em>futuri</em></strong></span> 
     </span>
    </p>
   </div>
   <div class='ocr_carea' id='block_1_76' title="bbox 2168 3235 3740 3313">
    <p class='ocr_par' dir='ltr' id='par_1_76' title="bbox 2168 3235 3740 3313">
     <span class='ocr_line' id='line_1_76' title="bbox 2168 3235 3740 3313; baseline -0.008 -13"><span class='ocrx_word' id='word_1_618' title='bbox 2168 3246 2367 3300; x_wconf 87' lang='lat' dir='ltr'><strong><em>militas</em></strong></span> <span class='ocrx_word' id='word_1_619' title='bbox 2394 3243 2660 3313; x_wconf 89' lang='lat' dir='ltr'><strong><em>corporis,</em></strong></span> <span class='ocrx_word' id='word_1_620' title='bbox 2692 3244 2773 3296; x_wconf 84' lang='lat' dir='ltr'><strong><em>vel</em></strong></span> <span class='ocrx_word' id='word_1_621' title='bbox 2804 3241 3121 3295; x_wconf 87' lang='lat' dir='ltr'><strong><em>contumelia</em></strong></span> <span class='ocrx_word' id='word_1_622' title='bbox 3151 3239 3454 3306; x_wconf 85' lang='lat' dir='ltr'><strong><em>passionis;</em></strong></span> <span class='ocrx_word' id='word_1_623' title='bbox 3480 3251 3599 3289; x_wconf 91' lang='lat' dir='ltr'><strong><em>cum</em></strong></span> <span class='ocrx_word' id='word_1_624' title='bbox 3628 3235 3740 3288; x_wconf 87' lang='lat' dir='ltr'><strong><em>titi-</em></strong></span> 
     </span>
    </p>
   </div>
   <div class='ocr_carea' id='block_1_77' title="bbox 2166 3327 3744 3406">
    <p class='ocr_par' dir='ltr' id='par_1_77' title="bbox 2166 3327 3744 3406">
     <span class='ocr_line' id='line_1_77' title="bbox 2166 3327 3744 3406; baseline -0.006 -16"><span class='ocrx_word' id='word_1_625' title='bbox 2166 3353 2271 3406; x_wconf 90' lang='lat' dir='ltr'><strong><em>que</em></strong></span> <span class='ocrx_word' id='word_1_626' title='bbox 2300 3350 2496 3405; x_wconf 82' lang='lat' dir='ltr'><strong><em>augere</em></strong></span> <span class='ocrx_word' id='word_1_627' title='bbox 2543 3334 2596 3387; x_wconf 94' lang='lat' dir='ltr'><strong><em>in</em></strong></span> <span class='ocrx_word' id='word_1_628' title='bbox 2628 3332 2785 3387; x_wconf 70' lang='lat' dir='ltr'><strong><em>nobis</em></strong></span> <span class='ocrx_word' id='word_1_629' title='bbox 2814 3331 3060 3384; x_wconf 66' lang='lat' dir='ltr'><strong><em>affectum</em></strong></span> <span class='ocrx_word' id='word_1_630' title='bbox 3090 3330 3204 3396; x_wconf 87' lang='lat' dir='ltr'><strong><em>ejus</em></strong></span> <span class='ocrx_word' id='word_1_631' title='bbox 3231 3339 3284 3381; x_wconf 89' lang='lat' dir='ltr'><strong><em>et</em></strong></span> <span class='ocrx_word' id='word_1_632' title='bbox 3307 3329 3505 3380; x_wconf 72' lang='lat' dir='ltr'><strong><em>iulium</em></strong></span> <span class='ocrx_word' id='word_1_633' title='bbox 3545 3327 3744 3380; x_wconf 88' lang='lat' dir='ltr'><strong><em>debeat</em></strong></span> 
     </span>
    </p>
   </div>
   <div class='ocr_carea' id='block_1_78' title="bbox 2166 3417 3741 3494">
    <p class='ocr_par' dir='ltr' id='par_1_78' title="bbox 2166 3417 3741 3494">
     <span class='ocr_line' id='line_1_78' title="bbox 2166 3417 3741 3494; baseline -0.008 -13"><span class='ocrx_word' id='word_1_634' title='bbox 2166 3427 2251 3481; x_wconf 83' lang='lat' dir='ltr'><strong><em>vel</em></strong></span> <span class='ocrx_word' id='word_1_635' title='bbox 2278 3424 2519 3494; x_wconf 84' lang='lat' dir='ltr'><strong><em>dignatio</em></strong></span> <span class='ocrx_word' id='word_1_636' title='bbox 2564 3432 2672 3478; x_wconf 91' lang='lat' dir='ltr'><strong><em>tam</em></strong></span> <span class='ocrx_word' id='word_1_637' title='bbox 2703 3420 2918 3476; x_wconf 81' lang='lat' dir='ltr'><strong><em>humilis</em></strong></span> <span class='ocrx_word' id='word_1_638' title='bbox 2945 3419 3256 3481; x_wconf 83' lang='lat' dir='ltr'><strong><em>uativilatis,</em></strong></span> <span class='ocrx_word' id='word_1_639' title='bbox 3288 3417 3370 3470; x_wconf 88' lang='lat' dir='ltr'><strong><em>vel</em></strong></span> <span class='ocrx_word' id='word_1_640' title='bbox 3402 3417 3575 3484; x_wconf 90' lang='lat' dir='ltr'><strong><em>pietas</em></strong></span> <span class='ocrx_word' id='word_1_641' title='bbox 3627 3425 3741 3468; x_wconf 89' lang='lat' dir='ltr'><strong><em>tam</em></strong></span> 
     </span>
    </p>
   </div>
   <div class='ocr_carea' id='block_1_79' title="bbox 2166 3508 3745 3586">
    <p class='ocr_par' dir='ltr' id='par_1_79' title="bbox 2166 3508 3745 3586">
     <span class='ocr_line' id='line_1_79' title="bbox 2166 3508 3745 3586; baseline -0.009 -12"><span class='ocrx_word' id='word_1_642' title='bbox 2166 3519 2396 3583; x_wconf 72' lang='lat' dir='ltr'><strong><em>benigna</em></strong></span> <span class='ocrx_word' id='word_1_643' title='bbox 2438 3514 2712 3586; x_wconf 83' lang='lat' dir='ltr'><strong><em>patientis,</em></strong></span> <span class='ocrx_word' id='word_1_644' title='bbox 2763 3514 2884 3582; x_wconf 89' lang='lat' dir='ltr'><strong><em>quia</em></strong></span> <span class='ocrx_word' id='word_1_645' title='bbox 2937 3511 3224 3564; x_wconf 82' lang='lat' dir='ltr'><strong><em>maximum</em></strong></span> <span class='ocrx_word' id='word_1_646' title='bbox 3261 3511 3441 3584; x_wconf 79' lang='lat' dir='ltr'><strong><em>utique</em></strong></span> <span class='ocrx_word' id='word_1_647' title='bbox 3469 3519 3520 3562; x_wconf 88' lang='lat' dir='ltr'><strong><em>et</em></strong></span> <span class='ocrx_word' id='word_1_648' title='bbox 3548 3508 3745 3561; x_wconf 75' lang='lat' dir='ltr'><strong><em>imma-</em></strong></span> 
     </span>
    </p>
   </div>
   <div class='ocr_carea' id='block_1_80' title="bbox 2167 3599 3732 3670">
    <p class='ocr_par' dir='ltr' id='par_1_80' title="bbox 2167 3599 3732 3670">
     <span class='ocr_line' id='line_1_80' title="bbox 2167 3599 3732 3670; baseline -0.008 -5"><span class='ocrx_word' id='word_1_649' title='bbox 2167 3610 2445 3665; x_wconf 57' lang='lat' dir='ltr'><strong><em>nissimum</em></strong></span> <span class='ocrx_word' id='word_1_650' title='bbox 2474 3607 2650 3662; x_wconf 89' lang='lat' dir='ltr'><strong><em>scelus</em></strong></span> <span class='ocrx_word' id='word_1_651' title='bbox 2692 3613 2796 3670; x_wconf 90' lang='lat' dir='ltr'><strong><em>est,</em></strong></span> <span class='ocrx_word' id='word_1_652' title='bbox 2825 3614 2882 3657; x_wconf 90' lang='lat' dir='ltr'><strong><em>ut</em></strong></span> <span class='ocrx_word' id='word_1_653' title='bbox 2909 3603 3031 3657; x_wconf 87' lang='lat' dir='ltr'><strong><em>ideo</em></strong></span> <span class='ocrx_word' id='word_1_654' title='bbox 3059 3602 3196 3670; x_wconf 87' lang='lat' dir='ltr'><strong><em>apud</em></strong></span> <span class='ocrx_word' id='word_1_655' title='bbox 3227 3617 3323 3655; x_wconf 85' lang='lat' dir='ltr'><strong><em>nos</em></strong></span> <span class='ocrx_word' id='word_1_656' title='bbox 3354 3601 3529 3654; x_wconf 90' lang='lat' dir='ltr'><strong><em>minus</em></strong></span> <span class='ocrx_word' id='word_1_657' title='bbox 3559 3599 3732 3654; x_wconf 83' lang='lat' dir='ltr'><strong><em>hono-</em></strong></span> 
     </span>
    </p>
   </div>
   <div class='ocr_carea' id='block_1_81' title="bbox 2165 3695 3314 3769">
    <p class='ocr_par' dir='ltr' id='par_1_81' title="bbox 2165 3695 3314 3769">
     <span class='ocr_line' id='line_1_81' title="bbox 2165 3695 3314 3769; baseline -0.01 -11"><span class='ocrx_word' id='word_1_658' title='bbox 2165 3702 2240 3758; x_wconf 90' lang='lat' dir='ltr'><strong><em>ris</em></strong></span> <span class='ocrx_word' id='word_1_659' title='bbox 2269 3701 2484 3767; x_wconf 87' lang='lat' dir='ltr'><strong><em>habeat,</em></strong></span> <span class='ocrx_word' id='word_1_660' title='bbox 2507 3701 2629 3769; x_wconf 87' lang='lat' dir='ltr'><strong><em>quia</em></strong></span> <span class='ocrx_word' id='word_1_661' title='bbox 2660 3699 2780 3767; x_wconf 84' lang='lat' dir='ltr'><strong><em>plus</em></strong></span> <span class='ocrx_word' id='word_1_662' title='bbox 2810 3696 3008 3750; x_wconf 89' lang='lat' dir='ltr'><strong><em>amoris</em></strong></span> <span class='ocrx_word' id='word_1_663' title='bbox 3037 3695 3314 3762; x_wconf 89' lang='lat' dir='ltr'><strong><em>impendit.</em></strong></span> 
     </span>
    </p>
   </div>
   <div class='ocr_carea' id='block_1_82' title="bbox 2788 3829 3134 3886">
    <p class='ocr_par' dir='ltr' id='par_1_82' title="bbox 2788 3829 3134 3886">
     <span class='ocr_line' id='line_1_82' title="bbox 2788 3829 3134 3886; baseline -0.006 0"><span class='ocrx_word' id='word_1_664' title='bbox 2788 3830 3015 3886; x_wconf 72' lang='lat' dir='ltr'><strong><em>CAPUT</em></strong></span> <span class='ocrx_word' id='word_1_665' title='bbox 3044 3829 3134 3884; x_wconf 77' lang='grc' dir='ltr'><strong><em>ιν.</em></strong></span> 
     </span>
    </p>
   </div>
   <div class='ocr_carea' id='block_1_83' title="bbox 2167 3936 3742 4081">
    <p class='ocr_par' dir='ltr' id='par_1_83' title="bbox 2167 3936 3742 4081">
     <span class='ocr_line' id='line_1_83' title="bbox 2167 3936 3742 4081; baseline -0.01 -77"><span class='ocrx_word' id='word_1_666' title='bbox 2167 3947 2251 4004; x_wconf 78' lang='lat' dir='ltr'><strong><em>Ea:</em></strong></span> <span class='ocrx_word' id='word_1_667' title='bbox 2329 3944 2562 4017; x_wconf 82' lang='lat' dir='ltr'><strong><em>apostolo</em></strong></span> <span class='ocrx_word' id='word_1_668' title='bbox 2626 3943 2794 3998; x_wconf 85' lang='lat' dir='ltr'><strong><em>Paulo</em></strong></span> <span class='ocrx_word' id='word_1_669' title='bbox 2857 3944 3085 4081; x_wconf 61' lang='lat' dir='ltr'><strong><em>ejufsdem</em></strong></span> <span class='ocrx_word' id='word_1_670' title='bbox 3135 3938 3380 3992; x_wconf 69' lang='lat' dir='ltr'><strong><em>doctrina!</em></strong></span> <span class='ocrx_word' id='word_1_671' title='bbox 3443 3936 3742 3990; x_wconf 79' lang='lat' dir='ltr'><strong><em>testimonia</em></strong></span> 
     </span>
     <span class='ocr_line' id='line_1_84' title="bbox 2832 4021 3047 4081; baseline -0.009 -17"><span class='ocrx_word' id='word_1_672' title='bbox 2832 4027 2922 4081; x_wconf 84' lang='lat' dir='ltr'><strong><em>pro</em></strong></span> <span class='ocrx_word' id='word_1_673' title='bbox 2951 4021 3047 4063; x_wconf 84' lang='lat' dir='ltr'><strong><em>ert.</em></strong></span> 
     </span>
    </p>
   </div>
   <div class='ocr_carea' id='block_1_84' title="bbox 2832 4021 3047 4081">
    <p class='ocr_par' dir='ltr' id='par_1_84' title="bbox 2832 4021 3047 4081">
     <span class='ocr_line' id='line_1_85' title="bbox 2832 4021 3047 4081; baseline -0.019 -16"><span class='ocrx_word' id='word_1_674' title='bbox 2832 4021 3047 4081; x_wconf 75' lang='lat' dir='ltr'><strong><em>profert.</em></strong></span> 
     </span>
    </p>
   </div>
   <div class='ocr_carea' id='block_1_85' title="bbox 2236 4137 3742 4212">
    <p class='ocr_par' dir='ltr' id='par_1_85' title="bbox 2236 4137 3742 4212">
     <span class='ocr_line' id='line_1_86' title="bbox 2236 4137 3742 4212; baseline -0.007 -8"><span class='ocrx_word' id='word_1_675' title='bbox 2236 4148 2341 4205; x_wconf 91' lang='lat' dir='ltr'><strong><em>Sed</em></strong></span> <span class='ocrx_word' id='word_1_676' title='bbox 2375 4148 2458 4202; x_wconf 89' lang='lat' dir='ltr'><strong><em>his</em></strong></span> <span class='ocrx_word' id='word_1_677' title='bbox 2485 4145 2717 4208; x_wconf 86' lang='lat' dir='ltr'><strong><em>omissis,</em></strong></span> <span class='ocrx_word' id='word_1_678' title='bbox 2765 4157 2884 4212; x_wconf 73' lang='lat' dir='ltr'><strong><em>qure</em></strong></span> <span class='ocrx_word' id='word_1_679' title='bbox 2929 4138 3187 4209; x_wconf 75' lang='lat' dir='ltr'><strong><em>espiicari</em></strong></span> <span class='ocrx_word' id='word_1_680' title='bbox 3235 4138 3354 4191; x_wconf 89' lang='lat' dir='ltr'><strong><em>ideo</em></strong></span> <span class='ocrx_word' id='word_1_681' title='bbox 3383 4137 3531 4191; x_wconf 92' lang='lat' dir='ltr'><strong><em>nullo</em></strong></span> <span class='ocrx_word' id='word_1_682' title='bbox 3576 4137 3742 4193; x_wconf 90' lang='lat' dir='ltr'><strong><em>modo</em></strong></span> 
     </span>
    </p>
   </div>
   <div class='ocr_carea' id='block_1_86' title="bbox 2164 4227 3736 4308">
    <p class='ocr_par' dir='ltr' id='par_1_86' title="bbox 2164 4227 3736 4308">
     <span class='ocr_line' id='line_1_87' title="bbox 2164 4227 3736 4308; baseline -0.008 -16"><span class='ocrx_word' id='word_1_683' title='bbox 2164 4248 2408 4308; x_wconf 85' lang='lat' dir='ltr'><strong><em>possunt,</em></strong></span> <span class='ocrx_word' id='word_1_684' title='bbox 2433 4238 2554 4306; x_wconf 87' lang='lat' dir='ltr'><strong><em>quia</em></strong></span> <span class='ocrx_word' id='word_1_685' title='bbox 2578 4237 2716 4291; x_wconf 90' lang='lat' dir='ltr'><strong><em>sicut</em></strong></span> <span class='ocrx_word' id='word_1_686' title='bbox 2763 4231 3098 4288; x_wconf 67' lang='lat' dir='ltr'><strong><em>immensitas</em></strong></span> <span class='ocrx_word' id='word_1_687' title='bbox 3149 4229 3532 4283; x_wconf 80' lang='lat' dir='ltr'><strong><em>beneficiorum</em></strong></span> <span class='ocrx_word' id='word_1_688' title='bbox 3566 4227 3736 4295; x_wconf 87' lang='lat' dir='ltr'><strong><em>illius,</em></strong></span> 
     </span>
    </p>
   </div>
   <div class='ocr_carea' id='block_1_87' title="bbox 2165 4320 3744 4393">
    <p class='ocr_par' dir='ltr' id='par_1_87' title="bbox 2165 4320 3744 4393">
     <span class='ocr_line' id='line_1_88' title="bbox 2165 4320 3744 4393; baseline -0.007 -9"><span class='ocrx_word' id='word_1_689' title='bbox 2165 4331 2238 4384; x_wconf 90' lang='lat' dir='ltr'><strong><em>ita</em></strong></span> <span class='ocrx_word' id='word_1_690' title='bbox 2269 4339 2322 4382; x_wconf 91' lang='lat' dir='ltr'><strong><em>et</em></strong></span> <span class='ocrx_word' id='word_1_691' title='bbox 2346 4331 2532 4384; x_wconf 88' lang='lat' dir='ltr'><strong><em>relatio</em></strong></span> <span class='ocrx_word' id='word_1_692' title='bbox 2563 4330 2777 4384; x_wconf 90' lang='lat' dir='ltr'><strong><em>modum</em></strong></span> <span class='ocrx_word' id='word_1_693' title='bbox 2827 4343 2931 4382; x_wconf 93' lang='lat' dir='ltr'><strong><em>non</em></strong></span> <span class='ocrx_word' id='word_1_694' title='bbox 2966 4326 3145 4388; x_wconf 85' lang='lat' dir='ltr'><strong><em>habet,</em></strong></span> <span class='ocrx_word' id='word_1_695' title='bbox 3189 4333 3402 4393; x_wconf 90' lang='lat' dir='ltr'><strong><em>tempus</em></strong></span> <span class='ocrx_word' id='word_1_696' title='bbox 3428 4332 3510 4376; x_wconf 91' lang='lat' dir='ltr'><strong><em>est</em></strong></span> <span class='ocrx_word' id='word_1_697' title='bbox 3547 4331 3603 4374; x_wconf 83' lang='lat' dir='ltr'><strong><em>lli.</em></strong></span> <span class='ocrx_word' id='word_1_698' title='bbox 3627 4320 3744 4374; x_wconf 82' lang='lat' dir='ltr'><strong><em>for-</em></strong></span> 
     </span>
    </p>
   </div>
   <div class='ocr_carea' id='block_1_88' title="bbox 2165 4410 3742 4478">
    <p class='ocr_par' dir='ltr' id='par_1_88' title="bbox 2165 4410 3742 4478">
     <span class='ocr_line' id='line_1_89' title="bbox 2165 4410 3742 4478; baseline -0.006 -4"><span class='ocrx_word' id='word_1_699' title='bbox 2165 4420 2430 4474; x_wconf 89' lang='lat' dir='ltr'><strong><em>tissimum</em></strong></span> <span class='ocrx_word' id='word_1_700' title='bbox 2477 4419 2546 4473; x_wconf 90' lang='lat' dir='ltr'><strong><em>de</em></strong></span> <span class='ocrx_word' id='word_1_701' title='bbox 2591 4435 2658 4474; x_wconf 91' lang='lat' dir='ltr'><strong><em>eo</em></strong></span> <span class='ocrx_word' id='word_1_702' title='bbox 2706 4433 2770 4473; x_wconf 90' lang='lat' dir='ltr'><strong><em>ac</em></strong></span> <span class='ocrx_word' id='word_1_703' title='bbox 2819 4417 3312 4471; x_wconf 83' lang='lat' dir='ltr'><strong><em>manifestissimum</em></strong></span> <span class='ocrx_word' id='word_1_704' title='bbox 3372 4424 3560 4465; x_wconf 75' lang='lat' dir='ltr'><strong><em>teStem</em></strong></span> <span class='ocrx_word' id='word_1_705' title='bbox 3616 4410 3742 4478; x_wconf 82' lang='lat' dir='ltr'><strong><em>ejus</em></strong></span> 
     </span>
    </p>
   </div>
   <div class='ocr_carea' id='block_1_89' title="bbox 487 4501 3739 4581">
    <p class='ocr_par' dir='ltr' id='par_1_89' title="bbox 487 4501 3739 4581">
     <span class='ocr_line' id='line_1_90' title="bbox 487 4501 3739 4581; baseline -0.002 -21"><span class='ocrx_word' id='word_1_706' title='bbox 487 4509 668 4561; x_wconf 72' lang='lat' dir='ltr'><strong><em>steculi</em></strong></span> <span class='ocrx_word' id='word_1_707' title='bbox 700 4509 1026 4574; x_wconf 88' lang='lat' dir='ltr'><strong><em>nominavit;</em></strong></span> <span class='ocrx_word' id='word_1_708' title='bbox 1058 4507 1200 4560; x_wconf 85' lang='lat' dir='ltr'><strong><em>hunc</em></strong></span> <span class='ocrx_word' id='word_1_709' title='bbox 1229 4523 1389 4576; x_wconf 91' lang='lat' dir='ltr'><strong><em>quem</em></strong></span> <span class='ocrx_word' id='word_1_710' title='bbox 1447 4510 1728 4578; x_wconf 87' lang='lat' dir='ltr'><strong><em>parvulum</em></strong></span> <span class='ocrx_word' id='word_1_711' title='bbox 1782 4527 2053 4581; x_wconf 87' lang='lat' dir='ltr'><strong><em>nuncupa-</em></strong></span> <span class='ocrx_word' id='word_1_712' title='bbox 2081 4508 2463 4580; x_wconf 86' lang='lat' dir='ltr'><strong><em>Dapostolum</em></strong></span> <span class='ocrx_word' id='word_1_713' title='bbox 2523 4509 2746 4564; x_wconf 83' lang='lat' dir='ltr'><strong><em>Paulum</em></strong></span> <span class='ocrx_word' id='word_1_714' title='bbox 2804 4507 3186 4568; x_wconf 86' lang='lat' dir='ltr'><strong><em>consulamus;</em></strong></span> <span class='ocrx_word' id='word_1_715' title='bbox 3236 4501 3543 4555; x_wconf 77' lang='lat' dir='ltr'><strong><em>fidelissime</em></strong></span> <span class='ocrx_word' id='word_1_716' title='bbox 3589 4501 3739 4553; x_wconf 86' lang='lat' dir='ltr'><strong><em>enim</em></strong></span> 
     </span>
    </p>
   </div>
   <div class='ocr_carea' id='block_1_90' title="bbox 487 4600 2054 4673">
    <p class='ocr_par' dir='ltr' id='par_1_90' title="bbox 487 4600 2054 4673">
     <span class='ocr_line' id='line_1_91' title="bbox 487 4600 2054 4673; baseline 0.001 -16"><span class='ocrx_word' id='word_1_717' title='bbox 487 4601 562 4658; x_wconf 88' lang='lat' dir='ltr'><strong><em>vit</em></strong></span> <span class='ocrx_word' id='word_1_718' title='bbox 591 4600 777 4667; x_wconf 88' lang='lat' dir='ltr'><strong><em>Deum,</em></strong></span> <span class='ocrx_word' id='word_1_719' title='bbox 809 4600 999 4656; x_wconf 87' lang='lat' dir='ltr'><strong><em>fortem</em></strong></span> <span class='ocrx_word' id='word_1_720' title='bbox 1024 4601 1292 4670; x_wconf 65' lang='lat' dir='ltr'><strong><em>praedixit.</em></strong></span> <span class='ocrx_word' id='word_1_721' title='bbox 1336 4600 1472 4668; x_wconf 87' lang='lat' dir='ltr'><strong><em>Quid</em></strong></span> <span class='ocrx_word' id='word_1_722' title='bbox 1495 4613 1597 4668; x_wconf 76' lang='grc' dir='ltr'>εει,</span> <span class='ocrx_word' id='word_1_723' title='bbox 1628 4602 1883 4658; x_wconf 76' lang='lat' dir='ltr'><strong><em>hut-retice</em></strong></span> <span class='ocrx_word' id='word_1_724' title='bbox 1902 4645 1917 4669; x_wconf 93' lang='lat'><strong><em>,</em></strong></span> <span class='ocrx_word' id='word_1_725' title='bbox 1945 4618 2054 4673; x_wconf 90' lang='lat' dir='ltr'><strong><em>quo</em></strong></span> 
     </span>
    </p>
   </div>
   <div class='ocr_carea' id='block_1_91' title="bbox 2161 4589 3742 4664">
    <p class='ocr_par' dir='ltr' id='par_1_91' title="bbox 2161 4589 3742 4664">
     <span class='ocr_line' id='line_1_92' title="bbox 2161 4589 3742 4664; baseline -0.008 -7"><span class='ocrx_word' id='word_1_726' title='bbox 2161 4603 2319 4657; x_wconf 90' lang='lat' dir='ltr'><strong><em>nobis</em></strong></span> <span class='ocrx_word' id='word_1_727' title='bbox 2367 4599 2548 4656; x_wconf 90' lang='lat' dir='ltr'><strong><em>omnia</em></strong></span> <span class='ocrx_word' id='word_1_728' title='bbox 2578 4600 2645 4654; x_wconf 89' lang='lat' dir='ltr'><strong><em>de</em></strong></span> <span class='ocrx_word' id='word_1_729' title='bbox 2680 4599 2793 4654; x_wconf 90' lang='lat' dir='ltr'><strong><em>Deo</em></strong></span> <span class='ocrx_word' id='word_1_730' title='bbox 2830 4596 3010 4651; x_wconf 88' lang='lat' dir='ltr'><strong><em>dicere</em></strong></span> <span class='ocrx_word' id='word_1_731' title='bbox 3035 4601 3235 4664; x_wconf 87' lang='lat' dir='ltr'><strong><em>potest,</em></strong></span> <span class='ocrx_word' id='word_1_732' title='bbox 3278 4605 3308 4644; x_wconf 92' lang='lat' dir='ltr'><strong><em>e</em></strong></span> <span class='ocrx_word' id='word_1_733' title='bbox 3344 4589 3495 4659; x_wconf 88' lang='lat' dir='ltr'><strong><em>cujus</em></strong></span> <span class='ocrx_word' id='word_1_734' title='bbox 3520 4603 3742 4658; x_wconf 76' lang='lat' dir='ltr'><strong><em>semper</em></strong></span> 
     </span>
    </p>
   </div>
   <div class='ocr_carea' id='block_1_92' title="bbox 1530 4731 2659 4791">
    <p class='ocr_par' dir='ltr' id='par_1_92' title="bbox 1530 4731 2659 4791">
     <span class='ocr_line' id='line_1_93' title="bbox 1530 4731 2659 4791; baseline 0 -1"><span class='ocrx_word' id='word_1_735' title='bbox 1530 4735 1784 4790; x_wconf 77' lang='lat' dir='ltr'><strong><em>ALARDI</em></strong></span> <span class='ocrx_word' id='word_1_736' title='bbox 1823 4734 2051 4791; x_wconf 68' lang='lat' dir='ltr'><strong>GAZEI</strong></span> <span class='ocrx_word' id='word_1_737' title='bbox 2088 4731 2659 4791; x_wconf 77' lang='lat' dir='ltr'><strong><em>COMMENTARIUS.</em></strong></span> 
     </span>
    </p>
   </div>
   <div class='ocr_carea' id='block_1_93' title="bbox 557 4843 2053 4917">
    <p class='ocr_par' dir='ltr' id='par_1_93' title="bbox 557 4843 2053 4917">
     <span class='ocr_line' id='line_1_94' title="bbox 557 4843 2053 4917; baseline 0 -14"><span class='ocrx_word' id='word_1_738' title='bbox 557 4857 582 4887; x_wconf 78' lang='grc'><strong>⁸</strong></span> <span class='ocrx_word' id='word_1_739' title='bbox 613 4843 821 4903; x_wconf 73' lang='lat' dir='ltr'><strong><em>Debent</em></strong></span> <span class='ocrx_word' id='word_1_740' title='bbox 840 4846 955 4917; x_wconf 57' lang='lat' dir='ltr'><strong><em>hinc</em></strong></span> <span class='ocrx_word' id='word_1_741' title='bbox 981 4846 1087 4900; x_wconf 87' lang='lat' dir='ltr'><strong><em>duo</em></strong></span> <span class='ocrx_word' id='word_1_742' title='bbox 1108 4846 1366 4902; x_wconf 88' lang='lat' dir='ltr'><strong><em>vocabula</em></strong></span> <span class='ocrx_word' id='word_1_743' title='bbox 1390 4843 1692 4917; x_wconf 86' lang='lat' dir='ltr'><strong><em>disjunctim</em></strong></span> <span class='ocrx_word' id='word_1_744' title='bbox 1739 4848 1862 4914; x_wconf 88' lang='lat' dir='ltr'><strong><em>legi,</em></strong></span> <span class='ocrx_word' id='word_1_745' title='bbox 1904 4862 2053 4902; x_wconf 75' lang='lat' dir='ltr'><strong><em>com-</em></strong></span> 
     </span>
    </p>
   </div>
   <div class='ocr_carea' id='block_1_94' title="bbox 486 4916 2054 4984">
    <p class='ocr_par' dir='ltr' id='par_1_94' title="bbox 486 4916 2054 4984">
     <span class='ocr_line' id='line_1_95' title="bbox 486 4916 2054 4984; baseline -0.001 -11"><span class='ocrx_word' id='word_1_746' title='bbox 486 4929 629 4973; x_wconf 87' lang='lat' dir='ltr'><strong><em>male</em></strong></span> <span class='ocrx_word' id='word_1_747' title='bbox 657 4919 857 4972; x_wconf 88' lang='lat' dir='ltr'><strong><em>scilicet</em></strong></span> <span class='ocrx_word' id='word_1_748' title='bbox 885 4916 1216 4984; x_wconf 72' lang='lat' dir='ltr'><strong><em>interposito.</em></strong></span> <span class='ocrx_word' id='word_1_749' title='bbox 1246 4933 1366 4972; x_wconf 87' lang='lat' dir='ltr'><strong><em>cum</em></strong></span> <span class='ocrx_word' id='word_1_750' title='bbox 1410 4920 1518 4972; x_wconf 89' lang='lat' dir='ltr'><strong><em>sint</em></strong></span> <span class='ocrx_word' id='word_1_751' title='bbox 1545 4918 1652 4971; x_wconf 89' lang='lat' dir='ltr'><strong><em>duo</em></strong></span> <span class='ocrx_word' id='word_1_752' title='bbox 1680 4917 1928 4970; x_wconf 86' lang='lat' dir='ltr'><strong><em>distincta</em></strong></span> <span class='ocrx_word' id='word_1_753' title='bbox 1961 4935 2054 4971; x_wconf 83' lang='lat' dir='ltr'><strong><em>vo-</em></strong></span> 
     </span>
    </p>
   </div>
   <div class='ocr_carea' id='block_1_95' title="bbox 487 4987 2052 5056">
    <p class='ocr_par' dir='ltr' id='par_1_95' title="bbox 487 4987 2052 5056">
     <span class='ocr_line' id='line_1_96' title="bbox 487 4987 2052 5056; baseline -0.001 -16"><span class='ocrx_word' id='word_1_754' title='bbox 487 4989 673 5041; x_wconf 87' lang='lat' dir='ltr'><strong><em>eabula</em></strong></span> <span class='ocrx_word' id='word_1_755' title='bbox 696 5003 786 5040; x_wconf 62' lang='lat' dir='ltr'><strong><em>seu</em></strong></span> <span class='ocrx_word' id='word_1_756' title='bbox 812 4989 1048 5056; x_wconf 85' lang='lat' dir='ltr'><strong><em>epitheta</em></strong></span> <span class='ocrx_word' id='word_1_757' title='bbox 1076 4987 1278 5052; x_wconf 86' lang='lat' dir='ltr'><strong><em>parvuli</em></strong></span> <span class='ocrx_word' id='word_1_758' title='bbox 1306 4987 1450 5041; x_wconf 88' lang='lat' dir='ltr'><strong><em>illius</em></strong></span> <span class='ocrx_word' id='word_1_759' title='bbox 1479 5003 1632 5056; x_wconf 89' lang='lat' dir='ltr'><strong><em>quem</em></strong></span> <span class='ocrx_word' id='word_1_760' title='bbox 1667 4987 1926 5055; x_wconf 84' lang='lat' dir='ltr'><strong><em>propheta</em></strong></span> <span class='ocrx_word' id='word_1_761' title='bbox 1957 5004 2052 5040; x_wconf 89' lang='lat' dir='ltr'><strong><em>no-</em></strong></span> 
     </span>
    </p>
   </div>
   <div class='ocr_carea' id='block_1_96' title="bbox 489 5055 2055 5126">
    <p class='ocr_par' dir='ltr' id='par_1_96' title="bbox 489 5055 2055 5126">
     <span class='ocr_line' id='line_1_97' title="bbox 489 5055 2055 5126; baseline 0.001 -16"><span class='ocrx_word' id='word_1_762' title='bbox 489 5058 771 5110; x_wconf 85' lang='lat' dir='ltr'><strong><em>bisnatum</em></strong></span> <span class='ocrx_word' id='word_1_763' title='bbox 820 5055 942 5112; x_wconf 70' lang='lat' dir='ltr'><strong><em>ease</em></strong></span> <span class='ocrx_word' id='word_1_764' title='bbox 978 5055 1128 5119; x_wconf 89' lang='lat' dir='ltr'><strong><em>dicit,</em></strong></span> <span class='ocrx_word' id='word_1_765' title='bbox 1161 5072 1386 5123; x_wconf 88' lang='lat' dir='ltr'><strong><em>quorum</em></strong></span> <span class='ocrx_word' id='word_1_766' title='bbox 1437 5055 1723 5126; x_wconf 78' lang='lat' dir='ltr'><strong><em>utrumque</em></strong></span> <span class='ocrx_word' id='word_1_767' title='bbox 1779 5058 1917 5124; x_wconf 84' lang='lat' dir='ltr'><strong><em>apud</em></strong></span> <span class='ocrx_word' id='word_1_768' title='bbox 1957 5058 2055 5112; x_wconf 83' lang='lat' dir='ltr'><strong><em>He-</em></strong></span> 
     </span>
    </p>
   </div>
   <div class='ocr_carea' id='block_1_97' title="bbox 484 5125 2053 5248">
    <p class='ocr_par' dir='ltr' id='par_1_97' title="bbox 484 5125 2053 5248">
     <span class='ocr_line' id='line_1_98' title="bbox 484 5125 2053 5248; baseline 0.003 -70"><span class='ocrx_word' id='word_1_769' title='bbox 484 5126 660 5248; x_wconf 56' lang='grc' dir='ltr'>ἶινιιςοε</span> <span class='ocrx_word' id='word_1_770' title='bbox 701 5127 792 5181; x_wconf 88' lang='lat' dir='ltr'><strong><em>Dei</em></strong></span> <span class='ocrx_word' id='word_1_771' title='bbox 815 5141 1007 5182; x_wconf 86' lang='lat' dir='ltr'><strong><em>nomen</em></strong></span> <span class='ocrx_word' id='word_1_772' title='bbox 1034 5136 1138 5180; x_wconf 89' lang='lat' dir='ltr'><strong><em>est.</em></strong></span> <span class='ocrx_word' id='word_1_773' title='bbox 1185 5128 1257 5181; x_wconf 87' lang='lat' dir='ltr'><strong><em>Ita</em></strong></span> <span class='ocrx_word' id='word_1_774' title='bbox 1299 5129 1459 5182; x_wconf 90' lang='lat' dir='ltr'><strong><em>docet</em></strong></span> <span class='ocrx_word' id='word_1_775' title='bbox 1477 5125 1543 5184; x_wconf 89' lang='lat' dir='ltr'><strong><em>D.</em></strong></span> <span class='ocrx_word' id='word_1_776' title='bbox 1588 5125 1947 5197; x_wconf 79' lang='lat' dir='ltr'><strong><em>Hieronymus</em></strong></span> <span class='ocrx_word' id='word_1_777' title='bbox 1986 5140 2053 5182; x_wconf 89' lang='lat' dir='ltr'><strong><em>eo</em></strong></span> 
     </span>
     <span class='ocr_line' id='line_1_99' title="bbox 507 5210 611 5248; baseline 0 0"><span class='ocrx_word' id='word_1_778' title='bbox 507 5210 611 5248; x_wconf 87' lang='lat' dir='ltr'><strong><em>oct.</em></strong></span> 
     </span>
    </p>
   </div>
   <div class='ocr_carea' id='block_1_98' title="bbox 507 5210 611 5248">
    <p class='ocr_par' dir='ltr' id='par_1_98' title="bbox 507 5210 611 5248">
     <span class='ocr_line' id='line_1_100' title="bbox 507 5210 611 5248; baseline 0 0"><span class='ocrx_word' id='word_1_779' title='bbox 507 5210 611 5248; x_wconf 75' lang='lat' dir='ltr'><strong><em>OCI.</em></strong></span> 
     </span>
    </p>
   </div>
   <div class='ocr_carea' id='block_1_99' title="bbox 552 5263 2053 5336">
    <p class='ocr_par' dir='ltr' id='par_1_99' title="bbox 552 5263 2053 5336">
     <span class='ocr_line' id='line_1_101' title="bbox 552 5263 2053 5336; baseline 0.003 -20"><span class='ocrx_word' id='word_1_780' title='bbox 552 5263 585 5336; x_wconf 14' lang='grc' dir='ltr'><strong><em>ιγ</em></strong></span> <span class='ocrx_word' id='word_1_781' title='bbox 611 5264 739 5330; x_wconf 71' lang='lat' dir='ltr'><strong><em>Quae</em></strong></span> <span class='ocrx_word' id='word_1_782' title='bbox 754 5275 951 5330; x_wconf 78' lang='lat' dir='ltr'><strong><em>tamen,</em></strong></span> <span class='ocrx_word' id='word_1_783' title='bbox 982 5272 1199 5333; x_wconf 87' lang='lat' dir='ltr'><strong><em>propter</em></strong></span> <span class='ocrx_word' id='word_1_784' title='bbox 1249 5265 1501 5320; x_wconf 90' lang='lat' dir='ltr'><strong><em>unionem</em></strong></span> <span class='ocrx_word' id='word_1_785' title='bbox 1557 5265 1941 5336; x_wconf 86' lang='lat' dir='ltr'><strong><em>hypostaticam</em></strong></span> <span class='ocrx_word' id='word_1_786' title='bbox 1969 5265 2053 5320; x_wconf 81' lang='lat' dir='ltr'><strong><em>di-</em></strong></span> 
     </span>
    </p>
   </div>
   <div class='ocr_carea' id='block_1_100' title="bbox 486 5331 2054 5406">
    <p class='ocr_par' dir='ltr' id='par_1_100' title="bbox 486 5331 2054 5406">
     <span class='ocr_line' id='line_1_102' title="bbox 486 5331 2054 5406; baseline 0.004 -22"><span class='ocrx_word' id='word_1_787' title='bbox 486 5331 718 5406; x_wconf 75' lang='lat' dir='ltr'><strong><em>vinitatis</em></strong></span> <span class='ocrx_word' id='word_1_788' title='bbox 748 5347 800 5390; x_wconf 86' lang='lat' dir='ltr'><strong><em>et</em></strong></span> <span class='ocrx_word' id='word_1_789' title='bbox 819 5331 1019 5402; x_wconf 81' lang='lat' dir='ltr'><strong><em>carnis,</em></strong></span> <span class='ocrx_word' id='word_1_790' title='bbox 1052 5331 1139 5388; x_wconf 82' lang='lat' dir='ltr'><strong><em>uni</em></strong></span> <span class='ocrx_word' id='word_1_791' title='bbox 1170 5337 1452 5405; x_wconf 81' lang='lat' dir='ltr'><strong><em>eidemque</em></strong></span> <span class='ocrx_word' id='word_1_792' title='bbox 1482 5331 1727 5406; x_wconf 67' lang='lat' dir='ltr'><strong><em>persona:</em></strong></span> <span class='ocrx_word' id='word_1_793' title='bbox 1774 5346 1828 5391; x_wconf 88' lang='lat' dir='ltr'><strong><em>et</em></strong></span> <span class='ocrx_word' id='word_1_794' title='bbox 1856 5350 2054 5406; x_wconf 79' lang='lat' dir='ltr'><strong><em>suppo—</em></strong></span> 
     </span>
    </p>
   </div>
   <div class='ocr_carea' id='block_1_101' title="bbox 485 5402 1388 5474">
    <p class='ocr_par' dir='ltr' id='par_1_101' title="bbox 485 5402 1388 5474">
     <span class='ocr_line' id='line_1_103' title="bbox 485 5402 1388 5474; baseline 0.007 -20"><span class='ocrx_word' id='word_1_795' title='bbox 485 5402 588 5457; x_wconf 85' lang='lat' dir='ltr'><strong><em>sito</em></strong></span> <span class='ocrx_word' id='word_1_796' title='bbox 615 5403 796 5474; x_wconf 78' lang='lat' dir='ltr'><strong><em>divino</em></strong></span> <span class='ocrx_word' id='word_1_797' title='bbox 814 5409 1014 5474; x_wconf 86' lang='lat' dir='ltr'><strong><em>pariter</em></strong></span> <span class='ocrx_word' id='word_1_798' title='bbox 1041 5402 1388 5460; x_wconf 75' lang='lat' dir='ltr'><strong><em>conveniunt.</em></strong></span> 
     </span>
    </p>
   </div>
   <div class='ocr_carea' id='block_1_102' title="bbox 558 5472 2048 5541">
    <p class='ocr_par' dir='ltr' id='par_1_102' title="bbox 558 5472 2048 5541">
     <span class='ocr_line' id='line_1_104' title="bbox 558 5472 2048 5541; baseline 0.005 -18"><span class='ocrx_word' id='word_1_799' title='bbox 558 5481 582 5511; x_wconf 75' lang='grc' dir='ltr'><strong><em>ο</em></strong></span> <span class='ocrx_word' id='word_1_800' title='bbox 610 5472 997 5539; x_wconf 65' lang='grc' dir='ltr'>Νθηιθιιιθευ,</span> <span class='ocrx_word' id='word_1_801' title='bbox 1041 5491 1233 5530; x_wconf 87' lang='lat' dir='ltr'><strong><em>nomen</em></strong></span> <span class='ocrx_word' id='word_1_802' title='bbox 1286 5475 1505 5529; x_wconf 83' lang='lat' dir='ltr'><strong><em>Itominis</em></strong></span> <span class='ocrx_word' id='word_1_803' title='bbox 1548 5479 1791 5541; x_wconf 85' lang='lat' dir='ltr'><strong><em>suscepti,</em></strong></span> <span class='ocrx_word' id='word_1_804' title='bbox 1842 5475 1894 5530; x_wconf 88' lang='lat' dir='ltr'><strong><em>id</em></strong></span> <span class='ocrx_word' id='word_1_805' title='bbox 1946 5483 2048 5541; x_wconf 87' lang='lat' dir='ltr'><strong><em>est,</em></strong></span> 
     </span>
    </p>
   </div>
   <div class='ocr_carea' id='block_1_103' title="bbox 483 5537 2048 5614">
    <p class='ocr_par' dir='ltr' id='par_1_103' title="bbox 483 5537 2048 5614">
     <span class='ocr_line' id='line_1_105' title="bbox 483 5537 2048 5614; baseline 0.004 -20"><span class='ocrx_word' id='word_1_806' title='bbox 483 5537 828 5614; x_wconf 72' lang='lat' dir='ltr'><strong><em>humanitatis</em></strong></span> <span class='ocrx_word' id='word_1_807' title='bbox 880 5537 1186 5613; x_wconf 63' lang='lat' dir='ltr'><strong><em>assumptus,</em></strong></span> <span class='ocrx_word' id='word_1_808' title='bbox 1215 5555 1272 5600; x_wconf 92' lang='lat' dir='ltr'><strong><em>ut</em></strong></span> <span class='ocrx_word' id='word_1_809' title='bbox 1295 5546 1540 5614; x_wconf 87' lang='lat' dir='ltr'><strong><em>superius</em></strong></span> <span class='ocrx_word' id='word_1_810' title='bbox 1583 5537 1902 5614; x_wconf 78' lang='lat' dir='ltr'><strong><em>explicatum</em></strong></span> <span class='ocrx_word' id='word_1_811' title='bbox 1934 5537 2048 5608; x_wconf 61' lang='lat' dir='ltr'><strong><em>esti</em></strong></span> 
     </span>
    </p>
   </div>
   <div class='ocr_carea' id='block_1_104' title="bbox 481 5611 2048 5688">
    <p class='ocr_par' dir='ltr' id='par_1_104' title="bbox 481 5611 2048 5688">
     <span class='ocr_line' id='line_1_106' title="bbox 481 5611 2048 5688; baseline 0.002 -24"><span class='ocrx_word' id='word_1_812' title='bbox 481 5611 566 5664; x_wconf 78' lang='lat' dir='ltr'><strong><em>vel</em></strong></span> <span class='ocrx_word' id='word_1_813' title='bbox 588 5611 1105 5688; x_wconf 65' lang='lat' dir='ltr'><strong><em>Cbristiseguutlutn</em></strong></span> <span class='ocrx_word' id='word_1_814' title='bbox 1126 5611 1532 5688; x_wconf 78' lang='lat' dir='ltr'><strong><em>humanitatem,</em></strong></span> <span class='ocrx_word' id='word_1_815' title='bbox 1569 5611 1859 5688; x_wconf 82' lang='lat' dir='ltr'><strong><em>secundum</em></strong></span> <span class='ocrx_word' id='word_1_816' title='bbox 1891 5631 2048 5688; x_wconf 82' lang='lat' dir='ltr'><strong><em>quam</em></strong></span> 
     </span>
    </p>
   </div>
   <div class='ocr_carea' id='block_1_105' title="bbox 479 5681 2051 5754">
    <p class='ocr_par' dir='ltr' id='par_1_105' title="bbox 479 5681 2051 5754">
     <span class='ocr_line' id='line_1_107' title="bbox 479 5681 2051 5754; baseline 0.002 -16"><span class='ocrx_word' id='word_1_817' title='bbox 479 5681 732 5738; x_wconf 82' lang='lat' dir='ltr'><strong><em>convenit</em></strong></span> <span class='ocrx_word' id='word_1_818' title='bbox 750 5683 799 5737; x_wconf 87' lang='lat' dir='ltr'><strong><em>ei</em></strong></span> <span class='ocrx_word' id='word_1_819' title='bbox 828 5681 1060 5738; x_wconf 83' lang='lat' dir='ltr'><strong><em>ofiicium</em></strong></span> <span class='ocrx_word' id='word_1_820' title='bbox 1088 5686 1386 5742; x_wconf 88' lang='lat' dir='ltr'><strong><em>Salvatoris</em></strong></span> <span class='ocrx_word' id='word_1_821' title='bbox 1412 5696 1466 5742; x_wconf 88' lang='lat' dir='ltr'><strong><em>et</em></strong></span> <span class='ocrx_word' id='word_1_822' title='bbox 1489 5687 1882 5754; x_wconf 73' lang='lat' dir='ltr'><strong><em>Redemptoris,</em></strong></span> <span class='ocrx_word' id='word_1_823' title='bbox 1909 5681 2051 5754; x_wconf 76' lang='lat' dir='ltr'><strong><em>quod</em></strong></span> 
     </span>
    </p>
   </div>
   <div class='ocr_carea' id='block_1_106' title="bbox 2157 4837 3746 4903">
    <p class='ocr_par' dir='ltr' id='par_1_106' title="bbox 2157 4837 3746 4903">
     <span class='ocr_line' id='line_1_108' title="bbox 2157 4837 3746 4903; baseline -0.007 -1"><span class='ocrx_word' id='word_1_824' title='bbox 2157 4847 2260 4903; x_wconf 81' lang='lat' dir='ltr'><strong><em>hoc</em></strong></span> <span class='ocrx_word' id='word_1_825' title='bbox 2293 4846 2507 4900; x_wconf 90' lang='lat' dir='ltr'><strong><em>nomine</em></strong></span> <span class='ocrx_word' id='word_1_826' title='bbox 2549 4845 2854 4899; x_wconf 89' lang='lat' dir='ltr'><strong><em>denotatur.</em></strong></span> <span class='ocrx_word' id='word_1_827' title='bbox 2917 4841 3060 4897; x_wconf 84' lang='lat' dir='ltr'><strong><em>Unus</em></strong></span> <span class='ocrx_word' id='word_1_828' title='bbox 3117 4840 3246 4894; x_wconf 87' lang='lat' dir='ltr'><strong><em>enim</em></strong></span> <span class='ocrx_word' id='word_1_829' title='bbox 3295 4837 3551 4892; x_wconf 78' lang='lat' dir='ltr'><strong><em>Mediator</em></strong></span> <span class='ocrx_word' id='word_1_830' title='bbox 3571 4839 3661 4892; x_wconf 88' lang='lat' dir='ltr'><strong><em>Dei</em></strong></span> <span class='ocrx_word' id='word_1_831' title='bbox 3690 4849 3746 4891; x_wconf 81' lang='lat' dir='ltr'><strong><em>et</em></strong></span> 
     </span>
    </p>
   </div>
   <div class='ocr_carea' id='block_1_107' title="bbox 2156 4905 3740 4980">
    <p class='ocr_par' dir='ltr' id='par_1_107' title="bbox 2156 4905 3740 4980">
     <span class='ocr_line' id='line_1_109' title="bbox 2156 4905 3740 4980; baseline -0.005 -10"><span class='ocrx_word' id='word_1_832' title='bbox 2156 4917 2616 4978; x_wconf 64' lang='lat' dir='ltr'><strong><em>hominumJtomo</em></strong></span> <span class='ocrx_word' id='word_1_833' title='bbox 2641 4913 2874 4968; x_wconf 77' lang='lat' dir='ltr'><strong><em>Christus</em></strong></span> <span class='ocrx_word' id='word_1_834' title='bbox 2916 4911 3068 4964; x_wconf 79' lang='lat' dir='ltr'><strong><em>Jesus</em></strong></span> <span class='ocrx_word' id='word_1_835' title='bbox 3112 4911 3154 4980; x_wconf 89' lang='grc' dir='ltr'><strong><em>(Ι</em></strong></span> <span class='ocrx_word' id='word_1_836' title='bbox 3212 4907 3395 4980; x_wconf 57' lang='grc' dir='ltr'><strong><em>Τὶριοι.</em></strong></span> <span class='ocrx_word' id='word_1_837' title='bbox 3447 4905 3531 4975; x_wconf 86' lang='grc' dir='ltr'>ιι).</span> <span class='ocrx_word' id='word_1_838' title='bbox 3557 4907 3740 4980; x_wconf 60' lang='grc' dir='ltr'><strong><em>ΔΙΙοιι.</em></strong></span> 
     </span>
    </p>
   </div>
   <div class='ocr_carea' id='block_1_108' title="bbox 2157 4976 3744 5052">
    <p class='ocr_par' dir='ltr' id='par_1_108' title="bbox 2157 4976 3744 5052">
     <span class='ocr_line' id='line_1_110' title="bbox 2157 4976 3744 5052; baseline -0.006 -11"><span class='ocrx_word' id='word_1_839' title='bbox 2157 4997 2352 5052; x_wconf 81' lang='lat' dir='ltr'><strong><em>supple</em></strong></span> <span class='ocrx_word' id='word_1_840' title='bbox 2381 4976 2572 5038; x_wconf 89' lang='lat' dir='ltr'><strong><em>nomen</em></strong></span> <span class='ocrx_word' id='word_1_841' title='bbox 2604 4984 2720 5044; x_wconf 85' lang='lat' dir='ltr'><strong><em>Dei,</em></strong></span> <span class='ocrx_word' id='word_1_842' title='bbox 2754 4982 2891 5052; x_wconf 88' lang='lat' dir='ltr'><strong><em>quod</em></strong></span> <span class='ocrx_word' id='word_1_843' title='bbox 2918 4981 2972 5035; x_wconf 91' lang='lat' dir='ltr'><strong><em>in</em></strong></span> <span class='ocrx_word' id='word_1_844' title='bbox 3004 4976 3221 5034; x_wconf 78' lang='lat' dir='ltr'><strong><em>nomine</em></strong></span> <span class='ocrx_word' id='word_1_845' title='bbox 3261 4976 3573 5031; x_wconf 85' lang='lat' dir='ltr'><strong><em>Emmanuel</em></strong></span> <span class='ocrx_word' id='word_1_846' title='bbox 3605 4994 3744 5032; x_wconf 86' lang='lat' dir='ltr'><strong><em>con-</em></strong></span> 
     </span>
    </p>
   </div>
   <div class='ocr_carea' id='block_1_109' title="bbox 2160 5051 2992 5118">
    <p class='ocr_par' dir='ltr' id='par_1_109' title="bbox 2160 5051 2992 5118">
     <span class='ocr_line' id='line_1_111' title="bbox 2160 5051 2992 5118; baseline -0.011 -7"><span class='ocrx_word' id='word_1_847' title='bbox 2160 5051 2384 5118; x_wconf 77' lang='lat' dir='ltr'><strong><em>tinetur,</em></strong></span> <span class='ocrx_word' id='word_1_848' title='bbox 2415 5064 2469 5108; x_wconf 90' lang='lat' dir='ltr'><strong><em>ct</em></strong></span> <span class='ocrx_word' id='word_1_849' title='bbox 2488 5057 2587 5106; x_wconf 88' lang='lat' dir='ltr'><strong><em>alia</em></strong></span> <span class='ocrx_word' id='word_1_850' title='bbox 2627 5053 2751 5106; x_wconf 88' lang='lat' dir='ltr'><strong><em>huic</em></strong></span> <span class='ocrx_word' id='word_1_851' title='bbox 2774 5051 2992 5104; x_wconf 81' lang='lat' dir='ltr'><strong><em>similia.</em></strong></span> 
     </span>
    </p>
   </div>
   <div class='ocr_carea' id='block_1_110' title="bbox 2230 5114 3341 5185">
    <p class='ocr_par' dir='ltr' id='par_1_110' title="bbox 2230 5114 3341 5185">
     <span class='ocr_line' id='line_1_112' title="bbox 2230 5114 3341 5185; baseline -0.008 -8"><span class='ocrx_word' id='word_1_852' title='bbox 2230 5125 2256 5164; x_wconf 74' lang='grc' dir='ltr'><em>ά</em></span> <span class='ocrx_word' id='word_1_853' title='bbox 2283 5127 2333 5178; x_wconf 89' lang='lat' dir='ltr'><strong><em>td</em></strong></span> <span class='ocrx_word' id='word_1_854' title='bbox 2359 5114 2466 5185; x_wconf 83' lang='lat' dir='ltr'><strong><em>est,</em></strong></span> <span class='ocrx_word' id='word_1_855' title='bbox 2493 5123 2682 5177; x_wconf 74' lang='lat' dir='ltr'><strong><em>divina:</em></strong></span> <span class='ocrx_word' id='word_1_856' title='bbox 2705 5130 2760 5175; x_wconf 91' lang='lat' dir='ltr'><strong><em>et</em></strong></span> <span class='ocrx_word' id='word_1_857' title='bbox 2785 5142 2812 5170; x_wconf 74' lang='grc' dir='ltr'>ει</span> <span class='ocrx_word' id='word_1_858' title='bbox 2834 5129 2999 5174; x_wconf 72' lang='lat' dir='ltr'><strong><em>ternae</em></strong></span> <span class='ocrx_word' id='word_1_859' title='bbox 3026 5114 3341 5182; x_wconf 79' lang='lat' dir='ltr'><strong><em>maiestatis.</em></strong></span> 
     </span>
    </p>
   </div>
   <div class='ocr_carea' id='block_1_111' title="bbox 2233 5183 3736 5261">
    <p class='ocr_par' dir='ltr' id='par_1_111' title="bbox 2233 5183 3736 5261">
     <span class='ocr_line' id='line_1_113' title="bbox 2233 5183 3736 5261; baseline -0.005 -13"><span class='ocrx_word' id='word_1_860' title='bbox 2233 5205 2258 5234; x_wconf 67' lang='grc' dir='ltr'><strong>α</strong></span> <span class='ocrx_word' id='word_1_861' title='bbox 2289 5195 2343 5248; x_wconf 90' lang='lat' dir='ltr'><strong><em>Id</em></strong></span> <span class='ocrx_word' id='word_1_862' title='bbox 2374 5183 2483 5261; x_wconf 85' lang='lat' dir='ltr'><strong><em>est,</em></strong></span> <span class='ocrx_word' id='word_1_863' title='bbox 2519 5194 2572 5247; x_wconf 92' lang='lat' dir='ltr'><strong><em>in</em></strong></span> <span class='ocrx_word' id='word_1_864' title='bbox 2619 5191 2966 5255; x_wconf 83' lang='lat' dir='ltr'><strong><em>humanitate,</em></strong></span> <span class='ocrx_word' id='word_1_865' title='bbox 2998 5200 3054 5243; x_wconf 89' lang='lat' dir='ltr'><strong><em>ut</em></strong></span> <span class='ocrx_word' id='word_1_866' title='bbox 3081 5202 3263 5257; x_wconf 86' lang='lat' dir='ltr'><strong><em>supra,</em></strong></span> <span class='ocrx_word' id='word_1_867' title='bbox 3291 5199 3392 5240; x_wconf 92' lang='lat' dir='ltr'><strong><em>non</em></strong></span> <span class='ocrx_word' id='word_1_868' title='bbox 3419 5183 3471 5240; x_wconf 89' lang='lat' dir='ltr'><strong><em>in</em></strong></span> <span class='ocrx_word' id='word_1_869' title='bbox 3501 5199 3736 5259; x_wconf 78' lang='lat' dir='ltr'><strong><em>persona</em></strong></span> 
     </span>
    </p>
   </div>
   <div class='ocr_carea' id='block_1_112' title="bbox 2201 5279 2414 5320">
    <p class='ocr_par' dir='ltr' id='par_1_112' title="bbox 2201 5279 2414 5320">
     <span class='ocr_line' id='line_1_114' title="bbox 2201 5279 2414 5320; baseline -0.019 0"><span class='ocrx_word' id='word_1_870' title='bbox 2201 5279 2414 5320; x_wconf 70' lang='lat' dir='ltr'><strong><em>OﬂllIIIS.</em></strong></span> 
     </span>
    </p>
   </div>
   <div class='ocr_carea' id='block_1_113' title="bbox 2161 5265 3739 5402">
    <p class='ocr_par' dir='ltr' id='par_1_113' title="bbox 2161 5265 3739 5402">
     <span class='ocr_line' id='line_1_115' title="bbox 2161 5265 3739 5402; baseline -0.006 -13"><span class='ocrx_word' id='word_1_871' title='bbox 2161 5265 2766 5402; x_wconf 46' lang='lat' dir='ltr'><strong><em>hof‘iigsiiiemnymus</em></strong></span> <span class='ocrx_word' id='word_1_872' title='bbox 2789 5344 2854 5384; x_wconf 90' lang='lat' dir='ltr'><strong><em>ex</em></strong></span> <span class='ocrx_word' id='word_1_873' title='bbox 2881 5327 3219 5402; x_wconf 75' lang='lat' dir='ltr'><strong><em>He_brteo,__et_</em></strong></span> <span class='ocrx_word' id='word_1_874' title='bbox 3241 5334 3327 5381; x_wconf 89' lang='lat' dir='ltr'><strong><em>est</em></strong></span> <span class='ocrx_word' id='word_1_875' title='bbox 3355 5325 3581 5402; x_wconf 75' lang='lat' dir='ltr'><strong><em>Vulgata</em></strong></span> <span class='ocrx_word' id='word_1_876' title='bbox 3612 5341 3739 5380; x_wconf 88' lang='lat' dir='ltr'><strong><em>ver-</em></strong></span> 
     </span>
    </p>
   </div>
   <div class='ocr_carea' id='block_1_114' title="bbox 2159 5397 3738 5471">
    <p class='ocr_par' dir='ltr' id='par_1_114' title="bbox 2159 5397 3738 5471">
     <span class='ocr_line' id='line_1_116' title="bbox 2159 5397 3738 5471; baseline -0.008 -11"><span class='ocrx_word' id='word_1_877' title='bbox 2159 5406 2260 5460; x_wconf 86' lang='lat' dir='ltr'><strong><em>sio.</em></strong></span> <span class='ocrx_word' id='word_1_878' title='bbox 2295 5397 2640 5471; x_wconf 68' lang='lat' dir='ltr'><strong><em>Septuaginta</em></strong></span> <span class='ocrx_word' id='word_1_879' title='bbox 2687 5414 2836 5459; x_wconf 84' lang='lat' dir='ltr'><strong><em>vero.</em></strong></span> <span class='ocrx_word' id='word_1_880' title='bbox 2868 5399 3066 5471; x_wconf 74' lang='lat' dir='ltr'><strong><em>utipse</em></strong></span> <span class='ocrx_word' id='word_1_881' title='bbox 3117 5397 3312 5471; x_wconf 80' lang='lat' dir='ltr'><strong><em>ibidem</em></strong></span> <span class='ocrx_word' id='word_1_882' title='bbox 3355 5397 3738 5471; x_wconf 85' lang='lat' dir='ltr'><strong><em>_notat,_inter-</em></strong></span> 
     </span>
    </p>
   </div>
   <div class='ocr_carea' id='block_1_115' title="bbox 2158 5467 3739 5547">
    <p class='ocr_par' dir='ltr' id='par_1_115' title="bbox 2158 5467 3739 5547">
     <span class='ocr_line' id='line_1_117' title="bbox 2158 5467 3739 5547; baseline -0.006 -21"><span class='ocrx_word' id='word_1_883' title='bbox 2158 5467 2523 5547; x_wconf 54' lang='lat' dir='ltr'><strong><em>pretati&#39;sunt</em></strong></span> <span class='ocrx_word' id='word_1_884' title='bbox 2541 5489 2553 5524; x_wconf 90' lang='lat'><strong>:</strong></span> <span class='ocrx_word' id='word_1_885' title='bbox 2583 5473 2897 5547; x_wconf 71' lang='lat' dir='ltr'><strong><em>si_1rrspatsi_,</em></strong></span> <span class='ocrx_word' id='word_1_886' title='bbox 2927 5468 2976 5521; x_wconf 92' lang='lat' dir='ltr'><strong><em>id</em></strong></span> <span class='ocrx_word' id='word_1_887' title='bbox 3001 5477 3084 5522; x_wconf 89' lang='lat' dir='ltr'><strong><em>est</em></strong></span> <span class='ocrx_word' id='word_1_888' title='bbox 3099 5507 3145 5547; x_wconf 80' lang='lat'><strong><em>,_</em></strong></span> <span class='ocrx_word' id='word_1_889' title='bbox 3145 5469 3190 5547; x_wconf 75' lang='lat' dir='ltr'><strong><em>si</em></strong></span> <span class='ocrx_word' id='word_1_890' title='bbox 3216 5467 3604 5547; x_wconf 77' lang='lat' dir='ltr'><strong><em>supplantabit,</em></strong></span> <span class='ocrx_word' id='word_1_891' title='bbox 3635 5477 3739 5547; x_wconf 82' lang='lat' dir='ltr'><strong><em>pro</em></strong></span> 
     </span>
    </p>
   </div>
   <div class='ocr_carea' id='block_1_116' title="bbox 2156 5537 3740 5613">
    <p class='ocr_par' dir='ltr' id='par_1_116' title="bbox 2156 5537 3740 5613">
     <span class='ocr_line' id='line_1_118' title="bbox 2156 5537 3740 5613; baseline -0.008 -15"><span class='ocrx_word' id='word_1_892' title='bbox 2156 5537 2264 5613; x_wconf 77' lang='lat' dir='ltr'><strong><em>quo</em></strong></span> <span class='ocrx_word' id='word_1_893' title='bbox 2300 5542 2516 5610; x_wconf 80' lang='lat' dir='ltr'><strong><em>Aquila.</em></strong></span> <span class='ocrx_word' id='word_1_894' title='bbox 2541 5551 2594 5594; x_wconf 87' lang='lat' dir='ltr'><strong><em>et</em></strong></span> <span class='ocrx_word' id='word_1_895' title='bbox 2621 5537 2999 5613; x_wconf 33' lang='lat' dir='ltr'><strong><em>animachu‘s,</em></strong></span> <span class='ocrx_word' id='word_1_896' title='bbox 3031 5537 3410 5613; x_wconf 80' lang='lat' dir='ltr'><strong><em>et&#39;i‘heodotio</em></strong></span> <span class='ocrx_word' id='word_1_897' title='bbox 3442 5543 3740 5613; x_wconf 73' lang='lat' dir='ltr'><strong><em>posuerth</em></strong></span> 
     </span>
    </p>
   </div>
   <div class='ocr_carea' id='block_1_117' title="bbox 2157 5603 3740 5687">
    <p class='ocr_par' dir='ltr' id='par_1_117' title="bbox 2157 5603 3740 5687">
     <span class='ocr_line' id='line_1_119' title="bbox 2157 5603 3740 5687; baseline -0.007 -15"><span class='ocrx_word' id='word_1_898' title='bbox 2259 5603 2624 5687; x_wconf 58' lang='grc' dir='ltr'><strong><em>ἀποξξτερῆσσι,</em></strong></span> <span class='ocrx_word' id='word_1_899' title='bbox 2649 5603 2700 5663; x_wconf 80' lang='lat' dir='ltr'><strong><em>id</em></strong></span> <span class='ocrx_word' id='word_1_900' title='bbox 2727 5618 2830 5676; x_wconf 86' lang='lat' dir='ltr'><strong><em>est,</em></strong></span> <span class='ocrx_word' id='word_1_901' title='bbox 2860 5609 2915 5687; x_wconf 84' lang='lat' dir='ltr'><strong><em>si_</em></strong></span> <span class='ocrx_word' id='word_1_902' title='bbox 2937 5603 3220 5687; x_wconf 73' lang='lat' dir='ltr'><strong><em>fraudabit,</em></strong></span> <span class='ocrx_word' id='word_1_903' title='bbox 3249 5618 3306 5687; x_wconf 80' lang='lat' dir='ltr'><strong><em>ut</em></strong></span> <span class='ocrx_word' id='word_1_904' title='bbox 3334 5609 3401 5687; x_wconf 74' lang='lat' dir='ltr'><strong><em>sit</em></strong></span> <span class='ocrx_word' id='word_1_905' title='bbox 3421 5603 3642 5687; x_wconf 68' lang='lat' dir='ltr'><strong><em>sensus:</em></strong></span> <span class='ocrx_word' id='word_1_906' title='bbox 3678 5603 3740 5660; x_wconf 83' lang='lat' dir='ltr'><strong><em>Si</em></strong></span> 
     </span>
    </p>
   </div>
   <div class='ocr_carea' id='block_1_118' title="bbox 2159 5671 3569 5752">
    <p class='ocr_par' dir='ltr' id='par_1_118' title="bbox 2159 5671 3569 5752">
     <span class='ocr_line' id='line_1_120' title="bbox 2159 5671 3569 5752; baseline -0.008 -13"><span class='ocrx_word' id='word_1_907' title='bbox 2159 5671 2367 5739; x_wconf 69' lang='lat' dir='ltr'><strong><em>&#39;fraudat</em></strong></span> <span class='ocrx_word' id='word_1_908' title='bbox 2391 5671 2552 5739; x_wconf 79' lang='lat' dir='ltr'><strong><em>bo&#39;mo</em></strong></span> <span class='ocrx_word' id='word_1_909' title='bbox 2580 5671 2764 5752; x_wconf 81' lang='lat' dir='ltr'><strong><em>Deum,</em></strong></span> <span class='ocrx_word' id='word_1_910' title='bbox 2815 5671 2953 5750; x_wconf 77' lang='lat' dir='ltr'><strong><em>quia</em></strong></span> <span class='ocrx_word' id='word_1_911' title='bbox 2988 5695 3081 5737; x_wconf 87' lang='lat' dir='ltr'><strong><em>vos</em></strong></span> <span class='ocrx_word' id='word_1_912' title='bbox 3122 5671 3408 5734; x_wconf 77' lang='lat' dir='ltr'><strong><em>fraudastis</em></strong></span> <span class='ocrx_word' id='word_1_913' title='bbox 3440 5671 3569 5729; x_wconf 77' lang='lat' dir='ltr'><strong><em>me?</em></strong></span> 
     </span>
    </p>
   </div>
  </div>
