4040 6182
514 352 587 410 7.3
1847 352 2123 408 JO'AN'NIS
2160 352 2467 408 cassum
3710 385 3770 438 η

512 466 684 521 nostri
724 466 893 537 gratia
924 463 1087 536 paulo
1116 461 1367 532 superius
1391 462 1540 531 loqui
1568 463 1861 533 cmpimus,
1890 465 2014 521 volo
2045 475 2101 521 ut
2130 466 2175 525 A
2206 463 2327 535 quis
2357 481 2439 530 es,
2482 481 2513 519 ο
2546 466 2821 534 itaarctice,
2847 470 3091 529 scribens
3117 472 3235 530 hace
3263 476 3329 530 ad
3360 476 3626 536 Ecclesias
3652 483 3773 541 Pau-

474 584 479 592 -
512 561 580 613 de
608 560 799 614 eadem
832 574 889 614 re
918 557 1092 612 adhuc
1123 573 1187 610 ex
1222 554 1542 610 lectionibus
1582 556 1752 610 sacris
1790 556 1965 625 aliqua
2011 557 2097 612 di-

486 667 717 704 rrauius.
751 649 1002 720 Legimus
1027 648 1078 702 in
1106 647 1327 701 Actibus
1356 643 1763 715 Apostolorum,
1792 649 2095 717 apostolum

509 742 732 798 Petrum
763 757 856 797 eos
894 740 1006 812 qui,
1054 737 1402 806 Evangelium
1439 737 1785 807 recipientes,
1822 738 2099 799 nihilomi-

513 851 610 889 nus
640 845 816 888 tamen
842 835 1026 902 jugutu
1054 839 1283 885 vetustae
1315 829 1446 900 legis
1472 830 1792 898 portandum
1825 846 1948 888 esse
1972 848 2098 893 cen-

511 930 721 995 sebant,
783 928 852 979 ita
908 924 1324 993 redargucntcm
1372 922 1579 990 :Quid,
1638 924 1832 992 inquit,
1890 927 2096 980 tentatis

512 1021 555 1072 D
589 1037 696 1084 um,
732 1018 990 1087 imponere
1026 1015 1207 1087 iugum
1238 1030 1392 1081 super
1432 1015 1648 1069 cervices
1699 1015 2092 1087 discipulorum,

506 1115 645 1179 quod
668 1128 825 1179 neque
853 1120 1025 1178 patres
1050 1109 1236 1175 nostri,
1259 1123 1419 1177 neque
1448 1123 1540 1161 nos
1562 1117 1770 1179 portare
1798 1110 2095 1176 potuimus!

505 1208 613 1259 Sed
636 1221 725 1277 per
752 1204 975 1275 gratiam
1009 1200 1217 1257 Domini
1249 1204 1412 1269 nostri
1440 1200 1471 1254 J
1479 1218 1570 1255 esu
1615 1201 1808 1256 Christi
1830 1202 2093 1257 credimus

502 1298 712 1367 salvari,
763 1296 1193 1366 quemadmodum
1240 1305 1287 1350 et
1338 1295 1417 1350 illi
1459 1295 1677 1365 (Aci'or.
1732 1293 1847 1365 xv).
1882 1296 2089 1361 Donum

500 1402 649 1447 certe
678 1391 861 1460 gratiae
898 1388 1058 1457 hujus
1087 1403 1182 1457 per
1208 1387 1394 1442 .lcsum
1424 1385 1701 1441 Christum
1734 1386 1917 1441 datum
1958 1401 2090 1454 apo-

502 1487 671 1539 stolus
702 1482 854 1537 dicit.
888 1480 1179 1551 ReSponde
1211 1480 1340 1534 mihi
1376 1494 1538 1546 nunc,
1563 1478 1607 1533 si
1641 1477 2085 1549 placet,gratiam

502 1580 639 1634 hanc
676 1592 793 1647 quae
824 1575 891 1631 ad
920 1576 1151 1630 salutem
1199 1575 1437 1628 omnium
1468 1571 1589 1627 data
1618 1580 1719 1636 est,
1749 1570 1817 1624 ab
1844 1569 2084 1635 homine,

498 1690 565 1726 an
601 1687 626 1725 a
658 1671 770 1725 Deo
796 1668 974 1724 datam
1005 1664 1329 1723 existimes?
1352 1664 1408 1720 Si
1451 1663 1519 1718 ab
1548 1663 1786 1728 homine,
1827 1660 2087 1717 reclamat

499 1765 591 1819 tibi
611 1763 717 1817 Vas
749 1764 842 1817 Dei
872 1761 1087 1825 Paulus,
1120 1758 1309 1813 dicens
1334 1773 1349 1812 :
1374 1756 1631 1828 Apparuit
1653 1755 1823 1826 gratia
1853 1753 1948 1809 Dei
1969 1752 2087 1808 Sal-

2203 556 2306 623 lus,
2339 558 2464 628 quid
2514 559 2596 614 his
2644 561 2969 629 precabatur
3012 563 3078 619 ad
3106 580 3240 636 quos
3268 569 3581 625 scribebat?
3608 572 3775 631 Gratia

2200 649 2368 717 enim,
2418 651 2624 720 inquit,
2664 650 2879 709 Domini
2906 660 3074 712 nostri
3117 656 3243 713 Jesu
3272 661 3469 718 Christi
3507 667 3771 723 vobiscum.

2200 738 2257 795 Si
2276 741 2441 797 homo
2465 752 2489 779 ει
2504 744 2778 799 solitarius
2800 748 2958 803 Jesus
2975 747 3249 817 Christus,
3275 767 3404 823 ergo
3426 765 3477 810 et
3492 757 3582 813 ille
3598 769 3776 829 optans

2200 835 2317 889 dari
2346 836 2601 893 Ecclesiis
2628 840 2854 908 gratiam
2882 842 3117 910 Christi,
3152 846 3377 914 gratiam
3408 848 3525 904 dari
3555 850 3774 908 hominis

2198 927 2451 994 Optabat;
2489 939 2543 985 et
2565 931 2777 999 dicens,
2804 934 2973 1005 gratia
2999 933 3198 990 Christi
3213 939 3495 1009 vobiscum,
3520 942 3620 998 hoc
3642 944 3779 999 dice-

2202 1018 2312 1086 bat,
2330 1022 2500 1093 gratia
2516 1024 2753 1081 hominis
2772 1027 3069 1095 vobiscum,
3093 1030 3263 1100 gratia
3284 1035 3467 1090 carnis
3484 1037 3773 1105 vobiscum,

2196 1114 2369 1183 gratia
2398 1114 2793 1174 imbecillitatis
2827 1134 3129 1192 corporem,
3156 1125 3327 1195 gratia
3357 1124 3662 1197 fragilitatis
3686 1130 3778 1184 hu-

2197 1220 2395 1261 manas.
2423 1207 2534 1261 Aut
2581 1224 2679 1263 cur
2720 1213 2945 1267 omnino
2974 1230 3166 1270 nomen
3198 1216 3385 1285 gratia:
3415 1218 3583 1286 ipsius
3613 1221 3781 1276 nomi-

2196 1304 2374 1365 naret,
2406 1299 2450 1354 si
2480 1299 2709 1368 gratinn
2739 1302 3234 1376 liominis'optaret,
3276 1310 3402 1378 quia
3433 1313 3650 1380 optandi
3692 1328 3781 1369 ra-

2192 1382 2271 1437 tio
2304 1397 2408 1437 non
2449 1383 2804 1455 subsistebat,
2854 1388 2945 1443 ubi
2990 1406 3095 1445 non
3127 1402 3245 1448 erat
3289 1393 3433 1463 quod
3476 1404 3775 1465 optaretur,

2194 1490 2295 1531 nec
2323 1477 2653 1545 precandum
2700 1489 2816 1536 erat
2846 1490 2911 1536 ut
2945 1483 3063 1553 ejus
3091 1488 3261 1556 gratia
3302 1486 3385 1542 his
3417 1488 3777 1559 contingeret,

2190 1573 2281 1643 qui
2330 1576 2715 1643 substantiam,
2765 1588 2823 1632 ut
2849 1578 2950 1644 ais,
3000 1581 3167 1651 ipsius
3198 1598 3316 1652 qua:
3346 1583 3635 1652 optabatur
3660 1600 3779 1654 gra-

2191 1666 2279 1721 tia:
2310 1683 2416 1725 non
2440 1668 2706 1725 haberet?
2735 1670 2877 1741 Ergo
2900 1673 3052 1727 vides
3072 1673 3188 1730 haec
3216 1676 3383 1730 stulta
3415 1691 3536 1731 esse
3568 1679 3778 1745 penitus

2188 1768 2242 1812 et
2270 1758 2523 1826 ridicula;
2558 1762 2724 1817 immo
2755 1765 2932 1833 potius
2954 1780 3060 1819 non
3084 1766 3334 1835 ridicula,
3362 1767 3455 1823 sed
3495 1766 3777 1827 deflenda:

495 1858 685 1910 stataria
713 1856 876 1910 nostri
905 1853 1036 1925 (Tit.
1069 1852 1153 1921 tt).
1186 1850 1359 1905 Diviui
1388 1864 1509 1904 esse
1549 1849 1774 1918 gratiam
1810 1848 1947 1902 hanc
1990 1846 2078 1901 do-
2118 1848 2165 1909 B
2193 1863 2255 1902 ea
2302 1850 2447 1905 enim
2475 1866 2595 1918 qlia:
2638 1853 2963 1922 quibusdam
2998 1854 3336 1912 facilioribus
3368 1868 3491 1913 sunt
3521 1859 3777 1925 ridicula;

494 1960 583 2005 cet
630 1948 891 2016 muneris,
942 1961 1047 2001 non
1091 1940 1482 1998 imbecillitatis
1527 1940 1797 1995 humanm.
1834 1940 1899 1994 Et
1946 1951 2081 1994 sane

493 2043 658 2095 etiam
691 2041 733 2094 si
761 2054 976 2095 sacrum
1024 2035 1392 2093 testimonium
1444 2047 1550 2089 non
1600 2037 1934 2104 suppeteret,
1965 2027 2080 2099 ipsa

493 2135 571 2189 rei
605 2131 811 2187 veritas
844 2129 1155 2186 testimonio
1184 2136 1324 2191 erat,
1355 2124 1479 2196 quia
1511 2133 1770 2195 praestare
1810 2137 1924 2178 rem
1956 2136 2080 2191 per-

492 2226 639 2293 petui
671 2234 727 2281 et
756 2222 1076 2279 immortalis
1100 2221 1226 2275 boni
1256 2220 1469 2290 fragilia
1493 2228 1546 2273 et
1577 2227 1795 2274 terrena
1825 2231 1931 2271 non
1956 2228 2080 2286 pos-

480 2328 637 2382 sunt,
667 2331 765 2371 nec
794 2315 927 2370 dare
966 2313 1248 2383 quisquam
1281 2310 1435 2364 alteri
1482 2308 1629 2363 valet
1674 2321 1781 2377 quo
1834 2307 1953 2376 ipse
1993 2306 2079 2361 in-

492 2408 656 2476 diget,
706 2413 801 2460 aut
844 2406 1080 2459 tribuere
1118 2402 1267 2458 illius
1305 2401 1380 2456 rei
1412 2399 1626 2468 copiam
1658 2398 1811 2469 cujus
1840 2398 1916 2453 rei
1963 2399 2082 2453 iuo-

490 2500 631 2569 piam
683 2495 954 2550 sustinere
1001 2491 1256 2548 fateatur.
1307 2490 1352 2546 A
1397 2490 1512 2545 Deo
1564 2504 1693 2560 ergo
1730 2503 1954 2546 necesse
1995 2498 2081 2547 est

490 2590 715 2660 gratiam
762 2589 941 2645 datam
974 2603 1080 2643 non
1115 2601 1299 2657 neges.
1335 2586 1473 2641 Deus
1504 2599 1634 2656 ergo
1666 2590 1752 2639 est
1779 2583 1869 2656 qui
1902 2582 2076 2651 dedit,

492 2687 614 2741 data
645 2696 823 2740 autem
851 2691 934 2737 est
962 2696 1057 2751 per
1089 2679 1377 2735 Domiumu
1408 2687 1649 2733 nostrum
1677 2676 1863 2733 Jesum
1893 2675 2076 2731 Chris-

490 2790 633 2846 tum;
669 2792 798 2847 ergo
826 2776 1089 2831 Dominus
1118 2773 1277 2829 Jesus
1317 2769 1570 2828 Christus
1612 2771 1776 2826 Deus.
1804 2770 1861 2826 Si
1896 2777 2076 2826 autem

489 2883 571 2928 cst
600 2872 715 2938 ille,
744 2871 928 2940 utique
960 2880 1017 2924 ut
1041 2878 1145 2933 est,
1176 2865 1338 2933 Deus,
1368 2881 1497 2937 ergo
1521 2865 1610 2921 illa
1643 2880 1767 2937 qua:
1789 2864 1958 2921 Deum
1986 2879 2079 2936 pe-

488 2968 649 3035 perit,
680 2964 1011 3027 Theotocos,
1042 2961 1096 3018 id
1146 2968 1249 3027 est,
1282 2958 1521 3031 genitrix
1555 2957 1669 3013 Dei.
1697 2956 1808 3012 Nisi
1840 2954 1978 3015 forte
2009 2954 2079 3014 ad

2187 1939 2288 2007 piis
2314 1954 2377 1994 ac
2408 1940 2657 1997 fidelibus
2691 1942 2863 1997 flenda
2907 1953 3055 2012 sunt,
3088 1947 3213 2017 quia
3244 1948 3299 2002 in
3331 1949 3558 2007 stultitia
3584 1958 3781 2009 vestrae

2185 2028 2524 2087 infidelitatis
2563 2032 2639 2087 illi
2672 2032 2961 2103 eﬂ‘undunt
2989 2037 3261 2109 lacrymas
3286 2040 3591 2108 charitatis,
3624 2052 3679 2098 et
3725 2045 3778 2098 in

2184 2120 2496 2193 insipientia
2520 2124 2815 2194 impietatis
2836 2127 3030 2184 alicnse
3050 2130 3127 2185 illi
3156 2130 3357 2187 habent
3377 2132 3644 2204 lacrymas
3667 2134 3783 2205 pie-

2186 2215 2309 2270 latis
2335 2229 2470 2272 sua).
2499 2216 2905 2287 Resipiscamus
2933 2233 3065 2291 ergo
3106 2222 3421 2293 aliquando,
3452 2232 3507 2278 et
3539 2227 3778 2296 respire-

2184 2320 2326 2369 mus,
2371 2308 2496 2383 quia
2540 2322 2741 2365 sensus
2795 2310 2885 2367 hic
2929 2326 3035 2366 non
3084 2313 3349 2383 sapientia
3401 2324 3635 2384 tantum,
3683 2316 3781 2372 sed

2181 2398 2344 2453 etiam
2360 2399 2557 2468 Spiritu
2575 2410 2724 2457 caret
2741 2415 2865 2457 cum
2880 2401 2953 2457 sit
2978 2403 3161 2473 utique
3181 2414 3236 2461 et
3255 2405 3487 2476 spiritali
3506 2407 3781 2478 sapientia

2179 2502 2407 2557 vacuus,
2440 2498 2497 2546 et
2525 2490 2723 2560 spiritu
2752 2490 2945 2547 salutis
2968 2492 3201 2551 alienus.
3237 2524 3244 2532 -

2791 2603 3023 2661 CAPUT
3067 2605 3157 2661 Vl.

2180 2692 2385 2769 Digitis;
2407 2696 2590 2766 gratia:
2613 2696 2941 2769 conferenda
2961 2697 3258 2767 facultatem
3288 2716 3388 2754 non
3415 2703 3705 2757 accessisse
3736 2704 3791 2759 in

2250 2763 2460 2821 Chrisio
2490 2763 2731 2839 tempori}
2759 2763 3059 2842 progressu,
3093 2770 3183 2824 sed
3223 2771 3286 2825 ab
3317 2772 3430 2842 ipso
3477 2784 3592 2827 ortu
3630 2775 3718 2830 illi

2697 2840 3025 2910 congenitam
3064 2842 3243 2912 fuisse.

2252 2950 2361 3008 Sed
2406 2951 2560 3008 dicas
2611 2952 2839 3010 forsitan
2887 2954 3122 3025 gratiam
3168 2956 3313 3021 hanc
3357 2956 3567 3014 Domini
3602 2959 3791 3016 nostri

490 3066 598 3111 tam
629 3053 911 3109 ridiculam
940 3052 1295 3123 blasphemiae
1338 3048 1822 3106 contradictionem
1852 3048 2078 3107 tendere
2179 3043 2311 3105 Jesu
2342 3045 2565 3113 Christi,
2591 3045 2660 3103 de
2686 3062 2791 3118 qua
2812 3048 3107 3118 Apostolus
3128 3050 3345 3120 scribit,
3378 3065 3486 3106 non
3507 3064 3640 3108 cum
3666 3053 3792 3123 ipso

486 3148 643 3212 velis,
677 3155 734 3201 ut
764 3146 910 3200 illam
944 3160 1009 3199 ex
1052 3158 1152 3214 qua
1191 3143 1331 3197 Deus
1360 3149 1521 3197 natus
1551 3151 1657 3208 est,
1703 3140 1800 3196 Dei
1844 3152 2076 3197 matrem

2181 3146 2388 3207 natam,
2446 3136 2542 3195 sed
2596 3148 2784 3209 postea
2813 3139 2864 3195 ei
2910 3138 3106 3210 illapsu
3157 3140 3453 3198 divinitatis
3497 3142 3790 3211 infusam;

492 3255 687 3312 neges:
715 3254 835 3294 cum
884 3236 1035 3292 illum
1064 3235 1158 3306 qui
1186 3244 1347 3291 natus
1374 3241 1481 3303 est,
1512 3233 1684 3289 Deum
1729 3246 1932 3303 negare
1966 3247 2075 3291 non
2098 3228 2151 3294 C
2179 3229 2305 3300 quia
2333 3238 2389 3285 et
2420 3229 2583 3286 homo
2622 3230 2742 3299 ipse
2768 3244 2805 3299 a7
2830 3239 2885 3286 te
2915 3230 3177 3289 Dominus
3214 3240 3401 3288 noster
3434 3232 3593 3289 Jesus
3620 3235 3793 3290 Chri-

492 3332 688 3401 possis.
716 3330 821 3388 Sed
853 3330 1130 3385 videamus
1157 3336 1337 3383 tamen
1360 3326 1488 3397 quid
1514 3326 1584 3382 de
1607 3325 1707 3382 hac
1735 3322 1924 3383 eadem
1967 3324 2077 3381 Do-

488 3426 621 3482 mini
653 3424 821 3480 nostri
853 3422 1022 3495 gratia
1069 3421 1233 3477 etiam
1287 3418 1637 3491 Evangelium
1693 3419 1784 3474 Dei
1815 3416 2076 3475 senserit.

484 3518 695 3585 Gratia,
730 3516 924 3588 inquit,
973 3524 1021 3570 et
1044 3514 1241 3570 ueritas
1283 3529 1376 3584 per
1405 3511 1590 3567 Jesum
1625 3511 1890 3568 Christum
1937 3511 2079 3585 facta

488 3622 562 3666 est
595 3608 775 3684 (Joan.
806 3608 871 3683 t).
903 3606 961 3666 Si
997 3606 1272 3663 solitarius
1301 3605 1464 3663 homo
1491 3605 1773 3672 Christus,
1805 3604 2079 3675 quomodo

458 3706 607 3761 ~“haec
638 3704 775 3760 facta
808 3719 903 3774 per
932 3700 1246 3758 Christum?
1276 3698 1429 3757 Unde
1471 3698 1525 3754 in
1564 3713 1631 3754 eo
1662 3697 1835 3753 virtus
1872 3696 2076 3765 divina,

464 3799 538 3852 -εἰ
566 3797 618 3852 in
646 3811 712 3854 eo
747 3796 884 3864 sola,
916 3805 975 3851 ut
999 3793 1101 3860 ais,
1139 3794 1371 3848 humana
1398 3790 1672 3847 conditio?
1698 3789 1859 3847 Unde
1887 3789 2076 3859 cmles-

482 3894 557 3945 iis
591 3890 834 3962 largitas,
869 3888 919 3945 si
932 3895 1150 3943 terrena
1177 3883 1501 3956 paupertas?
1523 3882 1697 3939 Nemo
1724 3882 1867 3937 enim
1896 3890 2081 3953 potest

483 3981 898 4053 tribuere'quod
931 3996 1037 4035 non
1061 3978 1251 4035 habet.
1300 3979 1446 4033 Datis
1486 3992 1617 4049 ergo
1678 3975 1918 4033 divinant
1950 3990 2077 4048 gra-

462 4077 615 4129 ttium
637 4070 1131 4139 Christuqhabuit
1174 4068 1321 4139 quod
1366 4068 1536 4126 dedit.
1567 4068 1753 4140 Neque
1783 4067 1925 4124 enim
1980 4082 2078 4137 po-

494 4176 591 4222 test
628 4166 815 4220 harum
846 4162 1337 4221 diversissimarum
1363 4161 1505 4216 inter
1525 4175 1587 4218 se
1613 4174 1796 4216 rerum
1828 4159 1950 4230 quis
1973 4158 2053 4214 dif
2057 4189 2079 4202 —

494 4260 773 4316 ferentium
797 4257 1174 4322 sustinere,'ut
1196 4252 1359 4308 simul
1387 4261 1441 4309 et
1470 4252 2078 4325 patiaturindigentiam

493 4354 689 4425 inopis,
737 4363 787 4409 et
829 4350 1025 4407 haheat
1056 4346 1483 4404 munificentiam
1516 4345 1814 4417 largientis.
1848 4345 1919 4400 Et
1958 4345 2080 4402 ideo

492 4447 669 4501 scicus
698 4444 977 4515 aposmlus
1009 4442 1207 4497 Paulus
1225 4455 1416 4496 omnes
1447 4439 1754 4495 divitiarum
1780 4438 2079 4494 cmlestium

494 4539 779 4593 thesauros
826 4537 877 4589 in
928 4534 1145 4589 Christo
1176 4547 1320 4600 esse,
1350 4542 1496 4588 recte
1527 4530 1594 4587 ad
1642 4531 1909 4588 Ecclesias
1946 4532 2085 4587 scri-

2182 3331 2319 3391 stus,
2346 3338 2508 3395 quem
2539 3323 2842 3385 solitarium
2866 3323 3025 3392 dicis,
3044 3339 3151 3381 non
3183 3340 3305 3381 cum
3325 3325 3437 3383 Deo
3469 3336 3661 3395 natus,
3684 3328 3793 3385 sed

2183 3424 2371 3489 postea
2397 3434 2430 3475 a
2456 3418 2571 3479 Deo
2594 3417 2808 3479 dicatur
2837 3426 3170 3489 assumptus,
3204 3433 3268 3475 ac
3300 3434 3395 3488 per
3427 3418 3531 3475 hoc
3573 3429 3791 3489 tetrum,

2184 3512 2389 3577 homini
2417 3513 2493 3573 illi
2518 3512 2747 3584 gratiam
2770 3513 2987 3584 quando
3006 3522 3062 3570 et
3079 3512 3418 3570 divinitatem
3442 3513 3657 3569 datam?
3682 3516 3797 3571 Ne-

2182 3619 2286 3676 que
2313 3620 2415 3665 nos
2439 3605 2587 3668 aliud
2618 3605 2852 3662 dicimus
2875 3620 3037 3675 quam
3067 3606 3210 3676 quod
3241 3604 3421 3661 divina
3449 3605 3624 3676 gratia
3654 3619 3797 3661 cum

2183 3698 2473 3757 divinitate
2498 3698 2870 3766 descenderit,
2900 3699 3028 3770 quia
3068 3707 3125 3755 et
3152 3698 3333 3754 divina
3361 3699 3533 3768 gratia
3572 3698 3677 3755 Dei
3721 3701 3804 3758 sit

2181 3806 2238 3856 et
2262 3797 2474 3868 largitio
2504 3796 2907 3868 quodammodo
2943 3796 3113 3866 ipsius
3138 3795 3439 3851 divinitatis
3478 3810 3543 3850 ac
3568 3795 3799 3852 donum

2182 3889 2549 3947 munificentia
2576 3890 2893 3959 gratiarum.
2919 3887 3206 3957 Temporis
3227 3901 3358 3957 ergo
3379 3886 3523 3941 inter
3540 3901 3652 3943 nos
3681 3887 3808 3945 fab

2181 3982 2323 4041 sitan
2352 3991 2572 4053 putetur
2600 3983 2771 4052 magis
2797 3996 2956 4052 quam
2987 3980 3065 4037 rei
3096 3994 3218 4036 esse
3240 3980 3519 4046 distantia,
3548 3982 3685 4049 quia
3710 3984 3806 4038 di-

2182 4074 2468 4131 vinitatem
2512 4090 2672 4144 quam
2717 4089 2815 4128 nos
2843 4089 2965 4129 cum
3002 4074 3238 4131 Domino
3273 4074 3401 4130 Jesu
3430 4072 3657 4132 Christo
3696 4092 3811 4132 na-

2184 4174 2315 4233 tam,
2351 4175 2405 4223 tu
2436 4176 2627 4236 postea
2656 4166 2806 4222 dicas
2861 4165 3115 4222 infusam.
3171 4167 3279 4223 Sed
3326 4166 3459 4222 illud
3491 4174 3575 4222 est
3632 4169 3805 4239 quod

2183 4266 2368 4314 natam
2402 4274 2523 4315 cum
2551 4259 2787 4317 Domino
2808 4259 3152 4325 divinitatem
3184 4274 3408 4332 negans,
3460 4274 3559 4315 nec
3588 4271 3808 4330 postea

2182 4352 2416 4408 fideliter
2441 4354 2692 4410 confiteri
2727 4364 2902 4425 potes,
2927 4356 3052 4425 quia
3085 4371 3189 4410 non
3220 4363 3397 4426 potest
3429 4369 3530 4408 una
3557 4354 3814 4410 eadem-

2182 4458 2287 4515 que
2318 4458 2406 4498 res
2435 4445 2494 4498 in
2523 4453 2676 4513 parte
2702 4460 2826 4501 esse
2855 4448 3040 4515 impia,
3071 4454 3128 4501 ct
3156 4446 3208 4500 in
3242 4456 3396 4514 parte
3425 4445 3651 4514 probari
3681 4447 3815 4516 pia,

2184 4546 2242 4593 et
2269 4537 2455 4593 eadem
2487 4538 2540 4592 in
2570 4537 2817 4606 portione
2849 4538 2973 4594 fidei
3003 4547 3057 4593 et
3087 4539 3138 4592 in
3170 4537 3420 4605 portione
3455 4551 3579 4592 esse
3607 4539 3818 4605 perfi—

495 4632 569 4684 hit
593 4648 605 4683 :
626 4627 808 4685 Gratia
828 4624 1040 4681 Domini
1064 4626 1227 4680 nostri
1244 4622 1372 4679 Iesu
1390 4623 1585 4679 Christi
1607 4625 1870 4679 uobiscum
1893 4623 2077 4697 (lCor.
2107 4609 2161 4671 Ῑ)
2189 4628 2313 4685 dim.
2345 4628 2583 4685 Primum
2608 4644 2744 4700 ergo
2769 4628 2900 4684 illud
2925 4645 2953 4684 a
2977 4640 3028 4684 te
3055 4628 3310 4698 requiro:
3342 4629 3622 4683 Dominum
3663 4645 3822 4687 nos-

493 4725 627 4792 xvi).
683 4722 781 4790 Qui
832 4720 1045 4776 scilicet
1099 4719 1297 4788 smpius
1343 4717 1453 4787 jam
1510 4716 1774 4773 docuerat
1824 4718 2077 4773 eumdem

496 4820 659 4871 Deum
688 4830 811 4870 esse
840 4828 1000 4883 quem
1024 4812 1323 4875 Christum,
1356 4822 1719 4881 cunctamque
1753 4810 1806 4866 iu
1841 4811 1934 4866 illo
1962 4826 2079 4866 ma-

489 4912 737 4980 jes'alcm
769 4904 985 4960 deitatis
1015 4918 1157 4970 esse,
1189 4912 1240 4959 et
1282 4917 1498 4957 omnem
1526 4901 1578 4957 in
1617 4918 1684 4959 eo
1714 4904 2079 4973 corporaliter

494 4997 884 5070 plenitudinem
928 4994 1234 5049 Divinitatis
1267 4994 1299 5047 ιι
1318 4993 1543 5059 ibitare,
1572 5000 1727 5050 recte
1755 4994 1939 5065 utique
1962 4994 2075 5063 jam

490 5096 609 5149 sine
638 5092 936 5161 adiectione
967 5086 1201 5142 nominis
1231 5085 1327 5141 Dei
1351 5085 1521 5140 solam
1562 5092 1809 5155 precatur
1841 5086 2070 5157 gratiam

493 5187 717 5242 Christi.
747 5184 885 5253 Quia
913 5197 1033 5237 cum
1065 5179 1311 5236 eamdem
1353 5178 1598 5233 docuerit
1625 5178 1822 5248 saepius
1851 5179 2083 5249 gratiam

496 5283 590 5337 Dei
640 5296 760 5336 esse
787 5293 946 5349 quam
975 5273 1201 5336 Christi.
1232 5272 1547 5343 plenissime
1575 5286 1716 5327 nunc
1743 5273 1916 5329 solam
1954 5288 2083 5343 pre-

494 5380 647 5424 catur
677 5370 904 5437 gratiam
936 5365 1158 5430 Christi,
1183 5365 1310 5435 quia
1344 5363 1395 5416 in
1422 5364 1593 5432 gratia
1622 5363 1823 5419 Christi
1867 5379 2082 5420 omnem

496 5463 595 5519 scit
625 5461 720 5516 Dei
750 5464 976 5533 gratiam
1008 5456 1296 5514 contineri.
1331 5452 1514 5508 Gratia
1542 5470 1693 5527 ergo,
1726 5456 1933 5528 inquit,
1968 5456 2081 5512 Do-

492 5554 621 5611 mini
651 5553 812 5608 nostri
837 5553 962 5609 Jestt
986 5549 1176 5607 Christi
1206 5546 1484 5603 uobiscum.
1522 5546 1802 5620 Interrogo
1830 5558 1903 5617 te,
1933 5552 2083 5621 quis-

2187 4729 2330 4778 trum
2363 4721 2545 4778 Jesum
2578 4722 2884 4789 Christum,
2923 4722 3015 4791 qui
3054 4736 3120 4777 ex
3162 4720 3328 4775 Maria
3378 4720 3584 4789 virgine
3622 4733 3819 4779 natm

2187 4823 2292 4881 est,
2326 4814 2565 4869 hominis
2596 4824 2804 4870 tantum
2840 4813 3031 4879 lilium,
3062 4828 3131 4866 an
3180 4812 3341 4867 etiam
3391 4811 3486 4865 Dei
3516 4812 3674 4867 dicas
3710 4814 3821 4868 Fi-

2185 4906 2353 4963 lium?
2384 4907 2493 4962 Nos
2519 4907 2687 4970 enim.
2717 4906 2771 4961 id
2801 4917 2907 4973 est,
2939 4904 3330 4959 catholicorum
3351 4901 3592 4956 omnium
3618 4903 3821 4974 ﬁdes,

2190 5015 2314 5068 nos,
2346 5000 2587 5071 inquam,
2622 5014 2819 5055 omnes
2868 5007 3158 5067 utrumque
3188 4997 3290 5051 hoc
3320 5003 3376 5049 et
3400 4995 3713 5067 credimus,
3753 5010 3825 5057 et

2187 5092 2567 5163 intelligimus,
2611 5100 2668 5147 et
2705 5091 2930 5157 scimus,
2966 5097 3020 5143 et
3046 5086 3391 5153 confitemur,
3425 5086 3567 5156 quod
3598 5096 3658 5142 et
3698 5088 3831 5145 ho-

2192 5186 2354 5242 minis
2381 5195 2469 5241 est
2496 5186 2660 5251 filius,
2684 5185 2811 5253 quia
2841 5198 2907 5237 cx
2935 5181 3154 5237 homine
3181 5187 3337 5234 natus
3360 5188 3464 5246 est,
3498 5190 3551 5236 et
3570 5179 3670 5235 Dei
3707 5181 3830 5238 Fi.

2193 5280 2316 5345 lius,
2351 5279 2475 5349 quia
2517 5293 2581 5333 ex
2619 5276 2909 5331 Divinitate
2948 5280 3261 5341 conceptus.
3297 5271 3377 5326 Tu
3407 5286 3537 5343 ergo
3567 5278 3830 5328 utrum-

2192 5386 2297 5442 que
2325 5372 2449 5437 hoc,
2483 5372 2535 5427 id
2566 5378 2652 5428 est
2681 5371 2777 5425 Dei
2809 5368 3007 5424 Filium
3040 5376 3201 5437 atque
3243 5365 3500 5432 hominis,
3543 5378 3611 5419 an
3673 5373 3832 5421 tan-

2192 5472 2301 5518 tum
2336 5465 2570 5519 hominis
2593 5479 2714 5518 esse
2736 5461 2971 5517 asseris?
3002 5460 3058 5517 Si
3084 5468 3289 5516 tantum
3320 5457 3575 5523 hominis,
3605 5457 3836 5514 recla-

2191 5562 2343 5610 mant
2387 5556 2484 5612 tibi
2532 5554 2791 5625 apostoli,
2843 5551 3144 5610 reclamant
3171 5552 3474 5624 propheta,
3523 5547 3837 5608 reclamat

1564 5681 1822 5739 ALARDI
1860 5682 2096 5742 GAZJEI
2134 5685 2714 5749 COMMENTARIUS.

571 5792 597 5820 ι
638 5778 696 5863 lit
720 5786 824 5841 est.
871 5776 1152 5864 aLDei‘tate
1181 5776 1479 5849 seiunctus,
1520 5777 1606 5835 vel
1643 5791 1809 5864 purus
1840 5778 2024 5850 homo,
2058 5788 2118 5838 ut
2146 5796 2330 5855 supra,
2370 5792 2425 5841 et
2464 5783 2597 5842 alias
2621 5785 2919 5859 saepissime
2956 5787 3009 5844 in
3036 5787 3137 5843 hoc
3168 5792 3420 5853 tractatu,
3447 5778 3590 5855 quod
3613 5785 3837 5841 semel

506 5852 779 5909 monuisse
814 5848 948 5905 satis
976 5846 1069 5900 sit.
