4040 6182
319 341 384 395 ω
1335 334 1420 388 DE
1465 329 1979 387 INCARNATiONE
2022 330 2300 388 CHRISTI
2343 331 2471 388 LIB.
2515 332 2604 388 lli.
2959 358 2963 363 -
3553 334 3618 392 50

317 457 369 509 in
401 450 664 519 excelsis;
697 451 840 506 idem
873 450 928 505 in
965 447 1204 506 hominis
1235 450 1556 520 exiguitate,
1592 453 1683 522 qui
1722 451 1776 506 in
1816 445 1918 506 Dei
1937 454 1987 512 Α
2017 451 2069 506 in
2104 451 2406 522 Evangeliis
2433 469 2445 506 :
2478 451 2629 519 Quod
2674 467 2736 505 ea:
2762 459 2810 506 te
2850 461 3088 506 nascetur
3113 459 3398 520 sanctum,
3420 452 3620 506 rocabt'o

315 548 608 617 majestate.
647 547 716 601 Et
768 544 891 601 ideo
921 543 1061 600 bene
1107 545 1399 614 Apostolus
1443 544 1646 600 Christi
1687 544 1912 613 gratiam

287 639 593 697 nominans
647 637 692 710 (Ι
723 635 924 692 Corint.
957 635 1094 708 xvr),
1150 637 1246 692 Dei
1292 638 1524 706 gratiam
1573 636 1910 704 nominabat,

311 734 428 801 quia
459 729 716 785 Christus
745 739 916 783 totum
946 739 1062 783 erat
1092 727 1235 795 quod
1271 729 1415 784 Deus
1443 745 1457 780 :
1497 727 1677 783 omnis
1707 727 1761 782 in
1797 728 1912 797 ipsa

312 825 483 879 statim
521 821 762 877 hominis
793 821 1146 890 conceptione
1176 819 1274 875 Dei
1320 819 1522 886 virtus,
1564 820 1742 875 omnis
1770 819 1914 874 divi-

312 915 484 969 uitatis
515 914 664 968 venit
696 913 997 982 plenitudo.
1025 912 1156 968 inde
1187 912 1334 968 enim
1377 911 1458 968 illi
1486 912 1666 970 omnis
1711 911 1911 977 divini-

313 1009 430 1061 tatis
462 1004 760 1076 perfectio,
792 1005 935 1060 tmde
967 1015 1021 1061 et
1049 1006 1224 1075 origo.
1259 1003 1447 1076 Neque
1475 1005 1627 1060 enim
1654 1019 1906 1074 umquam

313 1099 425 1152 sine
474 1097 584 1151 Deo
636 1095 813 1152 fuerat
846 1095 1008 1152 homo
1059 1096 1174 1162 ille,
1215 1095 1306 1168 qui
1360 1095 1700 1166 utique,hoc
1730 1095 1908 1167 ipsum

313 1190 448 1258 quod
497 1199 639 1255 erat,
675 1203 706 1242 a
756 1188 870 1243 Deo
916 1197 1224 1260 acceperat.
1275 1189 1389 1244 lloc
1421 1189 1603 1260 itaque
1650 1189 1908 1259 primum,

312 1283 460 1350 velis,
491 1282 653 1349 nolis,
689 1297 890 1350 negare
923 1298 1028 1336 non
1062 1292 1242 1352 potes,
1285 1281 1432 1352 quod
1461 1282 1724 1338 Dominus
1751 1282 1914 1339 Jesus

309 1376 551 1432 Christus
578 1375 748 1432 Filius
773 1376 868 1430 Dei
900 1374 970 1430 sit
997 1391 1012 1442 ;
1043 1376 1390 1446 Arcbangelo
1419 1375 1608 1446 utique
1637 1375 1913 1432 clamante

2021 555 2108 596 tur
2137 542 2306 598 Filius
2339 543 2434 596 Dei
2469 543 2648 612 (Lacte
2674 542 2739 613 ι).
2786 543 2901 598 iloc
2930 554 3112 599 autem
3147 547 3356 614 posito,
3395 543 3534 598 scito
3569 553 3620 598 te

2021 635 2282 705 quidquid
2328 637 2396 690 de
2423 632 2644 690 Christo
2695 635 2915 706 legeris,
2972 636 3039 691 de
3070 637 3168 692 Dei
3225 635 3362 692 Filio
3398 635 3617 703 legere;

2019 729 2283 800 quidquid
2335 729 2403 786 de
2434 729 2664 784 Domino
2713 740 2805 784 aut
2856 728 2985 785 Jesu
3033 729 3255 800 legeris,
3291 728 3386 783 Dei
3419 727 3611 782 Filium

2019 824 2342 878 nominant:
2377 825 2557 878 omnia
2592 821 2710 878 haec
2756 823 2876 892 ejus
2923 823 3217 888 vocabula,
3267 822 3462 878 Filium
3520 820 3616 876 Dei

2016 916 2274 971 clamant.
2306 915 2372 970 Et
2397 915 2520 972 ideo
2554 927 2610 972 tu
2648 916 2701 971 in
2745 916 2827 973 his
2854 916 3105 971 omnibus
3137 930 3492 986 qmecumque
3520 931 3615 968 att-

2017 1005 2217 1074 dieris,
2252 1023 2446 1063 nomen
2487 1008 2786 1062 divinitatis
2830 1022 3155 1078 agnoscens,
3185 1022 3307 1061 cum
3351 1005 3407 1059 in
3434 1020 3614 1059 omm-

2015 1097 2116 1153 bus
2144 1097 2330 1154 videas
2362 1107 2415 1154 te
2463 1098 2555 1155 Dei
2597 1099 2636 1154 F
2642 1100 2794 1155 ilium
2852 1100 3154 1168 intelligere
3200 1097 3424 1162 debere,
3456 1110 3615 1164 argu-

2015 1199 2286 1263 me‘ntare,
2308 1192 2352 1247 si
2386 1192 2874 1264 placet,quomodo
2897 1191 3070 1248 Deum
3096 1191 3276 1246 valcas
3300 1206 3328 1243 a
3361 1189 3452 1244 Dei
3475 1186 3615 1243 Filio

2015 1299 2295 1356 separare.

1277 1552 1765 1662 LIBER
1861 1553 2608 1668 TERTIUS.

823 1831 1054 1889 CAPUT
1095 1829 1388 1887 PRIMUM.

309 1971 572 2027 Christum
609 1967 846 2023 eumdem
879 1967 1142 2020 hominem
1179 1983 1240 2020 ac
1271 1965 1438 2020 Deum
1475 1966 1758 2021 secundum
1792 1983 1911 2022 car-

457 2057 576 2095 nem
605 2056 671 2094 ea:
700 2037 874 2093 Israel
901 2049 950 2092 et
977 2039 1170 2108 uirgine
1199 2035 1377 2090 Mar-ia
1405 2035 1604 2091 editum
1624 2053 1753 2093 esse.

375 2202 638 2257 Scriberis
669 2200 927 2255 Romanis
959 2199 1172 2254 divinus
1205 2200 1302 2255 ille
1329 2199 1695 2256 Ecclesiarum
1741 2203 1914 2274 magi-

309 2306 439 2360 ster,
497 2310 619 2350 eum
671 2306 941 2364 argueret,
991 2293 1156 2348 immo
1207 2293 1433 2351 defieret
1471 2293 1809 2362 Iudaeorum,
1858 2296 1910 2352 id

307 2399 415 2455 est,
448 2388 674 2443 fratrum
727 2401 948 2442 suorum
998 2385 1395 2453 infidelitatem,
1443 2386 1530 2443 his
1561 2388 1744 2444 verbis
1782 2403 1914 2444 usus

306 2490 432 2536 est;
476 2491 504 2517 ⁸
536 2480 816 2548 Optabam,
861 2480 1067 2551 inquit,
1112 2480 1390 2535 anathema
1440 2497 1550 2536 esse
1593 2483 1704 2553 ipse
1743 2500 1834 2554 ego
1880 2500 1913 2537 a

307 2573 522 2627 Christo
564 2589 659 2645 pro
689 2572 939 2644 fratribus
969 2573 1116 2639 meis,
1148 2575 1241 2643 qui
1277 2582 1397 2628 sunt
1442 2577 1648 2646 cognati
1691 2578 1789 2632 mei
1834 2594 1913 2631 se-

307 2666 537 2720 cundum
564 2681 796 2732 carnem,
835 2666 920 2735 qui
962 2675 1084 2720 sunt
1116 2662 1400 2732 Israelita,
1433 2682 1658 2736 quorum
1696 2669 1913 2737 adoptio

307 2766 384 2812 est
415 2755 668 2823 ﬁliorum,
696 2766 744 2809 et
773 2757 960 2826 gloria,
989 2766 1036 2810 et
1063 2765 1441 2823 testamentum,
1472 2766 1521 2812 et
1551 2758 1834 2828 legislatio,
1863 2768 1912 2814 et

307 2853 627 2918 obsequium,
662 2863 706 2906 et
737 2852 1134 2921 promissioncs;
1163 2851 1188 2888 δ
1213 2867 1432 2923 quorum
1467 2860 1669 2922 patres,
1708 2869 1772 2907 ea:
1799 2854 1913 2924 qui-

305 2943 403 2997 bus
433 2944 665 2998 Christus
708 2944 995 2998 secundum
1040 2960 1278 3006 carnem,
1308 2928 1502 3013 quiest
1532 2961 1686 3016 super
1740 2947 1914 3001 omnia

308 3035 457 3090 Deus
485 3035 781 3090 benedictus
808 3037 860 3090 in
887 3035 1078 3091 sarcula
1110 3037 1290 3108 (Rom.
1319 3036 1425 3106 tux).
1478 3037 1522 3092 Ο
1551 3036 1826 3106 affectum,
1858 3051 1926 3094 eto

309 3127 613 3182 ﬁdelissimi
641 3128 895 3196 apostoli,
920 3137 972 3182 et
1000 3128 1226 3199 piissimi
1258 3129 1566 3200 propinqui,
1595 3130 1682 3200 qui
1709 3131 1915 3187 intesti-

1939 1837 1984 1898 B
2015 1843 2102 1890 tus
2128 1843 2235 1902 est,
2266 1835 2412 1891 Deus
2441 1843 2544 1891 est.
2569 1834 2708 1904 Quid
2733 1836 2989 1891 circumis
3007 1837 3038 1891 1‘
3055 1836 3188 1910 quid
3211 1838 3608 1908 tergiversaris?

2017 1924 2292 1982 Christum
2323 1942 2390 1982 ex
2420 1925 2587 1982 Israel
2629 1934 2813 1982 natum
2857 1928 3153 1983 secundum
3194 1943 3412 1985 carnem
3445 1931 3612 1989 Deum

2015 2035 2138 2082 esse
2165 2020 2460 2091 Apostolus
2487 2019 2638 2077 dicit.
2665 2021 2744 2076 Tu
2770 2021 2904 2078 doce
2925 2022 3140 2092 quando
3172 2039 3278 2078 non
3313 2024 3490 2080 fuerit.
3525 2023 3609 2080 Et

2013 2110 2204 2179 quibus
2221 2110 2478 2176 Christus,
2511 2112 2708 2181 inquit,
2738 2112 3025 2166 secundum
3049 2128 3277 2181 carnem,
3307 2117 3393 2186 qui
3413 2125 3486 2170 est
3522 2133 3612 2171 su-

2015 2205 2113 2272 per
2148 2204 2320 2256 omnia
2360 2201 2517 2259 Deus.
2552 2203 2711 2260 Vides
2743 2205 2867 2276 quia
2911 2204 3015 2261 hoc
3054 2205 3346 2276 Apostolus
3401 2209 3608 2264 unitate

2014 2293 2395 2364 eonjunxerit,
2447 2296 2688 2365 separari
2743 2297 2968 2353 omnino
3021 2313 3126 2352 non
3171 2307 3350 2367 potest
3398 2299 3539 2356 Deus
3581 2317 3611 2355 a

2012 2383 2248 2441 Christo.
2307 2386 2461 2442 Sicut
2512 2386 2658 2442 enim
2704 2401 2771 2444 ex
2819 2387 2926 2442 illis
2983 2387 3259 2444 Christum
3315 2391 3608 2459 Apostolus

2016 2477 2296 2546 prtedicat,
2329 2478 2400 2531 ita
2449 2477 2616 2531 Deum
2649 2477 2702 2532 in
2753 2475 2973 2533 Christo
3010 2493 3136 2534 esse
3164 2481 3470 2536 confirmat.
3504 2482 3610 2536 Ant

2016 2581 2304 2642 utrumque
2350 2570 2451 2626 hoc
2482 2587 2646 2643 neges
2677 2586 2906 2627 necesse
2948 2581 3052 2639 est,
3086 2580 3179 2626 aut
3210 2582 3497 2644 utrumque
3525 2575 3600 2627 fa-

2017 2665 2181 2720 tearis
2232 2663 2402 2722 Natus
2427 2662 2724 2720 secundum
2756 2679 2974 2720 carnem
3007 2663 3260 2721 Christus
3289 2681 3355 2721 ex
3389 2666 3496 2721 illis
3531 2668 3612 2721 di-

2013 2754 2175 2820 citur,
2209 2754 2304 2810 sed
2338 2755 2480 2810 idem
2512 2755 2567 2810 in
2593 2754 2814 2811 Christo
2839 2755 2982 2812 Deos
3012 2757 3080 2811 ab
3108 2753 3370 2826 Apostolu
3416 2759 3614 2826 pracdi-

2014 2856 2186 2900 Catur.
2213 2843 2367 2902 Unde
2392 2855 2443 2902 et
2470 2846 2596 2902 alibi
2623 2865 2636 2900 :
2669 2846 2808 2902 Deus
2838 2848 2974 2903 enim
3001 2857 3110 2903 erat
3140 2849 3197 2902 in
3224 2846 3429 2905 Christo
3461 2867 3610 2902 mutt-

2015 2940 2138 2998 dum
2165 2940 2507 2995 reconcilians
2535 2940 2632 2995 sibi
2666 2940 2686 3013 (
2715 2940 2760 2995 ll
2789 2939 2912 2996 Cor.
2944 2942 3037 3013 ν).
3075 2941 3248 2998 Dividi
3289 2942 3390 2998 hoc
3429 2943 3497 2998 ab
3527 2943 3612 2996 al-

2019 3039 2224 3086 terutro
2267 3045 2604 3102 nequaquam
2658 3041 2857 3102 potest.
2907 3032 3015 3087 Aut
3059 3033 3336 3088 Christum
3378 3049 3445 3089 cx-
3501 3033 3609 3088 illis

2016 3121 2218 3177 editum
2266 3120 2494 3192 denega,
2540 3131 2632 3176 aut
2676 3138 2742 3178 ex
2798 3122 3023 3194 Virgine
3070 3125 3238 3179 Deum
3286 3125 3338 3179 in
3391 3125 3614 3180 Chri~tn

311 3221 500 3276 mabili
532 3220 798 3279 charitate
830 3221 965 3278 mori
991 3221 1123 3291 vult,
1152 3230 1208 3277 et
1241 3238 1337 3291 pro
1367 3223 1611 3293 cognatis
1641 3233 1699 3278 ut
1727 3225 1915 3294 proxi-

2021 3213 2222 3268 editum
2261 3213 2561 3270 conﬁtere:
2592 3213 2694 3281 Qui
2721 3221 2817 3281 est,
2849 3213 3044 3286 inquit,
3072 3231 3227 3285 super
3252 3215 3426 3270 omnia
3469 3214 3613 3272 Deus

313 3328 454 3379 mus,
494 3323 552 3368 et
575 3329 675 3384 pro
700 3313 982 3383 di~cipulis
1013 3323 1071 3368 ut
1100 3313 1380 3384 magister.
1422 3315 1491 3369 Et
1528 3331 1648 3385 quae
1694 3318 1912 3373 tandem

314 3420 475 3460 caiisa
506 3414 566 3460 ut
595 3406 734 3460 mori
769 3405 973 3461 vellet?
1015 3419 1118 3460 una
1157 3405 1364 3476 utique,
1417 3415 1474 3461 ut
1519 3407 1597 3462 illi
1646 3407 1913 3463 viverent.

316 3496 438 3548 Vita
472 3507 654 3551 autem
683 3513 870 3551 eorum
901 3497 951 3552 in
985 3513 1090 3568 quo
1114 3497 1528 3553 tontinehatur'l
1559 3498 1612 3553 in
1645 3489 1746 3554 hoc
1768 3501 1918 3554 scili-

314 3595 424 3654 cet,
449 3597 507 3642 ut
552 3588 668 3658 ipse
700 3590 800 3654 ait,
851 3597 914 3644 ut.
938 3590 1105 3644 Deum
1157 3587 1433 3651 Christum
1463 3590 1916 3646 secundum—car-

319 3692 438 3732 nem
467 3687 660 3732 natum
690 3693 756 3733 ex
786 3694 881 3732 sua
913 3694 1078 3733 carne
1117 3687 1528 3750 cognoscerent.
1564 3681 1628 3734 Et
1659 3680 1781 3736 ideo
1806 3682 1912 3737 nti-

318 3785 423 3837 que
448 3771 744 3842 Apostolus
776 3770 895 3840 plus
934 3769 1172 3838 dolebat,
1206 3773 1330 3844 quia
1362 3787 1485 3828 eum
1514 3788 1579 3828 ex
1605 3771 1772 3828 israel
1822 3787 1916 3828 na-

320 3870 430 3913 tum
461 3877 566 3916 non
601 3853 993 3932 intelligerent,
1017 3864 1105 3931 qui
1131 3879 1197 3918 ex
1220 3863 1333 3921 suis
1355 3864 1560 3918 editum
1593 3865 1709 3934 plus
1732 3881 1918 3921 amare

318 3952 600 4008 deberent.
638 3953 724 4008 Ea:
749 3955 933 4024 quibus
961 3955 1218 4022 Christus,
1245 3956 1450 4025 inquit,
1483 3959 1763 4011 secundum
1797 3973 1917 4010 car-

319 4059 450 4106 nem,
489 4045 577 4112 qui
621 4054 695 4096 est
738 4057 891 4113 super
921 4045 1092 4099 omnia
1144 4044 1280 4098 Deus
1313 4045 1602 4100 benedictus
1642 4049 1694 4101 in
1720 4047 1917 4102 swcula

283 4177 294 4188 .
321 4135 500 4203 (Rom.
533 4142 636 4206 ιι).
684 4137 820 4192 Eum
849 4135 1060 4192 scilieet
1089 4154 1154 4193 ex
1186 4139 1290 4193 illis
1311 4137 1584 4194 Christum
1630 4152 1810 4196 natum
1839 4143 1916 4196 ait

325 4228 618 4282 secundum
651 4243 896 4294 carnem,
927 4230 1017 4298 qui
1047 4230 1116 4290 sit
1147 4245 1313 4298 super
1357 4233 1537 4286 omnia
1567 4232 1706 4286 Deus
1751 4233 1916 4288 bene-

321 4318 495 4372 dictus
526 4320 577 4372 in
602 4321 825 4375 sa'cula.
852 4319 1127 4374 Christum
1160 4321 1345 4386 utiqtl
1368 4321 1662 4376 secundum
1693 4338 1910 4378 carnem

322 4420 502 4464 natum
533 4425 598 4465 es
631 4408 739 4465 illis
767 4425 871 4466 non
897 4425 1100 4481 negas;
1131 4410 1225 4467 sed
1256 4411 1398 4466 idem
1430 4413 1518 4482 qui
1563 4429 1628 4467 ex
1673 4414 1779 4469 illis
1813 4430 1907 4468 na-

2018 3305 2312 3361 benedictus
2340 3308 2402 3360 in
2421 3307 2635 3362 uacula.
2756 3337 2760 3342 -

2646 3397 2874 3455 CAPUT
2914 3399 2978 3453 Il.

2019 3492 2122 3547 Dei
2151 3490 2436 3563 appellatio
2475 3491 2626 3546 aliter
2665 3489 2889 3614 Cltristlo.
2922 3492 3074 3548 aliter
3100 3489 3394 3546 hominibus
3425 3489 3620 3546 tributa

2776 3579 2827 3614 es
2858 3601 2870 3614 .
3409 3604 3416 3610 .

2776 3579 2870 3616 εει.

2091 3676 2356 3731 Sullieere
2381 3675 2597 3746 quidem
2624 3673 2871 3729 fidelibus
2899 3673 2967 3727 ad
2995 3671 3334 3728 indicandam
3366 3673 3616 3742 majesta-

2021 3777 2126 3822 tcm
2167 3767 2463 3823 divinitatis
2502 3781 2702 3820 nomen
2743 3765 2835 3819 Dei
2875 3765 3085 3819 abunde
3117 3765 3286 3833 potuit
3333 3781 3345 3817 :
3387 3765 3480 3820 sed
3514 3764 3614 3818 ad-

2018 3859 2217 3925 dendo,
2259 3875 2414 3930 super
2466 3857 2640 3911 omnia
2682 3855 2823 3910 Deus
2862 3855 3180 3922 benedictus,
3224 3855 3616 3926 blasphemiam

2021 3949 2241 4020 perfidae
2267 3948 2589 4003 asscrtionis
2620 3947 2883 4012 exclusit;
2913 3962 2983 4003 ne
3017 3948 3138 4016 quis
3173 3949 3383 4004 scilicet
3424 3949 3617 4019 impio.

2021 4057 2138 4097 rom
2169 4042 2489 4097 vocabulum
2537 4039 2635 4096 Dei
2660 4042 2930 4097 interdum
2950 4043 3112 4098 etiam
3139 4043 3451 4098 hominibus
3480 4055 3614 4098 tem.

2021 4135 2238 4204 porarie
2265 4135 2408 4190 dono
2438 4135 2634 4190 divina:
2666 4134 3088 4204 dispensationis
3111 4135 3407 4203 indultum,
3437 4136 3502 4192 ad
3537 4139 3620 4191 iu-

2015 4228 2212 4296 juriam
2230 4243 2455 4283 summa:
2477 4228 2781 4283 divinitatis
2797 4238 3122 4292 assumeret,
3142 4230 3618 4284 etcontumeliosis

2022 4321 2131 4375 Deo
2174 4320 2673 4390 comparationibus
2711 4327 3012 4390 coeptaret,
3062 4320 3201 4374 sicut
3245 4315 3430 4388 utique
3479 4317 3610 4373 illud

2015 4413 2105 4468 ubi
2135 4413 2200 4466 ad
2231 4411 2450 4482 Moysen
2479 4411 2610 4468 dicit
2640 4412 2783 4468 Deus
2818 4430 2832 4470 :
2867 4424 2887 4452 ο
2919 4411 3055 4467 Decii
3086 4424 3134 4468 te
3162 4411 3314 4468 deum
3347 4411 3642 4466 Pharaonis

1406 4526 1661 4583 ALARDI
1701 4528 1935 4584 GAZIEI
1975 4527 2540 4585 COMMENTARIUS.

393 4625 419 4652 ⁸
444 4617 678 4690 Egregie
712 4618 856 4673 hunc
886 4617 1063 4673 locum
1096 4618 1403 4690 elucidaviti
1425 4619 1582 4675 Joan.
1624 4621 1914 4690 Cagna'ius
1946 4625 1994 4683 Ι)
2021 4622 2148 4685 sim,
2179 4621 2410 4690 Optarim
2440 4621 2726 4677 anathema
2758 4636 2900 4687 esse,
2933 4629 2987 4677 ct
3023 4622 3163 4688 quod
3209 4622 3384 4679 Graeci
3429 4621 3618 4676 dicunt

324 4685 423 4740 hoc
455 4685 613 4742 brevi
635 4692 1064 4744 commentario:
1091 4689 1147 4744 Si
1169 4691 1236 4744 de
1266 4689 1667 4746 abalienatione
1692 4685 1732 4745 εἶ
1755 4693 1904 4746 Chri-

321 4760 386 4809 sti
431 4759 610 4831 gloria
658 4760 1028 4831 intelligitnus,
1078 4761 1423 4831 hyperbolico
1466 4772 1543 4815 est
1581 4762 1801 4825 locutio,
1847 4761 1914 4817 ad

321 4843 474 4880 suum
500 4829 552 4880 in
583 4829 804 4884 Judn-os
834 4830 1082 4884 ali'ecmm
1113 4829 1525 4897 designandum.
1557 4831 1744 4900 Neque
1771 4833 1914 4888 enim

324 4899 410 4965 Qui
444 4901 603 4966 paulo
633 4908 759 4954 ante
785 4900 918 4975 dixit
944 4918 955 4953 :
986 4899 1272 4975 Sc_i0_quod
1299 4902 1445 4955 nulla
1469 4899 1704 4975 creatura
1733 4905 1918 4975 poterit

322 4983 401 5020 me
424 4986 674 5035 separare
699 4987 732 5022 a
758 4971 1006 5024 charitate
1041 4970 1154 5034 Dei,
1182 4987 1298 5042 quae
1323 4981 1396 5025 est
1421 4975 1475 5025 in
1506 4971 1708 5026 Christo
1733 4970 1914 5042 '(llom.

323 5042 464 5114 rut),
495 5042 676 5093 statim
710 5055 897 5096 revera
929 5043 995 5095 ab
1022 5042 1291 5114 eordivelli
1311 5051 1571 5114 optaret;
1600 5046 1690 5098 sed
1727 5044 1922 5114 hyper-

323 5109 538 5183 bolicos
572 5126 761 5183 sermo
806 5122 911 5175 est,
958 5112 1132 5179 qualis
1174 5113 1265 5166 ille
1309 5111 1479 5183 Moysi
1512 5113 1684 5169 Exod.
1729 5109 1918 5169 xiii":

323 5183 419 5253 Aut
449 5179 654 5253 dimitte
681 5181 756 5235 eis
787 5183 921 5253 lianc
951 5198 1172 5245 noxam;
1199 5191 1288 5235 aut
1319 5185 1363 5236 si
1395 5179 1494 5237 non
1521 5185 1674 5253 facis,
1707 5186 1818 5239 dele
1844 5202 1924 5239 me

321 5249 386 5301 de
428 5243 731 5326 ιὶιῖζοίρτιρἒ
775 5251 1005 5326 Videtur
1053 5243 1231 5306 autem
1251 5253 1408 5326 _mihi
1460 5243 1580 5326 sine
1628 5243 1924 5326 hyperbole

321 5334 486 5386 posse
523 5321 648 5390 legi.
687 5321 819 5376 Nam
866 5324 1206 5377 anathemata
1237 5323 1445 5378 Graecis
1484 5321 1734 5380 dicuntur
1779 5327 1921 5380 sacri

319 5391 654 5462 sev-lestiqne
695 5394 964 5459 homines,
997 5395 1085 5462 qui
1117 5393 1184 5448 ad
1225 5395 1375 5448 urbis
1414 5397 1786 5451 lustrationem
1821 5399 1924 5451 diis

322 5459 572 5534 Manibus
598 5471 652 5515 et
683 5464 870 5518 inferis
904 5459 1296 5523 nunciabantur.
1331 5466 1374 5518 si
1407 5480 1526 5534 quae
1561 5467 1677 5520 lues
1707 5479 1796 5520 aut
1827 5483 1922 5522 ca-

315 5528 536 5585 lamitas
567 5535 867 5599 ingrueret,
902 5549 1060 5601 quam
1092 5533 1400 5602 hujnsmodi
1426 5528 1708 5589 hominum
1751 5539 1920 5591 intor-

315 5602 570 5676 necionc,
591 5605 816 5676 placatis
839 5606 965 5676 diis,
981 5603 1226 5676 sedatum
1257 5605 1321 5658 iri
1352 5604 1633 5676 potabant,
1660 5607 1725 5660 ad
1744 5607 1924 5676 cujus-

313 5674 463 5724 ωησί
507 5675 772 5728 sacriﬁcia
805 5675 1050 5729 alludens
1093 5675 1288 5728 Paulus
1335 5692 1346 5726 :
1393 5675 1571 5742 Usque
1613 5677 1750 5729 adeo
1790 5674 1922 5733 mihi

314 5743 491 5805 dolet,
536 5744 734 5809 inquit,
777 5745 1087 5799 Judtrornm
1131 5746 1384 5807 ahiectio,
1425 5746 1566 5814 quod
1607 5746 1650 5799 si
1701 5747 1796 5800 Dei
1829 5749 1922 5801 ad-

315 5825 536 5867 versum
572 5815 694 5870 illos
724 5815 864 5872 iram
897 5817 977 5872 vel
1005 5815 1194 5879 quovis
1226 5831 1348 5872 meo
1381 5818 1522 5872 malo
1547 5816 1761 5883 placare
1788 5833 1917 5884 pos-

2024 4693 2494 4762 ἀναθεματίζεσθαι,
2527 4691 2578 4747 id
2612 4703 2716 4758 est,
2751 4692 3088 4759 pessnmdal‘i
3120 4704 3171 4760 et
3201 4693 3552 4748 exterminari
3587 4711 3616 4747 τι

2023 4763 2266 4834 Christo,
2295 4764 2455 4816 modo
2479 4764 2560 4818 vel
2587 4762 2664 4817 sic
2691 4763 2798 4818 illis
2823 4765 3048 4831 prosim.
3073 4762 3232 4818 Certe
3256 4763 3618 4834 llierOnymus

2025 4831 2312 4886 anathema
2362 4835 2527 4888 sumit
2577 4849 2672 4901 pro
2720 4834 2985 4901 corporali
3031 4836 3322 4889 occisione.
3369 4831 3612 4889 Sic'iilo.

2026 4902 2162 4957 Vide
2192 4912 2389 4958 cmtera
2428 4906 2480 4958 in
2510 4903 2754 4959 eamdem
2787 4905 3108 4958 SCilll‘llllalll
3138 4904 3264 4959 alibi
3297 4913 3476 4957 notata
3501 4906 3616 4969 (Ad

2028 4972 2204 5026 callet.
2244 4974 2278 5028 9
2318 4991 2434 5043 cap.
2472 4974 2560 5041 l8,
2603 4985 2650 5042 ct
2687 4975 2862 5028 collat.
2898 4973 2966 5029 15
2992 4992 3108 5042 cap.
3151 4978 3252 5044 ti);
3285 4985 3338 5029 et
3371 4974 3518 5044 plora
3551 4977 3620 5028 de

2029 5048 2375 5100 anathemate
2403 5045 2627 5111 ejusque
2670 5045 2819 5098 varia
2847 5045 3238 5115 significatione
3266 5043 3406 5112 apud
3438 5044 3610 5100 Baro-

2030 5117 2176 5168 niutn
2210 5115 2300 5168 lib.
2334 5131 2348 5170 ι
2381 5117 2692 5169 Annalium.

2103 5185 2126 5223 ιι
2162 5186 2391 5250 Quorum
2423 5198 2615 5254 patres,
2657 5185 2708 5238 id
2747 5193 2851 5250 cst,
2892 5186 2960 5240 de
2991 5201 3218 5255 quorum
3249 5193 3408 5254 gente
3437 5197 3616 5253 palrus

2027 5262 2084 5309 et
2125 5258 2444 5326 patriarchte
2490 5255 2829 5325 prodierunt,
2881 5272 2957 5326 ex.
2997 5257 3189 5323 quibus
3233 5255 3482 5326 Christus
3513 5273 3614 5326 ,δυο

2027 5315 2262 5379 ειιηῖὶιιηι
2296 5315 2514 5380 carnem
2549 5315 2875 5394 progenitus.
2911 5315 3063 5380 llnnc
3091 5325 3250 5380 etiam
3286 5325 3462 5379 locum
3491 5315 3611 5381 Ori-

2026 5411 2214 5463 genes,
2247 5397 2586 5470 Ambrosius,
2613 5398 3059 5470 Chrysostomus,
3091 5405 3146 5451 et
3184 5397 3270 5450 alii
3301 5398 3380 5470 sic
3417 5398 3616 5454 intelli-

2026 5477 2179 5535 gunt,
2211 5478 2270 5520 ut
2298 5467 2780 5540 Christnsdicatnr
2809 5481 2963 5520 verus
2995 5467 3156 5540 Deus;
3181 5469 3614 5540 quandoquidem

2025 5553 2187 5606 super
2219 5540 2399 5592 tllllltla
2434 5539 2562 5592 nihil
2592 5548 2697 5604 cst,
2734 5537 2832 5590 nisi
2863 5551 3103 5591 summus
3131 5536 3290 5592 Deus.

2101 5619 2121 5646 ο
2163 5609 2416 5670 Vulgatus
2460 5619 2638 5662 textus
2686 5627 2697 5661 ε
2748 5606 2883 5659 Ecce
2921 5609 3158 5662 constitui
3197 5619 3246 5664 te
3291 5610 3439 5664 deum
3472 5610 3617 5664 Pha-

2029 5681 2206 5750 raonis
2230 5677 2428 5747 (Exod.
2453 5679 2572 5750 vn).
2600 5678 3066 5750 Deus_Pharaonis
3087 5679 3263 5750 dictus
3289 5691 3373 5735 est
3399 5682 3614 5750 Moyses

2027 5749 2235 5802 ικιιίηιιυ
2276 5749 2555 5818 potestatis
2583 5751 2630 5802 ci
2666 5765 2695 5802 a
2738 5748 2847 5803 Deo
2877 5749 3082 5802 collata:
3122 5749 3188 5803 ad
3225 5748 3614 5818 centerenilaut

2029 5821 2327 5876 Pharaonis
2353 5820 2686 5890 superbiam,
2722 5829 2779 5876 ut
2808 5819 2897 5891 qui
2927 5820 3037 5877 Deo
3065 5819 3257 5891 subjici
3286 5821 3475 5888 nollet,
3507 5820 3606 5876 hor
