4040 6182
343 268 420 325 55

1371 263 1461 320 DE
1504 260 2014 320 INCARNATIONE
2054 263 2324 322 CHRISTI
2368 263 2500 321 LIB.
2543 264 2629 322 lli.
3579 274 3643 331 δή

344 396 451 435 ςίι
474 385 628 439 "dum
651 390 867 430 carnem
888 372 1172 441 Christum,
1198 376 1285 430 sed
1307 392 1443 429 nunc
1456 376 1571 444 jam
1595 392 1697 429 non
1720 376 1949 429 novimus
1980 380 2025 439 Α
2057 373 2242 431 uitatis
2288 377 2560 447 exposuit.
2616 376 2808 433 Diccns
2863 395 3004 435 entm
3033 422 3048 447 ,
3108 379 3175 436 Et
3225 398 3271 437 st
3318 382 3651 454 cognouimus

349 471 437 541 (ll
461 472 576 525 Cor.
608 484 640 523 ν
660 467 702 540 ).
745 469 895 525 Bene
924 469 1026 525 sibi
1050 478 1247 524 cuncta
1281 468 1421 523 sacri
1453 467 1722 522 sermonis
1753 466 1952 535 scripta

349 560 711 627 conveniunt,
742 560 883 615 etin
914 561 1063 615 omni
1096 560 1308 629 penitus
1335 560 1417 614 sui
1454 568 1628 627 parte,
1663 558 1825 611 etiam
1860 557 1950 612 ubi

346 654 643 708 verborum
666 640 850 722 specie
867 664 976 706 non
999 661 1321 717 consonam,
1354 665 1534 706 rerum
1559 662 1739 705 tamen
1762 650 1956 705 virtute

341 744 683 800 concordant
722 760 738 796 :
776 744 917 798 sicut
942 742 1001 797 in
1042 745 1145 797 hoc
1174 742 1318 813 quod
1347 743 1442 809 ait,
1478 749 1527 795 et
1556 743 1602 795 si
1623 740 1954 811 cognovimus

342 838 613 893 Christum
657 836 946 892 secundum
984 852 1212 901 carnem,
1260 835 1350 889 sed
1391 849 1531 888 nunc
1562 836 1680 906 jam
1719 848 1822 885 non
1863 848 1956 886 no-

343 932 549 996 uimus;
578 929 950 984 testimonium
978 928 1122 982 enim
1156 926 1283 981 dicti
1309 927 1591 996 praesentis
1613 924 1956 980 conﬁrmatio

342 1021 652 1090 superioris
673 1028 777 1087 est,
801 1033 911 1090 quo
934 1018 1091 1083 dixit,
1116 1014 1200 1071 Ea:
1218 1016 1400 1088 quibus
1423 1016 1656 1071 Christus
1677 1016 1956 1071 secundum

346 1128 575 1177 carnem,
609 1113 797 1181 quiest
824 1127 981 1183 super
1007 1111 1182 1163 omnia
1204 1108 1343 1163 Deus
1371 1108 1671 1163 benedictus
1691 1108 1745 1161 in
1766 1108 1957 1162 stecula

345 1205 530 1275 (Rom.
559 1205 642 1275 ιι)
690 1204 806 1259 illic
826 1206 972 1260 enim
999 1204 1195 1273 posuit,
1225 1201 1488 1273 exquibus
1510 1198 1750 1255 Christus
1775 1216 1957 1255 secun-

348 1299 475 1350 dum
509 1312 763 1361 carnem;
795 1296 883 1351 hic
920 1304 1124 1359 autem,
1170 1302 1217 1348 et
1259 1296 1304 1349 si
1333 1294 1666 1367 cognovimus
1694 1292 1958 1349 Christum

345 1391 640 1444 secundum
681 1405 930 1456 carnem;
979 1388 1109 1457 illic,
1143 1387 1234 1455 qui
1262 1396 1335 1441 est
1365 1404 1522 1459 super
1561 1388 1735 1441 omnia
1788 1385 1957 1454 Deus;

344 1485 435 1539 hic
467 1494 677 1548 autem,
708 1480 972 1537 Christum
1005 1480 1287 1534 secundum
1325 1494 1531 1534 carnem
1558 1496 1695 1533 nunc
1715 1482 1829 1551 jam
1852 1488 1957 1532 non

344 1576 610 1629 navium.
642 1575 866 1641 Species
896 1572 1187 1626 verborum
1231 1581 1315 1626 est
1357 1571 1485 1636 alia,
1529 1570 1623 1625 sed
1669 1570 1745 1625 rei
1786 1570 1958 1623 virtus

346 1682 497 1731 una;
535 1665 788 1721 eumdem
833 1664 977 1720 enim
1025 1676 1184 1733 quem
1232 1663 1342 1717 illic
1386 1664 1682 1719 secundum
1734 1678 1952 1718 carnem

2058 464 2317 522 Christum
2365 468 2646 523 secundum
2694 485 2922 539 carnem,
2977 482 3378 528 sacramentum
3437 470 3546 527 nati
3596 472 3649 526 in

2056 573 2219 613 carne
2265 559 2357 614 Dei
2401 558 2615 615 locutus
2646 572 2762 627 est;
2804 561 3064 632 adjiciens
3109 572 3316 630 autem,
3359 561 3513 618 Nunc
3543 567 3651 634 iam

2058 666 2161 704 non
2192 652 2453 717 novimus,
2477 654 2585 707 vim
2612 654 2871 723 deposita:
2900 655 3229 711 inﬁrmitatis
3260 658 3544 728 explicuit.
3576 659 3652 713 Ac

2060 758 2155 810 per
2187 742 2288 797 hoc
2310 743 2547 812 cognitio
2588 744 2679 799 illa
2710 746 2891 800 carnis
2929 746 2993 799 ad
3037 748 3483 817 signiﬁcationem
3524 764 3650 818 per-

2060 833 2191 890 tinet
2220 834 2473 901 hominis,
2505 835 2769 907 ignoratio
2803 850 2978 893 autem
3010 839 3075 894 ad
3107 842 3363 896 honorem
3397 841 3653 895 divinita-

2061 928 2128 983 tis
2164 946 2176 982 :
2210 927 2325 983 Hoc
2354 936 2441 984 est
2469 932 2610 984 enim
2639 930 2843 998 dicere,
2876 930 3240 1002 Cognovimus
3268 932 3534 987 Christum
3565 948 3650 989 se-

2058 1019 2297 1075 cundum
2336 1034 2580 1087 carnem,
2612 1022 2869 1092 quamdiu
2910 1023 3053 1092 quod
3094 1024 3388 1078 secundum
3429 1038 3647 1078 carnem

2058 1122 2468 1182 agnosceretur,
2503 1111 2639 1172 fuit;
2667 1128 2803 1166 nunc
2828 1113 2943 1184 jam
2976 1129 3077 1167 non
3108 1113 3341 1166 novimus
3366 1124 3647 1182 postquam

2058 1217 2181 1259 esse
2209 1202 2425 1258 desivit.
2455 1201 2484 1241 ι)
2511 1203 2714 1258 Natura
2739 1205 2880 1258 enim
2906 1204 3085 1259 carnis
3118 1203 3168 1258 in
3206 1203 3539 1273 spiritualem
3570 1214 3651 1258 est

2062 1297 2319 1351 translata
2346 1297 2737 1364 substantiam;
2767 1307 2820 1352 ct
2848 1297 2976 1353 illud
2998 1298 3140 1369 quod
3175 1296 3349 1352 fuerat
3378 1296 3647 1367 quondam

2061 1386 2317 1453 hominis,
2342 1387 2541 1443 factum
2566 1396 2650 1444 est
2682 1398 2851 1444 totum
2883 1388 3003 1443 Dei.
3032 1389 3095 1443 Et
3127 1389 3247 1444 ideo
3271 1404 3376 1443 non
3403 1389 3652 1443 novimus

2060 1480 2334 1535 Christum
2369 1482 2667 1537 secundum
2710 1497 2951 1547 carnem,
2995 1484 3115 1552 quia
3148 1482 3402 1553 absorpta
3447 1497 3543 1551 per
3571 1480 3653 1536 di-

2060 1574 2239 1629 vinam
2274 1575 2608 1643 maiestatem
2643 1574 2955 1629 inﬁrmitate
2998 1589 3282 1644 corporea,
3322 1573 3457 1628 nihil
3495 1587 3653 1628 sacro

2059 1665 2263 1722 resedit
2292 1667 2507 1736 corpori
2540 1681 2606 1721 ex
2633 1681 2739 1735 quo
2768 1664 3112 1745 imbecillitas
3149 1666 3201 1720 in
3229 1680 3292 1720 eo
3323 1664 3502 1718 carnis
3528 1677 3653 1731 pos-

347 1770 539 1814 natum
571 1758 743 1813 Deum
781 1772 944 1827 super
982 1759 1161 1811 omnia
1199 1755 1481 1825 prmdicat,
1514 1755 1615 1835 hic
1654 1754 1951 1810 secundum
1987 1763 2032 1824 Β
2060 1756 2131 1811 sit
2170 1758 2412 1826 agnosci.
2454 1760 2532 1812 Ac
2565 1772 2659 1827 per
2694 1755 2795 1812 hoc
2835 1755 3094 1827 quidquid
3136 1756 3313 1811 fuerat
3352 1756 3500 1824 prius
3526 1754 3653 1809 sub-

348 1866 576 1907 carnem
620 1865 680 1906 se
704 1849 819 1919 jam
861 1863 967 1903 non
1008 1861 1172 1904 nosse
1211 1849 1518 1903 conﬁrmat.
1564 1845 1693 1903 Ideo
1722 1846 1951 1915 scilicet,

351 1944 489 2013 quia
519 1941 767 1998 eumdem
804 1955 964 2011 quem
1004 1951 1188 1995 natum
1220 1941 1274 1994 in
1304 1954 1472 1996 carne
1505 1948 1728 1995 noverat
1761 1938 1953 2006 Deum,

350 2036 404 2088 in
446 2034 651 2088 saecula
689 2032 1004 2098 conﬁtetur,
1048 2041 1104 2087 et
1140 2030 1263 2087 ideo
1294 2046 1324 2085 a
1354 2045 1414 2087 se
1452 2045 1575 2086 eum
1608 2031 1844 2101 ignorari
1873 2046 1959 2087 se-

349 2126 593 2180 cundum
619 2138 865 2189 carnem,
895 2122 1019 2194 quia
1037 2122 1107 2177 sit
1128 2139 1284 2192 super
1302 2123 1479 2176 omnia
1504 2120 1643 2176 Deus
1660 2122 1957 2177 benedictus

350 2218 405 2270 in
434 2216 631 2272 uacula
646 2231 671 2281 ;
694 2230 759 2271 ac
782 2231 879 2286 per
907 2216 1008 2270 hoc
1033 2224 1088 2270 et
1119 2215 1250 2269 illud
1277 2214 1369 2278 ibi,
1388 2216 1476 2285 qui
1503 2226 1577 2270 est
1607 2231 1762 2285 super
1784 2215 1958 2269 omnia

357 2310 517 2369 Deus.
559 2316 615 2363 et
652 2308 757 2363 hoc
798 2306 950 2372 dicit,
999 2306 1123 2361 Non
1156 2308 1387 2361 nouimus
1415 2308 1532 2379 jam
1573 2306 1838 2360 Christum
1879 2322 1958 2360 se-

352 2399 586 2454 cundum
620 2412 855 2465 carnem,
889 2397 1012 2468 quia
1044 2405 1116 2452 est
1149 2396 1290 2453 Deus
1314 2396 1607 2451 benedictus
1652 2397 1704 2451 in
1742 2398 1957 2452 sa’cula.

354 2490 621 2546 Ascendit
637 2505 770 2561 ergo
794 2489 1211 2561 quodammodo,
1226 2490 1379 2557 quasi
1396 2490 1447 2544 in
1470 2489 1714 2545 altiorem
1734 2490 1957 2560 gradum

357 2580 623 2636 doctrinae
666 2580 985 2650 apostolica:
1026 2580 1362 2650 praedicatio,
1404 2587 1459 2634 et
1495 2580 1625 2635 licet
1654 2578 1755 2635 sibi
1794 2594 1958 2636 sensu

363 2672 417 2725 in
447 2681 685 2742 utroque
714 2671 1021 2736 conveniat,
1051 2679 1453 2727 sacramentum
1490 2681 1667 2726 tamen
1702 2671 1959 2741 perfecta:

355 2764 482 2820 Mei
520 2766 677 2836 quasi
710 2764 981 2821 sententia
1012 2765 1353 2834 expressiore
1386 2764 1695 2833 conﬁrmat,
1725 2766 1911 2822 dicens
1943 2783 1957 2821 :

356 2856 425 2909 Et
476 2859 523 2912 si
570 2858 906 2929 cognovimus
953 2858 1235 2911 secundum
1281 2874 1487 2913 carnem
1536 2854 1824 2926 Christum,
1868 2860 1960 2914 sed

356 2957 381 2985 ⁸
413 2966 554 3003 nunc
587 2951 706 3021 jam
742 2967 846 3003 non
889 2950 1143 3017 novimus,
1180 2950 1453 3017 videlicet,
1493 2952 1615 3020 quia
1646 2952 1798 3022 prius
1833 2967 1959 3008 eum

352 3049 409 3094 et
439 3040 718 3096 hominem
747 3041 954 3097 scimus
991 3049 1048 3097 et
1086 3041 1274 3109 Deum,
1321 3057 1466 3097 nunc
1508 3050 1717 3098 tantum
1764 3044 1953 3099 Deum.

2063 1849 2281 1904 stantia:
2310 1848 2562 1919 duplicis,
2594 1848 2791 1904 factum
2823 1858 2907 1905 est
2929 1849 3140 1904 virtutis
3169 1850 3351 1903 unius.
3385 1845 3518 1902 Cum
3548 1848 3653 1901 uti-

2059 1957 2164 2013 que
2206 1957 2312 1996 non
2353 1943 2422 1997 sit
2456 1941 2678 1997 dubium
2721 1942 2994 1999 Christum
3023 1942 3112 2013 qui
3145 1940 3441 1996 cruciﬁxus
3470 1948 3647 1995 estex

2061 2031 2373 2089 inﬁrmitate
2397 2040 2601 2098 nostra,
2634 2041 2804 2088 totum
2834 2032 3017 2088 vivere
3038 2048 3104 2087 ex
3137 2030 3418 2101 majestate
3444 2029 3647 2086 divina.

2667 2143 2899 2201 CAPUT
2939 2144 3032 2200 IV.

2062 2236 2146 2291 Ea:
2166 2252 2225 2288 ea
2245 2252 2367 2308 qute
2390 2236 2460 2289 ad
2486 2235 2703 2291 Galatas
2731 2246 2803 2291 est
2830 2234 3282 2308 Epistolaprolert
3301 2234 3650 2308 testimonium

2129 2323 2230 2377 quo
2256 2304 2437 2377 probat
2475 2307 2831 2377 inﬁrmitatem
2860 2304 3029 2361 carnis
3062 2307 3115 2360 in
3150 2305 3356 2361 Christo
3387 2323 3480 2378 per
3510 2304 3648 2359 divi-

2133 2378 2348 2432 nitatem
2377 2378 2671 2447 absorptam
2693 2392 2822 2432 esse.

2131 2492 2282 2561 Quod
2322 2492 2532 2547 scilicet
2557 2489 2854 2563 Apostolus
2884 2489 3031 2546 omni
3060 2488 3394 2559 scriptorum
3422 2502 3646 2543 suorum

2060 2600 2291 2657 corpore
2319 2586 2650 2655 praedicans,
2680 2586 2820 2641 bene
2859 2585 3022 2640 etiam
3062 2582 3127 2638 ad
3155 2583 3375 2639 Galatas
3401 2582 3652 2638 scribens

2061 2677 2178 2733 ait:
2214 2677 2416 2733 Paulus
2456 2677 2728 2747 apostolus
2776 2692 2877 2731 non
2922 2675 2986 2730 ab
3028 2675 3321 2729 hominibus
3365 2690 3527 2744 neque
3562 2688 3653 2743 per

2062 2769 2336 2837 hominem,
2370 2768 2459 2822 sed
2502 2784 2594 2837 per
2630 2764 2810 2821 Jesum
2857 2764 3119 2820 Christum
3147 2773 3194 2818 et
3244 2762 3411 2817 Deum
3441 2761 3653 2817 Patrem

2064 2859 2267 2935 (Galat.
2297 2862 2359 2932 I).
2386 2859 2554 2915 Vides
2598 2875 2756 2930 quam
2799 2859 2939 2914 bene
2972 2857 3076 2914 sibi
3118 2856 3171 2911 in
3214 2856 3485 2927 prioribus
3512 2871 3652 2925 pra:-

2061 2953 2417 3021 sentibusque
2467 2951 2779 3007 conveniat.
2828 2950 2942 3005 illic
2991 2949 3138 3004 enim
3184 2949 3336 3013 dicit,
3369 2963 3507 3000 nunc
3536 2950 3651 3017 jam

2062 3061 2165 3098 non
2211 3045 2445 3097 novimus
2489 3041 2758 3099 Christum
2798 3041 3087 3096 secundum
3136 3056 3378 3103 carnem;
3406 3036 3495 3092 hic
3550 3037 3647 3101 ait,

352 3132 622 3188 Cessante
646 3135 791 3189 enim
812 3132 1125 3189 inﬁrmitate
1148 3134 1354 3202 carnis,
1383 3134 1514 3189 nihil
1544 3135 1599 3189 in
1629 3150 1695 3191 eo
1718 3134 1829 3205 jam
1860 3151 1957 3191 no-
1983 3142 2028 3203 C
2062 3152 2163 3190 non
2193 3152 2259 3191 ex
2285 3133 2602 3200 hominibus,
2624 3151 2785 3205 neque
2815 3150 2904 3202 per
2934 3133 3321 3201 hominem,sed
3352 3148 3445 3201 per
3470 3130 3650 3185 Jesum

353 3225 536 3279 vimus
584 3224 690 3280 nisi
736 3225 990 3281 virtutem
1039 3224 1367 3295 divinitatis;
1414 3227 1539 3297 quia
1584 3236 1755 3281 totum
1798 3228 1849 3282 in
1891 3244 1963 3283 eo

351 3317 524 3373 virtus
546 3324 635 3373 est
654 3316 1190 3388 majestatisdivinze,
1216 3318 1309 3374 ubi
1331 3333 1454 3374 esse
1482 3318 1643 3374 desiit
1672 3318 1956 3376 inﬁrmitas

351 3410 744 3468 imbecillitatis
776 3413 1046 3468 humanae.
1076 3412 1250 3469 Omne
1278 3425 1407 3483 ergo
1435 3412 1650 3483 penitus
1682 3412 1782 3468 hoc
1807 3413 1957 3468 testi-

350 3505 537 3560 monio
564 3506 886 3578 mysterium
909 3516 962 3563 et
988 3514 1221 3578 sumptae
1246 3507 1429 3563 carnis
1458 3514 1514 3561 et
1538 3506 1789 3575 perfecta:
1819 3506 1956 3562 divi-

2060 3226 2342 3283 Christum.
2380 3228 2533 3281 Patet
2552 3226 3012 3297 quemadmodum
3035 3225 3197 3280 etiam
3230 3225 3319 3280 hic
3344 3225 3484 3278 idem
3505 3223 3647 3293 quod

2062 3321 2115 3375 in
2168 3319 2543 3389 superioribus
2578 3318 2793 3373 doceat.
2849 3318 3048 3372 Diceus
3099 3316 3267 3382 enim,
3318 3316 3546 3369 missum
3587 3327 3647 3367 se

2061 3428 2166 3467 non
2193 3426 2289 3482 per
2331 3411 2631 3475 hominem,
2666 3408 2767 3464 huc
2791 3407 2943 3475 dicit,
2970 3424 3072 3461 non
3103 3407 3336 3461 novimus
3375 3405 3639 3460 Christum

2058 3504 2339 3560 secundum
2366 3518 2609 3568 carnem;
2632 3512 2689 3557 et
2730 3500 2854 3556 ideo
2883 3510 2906 3539 ε
2939 3514 3045 3555 non
3080 3513 3177 3569 per
3202 3498 3481 3553 heminam
3512 3497 3645 3551 mis-

1439 3661 1695 3718 ALARDI
1736 3661 1967 3720 GAZASI
2006 3658 2573 3718 COMMENTARIUS.

352 3774 549 3840 Ecquis
577 3776 721 3848 istud
762 3778 912 3831 illum
958 3777 1229 3848 ignorasse
1272 3775 1441 3833 dicere
1472 3777 1698 3831 audeat?
1735 3776 1951 3843 Qualem

352 3858 577 3916 namque
600 3847 655 3899 in
675 3848 859 3900 caelum
886 3847 1198 3909 ascendisse,
1222 3864 1286 3901 ac
1305 3848 1428 3901 olim
1459 3848 1576 3901 inde
1603 3865 1806 3900 rursum
1836 3865 1953 3901 uen-

353 3926 525 3969 turum
556 3918 766 3989 sciebat,
795 3918 951 3989 talem
995 3930 1039 3972 et
1077 3920 1129 3972 in
1168 3920 1260 3972 illo
1299 3935 1513 3989 quoque,
1543 3920 1758 3972 existere
1787 3920 1956 3971 nenti-

352 4003 507 4055 qnam
552 3988 845 4055 ignorabat.
904 3988 1174 4052 Quomodo
1220 3987 1379 4058 igitur
1416 3987 1625 4041 Filium
1676 3989 1954 4041 secundum

354 4073 559 4110 carnem
587 4072 645 4110 se
672 4074 821 4111 nosse
858 4059 1047 4126 negat?
1082 4059 1336 4123 Quoniam
1365 4060 1523 4112 simul
1550 4069 1699 4127 atque
1725 4074 1789 4111 ex
1818 4074 1955 4111 mor-

356 4130 453 4180 tuis
487 4129 769 4189 "vixerat,
801 4131 963 4182 satius
993 4144 1098 4180 erat
1130 4145 1193 4181 ex
1221 4129 1393 4182 divina
1417 4129 1695 4183 eminentia
1724 4127 1872 4180 illum
1902 4139 1948 4181 et

356 4214 505 4251 nosse
545 4210 591 4251 et
624 4198 880 4266 proﬁteri,
909 4215 1065 4268 quam
1093 4214 1154 4252 ea:
1185 4200 1353 4252 carnis
1380 4200 1700 4264 inﬁrmitate.
1739 4196 1948 4251 Etenim

355 4269 759 4337 disp'nsationis
803 4270 1046 4338 mysterio
1103 4270 1332 4321 nondum
1378 4268 1615 4338 expleto,
1666 4271 1950 4323 secundum

353 4352 565 4390 carnem
600 4337 1004 4408 praedicabatur,
1051 4356 1150 4406 quo
1192 4340 1434 4391 nimirum
1477 4337 1785 4408 Unigenitus
1828 4355 1950 4392 caro

354 4408 525 4473 {actus
552 4408 868 4480 crederetur.
902 4413 962 4462 At
984 4426 1099 4462 vero
1124 4418 1438 4480 sacramento
1464 4412 1556 4463 hoc
1574 4413 1688 4480 jam
1710 4426 1951 4464 consum-

356 4488 517 4542 malo,
553 4479 834 4544 pra-stabat
872 4495 937 4532 ex
971 4480 1239 4532 divinitate
1267 4479 1416 4533 illum
1446 4479 1720 4548 agno'scere
1744 4496 1804 4533 ac
1834 4498 1950 4542 pro-

355 4548 515 4615 ﬁteri,
547 4565 699 4615 quam
731 4566 793 4601 ex
822 4550 991 4602 carnis
1017 4549 1303 4604 humilitate
1334 4559 1378 4602 et
1406 4551 1771 4604 exinanitione.
1804 4550 1949 4605 Unus

2060 3787 2183 3830 nota
2212 3778 2419 3842 nesciri,
2453 3777 2574 3844 quia
2613 3772 2743 3826 nihil
2766 3773 2816 3827 in
2852 3790 2911 3826 ca
2940 3771 3203 3840 passibile,
3232 3769 3363 3824 nihil
3400 3771 3647 3844 remansit

2060 3850 2197 3900 inea
2222 3843 2509 3914 inﬁrmum,
2541 3855 2594 3897 nt
2624 3854 2670 3897 et
2700 3847 2814 3909 ipsa
2839 3845 2905 3896 sit
2926 3860 3016 3908 per
3043 3844 3337 3914 essentiam,
3365 3849 3411 3892 et
3444 3856 3545 3914 non
3577 3843 3647 3894 sit

2061 3919 2173 3984 ipsa
2211 3910 2299 3987 per
2334 3917 2574 3987 gloriam.
2608 3913 2760 3987 Quod
2796 3924 2969 3987 autem
3001 3913 3211 3987 mirum,
3240 3912 3286 3987 si
3308 3911 3405 3987 hoc
3437 3910 3501 3962 de
3529 3926 3643 3987 cor-

2065 3981 2430 4051 pore’Chr'isti
2486 3985 2760 4054 p'oﬁtetur
2812 3982 3140 4054 (Apostolus)
3167 3982 3254 4047 qui
3298 3983 3359 4035 de
3402 3981 3638 4054 omnibus

2065 4057 2370 4111 Christianis
2401 4050 2723 4123 spiritalibus
2752 4055 2876 4107 dicit
2906 4071 2924 4107 .·
2956 4050 3144 4124 Itaque
3178 4069 3273 4105 nos
3315 4068 3378 4106 ex
3407 4050 3525 4118 hoc,
3555 4068 3646 4105 ne-

2065 4128 2251 4181 minem
2269 4128 2501 4180 novimus
2518 4125 2805 4179 secundum
2831 4141 3056 4179 carnem.
3081 4124 3159 4176 Ex
3188 4126 3304 4189 hoc,
3329 4124 3514 4190 inquit,
3545 4124 3644 4175 ini-

2060 4200 2189 4251 tium
2220 4197 2363 4251 nobis
2394 4198 2586 4263 factum
2614 4206 2684 4250 est
2710 4196 3098 4250 resurrectionis
3130 4197 3180 4247 in
3201 4193 3427 4255 Christo,
3450 4210 3513 4246 ea:
3541 4210 3642 4262 quo

2059 4270 2111 4321 in
2144 4286 2224 4331 eo,
2255 4269 2344 4338 qui
2366 4282 2457 4337 pro
2482 4268 2716 4320 onmibus
2744 4276 2973 4320 mortuus
3001 4274 3099 4330 est,
3128 4266 3284 4319 totius
3311 4267 3422 4334 spei
3448 4274 3639 4317 nostra:

2059 4340 2225 4409 forma
2258 4355 2460 4409 pra'cesf
2475 4340 2532 4404 it,
2556 4347 2662 4391 etc.

2136 4421 2156 4448 ε
2187 4404 2289 4464 l‘er
2321 4408 2616 4466 hominem.
2645 4423 2836 4478 purum
2867 4407 3071 4478 scilicet
3116 4414 3171 4459 et
3206 4404 3637 4478 mortalem,setl

2060 4496 2157 4550 per
2201 4479 2382 4534 Jesnm
2437 4476 2727 4550 Christum
2761 4494 2947 4550 verum
2998 4477 3188 4530 Deum.
3228 4476 3403 4529 Utitur
3432 4477 3635 4550 eodem

2059 4544 2383 4619 argumento
2411 4550 2646 4620 Cyrillus
2667 4548 2731 4604 ad
2762 4544 3644 4620 eumdemAscoputn,qnn_(‘.assia-

354 4598 530 4689 itaqu}
552 4598 643 4671 ἱ»ξῖ
664 4598 897 4672 αι’έὲεὲιᾷ
914 4598 1947 4686 irritat;2Io3n;5.'.;;."ii;;attritis:
1983 4598 2028 4655 ί)
2057 4598 2694 4689 signa"sanguini;
2704 4598 3205 4674 ξέἷιῖὲέἷῦὶῖτίζιί
3254 4598 3634 4689 divinitatem:

427 4696 457 4724 ⁸
484 4687 602 4741 Non
656 4690 799 4758 quod
860 4690 1024 4742 homo
1072 4704 1193 4744 esse
1240 4689 1483 4755 desierit,
1512 4691 1607 4745 sed
1648 4693 1771 4759 quia
1807 4690 1943 4744 nihil

360 4758 681 4831 luntnanmn,
712 4760 763 4813 id
816 4769 921 4827 est,
958 4759 1231 4815 inﬁrmum
1264 4769 1318 4815 et
1350 4762 1575 4816 mortale
1606 4758 1726 4831 post
1760 4778 1942 4816 resur-

359 4828 659 4883 rectionem
703 4844 857 4883 suam
913 4831 1155 4896 retinnit,
1187 4831 1279 4885 sed
1312 4847 1529 4887 omnem
1570 4828 1945 4886 inﬁrmitatem

360 4900 713 4971 mortalitatis
761 4900 1011 4954 humanae
1041 4900 1312 4967 deposuit,
1341 4911 1399 4956 ut
1442 4902 1579 4957 intra
1631 4904 1948 4971 exponitur.

406 4968 435 5006 δ
457 4970 574 5024 Non
597 4971 742 5040 quod
757 4986 880 5025 vera
899 4986 1025 5025 caro
1038 4980 1090 5025 et
1110 4987 1369 5040 corporea
1386 4987 1503 5028 csse
1521 4968 1956 5039 desierit,sccun-

354 5038 481 5092 dum
498 5056 577 5103 se,
595 5038 687 5095 sed
710 5043 831 5108 quia
851 5062 868 5091 μ
880 5042 1106 5107 piritalis
1121 5038 1330 5107 enecta,
1351 5044 1399 5097 id
1414 5056 1515 5109 est,
1533 5038 1955 5113 incorruptibilis

358 5113 651 5176 ctgloriOsa
666 5122 719 5166 et
741 5113 919 5165 omnis
935 5114 1261 5166 inﬁrmitatis
1276 5116 1945 5179 expers,quetnadinodum

355 5182 484 5255 dicit
515 5184 803 5249 Apostolus
837 5182 854 5236 Ι
893 5183 1102 5255 Corint.
1130 5200 1240 5255 va:
1274 5185 1568 5239 Seminatur
1595 5202 1779 5255 corpus
1823 5186 1942 5239 ani-

358 5253 507 5323 male.
522 5261 696 5323 surget
716 5267 903 5323 corpus
924 5254 1173 5323 spiritale.
1196 5253 1515 5308 llesnrrectio
1538 5258 1669 5308 enim
1686 5253 1939 5321 Domini,

356 5322 426 5371 ait
457 5324 514 5375 S.
552 5322 661 5375 Leo
687 5322 927 5391 pontifex
952 5322 1155 5391 '(Serm.
1202 5327 1223 5378 l
1260 5325 1321 5379 de
1352 5342 1516 5378 rcsur.
1549 5326 1805 5390 Domini).
1838 5344 1940 5381 non

354 5392 473 5457 ﬁnis
504 5396 697 5454 carnis,
722 5393 813 5447 sed
844 5398 1176 5448 commutatio
1207 5396 1322 5463 fuit,
1349 5411 1440 5466 nec
1470 5396 1670 5450 virtutis
1697 5415 1943 5466 augmen-

355 5472 405 5513 to
454 5475 762 5532 consumpta
812 5466 1101 5517 substantia
1149 5473 1242 5518 est.
1294 5465 1531 5530 Qualitas
1579 5465 1799 5532 transiit,
1834 5485 1935 5520 non

354 5544 540 5608 natura
574 5534 874 5608 defecit;_et
902 5539 1096 5602 factum
1127 5546 1198 5589 est
1228 5552 1416 5605 corpus
1447 5538 1933 5608 impassibile,quo¢l

356 5606 515 5678 potuit
576 5606 849 5678 cruci/igi;
896 5609 1088 5678 factum
1127 5618 1201 5659 est
1246 5606 1558 5668 immortale,
1590 5610 1730 5678 quod
1774 5606 1939 5677 potuit

355 5675 552 5751 occidi:
584 5677 885 5751 factumest
910 5677 1315 5751 incorrup'ibile,
1340 5679 1477 5748 quod
1507 5675 1667 5749 potuit
1702 5675 1819 5732 vuln
1852 5698 1937 5731 ra-

354 5744 417 5797 ri.
445 5744 509 5800 Et
540 5748 721 5802 merito
750 5747 941 5800 dicitur
972 5762 1091 5801 caro
1114 5747 1305 5804 Christi
1334 5744 1383 5804 in
1412 5766 1469 5804 eo
1492 5744 1627 5806 statu
1656 5766 1755 5813 quo
1770 5752 1935 5813 fuerit

2054 4694 2258 4745 Annon.
2296 4687 2491 4759 inquit,
2535 4691 2699 4744 Deum
2748 4693 3098 4751 incarnatum,
3133 4704 3390 4752 unumque
3430 4687 3635 4738 utrobi-

2051 4781 2148 4830 que
2180 4759 2378 4816 Filium
2405 4772 2450 4815 ct
2488 4760 2761 4814 Dominum
2796 4778 2885 4828 per
2908 4760 3016 4815 ha'c
3056 4762 3199 4813 nobis
3238 4759 3470 4811 insinuat
3500 4759 3637 4830 Apo-

2051 4826 2251 4887 stolus?
2278 4832 2416 4900 Quid
2443 4832 2649 4904 planius
2677 4826 2811 4885 enim
2837 4833 2938 4885 diri
2961 4841 3143 4902 potest,
3162 4844 3327 4904 quam
3356 4843 3542 4904 senon
3573 4826 3637 4877 ab

2057 4896 2407 4969 hominefnec
2444 4896 2533 4973 per
2578 4905 2855 4966 hominem,
2879 4896 2970 4955 sed
3014 4918 3104 4971 per
3148 4898 3324 4952 Jesum
3372 4896 3633 4973 Christum

2058 4968 2277 5029 missum
2290 4991 2397 5028 esse
2414 4968 2454 5029 ἶ
2470 4974 2605 5039 Quid
2630 4991 2750 5042 erqo
2767 4976 2792 5027 ?
2813 4968 3059 5041 numquid
3088 4987 3223 5035 eum,
3257 4984 3404 5042 quem
3425 4968 3643 5042 univer-

2059 5062 2115 5099 so
2144 5046 2255 5099 orbi
2285 5048 2641 5110 annuntiarat,
2676 5039 2928 5098 hominem
2949 5039 3068 5096 esse
3093 5041 3401 5113 ignorabat?
3423 5039 3634 5113 Nequa-

2054 5131 2238 5184 quam.
2274 5114 2443 5169 Norat
2472 5118 2645 5179 utique
2676 5116 2929 5168 hominem
2968 5110 3204 5184 essefﬁat
3234 5126 3335 5164 non
3362 5110 3636 5184 hominem

2053 5180 2245 5251 solum,
2278 5185 2368 5240 sed
2419 5185 2515 5239 Dei
2558 5185 2777 5241 Verbum
2815 5186 3075 5239 Itamirum
3115 5183 3329 5247 factum.
3352 5180 3483 5234 Cum
3511 5197 3634 5249 ergo

2050 5273 2105 5309 se
2134 5273 2241 5311 non
2268 5256 2331 5310 ab
2372 5258 2598 5318 homine,
2627 5258 2716 5309 sed
2758 5272 2848 5323 per
2887 5254 3067 5308 Jesnm
3095 5254 3307 5323 missum
3346 5252 3493 5314 dicit,
3519 5253 3636 5323 quis

2052 5328 2245 5382 dubitet
2272 5329 2397 5398 quin
2412 5326 2590 5382 Jesnm
2607 5321 2867 5382 Christum
2890 5341 3061 5378 verum
3076 5322 3250 5398 Deum
3274 5338 3380 5398 esse
3403 5331 3594 5398 statuat
3610 5321 3636 5374 τ

2048 5409 2154 5453 etc.
2179 5393 2444 5454 Similiter
2473 5410 2525 5453 et
2556 5398 2619 5452 Ι).
2660 5398 3023 5467 Hieronymus
3073 5397 3126 5467 in
3167 5394 3416 5448 eumdem
3455 5393 3632 5467 locum

2047 5471 2292 5532 ADOsIOli
2326 5481 2700 5525 commentans
2736 5487 2748 5523 :
2784 5464 2881 5521 Esi
2910 5482 3035 5537 quo,
3076 5466 3273 5535 inquit,
3310 5464 3633 5537 approbatur

2043 5538 2260 5595 Ehionis
2287 5551 2333 5593 et
2358 5540 2569 5595 Photini
2596 5543 2747 5594 etiam
2771 5541 2889 5591 hinc
2912 5533 3120 5591 hceresis
3140 5533 3477 5597 retundendo,
3495 5533 3634 5602 quod

2047 5610 2299 5664 Dominus
2330 5621 2501 5664 noster
2528 5610 2680 5665 Iesus
2708 5609 2939 5662 Christus
2971 5608 3109 5663 Deus
3136 5609 3232 5671 sit,
3265 5608 3390 5659 dum
3413 5606 3634 5666 Aposto-

2046 5682 2147 5745 lus,
2180 5683 2321 5751 quia
2353 5682 2558 5735 Christo
2592 5681 2659 5733 ad
2698 5678 3115 5751 prrrdicationem
3156 5677 3427 5750 Evangelii
3448 5676 3639 5729 missus

2047 5761 2140 5817 est,
2176 5749 2327 5817 negat
2357 5768 2410 5806 se
2428 5754 2640 5807 missum
2664 5766 2771 5805 esse
2792 5749 2855 5803 ab
2888 5751 3114 5807 homine.
