4040 6182
353 215 424 274 55
1695 220 1976 278 “MNle
2013 221 2322 278 CASSUNI
3557 235 3627 291 56

353 350 496 405 sun,
527 334 625 391 sed
656 350 752 406 per
785 334 1135 408 Jesum,quia
1165 350 1261 406 per
1290 335 1567 391 Christum
1589 335 1812 405 missus,
1833 352 1938 391 non
1969 344 2020 402 Α
2048 347 2135 392 aut
2168 337 2330 393 homo
2361 338 2576 408 penitus
2603 339 2723 394 sine
2754 340 2886 408 Deo,
2916 351 3013 398 aut
3056 343 3196 400 Deus
3243 344 3364 401 sine
3416 345 3638 407 homine

354 444 453 498 per
481 428 762 485 hominem
802 429 1000 483 missus
1047 444 1186 491 sum,
1217 427 1312 483 sed
1361 444 1458 498 per
1502 428 1711 497 Deum;
1743 447 1941 486 nomen

357 521 505 574 enim
531 521 584 575 in
613 520 808 590 eoiam
839 518 1074 573 hominis
1104 534 1209 572 non
1237 519 1408 586 cadit,
1435 519 1488 574 in
1511 537 1618 591 quo
1643 531 1812 580 totum
1841 522 1944 576 sibi

360 613 620 668 divinitas
661 612 972 667 vindicavit.
1004 611 1071 664 Et
1116 610 1237 666 ideo
1265 627 1386 667 cum
1439 612 1671 669 dixisset
1718 615 1942 667 missum

358 719 417 758 se
457 720 561 757 non
603 703 665 757 ab
708 702 1023 769 hominibus,
1053 717 1219 774 neque
1253 721 1344 775 per
1383 703 1676 771 hominem,
1719 706 1808 758 sed
1855 721 1946 772 per

354 797 535 850 Jesiim
565 793 849 860 Christum,
879 795 1024 850 bene
1053 795 1283 861 addidit,
1307 805 1352 851 et
1376 794 1540 850 Deum
1567 794 1818 862 Patrem;
1845 797 1946 852 hoc

357 901 460 953 est,
490 890 712 944 missum
745 902 803 943 se
826 904 852 940 a
882 888 991 943 Deo
1018 887 1179 944 Patre
1205 900 1258 944 et
1283 905 1310 943 a
1341 889 1456 943 Deo
1487 889 1624 944 Filio
1651 904 1774 944 esse
1806 888 1946 943 desi-

357 996 548 1049 gnans.
602 980 658 1034 In
707 981 905 1048 quibus
954 980 1142 1050 utique
1186 979 1313 1035 licet
1354 992 1575 1051 prepter
1620 981 1942 1051 mysterium

358 1090 527 1129 sacrae
544 1084 600 1129 et
618 1073 910 1127 iiiell'abilis
939 1073 1328 1143 generationis,
1354 1073 1562 1142 duplex.
1584 1070 1652 1126 sit
1677 1087 1908 1140 persona
1929 1112 1944 1136 ,

359 1166 673 1229 gent-rantis
705 1173 760 1220 et
787 1165 988 1233 geniti,
1023 1179 1125 1218 una
1155 1173 1335 1218 tamen
1365 1177 1452 1218 est
1481 1165 1650 1218 virtus
1681 1163 1946 1218 mittentis

361 1257 477 1312 Dei.
512 1256 578 1310 Et
609 1256 730 1310 ideo
763 1257 854 1309 ille
886 1255 1110 1309 missum
1139 1269 1200 1309 se
1230 1269 1260 1309 a
1291 1253 1406 1309 Deo
1437 1255 1597 1310 Patre
1627 1263 1684 1308 et
1718 1255 1827 1309 Deo
1857 1253 1946 1308 Fi-

360 1345 434 1400 lio
464 1345 674 1412 dicens,
702 1347 754 1398 in
791 1345 1046 1414 personis
1073 1343 1291 1414 quidem
1331 1343 1544 1400 dualem
1576 1344 1814 1400 ostendit
1841 1359 1944 1399 nu-

359 1454 592 1504 nierum,
625 1437 724 1492 sed
755 1437 808 1492 in
841 1436 1101 1492 missione
1129 1452 1288 1491 unam
1316 1436 1500 1492 docuit
1527 1445 1879 1506 potestatein.

1010 1547 1211 1603 .APUT
1255 1547 1322 1602 V.

361 1645 507 1702 Sicut
537 1642 853 1716 blasphemia
876 1649 958 1716 est
992 1640 1209 1716 Christo
1245 1643 1472 1695 adimere
1502 1640 1843 1716 divinitatem,
1862 1641 1945 1716 ita

2047 429 2323 484 credatur.
2356 429 2504 486 Bene
2543 445 2676 501 ergo
2729 433 3024 502 Apostolus
3063 436 3291 490 missum
3331 451 3396 492 se
3439 439 3631 493 sicuta

2049 520 2161 576 Deo
2189 521 2380 589 Patre,
2404 524 2476 578 ita
2505 532 2560 580 et
2588 539 2620 578 a
2652 525 2760 580 Deo
2792 526 2930 582 Filio
2972 530 3300 596 praedicans,
3325 529 3636 588 confessio-

2048 627 2170 667 nem
2223 614 2405 667 statim
2461 615 2756 672 Dominica:
2797 615 3192 675 Iiicarnationis
3243 620 3517 690 adiunxit,
3549 622 3637 676 di-

2045 715 2175 757 cens
2208 719 2222 756 :
2251 702 2353 770 Qui
2399 705 2667 759 suscitavit
2711 723 2826 760 eum
2855 723 2886 760 a
2911 708 3162 772 mortuis;
3191 724 3378 765 verum
3425 711 3640 767 scilicet

2047 795 2311 850 incarnati
2359 797 2454 852 Dei
2508 812 2710 866 corpus
2757 799 3074 854 suscitatam
3107 815 3136 853 a
3168 804 3396 858 mortuis
3437 805 3640 859 docens

2041 887 2195 958 juxta
2240 889 2370 944 illud
2404 905 2418 943 :
2456 889 2522 944 Et
2565 891 2611 946 si
2659 893 2991 963 cognovimus
3032 891 3300 947 Christum
3355 898 3641 950 secundum

2046 995 2286 1046 carnem;
2317 979 2455 1035 bene
2499 980 2725 1047 addens,
2757 982 2848 1034 sed
2887 985 3004 1054 jam
3053 999 3161 1036 non
3212 985 3468 1038 nouimus.
3523 985 3638 1040 Hoc

2047 1072 2194 1126 enim
2221 1085 2283 1126 se
2313 1071 2366 1125 in
2396 1085 2461 1125 eo
2502 1086 2667 1126 nosse
2705 1072 2834 1126 dicit
2883 1074 3184 1128 secundum
3224 1089 3468 1141 carnem,
3494 1075 3638 1145 quod

2049 1163 2122 1218 sit
2149 1177 2178 1216 a
2205 1162 2434 1218 mortuis
2458 1163 2773 1219 suscitatus.
2798 1163 2856 1218 lu
2887 1179 2955 1220 eo
2987 1179 3120 1221 vero
3147 1181 3208 1221 se
3235 1182 3358 1225 eum
3378 1167 3487 1236 jam
3522 1183 3638 1222 non

2047 1267 2212 1312 nosse
2237 1254 2536 1310 secundum
2567 1269 2816 1322 carnem,
2849 1255 2994 1325 quod
3027 1266 3283 1312 cessante
3313 1257 3490 1312 carnis
3523 1257 3633 1313 fra-

2046 1348 2276 1418 gilitate,
2302 1347 2361 1401 in
2387 1347 2502 1402 sola
2534 1361 2658 1403 eum
2688 1347 2900 1403 noverit
2931 1348 3026 1403 Dei
3055 1364 3178 1404 esse
3219 1349 3441 1404 virtute.
3479 1350 3638 1406 Fide-

2047 1438 2116 1494 lis
2141 1437 2354 1492 scilicet
2383 1435 2743 1504 prmdicandae
2763 1438 3059 1495 Dominicai
3087 1440 3392 1497 divinitatis
3413 1449 3470 1496 et
3495 1441 3634 1496 satis

2049 1525 2280 1581 idoneus
2305 1527 2480 1592 testis,
2509 1527 2602 1597 qui
2635 1528 2689 1581 in
2723 1527 2994 1599 principio
3014 1530 3316 1587 vocationis
3342 1546 3453 1586 suae
3485 1530 3637 1587 caeli-

2051 1627 2136 1672 tus
2165 1617 2490 1687 castigatus,
2523 1618 2862 1687 maiestatem
2908 1621 3152 1677 suscitati
3179 1637 3210 1676 a
3251 1624 3481 1678 mortuis
3532 1624 3637 1677 Do-

432 1733 629 1785 quoque
649 1709 832 1768 "verum
865 1713 1121 1770 hominem
1149 1713 1300 1767 illum
1336 1729 1444 1767 esse
1475 1728 1684 1784 negare,
1708 1710 1946 1782 blasphe-
1975 1713 2020 1772 Β
2050 1710 2179 1766 mihi
2221 1712 2390 1765 nostri
2412 1709 2544 1767 Jesu
2569 1711 2790 1777 Christi,
2826 1727 2932 1770 non
2968 1714 3072 1768 [ide
3115 1724 3321 1769 tantum
3352 1716 3518 1770 animi
3549 1715 3634 1770 sui

435 1804 572 1839 mum
603 1796 696 1840 est.

369 1971 374 1976 ἦ
433 1897 546 1954 Sed
565 1914 654 1967 per
682 1895 963 1967 Christum,
989 1897 1182 1968 inquit,
1211 1893 1416 1964 Iesum,
1440 1906 1487 1950 et
1512 1894 1676 1950 Deum
1708 1893 1944 1960 Patrem,

360 1991 450 2062 qui
473 1990 742 2045 suscitavit
775 2005 891 2044 eum
927 2005 959 2044 α
990 1992 1224 2045 mortuis.
1247 1989 1551 2046 Prteclarus
1571 1992 1755 2059 utique
1778 1998 1832 2046 et
1852 1987 1949 2043 ad—

361 2080 626 2136 mirabilis
650 2082 927 2151 magister,
942 2081 1122 2137 sciens
1149 2081 1436 2136 Dominum
1459 2080 1643 2138 Iesum
1670 2078 1944 2136 Christum

359 2175 499 2229 sicut
530 2189 718 2230 verum
748 2173 942 2238 Deum,
994 2173 1068 2229 ita
1105 2181 1161 2229 et
1201 2189 1388 2230 verum
1435 2173 1708 2229 hominem
1741 2173 1941 2243 pradi-

359 2265 617 2329 canclum,
650 2265 731 2321 ita
763 2280 980 2335 semper
1020 2265 1361 2335 majestatem
1411 2265 1710 2323 divinitatis
1771 2266 1826 2322 in
1875 2279 1943 2321 eo

361 2357 652 2426 priedicat,
695 2365 751 2410 ut
810 2355 1210 2412 l'iicarnatiouis
1259 2354 1664 2412 confessionem
1727 2355 1948 2424 penitus

324 2462 471 2514 ‘lYOI'I
517 2447 827 2518 relinquat:
859 2445 1158 2502 excludens
1205 2446 1392 2517 utique
1445 2456 1502 2502 et
1550 2455 1577 2484 ι
1618 2445 1942 2516 phantasma

363 2537 652 2594 Marcionis
684 2537 1063 2595 liicarnatione
1091 2551 1244 2601 vera.
1272 2547 1332 2595 et
1356 2537 1384 2577 ι’
1412 2547 1783 2610 paupertatem
1835 2539 1943 2594 lie—

363 2628 540 2685 hionis
558 2627 841 2686 divinitate
869 2629 1144 2701 perfecta;
1175 2645 1242 2685 ne
1267 2629 1473 2686 scilicet
1503 2646 1598 2700 per
1619 2629 1937 2684 alterutram

365 2722 716 2793 blasphemia:
756 2723 1169 2792 perversitatem
1210 2721 1470 2780 Dominus
1499 2723 1661 2780 Jesus
1688 2723 1940 2780 Christus

2047 1804 2332 1872 crederet,
2381 1803 2478 1860 sed
2538 1814 2561 1844 °
2597 1804 2760 1860 etiam
2803 1806 2974 1862 oculis
3015 1808 3392 1878 corporalibus
3441 1823 3636 1878 appro-

2049 1895 2250 1950 basset.

2201 1967 2206 1974 ’
2663 1964 2891 2022 CAPUT
2937 1967 3018 2021 Vl.

2051 2073 2131 2128 Ex
2159 2077 2484 2150 apparitione
2521 2075 2732 2140 Christi,
2756 2095 2871 2143 qua:
2901 2080 3145 2150 Apostolo
3173 2081 3495 2150 persequenti
3529 2078 3634 2134 Ec-

2117 2148 2327 2223 clesium
2373 2149 2512 2214 facta
2560 2159 2655 2216 est,
2688 2148 2961 2222 utramque
3002 2148 3243 2204 naturam
3288 2148 3342 2205 in
3372 2167 3430 2205 co
3473 2153 3636 2223 {uisse

2117 2219 2456 2272 demonstrat.

2121 2351 2274 2409 Unde
2308 2355 2472 2410 etiam
2516 2352 2543 2393 (ι
2573 2356 2714 2426 apud
2755 2357 3047 2428 Agrippam
3087 2371 3272 2427 regem
3309 2363 3361 2412 et
3409 2363 3636 2410 caeteros

2050 2445 2234 2501 mundi
2263 2445 2476 2515 iudices
2505 2447 2799 2510 disserens.
2830 2449 2904 2502 ita
2937 2451 3012 2503 ait
3043 2468 3055 2502 :
3087 2449 3225 2502 Dum
3254 2449 3381 2502 irem
3409 2446 3632 2501 Damas-

2048 2553 2163 2590 cum
2195 2554 2310 2590 cum
2352 2546 2602 2606 potestate
2646 2547 2693 2592 et
2723 2541 2976 2610 permissu
3007 2541 3260 2608 principis
3287 2539 3636 2603 sacerdotum,

2050 2631 2131 2684 die
2160 2631 2331 2684 media
2355 2632 2408 2685 in
2446 2632 2528 2686 via
2556 2633 2680 2695 ridi,
2706 2649 2818 2689 rex.
2846 2633 2908 2688 de
2939 2633 3064 2687 calo
3107 2648 3270 2700 supra
3315 2631 3638 2701 splendorem

2048 2725 2170 2779 solis
2217 2724 2625 2795 cirruinfulsisse
2672 2742 2750 2779 me
2793 2727 2986 2794 lumen,
3013 2732 3058 2778 et
3106 2741 3278 2780 omnes
3309 2725 3395 2795 qui
3434 2737 3640 2778 mecum

1429 2877 1687 2933 ALARDl
1725 2878 1948 2933 G.\Z.-E|
1991 2877 2556 2938 COMMENTARIUS.

439 3023 462 3049 τι
497 3013 707 3069 Cordon
755 3026 810 3072 et
859 3015 1104 3072 Μαι-εἰοιῖ
1149 3016 1541 3080 hmresiarchze,
1585 3021 1643 3070 et
1683 3025 1802 3083 post
1843 3015 1943 3068 hos

364 3085 712 3154 Maiiiclirpus,
747 3088 1047 3142 docuerunt
1070 3089 1343 3144 Christum
1368 3102 1473 3142 non
1505 3100 1690 3140 verum
1719 3099 1943 3153 corpus,

365 3165 457 3209 aut
486 3170 669 3210 veram
719 3171 961 3222 carnem,
991 3159 1084 3212 sed
1123 3157 1514 3227 pbantasticam
1559 3155 1941 3223 assumpsisse,

2049 3016 2230 3070 stolas.
2276 3025 2323 3068 et
2376 3018 2605 3072 mrravit
2643 3017 2748 3071 illis
2794 3017 3050 3085 quomodo
3080 3016 3288 3069 uidisset
3336 3013 3640 3069 Dominum.

2051 3085 2235 3140 Tertio
2289 3088 2491 3142 Paulus
2531 3090 2644 3156 ipse
2675 3089 2697 3142 l
2739 3087 2947 3143 Corint.
2983 3104 3031 3142 ix
3070 3093 3143 3139 ait
3173 3105 3184 3140 :
3217 3086 3637 3156 Numquidnon

2052 3174 2165 3210 sum
2223 3155 2766 3225 ApostolusiNonne
2813 3156 2996 3212 Iesum
3045 3157 3304 3212 Christum
3365 3155 3642 3225 Dominum

366 3237 652 3293 propterea
678 3229 819 3296 quod
844 3243 1061 3282 carncm
1092 3222 1186 3280 sua
1220 3239 1409 3283 natura
1435 3227 1630 3298 malam
1653 3222 1774 3280 esse
1799 3236 1847 3278 et
1878 3241 1942 3279 ex
1974 3222 2016 3283 C
2051 3222 2288 3280 nostrum
2330 3230 2488 3298 nidi?
2523 3230 2762 3298 Denique
2820 3228 2961 3282 idem
3003 3228 3295 3296 Apostolus
3340 3225 3360 3278 ι
3410 3224 3536 3298 Cor.
3571 3242 3641 3280 xv

369 3298 512 3349 iualo
542 3307 716 3368 oi'tam
764 3298 1031 3368 principio
1074 3299 1461 3368 tabularcntur.
1491 3297 1945 3368 Qucmgerroreiii

368 3382 432 3419 ex
492 3366 1050 3434 professo—refellunt
1092 3366 1456 3422 Tertullianus
1508 3367 1596 3421 lib.
1659 3366 1728 3420 de
1771 3367 1948 3421 Carne

366 3438 590 3504 Christi,
618 3435 857 3491 Irenmus
879 3439 973 3491 lib.
1008 3453 1026 3490 ῐ
1052 3453 1170 3505 cap.
1205 3439 1296 3501 29,
1330 3438 1667 3505 Αιιςιιιειίιιυς
1696 3437 1950 3491 innume-

367 3508 444 3562 ris
473 3522 641 3575 prone
683 3508 817 3562 locis
848 3519 1038 3562 contra
1062 3509 1386 3563 Manicba‘os
1417 3509 1718 3574 disputans.

437 3577 464 3616 δ
493 3577 702 3634 Alludit
733 3578 800 3632 ad
835 3594 1031 3632 nomen
1071 3580 1309 3638 Ebionis,
1346 3579 1488 3645 quod
1521 3579 1786 3634 llcbraice
1816 3593 1950 3649 pau-

369 3662 554 3717 perem
583 3664 677 3705 seu
709 3649 920 3717 iiiOpem
952 3650 1236 3717 signiﬁcat.
1264 3650 1352 3704 Sic
1383 3651 1440 3704 li.
1472 3649 1708 3718 lguatius
1739 3650 1950 3718 episco-

369 3733 468 3792 pui
512 3730 562 3792 et
606 3730 810 3792 martyr
854 3721 904 3775 in
949 3720 1176 3788 cptslola
1217 3721 1281 3773 ad
1313 3721 1816 3792 Philadelphienses
1848 3738 1860 3772 :
1889 3721 1951 3775 Si

367 3791 503 3857 quis,
534 3789 896 3860 inquitfdirat
946 3806 1102 3844 unum
1158 3807 1262 3844 esse
1318 3791 1511 3857 Deum,
1545 3801 1592 3846 et
1643 3791 1950 3857 conﬁteatur

370 3860 633 3915 Christum
662 3860 861 3921 Iesum.
891 3863 983 3916 sed
1034 3862 1265 3916 eumdem
1315 3863 1508 3914 nudum
1551 3879 1655 3916 esse
1695 3863 1950 3914 honiincm

369 3943 509 4001 putet
550 3933 1083 4004 hujusincrlisrrpens
1114 3943 1206 3996 cst,
1241 3933 1470 3996 fraudmi
1503 3943 1548 3987 et
1571 3949 1786 3985 errarent
1819 3949 1951 4001 prte-

371 4005 623 4056 dicansin
653 4005 867 4056 exitium
888 4003 1171 4075 hominith
1204 4005 1626 4075 etestiejnsmodi
1657 4006 1805 4070 inops
1829 4019 1948 4056 sen-

371 4090 453 4130 su.
507 4083 839 4141 cognomento
891 4071 1081 4124 Ebion.
1136 4072 1203 4124 Et
1255 4071 1313 4141 S,
1358 4071 1715 4140 Hieronymus
1758 4076 1810 4125 iii
1858 4088 1946 4126 c.t

372 4141 522 4196 lsaia:
551 4157 566 4197 :
592 4142 741 4203 Arat,
776 4143 965 4210 inquit,
999 4143 1053 4193 in
1098 4144 1216 4194 bove
1267 4149 1315 4193 et
1365 4143 1511 4196 asino
1546 4143 1730 4206 libion.
1764 4144 1951 4207 dignus

373 4228 471 4277 pro
499 4212 787 4265 humilitate
808 4228 1006 4272 sensus.
1041 4220 1341 4282 paupertate
1367 4214 1586 4266 nominis
1625 4214 1742 4276 sui;
1773 4214 1952 4275 quisic

368 4283 548 4350 recipit
566 4281 921 4354 Evangeliuin,
937 4293 992 4336 ut
1016 4282 1048 4337 J
1058 4281 1356 4336 udaicarum
1382 4285 1826 4350 superstitionum,
1841 4299 1952 4350 qua:

372 4355 425 4406 in
474 4355 654 4406 umbra
698 4363 746 4406 et
786 4355 1008 4423 imagine
1049 4367 1437 4424 praeesserunt,
1485 4355 1819 4409 cazremonias
1849 4369 1953 4406 non

372 4425 665 4494 relinquat.
689 4425 754 4479 lit
793 4441 982 4480 rursus
1007 4425 1060 4479 iii
1093 4438 1214 4492 cap.
1247 4439 1369 4480 vat
1401 4425 1556 4480 Isaia:
1591 4443 1603 4476 :
1636 4424 1832 4487 Judaei,
1869 4424 1950 4478 in-

371 4497 507 4563 quit,
552 4505 598 4548 et
633 4493 846 4549 Iudaici
889 4497 1080 4549 erroris
1132 4495 1360 4550 ltwredes
1411 4494 1689 4560 Ebionittc,
1734 4495 1821 4563 qui
1859 4510 1953 4565 pro

370 4566 660 4638 humilitate
713 4583 894 4620 sensus
945 4581 1132 4620 nomen
1181 4576 1506 4638 acceperunt.
1568 4567 1952 4638 Paupertatem

373 4638 554 4708 itaque
585 4637 810 4708 Eliion-is
833 4648 988 4690 vocat
1016 4639 1219 4691 Anetor
1243 4637 1443 4692 fatuam
1472 4638 1618 4691 illius
1645 4638 1715 4692 de
1737 4637 1956 4690 Christo

373 4717 646 4775 tamquam
691 4707 760 4761 de
802 4723 934 4775 puro
967 4709 1185 4762 homine
1211 4708 1695 4775 existimationem,
1726 4723 1790 4762 ex
1826 4721 1958 4777 pau-

373 4787 583 4847 perlate
617 4792 811 4848 sensus
847 4787 901 4830 et
928 4777 1113 4846 iudicii
1147 4779 1355 4848 inopia,
1386 4778 1482 4833 sed
1514 4778 1686 4848 magis
1713 4793 1777 4832 cx
1809 4793 1955 4831 sanae

373 4848 634 4904 doczriote
683 4847 899 4903 defectu
952 4860 1152 4915 ortam,
1184 4847 1261 4904 de
1303 4864 1408 4920 qua
1459 4847 1710 4920 superius
1750 4848 1957 4902 dictum

449 5002 472 5029 ε
499 4991 652 5056 Quod
679 4991 874 5046 Paulus
898 4991 1069 5045 oculis
1096 4993 1257 5046 etiam
1288 4991 1665 5061 corporalibus
1697 4989 1958 5061 majesta-

373 5067 500 5132 tem,
535 5063 587 5116 id
611 5072 712 5126 est,
748 5077 966 5116 carnem
999 5061 1198 5116 Christi
1222 5060 1537 5132 gloriosam,
1563 5075 1658 5116 seu
1681 5060 1954 5115 Christum

373 5130 427 5184 in
459 5146 624 5186 cat-ise
674 5142 998 5202 pra-sentem
1038 5142 1094 5187 et
1124 5130 1501 5190 sibi'vicinum
1534 5133 1751 5195 viderit,
1785 5134 1954 5186 Acto-

373 5216 520 5273 rum,
541 5218 692 5257 nono
713 5205 1002 5273 colligitur.
1037 5204 1220 5259 Primo
1249 5220 1314 5258 ex
1346 5206 1465 5259 luce
1505 5218 1625 5273 qme
1664 5203 1812 5256 illum
1844 5203 1954 5256 cir-

370 5271 670 5335 cumfulsit,
699 5283 810 5328 tum
841 5271 908 5330 ex
942 5276 1186 5330 c;rci!ate
1208 5291 1366 5344 quant
1399 5290 1464 5330 ex
1497 5271 1660 5328 nimia
1692 5273 1812 5339 ejus
1833 5274 1957 5344 cla-

369 5344 538 5398 ritate
581 5346 825 5399 incurrit.
871 5347 1125 5401 Secundo
1161 5342 1236 5400 ex
1257 5346 1441 5400 verbis
1479 5345 1723 5411 Ananirc,
1755 5342 1952 5413 quibus

371 5415 445 5492 ait
475 5431 500 5492 :_
528 5414 692 5492 $a_ule
732 5420 916 5492 frater,
953 5416 1206 5492 Dominus
1256 5414 1548 5492 Inungui
1585 5417 1830 5492 apparuit
1861 5416 1952 5468 tibi

368 5483 557 5556 inuia:
585 5486 639 5539 Si
672 5483 924 5556 apparuit
955 5488 1141 5550 Saiilo,
1166 5495 1315 5542 certe
1344 5483 1615 5540 visibilem
1646 5483 1704 5539 Se
1733 5486 1787 5537 iii
1819 5500 1946 5552 pro-

374 5555 673 5627 iriaearne
696 5555 749 5610 et
777 5558 960 5615 specie
981 5560 1248 5613 exhibuit.
1283 5558 1351 5612 Et
1371 5558 1611 5627 apertius
1638 5572 1702 5610 ex
1733 5556 1945 5627 Cra'co,

375 5625 459 5683 tibi
489 5625 648 5700 habet
671 5641 717 5679 tr
747 5642 769 5700 :_
795 5628 820 5682 ὁ
849 5630 1008 5700 ὀφθείς
1029 5653 1134 5686 σοι.
1187 5630 1303 5700 Qui
1331 5625 1468 5682 visus
1499 5637 1572 5700 est
1608 5629 1718 5700 tibi.
1753 5626 1820 5700 Ι·ρι
1845 5627 1944 5680 ilii-

373 5705 493 5753 ifem
525 5712 538 5752 :
572 5695 841 5753 Barnabas
870 5695 1246 5768 apprehensum
1282 5699 1506 5756 Ραιιέιιειι
1539 5698 1688 5753 duxit
1713 5695 1780 5752 ad
1823 5713 1944 5769 ιη’οο

1986 4603 2035 4661 D

2057 3307 2288 3352 testatur
2313 3297 2594 3353 Christum
2631 3295 2753 3367 post
2794 3295 3260 3353 resurrectionem
3287 3312 3438 3350 suam
3471 3295 3644 3362 pluri-

2053 3367 2156 3422 mis
2188 3370 2527 3438 apparuissc,
2556 3370 2607 3423 id
2635 3366 2740 3435 est,
2771 3371 2946 3424 visum
2975 3383 3116 3433 esse,
3152 3370 3207 3422 in
3239 3382 3404 3438 carne
3433 3366 3646 3438 scilicet

2052 3436 2341 3494 visibiti‘ct
2369 3440 2707 3508 aspectabili,
2739 3449 2792 3495 et
2833 3437 2996 3493 modo
3027 3439 3132 3505 his,
3170 3437 3332 3491 modo
3375 3437 3499 3508 aliis
3529 3436 3640 3490 dis—

2053 3511 2290 3578 cipulis:
2329 3506 2619 3564 Novissime
2661 3506 2853 3574 autem,
2899 3511 3094 3576 intuit,
3139 3509 3390 3568 omnium.
3427 3506 3477 3560 id
3533 3516 3642 3578 est,

2055 3576 2173 3648 post
2204 3595 2393 3635 omnes
2424 3583 2584 3642 alios.
2602 3591 2860 3647 tamquam
2883 3581 3113 3634 abortivo
3141 3580 3281 3632 visus
3313 3587 3387 3632 est
3420 3587 3469 3630 et
3491 3576 3643 3630 mihi.

2054 3651 2206 3716 Quod
2248 3665 2354 3704 non
2406 3651 2511 3706 nisi
2555 3653 2624 3706 de
2670 3666 2933 3717 corporea
2965 3651 3174 3704 visione
3205 3657 3260 3702 et
3290 3648 3639 3717 apparitione

2055 3721 2278 3790 intelligi
2322 3731 2519 3790 potest.
2551 3723 2846 3776 Enumerat
2891 3720 3158 3788 siquidem
3194 3721 3294 3772 hoc
3328 3720 3452 3790 loco
3477 3728 3646 3790 testes

2053 3787 2469 3846 resurrectionis
2509 3795 2598 3861 qui
2630 3792 2918 3846 Dominum
2953 3791 3127 3843 oculis
3165 3787 3648 3861 gorporeis__vide-
3727 3849 3735 3857 ,

2057 3870 2200 3924 rant,
2228 3869 2284 3915 et
2313 3877 2372 3916 se
2399 3856 2542 3916 inter
2565 3877 2659 3915 cos
2687 3863 2859 3930 ponit.
2892 3861 2971 3912 Au
3004 3874 3133 3913 vero
3167 3859 3362 3930 Paulus
3400 3856 3564 3930 alias,
3591 3865 3647 3913 ct

2054 3948 2190 4000 quas
2233 3931 2486 3987 habuerit
2518 3927 2717 3987 Christi
2755 3931 2993 3985 visiones
3019 3939 3072 3982 et
3095 3927 3489 4000 apparitiones,
3525 3927 3646 4000 sive

2055 3996 2427 4070 iiiiagiuarias,
2453 4004 2568 4058 sive
2623 4000 3042 4069 iiitcllcctuales,
3075 3996 3179 4054 mn
3213 4007 3294 4053 est
3328 3997 3487 4067 hujus
3528 3996 3633 4068 loci

2055 4074 2349 4127 disi'utere.

2127 4143 2152 4180 ἀ
2195 4145 2329 4198 Tres
2369 4145 2616 4214 Agrippa:
2655 4141 2792 4211 apud
2825 4140 3043 4196 Judaios
3074 4153 3341 4214 regnasse
3366 4139 3642 4214 leguntur.

2056 4213 2271 4268 Primus
2303 4211 2595 4269 Aristobuli
2643 4214 2810 4281 ﬁlius,
2845 4214 3018 4279 magni
3063 4213 3288 4267 lli-rudis
3319 4211 3648 4264 Ascalonita:

2059 4284 2180 4353 (qui
2215 4286 2419 4352 primus
2450 4285 2751 4354 alienigena
2786 4294 3054 4353 sceptrum
3091 4283 3238 4354 regni
3270 4281 3477 4354 Judaici
3507 4281 3648 4334 obti-

2058 4352 2206 4424 nuit)
2234 4370 2422 4424 nepos.
2453 4352 2673 4423 quem'a
2705 4355 2920 4409 Tiberio
2968 4354 3160 4424 iii-per.
3193 4352 3246 4424 iii
3282 4352 3491 4406 vincula
3519 4366 3648 4404 con-

2052 4422 2258 4492 jectum
2285 4422 2346 4480 C.
2375 4422 2617 4496 Caligula
2650 4427 2832 4488 solvit,
2867 4422 3154 4496 regemque
3183 4422 3647 4496 JlldlBUl‘llll’l_C_t)ll-

2058 4499 2264 4560 sntnit;
2296 4497 2362 4550 de
2392 4492 2796 4565 quo'losepbus
2827 4492 3085 4565 lib.’x_viit
3125 4494 3311 4560 Antiq.
3342 4507 3466 4565 cap.
3498 4492 3649 4565 “et

2063 4567 2152 4630 iii,
2181 4578 2232 4620 et
2265 4562 2536 4621 Eusebius
2585 4562 2681 4620 lib.
2728 4581 2762 4619 ll
2811 4580 2932 4633 cap.
2977 4563 3031 4617 4.
3084 4565 3362 4617 Secundus
3411 4562 3651 4633 lli-rodas

2061 4636 2322 4712 Agrippa,
2357 4637 2517 4706 primi
2552 4636 2732 4692 itidem
2765 4632 2989 4712 Herodis
3015 4635 3321 4690 Jtth‘Orttlll
3347 4632 3484 4701 regis
3511 4632 3649 4712 lilius

2065 4721 2093 4760 a
2121 4709 2342 4762 Claudio
2372 4711 2562 4774 imper.
2592 4723 2814 4776 regnum
2843 4707 3154 4776 Judzeorum
3185 4715 3531 4776 consecutus,
3558 4707 3649 4769 qui

2065 4775 2322 4832 Jaciibum
2353 4775 2919 4846 apostolunioccidit,
2960 4785 3015 4829 et
3046 4775 3260 4830 Petrum
3295 4775 3344 4828 in
3376 4788 3648 4846 earrccretii

2067 4848 2328 4916 conjecit,
2362 4845 2421 4903 ac
2449 4849 2664 4902 demum
2685 4889 2698 4911 ,
2729 4847 2798 4901 ob
2826 4847 3079 4901 donatum
3125 4847 3224 4898 sibi
3259 4862 3285 4898 a
3318 4845 3511 4910 pepulo
3553 4857 3652 4898 nec

2068 4920 2408 4987 repudiatum
2448 4919 2745 4973 divinitatis
2783 4918 3072 4979 honorem,
3116 4917 3181 4987 ab
3212 4917 3406 4987 angelo
3428 4927 3652 4987 porcus-

2070 4983 2184 5054 sus,
2206 5005 2236 5042 a
2265 4989 2543 5045 vermibus
2568 5003 2842 5052 corrosus,
2873 4989 3092 5049 interiit,
3119 4986 3236 5039 Aet.
3265 4999 3361 5044 xu,
3385 4983 3652 5054 loscplius

2070 5051 2287 5114 lib.‘xix
2318 5059 2707 5129 Antiquitatum
2738 5051 3160 5129 Judaicaruiiic.
3189 5055 3240 5116 7,
3271 5051 3531 5129 [inSt-biiis
3556 5052 3649 5129 lib.

2059 5145 2095 5205 ιι
2115 5145 2235 5198 eap.
2265 5130 2319 5205 9.
2350 5121 2564 5205 Tcriius
2593 5129 2828 5205 denique
2857 5126 3013 5195 huius
3042 5126 3182 5205 [ilius
3217 5125 3447 5205 Agripp‘a
3467 5121 3652 5205 junior

2057 5191 2256 5271 dietus,
2292 5203 2358 5256 de
2399 5216 2506 5271 quo
2551 5202 2638 5254 hic
2683 5191 2878 5269 agitur,
2928 5191 3067 5271 apud
3109 5209 3266 5271 quem
3301 5205 3366 5271 ,ει
3408 5191 3650 5271 Festum,

2056 5270 2260 5326 Judaxe
2292 5264 2612 5344 przesideiii,
2647 5264 2911 5344 prfesente
2941 5268 3103 5320 etiam
3127 5265 3380 5344 Berenice
3397 5264 3653 5344 Agrippa:

2054 5359 2268 5404 sorore.
2294 5335 2494 5396 Paulus
2517 5355 2547 5394 a
2569 5335 2767 5394 iudicis
2788 5345 3092 5399 accusatus,
3117 5335 3420 5388 orationem
3469 5335 3653 5404 habuit

2054 5422 2108 5466 ct
2131 5401 2346 5466 causam
2380 5429 2530 5465 suam
2561 5411 2688 5480 egit.
2722 5412 2841 5465 Act.
2874 5418 3239 5480 xxtv_ctgxxv.
3273 5404 3372 5458 Hic
3406 5420 3562 5472 usque
3592 5401 3658 5480 ad

2054 5483 2430 5536 siibrersioncm
2463 5475 2946 5551 Hierosolymorum
2987 5475 3190 5551 {ude
3227 5493 3440 5546 regnum
3472 5475 3656 5551 tenuit,

2060 5554 2307 5608 Romanis
2357 5569 2554 5622 semper
2600 5548 2816 5622 amicus,
2868 5551 2939 5604 ait
2987 5548 3129 5604 Beda
3163 5550 3214 5602 in
3263 5549 3654 5603 commentatio

2055 5625 2170 5693 ejus
2206 5623 2330 5678 loci.
