2020 3091
138 151 171 178 51

653 137 696 164 DE
716 135 971 164 l.\'CAB.\'ATlONE
992 136 1127 165 CHRISTI
1147 137 1213 166 LIB.
1234 138 1278 167 ill.

1752 142 1786 170 58

135 197 215 225 sintut
228 198 299 222 eram
315 206 323 225 ε
339 202 478 229 omnesque
500 202 545 221 nos
560 202 620 220 cum
635 192 816 219 decidissemus
840 193 865 218 in
882 198 935 234 ter-
949 195 971 222 Α
988 193 1078 221 nantis
1099 194 1218 228 desuper
1240 196 1389 229 majestatts
1411 200 1534 232 urgeret,
1550 197 1662 226 audires
1674 205 1784 234 quoque

137 246 208 266 runt.
223 241 309 267 audivi
333 248 421 268 vocem
440 240 567 266 dicentem
592 239 655 266 mihi
679 238 811 266 thraica
835 233 934 274 lingua,

138 287 231 320 Saule,
247 286 340 319 Stude,
360 286 424 322 quid
443 294 484 313 me
507 285 690 322 persequeris?
716 286 812 312 durum
830 289 866 312 est
892 285 936 311 tibi

135 337 227 359 contra
240 332 374 359 stimulum
389 332 535 359 calcitrare.
551 331 607 367 Ego
622 336 710 359 autem
721 331 777 358 dixi
792 339 801 358 :
816 330 881 363 Quis
897 339 933 364 es,

135 379 267 405 Domine?
282 377 411 404 Dominus
425 383 512 404 autem
530 378 596 414 dixit
616 377 649 403 ad
669 386 708 405 me
722 385 732 405 :
742 377 799 413 Ego
814 386 871 404 sum
886 376 951 403 λιι-ι

134 434 179 453 stu
213 424 386 456 Nazareuus,
414 433 488 459 quem
508 430 535 451 tu
555 425 713 459 persequeris
737 424 814 459 (Act.
837 423 932 458 xxvi).

134 471 218 499 Vides
233 471 305 506 quod
320 478 382 498 eum
398 470 556 504 Apostolus,
574 478 652 505 quem
671 470 697 497 in
712 475 787 497 tanto
801 470 932 504 majesta-

135 517 168 544 tis
184 517 292 551 fulgore
310 516 426 549 viderat,
442 521 516 544 recte
528 517 582 551 jam
604 524 634 543 se
652 516 800 544 secundum
821 523 931 543 carnem

134 571 189 590 non
204 570 286 590 nosse
306 562 429 589 dicebat.
443 562 511 589 Cum
525 561 597 589 euitn
609 562 691 597 jubar
706 562 770 589 illud
791 561 875 589 divini
892 561 932 588 lu-

133 610 215 637 minis
228 609 300 644 quod
315 610 451 636 sustinere
466 617 519 636 non
537 610 635 642 potuit,
651 609 677 636 in
691 609 748 643 ipsa
759 608 800 636 sui
814 613 930 643 pr0stra-

132 656 207 682 tione
228 655 353 687 vidisset,
370 663 423 682 vox
443 655 500 682 ltu-c
519 660 613 682 secuta
640 659 681 682 est
699 663 705 681 :
722 654 815 688 Saule,
833 654 927 686 Saule,

129 702 194 737 quid
217 710 257 727 me
276 701 456 736 persequeris?
470 701 519 728 Cui
542 700 677 736 quaerenti
696 702 757 735 quis
781 705 863 732 esset,
893 701 928 727 ita

130 748 252 775 evidenti
278 748 410 774 Dominus
433 755 558 782 personae
580 754 637 774 sum
662 746 861 781 signiﬁcatione
883 754 929 773 re-

130 795 241 828 spondit
258 803 265 820 :
284 793 339 830 Ego
359 803 418 820 sum
435 793 514 821 Jesus
527 793 695 827 Nazarenus,
707 802 782 828 quem
799 799 825 820 tu
841 802 929 830 perse-

129 840 225 875 queris.
241 840 292 873 Te,
308 844 345 872 te,
359 839 480 874 inquam,
497 839 635 873 haeretice,
651 846 723 866 nunc
734 839 884 873 interrogo,
902 844 928 866 te

990 239 1054 266 illud
1071 239 1097 267 in
1111 244 1183 268 tanta
1199 241 1297 268 mentis
1308 242 1467 269 confusione
1480 243 1590 278 dignum
1607 244 1719 279 perﬁdia
1736 249 1782 272 tua

989 294 1100 319 nomen,
1115 286 1208 320 Saufe,
1225 287 1318 320 Saule,
1331 288 1394 322 quid
1410 297 1449 316 me
1470 291 1645 323 persequeris?
1660 296 1687 318 et
1706 298 1781 326 qutt-

987 333 1057 359 renti
1071 333 1115 359 tibi
1128 334 1189 368 quis
1203 337 1287 365 esset,
1300 335 1512 368 responderetur
1523 344 1536 361 a
1552 337 1621 363 coelo
1635 346 1641 362 :
1654 336 1710 371 Ego
1722 344 1781 364 sum

985 377 1062 405 Ictus
1079 378 1244 412 Nazarenus,
1256 388 1330 414 quem
1343 385 1369 406 tu
1386 383 1558 415 pcrseqttcrt's;
1571 382 1634 417 quid
1655 382 1780 411 diceres?

985 425 1095 460 Nescio,
1123 432 1178 452 non
1201 425 1233 452 ad
1257 426 1366 460 plenum
1398 427 1485 454 adhuc
1511 428 1602 461 credo,
1628 428 1779 455 deliberare

984 471 1101 505 amplius
1129 478 1234 498 mecum
1262 472 1324 498 volo
1348 479 1427 506 quem
1462 476 1488 499 te
1520 480 1580 500 esse
1608 473 1776 506 existimem,

984 517 1028 551 qui
1054 524 1069 544 e
1098 517 1170 544 corio
1198 516 1328 551 loqueris,
1357 519 1401 553 qui
1428 526 1471 545 me
1498 518 1600 553 fulgore
1631 524 1684 546 tua:
1708 519 1778 546 divi-

985 563 1078 590 uitatis
1088 563 1192 597 obruis,
1206 564 1282 598 cujus
1297 571 1390 591 vocem
1405 564 1486 592 audio
1501 569 1529 592 et
1542 565 1709 599 maiestatem
1724 565 1778 592 fer-

984 616 1013 636 re
1038 616 1091 636 non
1107 616 1229 643 possum.
1245 609 1425 637 Tractandum
1448 610 1514 637 mihi
1535 610 1569 637 de
1593 611 1644 637 hoc
1668 611 1777 645 negotio

982 659 1035 687 est,
1050 655 1215 683 credendum
1238 655 1285 682 tibi
1300 656 1344 689 sit,
1362 663 1396 682 an
1417 663 1469 683 non
1491 656 1672 688 credendum;
1693 656 1774 683 Chri—

982 708 1041 729 stus
1053 703 1090 730 sis
1100 707 1181 735 tu,an
1194 703 1266 730 Deus
1281 703 1319 729 :si
1336 703 1405 730 Deus
1421 703 1495 730 solus
1511 703 1598 736 sis,an
1610 702 1636 729 in
1653 702 1773 735 Christo;

981 749 1004 775 si
1020 747 1144 775 Christus
1160 749 1235 775 soltts
1249 750 1297 781 sis,
1312 757 1345 775 an
1362 748 1388 776 in
1405 748 1472 776 Deo.
1486 748 1684 776 Discrelionem
1701 748 1772 775 hanc

980 794 1117 822 Subtiliter
1142 794 1281 822 observari
1298 798 1326 822 et
1348 794 1495 829 diligenter
1516 794 1683 821 considerari
1699 793 1763 820 volo

980 840 1045 873 quid
1059 839 1212 867 credendus
1226 840 1272 872 sis,
1289 839 1353 875 quid
1373 839 1538 874 judicandus
1553 840 1602 866 sis.
1614 839 1682 866 Nolo
1700 839 1774 866 enim

130 886 239 921 appello
253 894 259 912 :
276 885 368 914 credis
381 886 416 913 de
426 893 457 913 se
469 886 609 919 Apostolo,
626 891 672 913 aut
686 893 739 913 non
754 884 863 913 credis?
873 885 926 912 Aut
942 888 966 918 B
980 885 1082 919 aliquid
1097 885 1131 913 de
1144 885 1235 912 ofﬁcio
1255 892 1316 913 meo
1337 886 1462 920 perdere,
1479 890 1508 913 ut
1525 893 1586 913 cum
1603 890 1629 912 te
1645 891 1672 912 ut
1686 885 1774 912 homi-

128 933 152 959 si
174 940 268 966 parum
285 932 311 960 id
327 932 459 965 aestimas,
473 932 563 960 credis
579 932 614 960 de
627 939 658 960 se
671 932 797 964 Domino,
812 936 858 959 aut
871 939 925 959 non

129 978 246 1006 credis?
260 978 286 1005 Si
301 979 400 1012 credis,
416 978 489 1005 ﬁnita
505 979 621 1013 qumstio
641 982 693 1007 est.
712 978 769 1005 Hoc
784 977 856 1005 enim
879 985 926 1005 ne—

128 1030 209 1050 cesso
239 1028 281 1050 est
303 1023 374 1058 quod
399 1031 449 1051 nos
470 1024 617 1057 credimus,
630 1023 738 1052 credas.
763 1023 819 1051 Nos
839 1024 923 1058 enim,

127 1068 205 1103 juxta
223 1069 394 1103 Apostolum,
411 1074 434 1096 et
459 1069 480 1096 si
495 1070 665 1105 cognovimus
682 1069 813 1096 Christum
834 1078 926 1096 secun-

128 1114 189 1140 dum
204 1122 318 1147 carnem,
331 1115 376 1141 sed
392 1122 461 1141 nunc
480 1116 533 1150 iam
550 1123 602 1142 non
621 1115 749 1142 nouimus.
766 1114 820 1142 Nos
840 1114 923 1142 Chri-

131 1163 204 1186 stum
220 1160 394 1187 contumeliis
407 1167 461 1187 non
476 1160 622 1194 afﬁcimus,
639 1167 688 1188 nos
706 1167 816 1187 carnem
837 1167 851 1187 a
867 1161 924 1188 Deo

128 1213 182 1233 non
195 1212 368 1240 separamus,
382 1211 409 1234 et
425 1210 509 1234 totum
521 1206 593 1242 quod
606 1206 733 1235 Christus
748 1210 801 1241 est,
817 1214 879 1235 esse
895 1208 921 1235 in

127 1252 186 1281 Deo
202 1252 397 1281 credimus.’l‘u
411 1260 477 1289 ergo
493 1254 516 1281 si
533 1253 606 1281 idem
622 1253 691 1288 quod
706 1261 755 1281 nos
770 1254 924 1287 credimus,

127 1298 230 1332 credis,
240 1298 335 1327 eadem
352 1306 464 1327 necesse
479 1304 520 1327 est
536 1299 599 1327 ﬁdei
614 1304 786 1327 sacramenta
800 1299 921 1327 fatearis.

127 1344 154 1372 Si
167 1349 259 1371 autem
275 1352 291 1372 a
307 1345 385 1372 nobis
395 1345 521 1378 dissides,
533 1345 555 1372 si
570 1352 659 1380 neque
675 1345 818 1378 Ecclesiis,
831 1352 920 1380 neque

127 1389 263 1424 apostolo,
279 1397 368 1425 neque
384 1390 436 1425 ipsi
449 1390 566 1426 denique
588 1390 621 1418 de
643 1398 673 1418 se
689 1390 746 1418 Deo
758 1391 859 1424 credis,
875 1398 922 1418 os-

125 1435 208 1463 tende
222 1436 303 1463 nobis
324 1436 352 1463 in
374 1436 426 1464 hoc
447 1436 520 1471 quod
542 1436 693 1472 Apostolus
711 1436 789 1470 vidit,
805 1437 868 1472 quid
885 1437 922 1465 sit

126 1488 203 1513 caro,
218 1485 246 1508 et
268 1481 332 1516 quid
359 1482 395 1509 sit
418 1482 499 1509 Deus.
525 1482 582 1517 Ego
606 1482 680 1510 enim
703 1482 747 1509 hic
761 1483 921 1510 discernere

126 1526 192 1553 nihil
208 1527 304 1554 valeo:
315 1527 395 1555 video
410 1527 574 1555 ineffabilem
587 1528 825 1560 illuminationem,
838 1528 920 1556 video

125 1573 349 1608 inexplicabilem
360 1574 525 1608 claritatem,
541 1576 619 1603 video
635 1575 811 1610 splendorem
824 1575 919 1603 huma-
934 1571 957 1603 C

124 1628 167 1647 me
186 1620 327 1655 fragilitati
348 1621 561 1654 intolerabilem,
578 1626 606 1650 et
620 1630 701 1657 supra
717 1623 744 1649 id
760 1623 832 1657 quod
846 1622 919 1650 ferre

125 1667 255 1695 mortales
278 1668 350 1695 oculi
364 1673 479 1703 queunt,
496 1669 712 1707 inaestimabilem
733 1669 918 1704 majestatem,

125 1712 172 1740 Dei
196 1712 256 1740 luce
270 1712 427 1748 fulgentem.
451 1714 516 1747 Quae
532 1714 578 1742 hic
593 1714 703 1748 divisio,
717 1722 777 1750 quae
798 1714 841 1742 hic
864 1715 920 1742 dis-

124 1758 210 1786 cretio
234 1759 296 1787 est?
310 1759 339 1787 in
361 1767 427 1788 voce
448 1760 540 1788 Jesum
563 1760 698 1794 audimus,
722 1761 750 1788 in
775 1761 919 1796 majestate

124 1804 208 1832 Deum
233 1806 388 1839 cernimus;
405 1806 469 1842 quid
484 1811 526 1834 est
547 1807 631 1841 aliud,
645 1808 695 1835 nisi
717 1813 746 1835 ut
759 1807 785 1835 in
802 1815 854 1835 una
870 1815 918 1836 ea-

124 1851 240 1886 demque
253 1851 405 1879 substantia
420 1852 506 1880 Deum
522 1857 550 1880 et
572 1852 663 1880 Jesum
680 1860 741 1881 esse
762 1853 917 1881 credamus?

125 1896 191 1924 Volo
207 1904 298 1926 tamen
313 1897 349 1926 de
371 1898 423 1926 hoc
439 1899 534 1926 eodem
556 1899 645 1926 adhuc
670 1899 775 1934 aliquid
795 1899 866 1934 apud
891 1904 917 1927 te

125 1942 207 1976 loqui.
235 1943 283 1971 Die
308 1944 384 1977 mihi,
401 1952 504 1979 quaeso,
524 1945 547 1972 si
572 1945 620 1972 tibi
644 1953 717 1973 nunc
741 1946 915 1980 persequeuti

125 1987 201 2015 ﬁdem
217 1989 381 2017 catholicam
397 1990 422 2017 id
442 1996 585 2026 appareret
601 1992 673 2026 quod
689 1992 824 2027 ignoranti
845 1993 917 2027 Apo-

122 2034 265 2062 stolotunc
279 2036 446 2070 apparuit,si
460 2044 485 2064 te
496 2037 681 2072 inopinantem
694 2042 774 2073 atque
788 2046 914 2066 securum

123 2077 209 2114 fulgor
222 2080 269 2108 ille
281 2080 474 2116 circumdaret,
492 2086 520 2110 et
539 2083 693 2117 perculsutn
710 2088 792 2118 atque
807 2088 915 2118 perter-

121 2125 201 2152 ritum
217 2126 350 2160 splendor
363 2128 487 2155 immensi
505 2129 616 2156 luminis
630 2133 830 2163 consterneret,
841 2129 916 2165 jace-

122 2177 220 2206 resque
235 2171 260 2198 in
277 2172 396 2200 tenebris
405 2173 546 2201 oculorum
562 2179 644 2209 atque
659 2182 783 2203 errorum
794 2180 912 2209 tuorum,

119 2223 188 2251 quas
211 2217 258 2244 tibi
288 2218 435 2247 immensas
460 2225 487 2247 et
507 2220 659 2248 ineﬁ‘abiles
674 2222 812 2256 angustias
829 2229 913 2255 pavor

120 2263 218 2290 tuentis
233 2265 360 2298 augeret!
375 2264 424 2292 Die
449 2265 528 2298 mihi,
544 2266 670 2299 obsecro,
687 2274 748 2294 cttm
766 2271 793 2294 te
820 2268 909 2294 immi-

117 2309 208 2336 nentis
229 2310 326 2338 mortis
344 2309 462 2338 formido
483 2316 630 2346 premeret,
647 2316 675 2339 et
689 2316 778 2339 terror
796 2314 912 2341 commi-

980 940 1042 960 nem
1055 931 1217 966 despiciam,
1233 932 1336 966 aliquid
1353 932 1401 959 tibi
1424 931 1505 959 divini
1530 931 1642 958 honoris
1669 932 1774 966 impen-

977 978 1052 1006 dam.
1065 977 1094 1006 Si
1114 985 1179 1012 ergo
1201 981 1232 1005 ut
1250 978 1350 1005 Paulus
1366 982 1428 1005 tunc
1443 977 1585 1012 apostolus
1595 976 1691 1012 jacuit,
1707 984 1771 1011 pro-

977 1029 1078 1053 stratus
1093 1024 1167 1052 humi
1180 1025 1333 1059 jaceres,et
1347 1024 1453 1059 fulgore
1467 1024 1551 1051 divini
1568 1024 1676 1050 luminis
1690 1024 1770 1050 obru-

977 1075 1021 1098 tus
1044 1074 1182 1097 extremos
1198 1069 1309 1104 spiritus
1333 1075 1438 1104 ageres,
1459 1068 1518 1096 hac
1543 1068 1633 1095 forsan
1653 1068 1769 1100 diceres,

977 1115 1029 1143 hac
1058 1116 1145 1143 otiosa
1168 1115 1341 1150 loquacitatis
1372 1114 1532 1149 garrulitate
1553 1114 1688 1149 gannires.
1715 1113 1768 1141 Sed

976 1163 1039 1199 quid
1059 1162 1194 1190 facimus?
1205 1161 1278 1197 quod
1298 1161 1372 1188 aliud
1387 1166 1451 1189 tunc
1466 1160 1597 1196 Apostolo
1609 1161 1696 1187 visunt
1717 1164 1768 1187 est.

976 1210 1008 1237 Et
1020 1216 1081 1237 cum
1096 1213 1215 1236 tremens
1229 1215 1262 1235 ac
1274 1207 1443 1235 semianimis
1455 1207 1629 1239 concidisset,
1643 1205 1770 1233 dissimu-

975 1256 1085 1285 landum
1103 1255 1173 1283 ultra
1196 1262 1250 1282 non
1271 1255 1392 1287 censuit,
1419 1253 1628 1281 deliberandum
1654 1253 1769 1287 amplius

975 1310 1030 1329 non
1046 1302 1164 1336 putavit;
1178 1300 1338 1335 suﬁ'ecitque
1353 1300 1376 1327 ei
1401 1299 1473 1335 quod
1490 1298 1672 1327 ineffabilibus
1685 1306 1769 1333 expe-

974 1349 1100 1378 rimentis
1125 1356 1206 1384 quem
1235 1348 1364 1383 ignorans
1389 1347 1530 1374 hominem
1554 1353 1615 1374 esse
1638 1345 1766 1379 credidit,

974 1394 1131 1422 admonitus
1151 1394 1235 1421 Deum
1255 1400 1318 1421 esse
1335 1392 1463 1428 cognovit
1481 1399 1488 1419 ε
1503 1399 1555 1418 non
1573 1391 1765 1424 dissimulavit,

973 1449 1028 1469 non
1042 1440 1167 1473 distulit;
1188 1447 1239 1467 nec
1259 1439 1329 1467 male
1346 1443 1507 1473 conceptum
1529 1444 1649 1465 errorem
1666 1436 1767 1463 infideli

973 1487 1089 1522 amplius
1102 1486 1300 1513 deliberatione
1316 1484 1470 1519 suspendit,
1485 1483 1534 1511 sed
1547 1482 1641 1510 audito
1654 1489 1670 1509 e
1689 1481 1767 1509 coelis

974 1533 1038 1561 Jesu
1053 1533 1158 1560 Domini
1172 1532 1212 1559 sui
1225 1532 1344 1565 nomine,
1358 1530 1466 1558 subdita
1475 1535 1504 1557 ut
1516 1529 1644 1562 famulus,
1661 1528 1765 1563 trepida

975 1585 1004 1607 ul
1019 1579 1182 1614 ﬁagellatus,
1199 1578 1298 1606 devota
1313 1582 1344 1605 ut
1357 1585 1505 1605 conversus
1520 1583 1588 1604 voce
1604 1574 1743 1611 respondit
1758 1583 1765 1601 :

975 1625 1044 1659 Quid
1059 1625 1170 1661 faciam,
1181 1622 1313 1651 Domine?
1325 1623 1420 1658 Itaque
1435 1622 1606 1657 paratissima
1628 1628 1660 1648 ac
1680 1620 1766 1648 devo—

976 1671 1080 1699 tissima
1096 1670 1148 1698 ﬁde
1164 1670 1190 1697 id
1205 1670 1296 1697 statim
1313 1669 1423 1702 meruit,
1437 1673 1465 1695 ut
1479 1676 1559 1703 quem
1577 1667 1693 1694 ﬁdeliter
1706 1674 1767 1693 crc-

972 1718 1049 1750 didit,
1065 1725 1097 1745 eo
1111 1718 1170 1752 ipso
1180 1716 1281 1752 iugiter
1299 1724 1351 1743 non
1364 1720 1488 1748 careret;
1500 1720 1526 1742 et
1538 1715 1570 1742 ad
1588 1722 1668 1749 quem
1683 1713 1765 1739 cordo

972 1764 1129 1797 transierat,
1155 1764 1178 1790 is
1204 1763 1229 1790 in
1251 1770 1298 1790 cor
1321 1762 1381 1796 ejus
1406 1762 1463 1796 ipse
1491 1761 1632 1793 transiret,
1656 1760 1766 1786 dicente

970 1811 1030 1845 ipso
1044 1810 1078 1838 de
1102 1817 1133 1838 se
1153 1809 1285 1844 Apostolo
1300 1817 1307 1835 :
1324 1809 1365 1835 Αη
1389 1807 1590 1843 experimentum
1605 1811 1618 1824 ι
1639 1805 1758 1841 queritis

969 1857 1025 1892 ejus
1036 1857 1081 1892 qui
1096 1856 1122 1884 in
1135 1864 1173 1884 me
1186 1856 1312 1891 loquitur,
1328 1854 1445 1882 Christus
1459 1853 1493 1890 (ll
1503 1853 1561 1881 Cor.
1578 1852 1658 1887 sui)?

1269 1931 1384 1960 CAPUT
1403 1930 1457 1957 VII.

968 1981 1032 2008 Aliis
1051 1987 1157 2007 rursum
1171 1979 1289 2014 Apostoli
1305 1977 1453 2017 testimoniis
1468 1975 1598 2003 Christum
1613 1974 1695 2001 Deum
1707 1981 1764 2001 esse

1283 2017 1444 2048 pronuntiat.

1002 2084 1062 2117 Quo
1080 2083 1142 2111 loco
1161 2081 1235 2115 volo,
1258 2080 1398 2113 haeretiee,
1415 2083 1443 2107 ut
1459 2077 1524 2106 mihi
1544 2077 1671 2110 disseras,
1689 2076 1761 2104 hunc

965 2137 1046 2165 quem
1066 2128 1139 2164 loqui
1157 2127 1317 2162 Apostolum
1339 2126 1410 2153 intra
1432 2132 1462 2152 se
1481 2124 1563 2155 dicit,
1580 2124 1661 2150 homo
1676 2123 1712 2150 sit
1726 2130 1761 2149 an

966 2175 1054 2203 Deus?
1066 2175 1094 2202 Si
1109 2174 1202 2206 homo,
1215 2172 1350 2208 quomodo
1366 2171 1390 2197 in
1404 2170 1487 2197 corde
1502 2170 1560 2204 ejus
1573 2176 1674 2203 corpus
1686 2168 1761 2203 loqui

966 2219 1211 2255 poteratalterius’l
1227 2219 1254 2247 Si
1271 2219 1352 2250 Deus,
1370 2224 1435 2252 ergo
1445 2216 1500 2251 jam
1517 2223 1569 2242 non
1586 2214 1668 2241 homo
1681 2213 1761 2241 Chri-

926 2256 950 2285 Ῑ)
965 2271 1033 2300 stus,
1050 2265 1098 2294 sed
1115 2266 1187 2293 Deus
1198 2273 1205 2291 :
1218 2264 1280 2299 quia
1294 2271 1355 2291 eum
1369 2263 1476 2290 locutus
1491 2261 1517 2288 in
1533 2260 1667 2295 Apostolo
1681 2258 1760 2286 Chri-

966 2317 1023 2339 stus
1034 2313 1078 2345 sit,
1091 2316 1118 2339 ct
1133 2311 1145 2330 ι)
1159 2311 1232 2346 loqui
1249 2311 1275 2338 in
1289 2317 1321 2337 eo
1337 2316 1389 2336 non
1404 2308 1523 2344 potuerit
1535 2307 1588 2335 nisi
1601 2306 1684 2339 Deus,
1696 2312 1760 2339 ergo

652 2365 781 2393 ALAltDl
799 2366 914 2393 GAZEI
934 2365 1218 2395 COMMENTARIUS.

151 2412 164 2427 ι
184 2408 241 2435 Hoc
255 2413 307 2441 est,
325 2409 408 2438 vultis
422 2410 613 2443 experimento
628 2411 742 2445 probare
758 2417 856 2445 quanta
877 2414 911 2439 sit

115 2450 236 2477 potestas
249 2444 392 2482 iudiciaria
407 2446 472 2472 mihi
486 2454 500 2472 a
514 2444 747 2477 Christo’coltata,
765 2444 809 2482 qui
826 2447 851 2474 iu
867 2456 910 2474 tne

115 2484 139 2505 et
157 2488 202 2512 per
213 2487 257 2517 me
272 2480 401 2514 loquitur,
417 2486 444 2507 ul
462 2489 509 2515 per
526 2489 603 2508 suurn
625 2480 780 2508 ministrum
793 2488 819 2509 et
831 2490 910 2517 orga-

116 2522 179 2541 num
194 2523 201 2543 :
215 2514 286 2541 sicut
301 2523 349 2542 rex
366 2516 390 2542 in
409 2524 459 2543 suo
473 2517 587 2544 concilio
605 2522 632 2543 et
646 2522 739 2544 senatu
756 2523 782 2544 et
800 2526 848 2550 per
865 2514 909 2545 se-

115 2554 207 2577 natum
227 2551 298 2584 loqui
315 2557 343 2578 et
361 2552 510 2579 decernere
524 2552 624 2579 dicitur
644 2552 771 2586 quidquid
788 2557 907 2585 senatus,

115 2586 277 2621 auctoritate
290 2587 371 2621 regis,
384 2587 503 2619 loquitur
512 2591 540 2614 et
548 2588 682 2614 decernit.
699 2588 732 2614 D.
750 2588 909 2617 Ambrosius

116 2617 200 2658 legit:
218 2617 353 2658 Quomodo
365 2617 551 2656 probationem
571 2623 685 2656 qum-itis
702 2625 759 2658 ejus
773 2624 814 2657 qui
828 2624 853 2649 in
869 2632 909 2650 me

116 2655 229 2693 Liquitur
247 2655 385 2693 Christus?
399 2662 453 2684 etc.
475 2658 507 2684 Et
520 2655 609 2683 subdit
624 2666 630 2683 :
647 2655 827 2685 Prob'ntionem
844 2666 913 2693 qute.

114 2690 286 2728 runtrCltristi
301 2693 429 2725 loquentis
446 2694 473 2719 in
486 2693 620 2727 Apostolo.
636 2693 697 2719 dum
710 2690 911 2728 prteceptis'unn

116 2725 247 2762 obediunt,
257 2728 370 2754 volentes
385 2725 534 2761 probareﬁi
547 2729 615 2754 ausit
629 2725 770 2762 uindicare,
785 2725 812 2755 ut
828 2737 873 2762 per
884 2729 911 2755 id

115 2760 273 2796 intelligatur
295 2770 351 2790 esse
376 2763 435 2790 ﬁdw
460 2763 629 2796 auctoritatis,
655 2771 685 2790 ac
709 2764 741 2790 de
763 2760 856 2792 cteteio
876 2765 910 2791 ti-

116 2801 222 2824 πιαιιιιτ.

151 2834 163 2850 δ
183 2832 337 2876 Quomodo,
354 2833 470 2876 inquies,
486 2834 644 2876 non_po_tuit
664 2834 745 2876 loqui
755 2835 781 2862 in
796 2841 839 2876 eo,
857 2835 907 2876 nisi

116 2866 195 2903 Deus,
211 2875 273 2896 cum
285 2873 313 2897 ct
325 2866 414 2905 angeli
430 2870 456 2897 in
472 2866 612 2905 prophetis
626 2866 709 2899 locuti
723 2871 792 2905 sint,
806 2870 908 2899 Zacha-

963 2413 1010 2439 rize
1025 2420 1043 2439 tt
1061 2421 1068 2441 :
1085 2412 1199 2448 Angelus
1220 2413 1266 2448 qui
1286 2412 1439 2447 loquebatur
1460 2412 1487 2438 in
1509 2419 1559 2448 me,
1573 2415 1607 2448 et
1622 2409 1760 2448 d:rm_oncs

963 2448 1113 2486 szepissime
1128 2445 1278 2483 loquantur
1302 2445 1328 2474 in
1353 2447 1550 2486 daemoniacis?
1572 2445 1735 2486 Respondeo
1751 2452 1758 2470 :

963 2484 1173 2517 Avgumcntatur
1190 2485 1291 2510 Auctor
1305 2491 1337 2510 ex
1352 2483 1513 2516 suppositis;
1530 2483 1669 2517 supponi_t_
1684 2483 1756 2505 enim

962 2515 1032 2555 quod
1053 2524 1135 2555 etiam
1156 2524 1198 2546 est
1212 2515 1416 2553 sup-ponendum
1427 2538 1434 2550 ,
1451 2518 1587 2555 Christum
1603 2515 1648 2555 qui
1663 2515 1757 2555 loque-

963 2550 1041 2580 Iiatur
1057 2554 1083 2580 in
1109 2550 1253 2588 Apostolo;
1266 2550 1324 2580 'nnn
1351 2560 1413 2580 esse
1426 2553 1562 2588 angelum,
1588 2551 1685 2577 neduut
1699 2550 1757 2588 dia-

963 2589 1064 2619 bolutn,
1080 2585 1151 2624 quod
1168 2597 1255 2624 neque
1274 2588 1399 2615 Nestorio
1420 2585 1493 2615 venit
1511 2588 1537 2614 in
1553 2590 1682 2624 tuentem.
1701 2585 1757 2624 Hoc

962 2620 1110 2658 supposito,
1132 2620 1244 2652 necesse
1267 2624 1316 2651 fuit
1336 2624 1491 2655 Christum,
1514 2622 1559 2656 qui
1581 2622 1608 2647 in
1624 2620 1756 2660 Apostoio

966 2655 1136 2693 loquebatur,
1158 2664 1205 2686 aut
1221 2667 1281 2686 esse
1296 2660 1388 2688 Deum.
1404 2655 1542 2695 autcerte
1559 2665 1660 2695 purum
1671 2655 1756 2695 homi-

965 2690 1077 2727 nein,ut
1087 2695 1194 2722 volebat
1208 2694 1358 2722 Nestorius.
1374 2694 1408 2721 At
1422 2694 1444 2720 si
1457 2693 1538 2720 homo
1552 2690 1634 2726 purus
1648 2690 1755 2723 fuisset,

965 2738 1016 2757 non
1033 2733 1166 2765 potuisset
1177 2731 1250 2765 loqui
1265 2731 1289 2757 in
1301 2729 1445 2764 Apostolo,
1457 2729 1582 2762 quoniam
1595 2728 1756 2766 oportuisset

963 2762 1097 2802 cum-suo
1117 2762 1231 2799 corpore
1256 2762 1399 2802 penetrare
1420 2770 1518 2802 corpus
1534 2762 1667 2802 Apostoli,
1682 2762 1755 2802 quod

962 2801 1108 2827 secundum
1125 2798 1295 2828 naturam'et
1315 2800 1431 2827 humana
1451 2800 1550 2826 virtute
1573 2798 1629 2825 ﬁeri
1650 2798 1754 2831 nequit;

962 2841 1019 2862 erat
1039 2836 1119 2870 igitur
1131 2836 1255 2863 Christus
1271 2837 1352 2870 Deus,
1373 2835 1419 2870 qui
1436 2834 1597 2870 loquebatur
1617 2833 1645 2861 in
1657 2832 1752 2866 Paulo,

960 2875 987 2899 et
1003 2878 1056 2899 non
1075 2878 1159 2907 purus
1177 2872 1269 2900 homo.
