4040 6182
364 309 425 363 6i
1415 304 1500 359 DE
1541 302 2053 358 INCARNATIONE
2093 302 2370 361 CHRISTI
2409 303 2539 359 LIB.
2582 301 2670 357 lli.
3599 306 3670 362 ϐε

369 422 680 493 sapientiam
727 420 1041 494 (lCorinﬂt.
1069 417 1143 492 ι).
1187 418 1231 475 Ο
1258 418 1613 475 {artissimum
1648 418 1770 473 lidei
1805 418 1970 489 Magi-
1999 438 2045 493 Α
2076 419 2253 483 cabat,
2292 418 2497 475 Iudaeis
2540 418 2757 490 quidem
2805 418 3153 485 scandalum,
3201 421 3455 492 gentibus
3485 429 3668 475 autem

366 515 576 573 struat!
616 516 703 570 cui
737 513 957 569 docenti
1002 512 1274 568 Ecclesi..s
1304 526 1490 582 parum
1522 513 1682 566 etiam
1714 511 1816 567 hoc
1848 512 1968 566 loco

366 612 539 663 risum
573 616 661 663 est
687 616 745 661 ut
776 604 1052 661 Christum
1081 604 1251 658 Deum
1286 618 1408 658 esse
1431 602 1639 657 diceret
1665 602 1767 656 nisi
1795 603 1970 657 cruci-

365 702 537 755 ﬁxum
572 697 1202 766 addidisset,scilicetut
1227 695 1291 750 ad
1322 695 1721 752 exertissimam
1746 710 1810 749 ac
1840 694 1967 748 vali-

363 794 645 849 dissimam
682 791 808 845 ﬁdei
836 790 1139 843 doctrinam
1171 787 1421 842 eumdem
1455 801 1615 856 quem
1649 789 1964 842 cruciﬁxum

364 885 591 949 diceret,
625 881 724 937 Dei
760 880 1078 950 sapientiam
1113 879 1457 949 praedicaret.
1488 879 1604 935 Non
1633 896 1762 950 ergo
1792 878 1961 933 subti-

365 977 521 1032 litate
548 975 730 1044 aliqua
755 984 848 1027 aut
871 973 1245 1028 circumitione
1269 972 1555 1027 verborum
1582 989 1709 1027 usus
1738 981 1840 1037 est,
1867 987 1966 1027 nec

368 1070 427 1122 in
462 1065 804 1137 prtedicaudo
851 1064 1063 1119 Domini
1104 1064 1400 1134 Evargelio
1430 1065 1609 1119 crucis
1639 1064 1832 1119 Christi
1866 1083 1964 1119 no-

368 1174 493 1214 men
523 1157 759 1214 erubuit.
782 1156 993 1212 Etlicet
1022 1156 1124 1209 hoc
1157 1154 1472 1209 scandalum
1498 1166 1642 1210 esset
1668 1156 1967 1222 Judaeis,et

366 1251 594 1305 stultitia
626 1246 903 1319 gentibus,
940 1257 966 1284 ει
1001 1248 1167 1302 Deum
1200 1247 1389 1301 audire
1420 1256 1631 1313 natum,
1664 1249 1832 1303 Dettm
1866 1266 1964 1304 au-

362 1342 483 1397 dire
512 1355 859 1411 corporeum,
894 1338 1059 1392 Deum
1089 1338 1275 1392 audite
1304 1353 1544 1408 possunt,
1584 1340 1750 1395 Deum
1775 1343 1964 1398 audire

361 1433 728 1496 cruciﬁxum;
760 1446 863 1485 non
895 1439 1074 1485 tamen
1108 1430 1200 1484 ille
1232 1440 1451 1500 propter
1476 1432 1687 1488 Judaici
1721 1435 1962 1490 scaudali

360 1528 726 1597 impietatem,
750 1527 1008 1579 virtutem
1040 1524 1252 1592 pietatis
1275 1538 1388 1578 sure
1418 1541 1523 1579 non
1549 1529 1847 1600 enervavit,
1872 1538 1965 1584 aut

359 1630 592 1689 propter
614 1618 806 1672 alienae
833 1616 1076 1671 stultitim
1102 1615 1477 1671 inﬁdelitatem
1504 1616 1628 1672 ﬁdei
1657 1634 1773 1674 sua:
1798 1621 1965 1676 robur

360 1712 673 1775 imminuit;
700 1710 793 1766 sed
818 1710 1013 1781 palam,
1047 1719 1385 1775 constanter,
1411 1708 1628 1766 fortiter
1647 1727 1771 1767 eum
1801 1728 1960 1782 quem

2072 510 2375 565 stultitiam.
2405 510 2510 566 Sed
2537 522 2717 566 tamen
2748 512 2849 566 hoc
2879 512 3019 579 quod
3050 522 3165 567 erat
3194 514 3318 567 aliis
3349 513 3665 567 scandalum

2072 620 2134 659 ac
2176 606 2398 660 stultitia
2423 647 2437 670 ,
2487 605 2608 660 aliis
2656 617 2774 661 erat
2809 607 2983 661 virtus
3023 607 3113 661 Dei
3153 616 3207 663 et
3248 608 3531 676 sapientia.
3564 606 3669 661 Pro

2072 696 2384 752 diversitate
2397 699 2540 752 enim
2558 712 2929 767 personarum,
2946 708 3065 753 erat
3081 699 3367 755 diversitas
3382 716 3660 763 sensuum;

2070 798 2125 842 et
2153 788 2294 856 quod
2325 802 2521 856 expers
2552 789 2669 843 sani
2713 789 3017 843 intellectus
3045 800 3097 843 et
3126 791 3355 860 incaan
3390 793 3504 844 veri
3536 791 3665 845 boni

2071 880 2367 935 difﬁdentia
2387 880 2648 950 insipiens
2667 883 3049 953 denegaverat,
3066 883 3115 935 id
3136 883 3274 937 intra
3298 884 3442 951 ipsos
3463 882 3663 937 auium:

2070 986 2320 1026 recessus
2368 986 2581 1027 sacrum
2629 986 2751 1028 esse
2794 988 2857 1027 ac
2896 972 3230 1029 salutiferam
3274 973 3408 1028 ﬁdes
3438 973 3662 1043 sapiens

2068 1063 2356 1119 sentiebat.

2690 1158 2914 1215 CAPUT
2955 1157 3047 1214 IX.

2068 1272 2421 1341 Apostolicam
2453 1272 2874 1344 prwdicatt'onem
2902 1288 2935 1325 a
2958 1269 3162 1325 Jttdtm's
3181 1279 3231 1344 et
3257 1269 3487 1344 gentibus
3516 1285 3666 1341 rrpu~

2142 1346 2334 1482 diatgm
2363 1341 2471 1396 esse
2499 1360 2556 1399 eo
2583 1344 2721 1415 quod
2744 1342 3006 1398 Christum
3032 1342 3341 1411 crucifixum
3362 1341 3531 1394 Deum
3558 1356 3666 1394 esse

2142 1429 2236 1467 con
2282 1423 2489 1467 teretur.

2142 1529 2241 1585 Dic
2273 1529 2405 1585 mihi
2435 1545 2587 1600 ergo,
2620 1530 2901 1598 haeretice,
2950 1530 3122 1583 hostis
3151 1528 3367 1599 quidem
3397 1527 3660 1589 omnium.

2067 1624 2161 1679 sed
2198 1634 2319 1678 tuus
2343 1625 2600 1687 maxime,
2631 1625 2715 1679 cui
2745 1639 2878 1679 crux
2910 1623 3121 1680 Domini
3155 1622 3324 1677 nostri
3354 1622 3483 1677 Jesu
3508 1619 3665 1675 Citri-

2065 1713 2164 1779 sti,
2211 1721 2267 1769 et
2296 1729 2417 1769 cum
2452 1713 2653 1769 ludatis
2698 1714 3011 1769 scandalum
3041 1722 3145 1781 est,
3176 1725 3233 1768 et
3270 1712 3497 1767 stultitia
3539 1725 3662 1764 cum

360 1820 490 1860 caro
514 1803 782 1868 ediderat,
807 1802 1053 1856 homines
1072 1801 1407 1870 occiderant,
1431 1803 1614 1857 lancea
1636 1803 1959 1870 perforarat.
1996 1819 2036 1879 ι]
2068 1806 2344 1877 gentibus,
2374 1808 2465 1877 qui
2496 1817 2839 1862 sacramenta
2867 1823 3009 1861 verae
3032 1807 3223 1861 salutis
3248 1815 3303 1860 et
3326 1804 3539 1859 illorum
3572 1818 3663 1856 re-

360 1911 497 1951 crux
528 1893 883 1959 distenderat,
915 1892 1171 1948 virtutem
1207 1893 1299 1949 Dei
1327 1903 1381 1948 et
1412 1895 1731 1964 sapientiam
1764 1896 1958 1965 pracdi-

2067 1901 2220 1971 spu's
2247 1900 2529 1969 seandalo,
2563 1910 2620 1957 et
2641 1901 2871 1957 istorum
2900 1915 3009 1956 non
3034 1900 3182 1971 sapis
3210 1897 3542 1962 stoliditate;
3568 1910 3665 1951 cur

1442 2048 1701 2105 ALARDI
1738 2048 1967 2107 ΕΑΖΑΞΙ
2006 2051 2548 2113 COMMENTARIUS

362 2192 671 2255 clarissime
714 2187 1057 2257 manifestata
1101 2196 1182 2242 est
1223 2186 1317 2242 Dei
1360 2186 1532 2241 virtus
1579 2194 1635 2241 et
1676 2188 1961 2257 sapientia.

367 2266 505 2338 Quia
533 2261 679 2333 quod
694 2262 906 2338 stutum!
931 2268 1002 2313 est
1028 2255 1371 2338 οεξίηὶιιιιιιιῑι2
1392 2258 1677 2338 sapientius
1702 2255 1966 2338 est/roun-

364 2328 554 2399 nibus;
575 2343 625 2388 et
652 2333 790 2400 quod
814 2331 1072 2398 inﬁrmum
1089 2336 1163 2382 est
1197 2328 1316 2397 Dei,
1339 2328 1528 2400 fortius
1555 2337 1629 2400 est
1651 2329 1962 2384 hominibus.

368 2405 484 2459 Hoc
513 2397 620 2465 est,
664 2397 808 2473 quod
847 2402 915 2473 in
940 2401 1054 2473 Deo
1093 2409 1150 2455 et
1190 2397 1664 2473 homiue‘CbristoA
1704 2400 1965 2473 cruciﬁxo

368 2475 657 2531 ridiculum
684 2469 752 2528 ab
777 2472 1087 2527 hominibus
1111 2478 1329 2539 putatur
1354 2480 1411 2525 et
1431 2469 1727 2532 imbecille,
1751 2472 1967 2540 sapien-

373 2548 480 2601 tius
507 2556 589 2601 est
615 2556 666 2599 et
702 2542 893 2598 fortius
922 2543 1067 2595 ornni
1103 2541 1366 2610 sapientia
1398 2550 1453 2595 et
1483 2540 1681 2595 virtute
1709 2540 1962 2597 humana.

444 2626 470 2653 ι
511 2616 665 2681 Quod
702 2616 867 2669 Deum
890 2612 1081 2666 audire
1111 2622 1314 2673 natum,
1340 2624 1684 2681 corporeum,
1717 2626 1963 2681 passum,

372 2699 674 2751 mortuum,
704 2696 840 2751 etc.,
869 2683 1071 2738 ludatis
1117 2682 1455 2746 scandalum,
1499 2682 1755 2749 gentibus
1785 2693 1963 2738 autem

372 2759 606 2814 stultitia
633 2757 746 2811 visa
778 2758 869 2823 sit,
902 2754 955 2809 id
986 2768 1092 2808 non
1119 2752 1341 2807 aliunde
1364 2754 1615 2820 provenit
1640 2768 1797 2823 quam
1822 2754 1966 2824 quod

375 2829 693 2902 mysterium
732 2824 1126 2902 lncarnationis
1142 2838 1272 2902 “non
1309 2832 1691 2902 agnoscerent,
1727 2839 1830 2902 nec
1852 2826 1968 2881 vel-

373 2892 489 2954 lent
519 2912 835 2969 agnoscere.
867 2894 1001 2969 Nam
1025 2894 1114 2969 qui
1136 2892 1419 2969 Christum
1446 2894 1695 2949 eumdem
1720 2903 1775 2950 et
1799 2897 1964 2969 Deum

373 2981 429 3023 et
461 2964 739 3024 Itomim-m
772 2964 1051 3032 agnoscit,
1075 2964 1324 3020 dubitare
1369 2978 1474 3018 non
1506 2975 1682 3032 potest
1710 2966 1964 3022 eumdem

370 3050 429 3096 et
451 3054 772 3109 corporeum
798 3047 855 3093 ut
876 3038 1173 3109 hominem,
1200 3045 1256 3090 et
1284 3036 1661 3104 incorporeum
1692 3045 1749 3090 ut
1774 3036 1963 3109 Deum.

374 3112 531 3177 Quod
552 3106 687 3165 cum
714 3108 886 3165 Judrei
912 3117 967 3163 et
994 3107 1225 3177 gentiles
1253 3122 1359 3160 non
1388 3115 1665 3175 caperent,
1695 3115 1750 3161 et
1776 3106 1965 3162 Nesto-

375 3183 516 3237 riani
551 3181 792 3235 hmretici
827 3185 1216 3246 pernegarent,
1248 3177 1443 3231 mirum
1474 3191 1579 3231 non
1610 3186 1693 3233 est
1720 3179 1766 3231 si
1796 3177 1964 3232 Deum

376 3269 488 3308 non
517 3261 738 3321 possent
764 3250 953 3305 audire
991 3262 1347 3316 corporeum,
1380 3260 1631 3315 passum,
1662 3259 1964 3321 mortuum,

376 3318 531 3394 quod
562 3333 618 3377 et
651 3322 928 3394 Scriptura
965 3328 1156 3394 aperte
1201 3324 1545 3394 testat_ur,_et
1572 3318 1826 3394 catholici
1858 3334 1965 3374 non

377 3387 557 3449 solum
590 3394 644 3447 in
673 3387 964 3464 symbolo,_
980 3387 1075 3445 sed
1109 3390 1159 3464 in
1188 3387 1720 3464 quotidt_anis_e_tia_n_t_
1752 3404 1964 3444 sermo-

377 3466 539 3520 nibus
566 3458 912 3533 proﬁtentur.
941 3461 1185 3516 Postulat
1210 3458 1358 3533 enim
1390 3458 1495 3513 hoc
1529 3458 1619 3513 illa
1650 3459 1962 3533 idiomatum

376 3530 691 3592 communio
727 3533 997 3601 theologis
1038 3530 1428 3601 cantatissima,
1476 3545 1598 3599 qua:
1645 3545 1714 3585 ex
1764 3530 1968 3601 unitate

378 3621 628 3679 pascuae
658 3607 714 3661 iu
742 3600 961 3661 Christo
987 3600 1299 3679 necessario
1326 3601 1703 3679 consequitur,
1711 3615 1843 3679 ‘qna
1886 3600 1967 3667 ﬁt,

376 3669 437 3733 ut
466 3676 746 3747 utriusque
786 3685 997 3747 natura:
1038 3671 1419 3747 proprietates,
1450 3669 1966 3747 Grrecisttltaipara,

377 3694 437 3733 Ill
466 3694 746 3747 mnusque
786 3694 997 3731 natura:
1039 3694 1419 3742 proprietates,
1450 3694 1655 3726 uncus
1686 3694 1799 3728 ιοιω
1877 3694 1966 3739 τα,

377 3750 538 3804 dese
564 3749 818 3811 invicem,
858 3754 913 3800 et
950 3744 1020 3799 de
1064 3758 1166 3797 una
1207 3740 1506 3811 eademque
1546 3740 1749 3798 Christi
1799 3694 1968 3813 mpo—

378 3820 534 3884 stasi,
567 3833 667 3873 seu
685 3830 937 3885 persona,
965 3813 1287 3884 simpliciter
1307 3825 1371 3885 ac
1391 3813 1569 3867 veraci
1575 3820 1661 3885 ter
1681 3816 1970 3867 enuntien-

378 3899 487 3946 tur.
517 3882 674 3957 Quod
688 3882 790 3957 qui
818 3882 1088 3957 intelligit,
1118 3898 1226 3940 non
1254 3883 1433 3937 minus
1459 3882 1825 3957 creditpeum
1847 3898 1969 3940 esse

377 3954 729 4030 corporeum,
741 3954 1100 4030 cruciﬁxum,
1132 3964 1425 4030 mort_uum,
1456 3970 1625 4030 quani
1651 3954 1968 4030 Deuin‘csse

378 4023 681 4088 hominem.
710 4023 947 4085 Verbum
994 4040 1213 4080 carnem
1263 4024 1488 4086 factum,
1523 4023 1718 4077 Filium
1754 4025 1844 4078 Dei
1890 4024 1970 4079 fa-

378 4113 522 4154 ctum
547 4117 611 4155 es
636 4099 1000 4167 muliere,fetc.
1031 4096 1193 4166 (Vide
1217 4094 1531 4149 Damascen.
1555 4094 1646 4148 lib.
1672 4110 1726 4148 ιιι
1746 4094 1965 4167 Orthorl.

378 4170 507 4227 Fid.
537 4188 656 4240 cap.
682 4170 772 4240 4).
803 4165 934 4223 Nam
962 4168 1005 4221 si
1036 4165 1220 4240 homo,
1270 4174 1419 4219 certe
1448 4180 1764 4240 corporeus,
1790 4165 1969 4240 passi-

378 4242 529 4308 bilis,
560 4236 699 4307 etc.;
728 4236 774 4295 si
803 4240 969 4303 Deus,
1011 4247 1161 4292 certe
1189 4238 1566 4308 incorporeus,
1598 4236 1978 4303 itnpassibilis;

378 4324 431 4366 et
466 4307 700 4378 proinde
744 4311 885 4365 idem
930 4324 1224 4378 corporeus
1267 4316 1320 4361 et
1363 4307 1749 4375 incorporeus,
1794 4308 1966 4375 passi-

378 4383 506 4438 bilis
534 4395 589 4438 et
636 4380 1005 4450 impassibilis,
1035 4378 1180 4449 quod
1212 4392 1397 4450 verum
1444 4393 1550 4450 non
1578 4387 1745 4441 esset,
1778 4379 1822 4433 si
1854 4379 1972 4447 plu-

379 4468 468 4509 res
500 4453 556 4508 in
580 4447 796 4508 Christo
820 4459 1004 4506 essent
1029 4447 1291 4519 personre.
1321 4447 1574 4519 Sicenim
1603 4458 1791 4502 natura
1817 4464 1965 4503 cum.

380 4536 629 4592 paratum
680 4533 789 4584 est.
840 4530 897 4575 ut
947 4518 1238 4588 numquam
1278 4518 1430 4592 quod
1483 4520 1759 4587 proprium
1814 4522 1970 4574 unius

379 4589 592 4650 natura:
621 4604 707 4651 est
736 4592 891 4647 alteri
921 4592 1209 4654 tribuatur,
1239 4589 1342 4642 nisi
1369 4604 1711 4644 communem
1744 4599 1971 4658 utraque

380 4679 674 4732 personam
701 4665 784 4719 vel
815 4676 1102 4732 commune
1143 4659 1447 4728 subjectum
1492 4659 1973 4732 haheat;_oportet

382 4730 530 4791 enim
559 4736 742 4790 munia
769 4734 857 4787 illa
888 4731 939 4785 in
970 4748 1131 4787 unum
1163 4732 1500 4801 suppositum
1522 4730 1811 4801 convenire
1832 4747 1969 4801 qua:-

379 4819 614 4873 eumque
642 4806 711 4862 de
741 4820 841 4859 una
862 4803 1159 4872 eademque
1189 4818 1248 4855 re
1272 4800 1544 4873 singulari
1587 4800 1969 4873 prmdicaniur.

379 4861 539 4931 Sicut-
587 4892 693 4930 non
743 4874 973 4930 dicimus
1030 4861 1087 4927 iii
1148 4861 1514 4926 accidenlibus
1574 4861 1729 4926 dulce
1791 4874 1971 4927 album
2004 4861 2049 4920 Ι)

378 4961 526 5009 esse,
590 4947 694 5001 nisi
743 4960 868 5001 cum
927 4954 1152 5009 utraque
1202 4952 1390 4996 natura
1446 4942 1746 4996 dulcedinis
1795 4952 1849 4996 et
1897 4944 1974 4997 al-

377 5017 595 5071 bedinis
655 5019 793 5072 idem
856 5015 1158 5081 subjectum
1220 5028 1283 5067 ac
1343 5013 1680 5081 suppositum
1740 5013 1967 5079 habent,

380 5098 438 5140 ut
480 5090 727 5144 videmus
782 5088 833 5140 in
883 5085 1041 5139 lacte.
1091 5085 1253 5151 Atqui
1300 5084 1508 5138 nullum
1549 5084 1694 5138 aliud
1726 5088 1975 5152 supposi-

379 5167 490 5210 tum
513 5200 528 5221 ,
564 5161 713 5213 nulla
740 5157 844 5213 alia
875 5170 1103 5223 persona
1138 5158 1187 5208 in
1219 5154 1437 5208 Christo
1470 5154 1595 5223 tingi
1628 5164 1840 5223 potest,
1873 5157 1971 5208 nisi

377 5237 582 5283 eterna
620 5243 849 5298 persona
878 5224 1002 5285 Filii
1036 5226 1149 5281 Dei.
1183 5227 1313 5279 Nam
1358 5228 1406 5298 si
1439 5239 1556 5298 eam
1591 5224 1822 5298 hominis
1855 5241 1977 5292 per—

376 5314 567 5353 sonam
590 5294 712 5355 esse
733 5299 906 5361 dicas,
930 5308 1204 5363 sequetur,
1223 5297 1366 5365 quod
1390 5307 1471 5350 est
1495 5294 1967 5360 absurdissimum,

378 5384 665 5437 personam
698 5369 820 5425 Filii
849 5370 940 5425 Dei
990 5383 1095 5420 non
1134 5383 1255 5422 esse
1284 5368 1335 5420 in
1368 5366 1607 5437 Christo,
1656 5366 1738 5419 vel
1769 5366 1971 5419 exstin-

375 5435 514 5495 ctam
539 5443 592 5496 iu
622 5444 737 5506 ipsa
783 5440 941 5494 Verbi
990 5438 1385 5497 lncarnatione,
1414 5435 1499 5489 vel
1539 5436 1608 5489 ab
1638 5450 1702 5506 ea
1746 5451 1969 5505 prorsus

376 5504 828 5580 alienam.rlgitur
852 5511 993 5564 sicut
1017 5523 1043 5559 a
1069 5509 1258 5577 priori,
1282 5519 1337 5560 ut
1359 5508 1649 5580 loquuntur
1673 5504 1965 5580 dialectici,

377 5596 467 5634 seu
498 5576 775 5652 tamquam
799 5576 1430 5652 escausa,conseqnens
1452 5576 1781 5652 probaturin
1810 5576 1964 5652 Chri-

379 5663 459 5705 sto
485 5647 801 5707 communio
831 5651 1148 5706 idiomatum
1179 5664 1245 5703 ex
1276 5649 1428 5703 unica
1450 5647 1619 5717 ipsius
1651 5647 1964 5716 hypostasi;

381 5722 446 5775 ita
476 5725 735 5787 vicissim,
762 5721 858 5778 sed
887 5740 915 5776 a
943 5720 1255 5789 posteriori,
1280 5728 1334 5775 et
1355 5729 1624 5788 tamquam
1652 5734 1717 5789 ex
1744 5718 1961 5783 eﬁectu,

377 5796 781 5853 demonstratur
820 5787 998 5852 unitas
1042 5805 1292 5861 persona:
1324 5805 1389 5847 ex
1418 5787 1797 5846 communione
1827 5789 1963 5845 idio-

2068 2201 2303 2255 matum;
2332 2191 2385 2245 in
2409 2206 2511 2260 qua
2539 2191 2766 2260 proinde
2790 2190 3079 2245 fundantur
3107 2188 3285 2245 omnia
3318 2198 3661 2260 argumenta,

2066 2261 2263 2328 quibus
2288 2259 2459 2316 utitur
2482 2259 2772 2316 Crissianus
2793 2273 2847 2316 et
2874 2261 2966 2315 alii
2988 2262 3197 2324 Patres,
3230 2259 3297 2330 ad
3331 2259 3662 2330 probandam

2067 2331 2271 2411 Christi
2325 2331 2661 2411 divinitatem
2682 2373 2708 2411 ,_
2740 2343 2801 2386 ut
2851 2334 3047 2411 merito
3092 2332 3191 2411 hac
3229 2329 3297 2384 de
3331 2329 3396 2411 re
3417 2330 3665 2411 pluribus

2066 2402 2334 2471 agendum
2364 2402 2451 2457 hic
2478 2401 2668 2467 fuerit,
2697 2403 2749 2456 in
2777 2418 2879 2472 qua
2904 2403 3070 2457 totius
3091 2400 3471 2472 disputationis
3498 2400 3666 2455 cardo

2068 2470 2341 2529 versatur.
2373 2472 2542 2528 Porro
2587 2488 2653 2529 ex
2686 2472 2771 2527 his
2795 2470 2951 2528 satis
2982 2473 3304 2543 intelligitur
3333 2470 3475 2543 hanc
3511 2485 3664 2525 com-

2069 2546 2379 2598 munionem
2407 2545 2721 2599 idiomatum
2748 2543 2803 2600 in
2826 2544 3038 2599 duobus
3060 2540 3380 2598 consistere.
3409 2540 3542 2595 Nam
3573 2552 3666 2596 aut

2068 2613 2431 2683 proprietates
2472 2615 2669 2669 divinze
2718 2615 3030 2670 tribuuntur
3058 2613 3286 2678 homini,
3334 2622 3389 2667 et
3419 2612 3531 2666 ﬁlio
3564 2613 3664 2666 ho-

2068 2684 2262 2749 minis,
2297 2694 2356 2739 ut
2402 2700 2527 2740 cum
2556 2685 2787 2740 dicitur:
2820 2685 2983 2741 homo
3010 2686 3100 2738 ille
3150 2686 3309 2740 Jesus
3343 2693 3425 2737 est
3455 2695 3669 2737 creator

2068 2755 2191 2809 caeli
2218 2765 2272 2809 et
2302 2765 2483 2821 terrm,
2506 2772 2601 2809 rex
2634 2772 2846 2827 regum,
2868 2764 2926 2811 et
2949 2754 3212 2827 Dominus
3240 2754 3667 2827 dominantium,

2068 2834 2328 2891 aeternus,
2346 2825 2716 2895 omnipotens,
2737 2838 2840 2881 etc.
2866 2844 2880 2889 ;
2913 2835 3005 2880 aut
3031 2825 3388 2895 proprietates
3415 2825 3673 2895 lm_m:in:e-

2070 2896 2383 2952 tribuuntur
2407 2893 2537 2961 Deo,
2567 2907 2621 2951 et
2649 2895 2784 2952 Filio
2812 2898 2931 2961 Dei,
2964 2904 3025 2951 ut
3053 2893 3175 2950 cum
3205 2893 3438 2948 dicimus
3467 2893 3662 2947 Filium

2072 2967 2163 3021 Dei
2186 2967 2256 3022 de
2286 2968 2508 3038 Virgine
2541 2978 2747 3031 natum,
2778 2968 3118 3031 cruciﬁxum,
3146 2976 3439 3038 mortuum,
3465 2975 3573 3038 e_tc_.
3607 2963 3673 3017 lit.

2071 3048 2300 3109 utroque
2327 3033 2508 3093 autem
2536 3053 2740 3109 genere
2769 3037 2879 3093 duo
2919 3036 3257 3109 observanda
3289 3044 3435 3089 sunt.
3482 3033 3677 3088 Primo.

2070 3106 2465 3175 inspiciendum
2516 3106 2642 3177 quid
2691 3109 2989 3165 secundum
3020 3107 3145 3176 quid
3184 3107 3425 3170 dicatur,
3475 3122 3542 3158 ne
3568 3116 3665 3157 aut

2070 3180 2339 3233 sermonis
2365 3179 2691 3243 absurditas,
2728 3188 2819 3235 aut
2846 3179 3279 3247 itnpossibilitas,
3332 3177 3417 3230 vel
3451 3185 3677 3247 contrag.

2071 3250 2238 3302 rietas
2268 3251 2554 3319 cogitetur.
2580 3248 2713 3305 Nam
2762 3246 2995 3304 humana
3025 3248 3094 3303 de
3119 3247 3542 3319 Deoidicuntur,
3568 3246 3677 3299 sed

2069 3317 2365 3392 secundum
2397 3329 2645 3392 naturam
2688 3321 2809 3392 ejus
2858 3323 3179 3392 humanam;
3218 3317 3404 3373 divina
3450 3331 3676 3392 quoque

2072 3389 2442 3445 attribuuutur
2482 3391 2687 3446 homini
2710 3389 2732 3456 ,’
2781 3392 2873 3446 sed
2921 3390 3136 3447 ratione
3183 3399 3393 3444 natura:
3439 3389 3675 3445 divinat-

1996 3484 2041 3548 ρ
2074 3459 2497 3548 ἓνρὶιιίιθῃιιυιιει
2530 3462 2802 3548 oppositio
2838 3472 2930 3545 aut
2969 3459 3330 3548 contradictio
3365 3459 3664 3548 mettica-da

2074 3530 2162 3584 hic
2186 3540 2293 3597 est,
2327 3529 2600 3601 tamquam
2624 3534 3020 3587 contrariorum
3048 3530 3116 3586 de
3141 3531 3331 3586 eodem
3358 3529 3679 3601 enuntiato--

2071 3616 2211 3666 rmn,
2237 3603 2361 3672 quia
2393 3599 2499 3657 non
2531 3603 2826 3658 secundum
2854 3603 2995 3657 idem
3036 3602 3105 3656 de
3134 3601 3323 3656 eodem
3358 3599 3667 3672 intelligun-

2071 3680 2180 3727 tur.
2214 3670 2465 3727 Secundo
2497 3673 2884 3728 attendendum
2930 3675 2981 3727 iu
3030 3674 3303 3725 abstracto
3334 3686 3405 3723 an
3452 3670 3506 3722 in
3535 3684 3666 3723 con.-

2070 3752 2222 3813 creto
2254 3757 2486 3813 ponatur
2512 3745 2565 3799 id
2608 3745 2694 3798 cui
2739 3744 2797 3797 ﬁt
2842 3743 3144 3797 attributio.
3179 3742 3310 3796 Nam
3340 3750 3399 3813 ut
3427 3755 3554 3813 vere
3584 3741 3671 3813 dia

2071 3809 2568 3867 cimus—hominem
2632 3815 2785 3868 illum
2857 3815 3328 3881 omnipotentem,
3387 3810 3460 3864 ita
3529 3809 3670 3862 falso

2074 3881 2464 3938 humanitatem
2510 3898 2634 3938 esse
2678 3882 3131 3950 omniporentem.
3180 3881 3314 3935 Item
3366 3881 3493 3935 licet
3533 3894 3667 3933 vere

2071 3952 2221 4007 dicas
2252 3953 2422 4008 Deum
2454 3967 2672 4023 passum
2692 3998 2707 4021 ,
2738 3955 3056 4007 cruciﬁxum
3081 3994 3095 4017 ,
3122 3960 3415 4015 mortuum,
3449 3965 3553 4002 non
3587 3960 3673 4002 tau

2072 4038 2197 4077 men
2216 4038 2345 4079 vere
2366 4025 2707 4079 divinitatem
2735 4038 2971 4092 passam,
2995 4024 3333 4088 cruciﬁxarn,
3360 4030 3669 4087 mortuam;

2070 4092 2193 4165 quia
2223 4096 2355 4162 pati,
2388 4096 2655 4165 crnciﬁgi,
2686 4096 2822 4150 mori
2853 4096 2919 4149 ad
2954 4109 3240 4163 personant
3270 4100 3519 4165 SprCLtltl
3544 4108 3663 4165 qua:

2073 4162 2128 4218 in
2160 4176 2418 4221 concreto
2450 4162 2794 4236 exprimitur,
2823 4183 2929 4221 non
2956 4162 3020 4219 ad
3052 4174 3296 4219 naturam
3327 4162 3513 4236 qureiu
3538 4163 3665 4236 abs-

2075 4244 2246 4290 traCto
2272 4243 2328 4291 et
2363 4253 2457 4306 per
2488 4234 2707 4292 modum
2743 4236 2953 4291 formae.
2995 4236 3181 4290 Tertio
3224 4234 3519 4306 notandum
3570 4234 3665 4285 tri-

2074 4307 2231 4374 plicia
2274 4304 2527 4362 idiomata
2584 4309 2861 4369 inveniri,
2911 4307 3156 4376 quaedam
3210 4316 3417 4358 natura:
3471 4304 3665 4356 divina:

2076 4378 2316 4447 prepria,
2348 4379 2603 4448 qumdam
2639 4380 2917 4439 humanm,
2943 4379 3051 4429 alia
3087 4391 3331 4448 persona:
3360 4385 3677 4442 exntraquo

2074 4460 2264 4503 natura
2289 4446 2630 4518 compositae.
2664 4450 2796 4504 Nam
2826 4463 3037 4510 creare,
3062 4446 3488 4513 omnipotentem
3519 4457 3658 4518 esse,

2073 4530 2130 4572 et
2159 4513 2506 4591 omniscio'm,
2534 4521 2749 4591 aliaque
2774 4519 3065 4591 ejusmodi.
3082 4518 3275 4591 _30li“5
3297 4524 3507 4591 mil!“
3528 4513 3666 4591 dli“

2076 4604 2158 4643 nae
2198 4590 2408 4646 ratione
2437 4585 2721 4655 dicuntur;
2753 4585 2866 4659 pati
2899 4604 3051 4652 vero,
3076 4588 3316 4659 latuere,
3338 4585 3510 4659 sitire,
3557 4585 3665 4637 alia

2074 4661 2194 4726 ejus
2222 4665 2461 4729 generis,
2485 4663 2653 4717 Solius
2692 4657 2897 4715 natura:
2930 4660 3178 4713 humana:
3221 4657 3448 4710 ratione.
3485 4657 3550 4707 At
3578 4669 3667 4706 sua

2077 4732 2350 4795 tisl'aeere,
2369 4734 2656 4799 redimere,
2675 4732 3028 4787 rnediatorem
3050 4746 3192 4788 esse.
3215 4735 3434 4799 propter
3460 4733 3662 4777 utram-

2076 4817 2179 4871 que
2206 4812 2451 4857 naturam
2479 4797 3049 4858 Christotrihuuntur.
3079 4800 3208 4854 Nam
3241 4797 3663 4871 etactionemet

2081 4864 2382 4938 passionem
2413 4876 2648 4940 aliquam
2677 4874 3140 4941 Complectuntur;
3175 4870 3491 4923 satislacere
3518 4864 3660 4918 enim

2076 4944 2305 4996 includit
2352 4955 2407 4999 et
2439 4956 2671 4998 mortem
2699 4984 2713 5008 ,
2748 4955 2798 4997 et
2831 4944 3019 4997 mortis
3064 4942 3361 4996 efﬁcaciam
3386 4979 3400 5001 ,
3433 4951 3659 5003 quorum

2077 5012 2210 5068 illud
2243 5015 2456 5083 quidem
2487 5015 2540 5068 in
2573 5027 2817 5068 naturam
2854 5014 3140 5067 humanam
3172 5011 3346 5072 cadit,
3367 5010 3490 5083 hoc
3533 5024 3663 5060 vero

2077 5101 2105 5136 a
2139 5081 2325 5139 natura
2361 5085 2538 5139 divina
2567 5086 2857 5153 dependet.
2894 5084 3082 5152 itaque
3107 5082 3225 5136 lucc
3254 5081 3535 5153 attributa,
3578 5095 3663 5131 ra-

2079 5156 2221 5208 tione
2251 5160 2533 5224 utriusque
2564 5150 2788 5217 naturae,
2822 5157 2873 5209 in
2905 5150 3065 5209 unam
3106 5154 3461 5206 conferuntur
3494 5150 3663 5217 hypo-

2079 5227 2287 5289 stasim;
2306 5239 2499 5282 caetera
2515 5243 2640 5281 vero
2656 5227 2862 5280 ratione
2891 5224 3113 5279 alterius
3143 5224 3448 5277 dumtaxat:
3476 5235 3664 5288 quem-

2078 5298 2367 5352 admodum
2412 5308 2466 5353 et
2512 5298 2581 5353 de
2634 5298 2851 5352 homine
2895 5296 3139 5366 quaedam
3169 5294 3425 5366 dicuntur
3452 5291 3662 5366 ratione

2075 5370 2270 5421 anima:
2305 5378 2510 5422 tantum
2533 5410 2548 5434 ,
2597 5382 2653 5422 ut
2683 5368 2827 5435 quod
2864 5362 3037 5435 sapit,
3084 5364 3372 5430 intelligit;
3415 5362 3659 5435 quredaut

2073 5440 2281 5492 ratione
2303 5433 2549 5505 corporis
2574 5433 2803 5501 tantum,
2824 5433 2964 5508 quod
2995 5436 3205 5504 pinguis
3229 5445 3318 5487 aut
3335 5433 3661 5508 macilentns

2071 5519 2180 5573 sst;
2236 5504 2479 5577 quendam
2512 5511 2717 5564 ratione
2750 5504 3077 5577 utriusque,
3104 5513 3163 5558 ut
3207 5504 3347 5572 quod
3382 5504 3659 5577 loquitur_,

2070 5573 2278 5641 Scribit,
2310 5590 2415 5634 etc.
2449 5580 2517 5633 Et
2542 5580 2656 5634 haec
2681 5579 2897 5647 quidem
2925 5573 2993 5632 de
3015 5576 3327 5647 idiomatum
3361 5573 3661 5647 communi-

2071 5650 2286 5704 catione
2303 5651 2353 5703 in
2377 5650 2592 5703 Christo
2614 5645 2861 5717 Domino,
2882 5664 2979 5715 pro
3004 5646 3106 5701 loci
3121 5645 3279 5715 hujus
3300 5645 3662 5717 explicatione

2071 5735 2123 5777 et
2149 5721 2454 5790 argumenti
2485 5721 2829 5787 necessitate,
2849 5716 3108 5776 breviter
3132 5718 3277 5773 dicta
3305 5716 3434 5773 sint.
