4040 6182
345 312 417 369 63
1679 319 1957 380 JOANNIS
1995 320 2233 382 CASSIA
2243 324 2323 382 Nl”
3556 332 3625 392 (ὅ

348 428 499 485 Pauli
531 431 761 503 apostoli
786 430 1132 503 praedicatio,
1164 441 1253 488 aut
1299 435 1521 505 paganis
1563 438 1814 506 stultitia,
1842 450 1935 497 aut
1963 444 2010 506 Α
2041 452 2147 499 tus.
2195 444 2289 499 lll'e
2324 460 2484 514 quem
2514 441 2685 499 Judaei
2730 442 2975 499 inseetati
3013 452 3160 516 sunt,
3199 459 3359 516 quem
3392 444 3629 518 gentiles

347 517 551 577 Judais
581 524 895 579 scandalum
923 522 1067 579 fuit?
1094 526 1353 596 numquid
1387 538 1635 599 potuerat
1656 530 1935 590 oﬁ‘cndere

346 612 618 679 homines,
639 616 685 671 si
707 616 1005 681 Christum,
1037 625 1097 672 ut
1127 626 1182 672 tu
1223 622 1448 685 asseris,
1479 624 1782 679 solitarium
1815 641 1936 682 esse

350 703 624 761 hominem
652 708 812 761 etiam
858 708 976 778 ipse
1020 709 1333 766 docuisset?
1362 714 1449 768 cui
1490 715 1635 769 enim
1681 718 1938 774 nativitas

347 799 514 862 illius,
531 798 617 853 cui
647 798 960 868 passio,cui
990 817 1144 870 crux,
1161 804 1246 858 cui
1273 807 1577 878 percmptio
1599 808 1936 866 incredibilis

350 897 445 942 aut
471 888 659 958 gravis
682 904 809 945 esse
838 894 1250 960 potuisset?aut
1278 898 1406 967 quid
1433 901 1561 954 novi
1592 901 1676 957 vel
1706 901 1936 959 inauditi

346 981 400 1036 in
415 996 473 1035 se
485 981 640 1037 Pauli
661 984 976 1054 praedicatio
995 988 1279 1058 habuerat,
1296 990 1339 1045 si
1354 991 1404 1047 id
1421 1007 1638 1062 passum
1656 994 1934 1052 hominem

347 1073 621 1129 Christum
644 1090 767 1132 esse
797 1077 1050 1148 dixisset,
1084 1082 1227 1151 quod
1258 1083 1459 1153 passim
1483 1087 1724 1155 quotidie
1754 1088 1807 1143 in
1842 1090 1940 1144 bo-

347 1165 585 1221 minibus
607 1170 851 1225 conditio
878 1170 1111 1227 humana
1143 1174 1435 1231 toleraret?
1458 1176 1563 1233 Sed
1595 1178 1726 1234 illud
1755 1184 1938 1250 utique

348 1269 467 1314 erat
491 1260 634 1329 quod
664 1265 882 1333 gentilis
909 1267 1137 1322 stultitia
1172 1282 1283 1323 non
1308 1270 1609 1339 recipiebat
1635 1312 1651 1338 ,
1681 1273 1825 1342 quod
1844 1272 1942 1327 Ιῐιι-

349 1350 503 1407 daica
533 1352 826 1410 inﬁdelitas
855 1358 1170 1427 respuebat,
1216 1360 1361 1430 quod
1409 1362 1683 1416 Christum
1718 1365 1938 1434 utique,

346 1456 508 1512 quem
531 1443 635 1513 illi,
663 1454 723 1501 ut
758 1457 835 1513 tu,
867 1448 1169 1504 solitarium
1202 1449 1475 1508 hominem
1514 1453 1935 1524 arbitrabantur,

346 1537 640 1607 Apostolus
673 1538 839 1595 Deum
873 1554 994 1595 esse
1022 1540 1259 1598 dicebat.
1293 1543 1409 1600 lloc
1432 1557 1551 1600 erat
1582 1542 1765 1617 utique
1795 1548 1940 1617 quod

347 1630 641 1701 impiorum
677 1646 869 1688 sensus
892 1633 1165 1690 refutabat
1185 1680 1201 1706 ,
1233 1637 1378 1707 quod
1423 1637 1753 1707 perfidorum
1780 1631 1942 1696 aures

348 1718 494 1778 ferre
544 1739 652 1779 non
700 1732 989 1794 poterant,
1044 1725 1100 1781 in
1132 1728 1348 1783 homine
1397 1728 1523 1784 Iesu
1575 1728 1794 1785 Christo
1847 1730 1938 1786 Dei

2038 537 2292 603 riserunt,
2327 552 2486 607 quem
2520 545 2578 592 tu
2615 551 2740 592 cum
2779 535 2885 592 illis
2918 536 3033 607 ipse
3063 536 3452 608 persequeris;
3486 537 3580 593 ille
3611 578 3627 606 ,

2038 631 2282 701 inquam,
2312 632 2400 700 qtti
2427 638 2484 686 et
2509 616 2729 701 paganis
2760 630 2994 685 Stultitia
3023 638 3128 698 est,
3161 640 3215 685 et
3243 630 3446 686 Judaeis
3474 646 3631 686 sean-

2038 724 2313 794 dalum,et
2338 724 2432 780 tibi
2460 731 2780 793 utrumque;
2808 722 2919 789 ille,
2940 722 3179 794 inquam,
3205 732 3288 777 est
3313 721 3412 778 Dei
3433 724 3629 791 virtus,

2038 827 2091 871 et
2122 816 2219 871 Dei
2270 816 2556 886 sapientia.
2606 814 2744 883 Quid
2802 815 2971 870 habes
3019 814 3162 885 quod
3194 815 3368 883 agas?
3413 814 3633 869 claudes

2039 906 2270 963 fortasse
2308 922 2473 963 aures
2511 923 2578 963 ne
2620 906 2830 963 audias.
2884 907 3000 963 lloc
3047 916 3102 963 et
3145 906 3344 970 Judaei,
3372 904 3634 975 Apostolo

2041 998 2394 1067 przcdicante,
2420 998 2687 1054 fecerunt.
2739 996 3012 1065 Quidlibet
3058 997 3258 1063 facias,
3291 994 3539 1052 Christus
3580 996 3632 1050 in

2038 1091 2179 1147 caelo
2210 1101 2316 1159 est,
2343 1098 2399 1146 et
2424 1091 2477 1145 in
2507 1091 2642 1157 Deo,
2671 1099 2726 1145 et
2753 1105 2874 1145 cum
2902 1104 2988 1154 eo,
3016 1097 3178 1159 atque
3209 1089 3264 1144 in
3295 1104 3361 1144 eo
3387 1089 3441 1144 in
3472 1103 3635 1158 supe«

2039 1184 2300 1249 rioribus,
2332 1183 2385 1238 in
2411 1198 2520 1254 quo
2540 1190 2596 1239 et
2622 1182 2676 1239 in
2701 1182 3047 1239 inferioribus
3076 1182 3201 1250 fuit,
3227 1183 3476 1254 persequi
3505 1197 3628 1237 cum

2035 1275 2147 1346 jam
2178 1290 2300 1331 cum
2341 1275 2543 1331 Iudicis
2573 1289 2683 1330 non
2715 1283 2890 1345 potes.
2935 1274 3041 1330 Sed
3084 1262 3229 1330 facis)
3252 1289 3417 1338 unum
3450 1283 3629 1328 tamen

2040 1365 2185 1438 quod
2217 1375 2397 1436 potes,
2424 1365 2769 1436 persequeris
2799 1380 2923 1421 eum
2955 1365 3007 1419 in
3037 1364 3163 1430 ﬁde,
3210 1364 3547 1436 persequeris
3575 1364 3630 1419 in

2043 1456 2310 1524 Ecclesia,
2352 1458 2694 1527 persequeris
2729 1457 3001 1529 opinionis
3040 1457 3219 1525 impiae
3256 1457 3398 1523 telo,
3429 1470 3631 1528 perse-

2041 1549 2222 1620 queris
2245 1549 2396 1620 pravi
2417 1548 2684 1619 dogmatis
2705 1548 2907 1619 gladio.
2927 1548 3054 1603 Plus
3079 1548 3223 1603 forte
3249 1546 3447 1619 aliquid
3466 1561 3630 1617 quam

2041 1639 2261 1712 quidam
2286 1653 2529 1696 veterum
2557 1639 2868 1696 Iudaeorum
2892 1640 3022 1696 facis
3048 1658 3061 1694 :
3096 1639 3369 1696 Christum
3400 1646 3457 1695 tu
3489 1654 3631 1696 nunc

2044 1732 2410 1804 persequeris,
2442 1743 2725 1804 postquam
2758 1749 2880 1789 eum
2910 1738 3072 1789 etiam
3117 1731 3195 1788 illi
3239 1732 3329 1802 qui
3362 1730 3631 1802 persecuti

349 1815 644 1884 praedicare
682 1816 1051 1885 nativitatem,
1098 1817 1195 1875 Del
1234 1822 1405 1876 asseri
1456 1821 1795 1890 passionem,
1843 1822 1934 1878 Dei
1972 1824 2258 1885 Bfuerant
2310 1825 2682 1882 crediderunt.
2726 1825 2833 1883 Sed
2883 1823 3112 1882 minoris
3162 1825 3408 1880 criminis
3452 1824 3632 1880 forsan

349 1907 675 1963 annuntiare
702 1920 939 1964 crucem.
975 1909 1088 1965 Hoc
1117 1910 1302 1982 utique
1341 1921 1459 1966 erat
1496 1926 1680 1983 grave,
1724 1911 1829 1976 hoc
1858 1914 1944 1969 in-
2041 1931 2202 1992 putas
2226 1964 2242 1991 ,
2279 1919 2427 1991 quod
2476 1919 2701 1990 injicere
2731 1922 2784 1976 in
2816 1934 2939 1976 eum
2964 1918 3077 1991 jam
3104 1932 3295 1974 manus
3321 1932 3425 1972 non
3458 1927 3629 1987 potes.

350 1998 638 2068 credibile,
664 2000 789 2070 quia
816 2000 919 2055 hoc
939 2010 1056 2056 erat
1077 2001 1411 2057 iucrcdulum
1442 2002 1692 2059 humana:
1716 2005 1946 2060 audien-
2043 2013 2162 2070 Non
2208 2014 2409 2084 minus,
2441 2014 2688 2085 inquam,
2730 2029 2838 2070 non
2890 2014 3069 2069 minus
3099 2012 3175 2068 illi
3205 2012 3387 2083 gravis
3428 2010 3518 2065 illa
3548 2018 3636 2066 εει

352 2092 460 2155 tite,
485 2091 629 2162 quod
654 2091 955 2148 inauditum
984 2094 1158 2150 fuerat
1179 2094 1376 2151 divinae
1397 2096 1690 2166 contigisse
1712 2107 1942 2153 naturae.

352 2181 539 2255 Itaque
567 2199 796 2240 securus
834 2200 895 2241 es
935 2187 1032 2242 tali
1079 2185 1441 2244 affirmatione
1473 2198 1637 2259 atque
1663 2188 1943 2261 doctrina,

354 2276 497 2346 quod
524 2293 818 2348 numquam
842 2279 1152 2350 praedicatio
1181 2287 1273 2335 tua
1295 2291 1387 2335 aut
1410 2282 1661 2352 gentibus
1692 2283 1944 2353 stultitia,

2046 2106 2378 2175 persecutio,
2407 2106 2461 2161 in
2502 2120 2607 2176 qua
2635 2121 2758 2162 eum
2792 2106 2847 2161 in
2878 2106 2993 2161 suis
3020 2104 3172 2175 impii
3214 2112 3633 2176 persequuntur.

2046 2196 2155 2254 Sed
2185 2197 2411 2253 offendit
2437 2208 2491 2254 te
2526 2197 2822 2254 Dominicte
2852 2198 3032 2255 erucis
3070 2211 3299 2263 nomen,
3331 2195 3435 2251 hoc
3462 2202 3520 2249 et
3544 2192 3640 2249 Ju-

2047 2288 2196 2345 daeos
2247 2304 2467 2359 semper
2511 2289 2761 2346 offendit.
2809 2287 3173 2347 Eshorrescis
3225 2286 3399 2344 Deum
3453 2285 3641 2342 audire

357 2380 452 2424 aut
497 2368 705 2433 iudicis
742 2370 1058 2428 scandalum
1103 2373 1230 2428 erit.
1274 2372 1578 2442 Numquam
1606 2384 1661 2431 tu
1690 2376 1949 2434 aJudteis
2051 2395 2308 2451 passum,
2358 2379 2463 2437 hoc
2505 2391 2563 2437 et
2610 2382 2828 2453 gentilis
2862 2396 3022 2438 error
3062 2379 3251 2436 irrisit.
3288 2379 3484 2447 Quaero
3508 2388 3641 2448 ergo

357 2471 527 2532 atque
546 2463 801 2533 gentibus
821 2474 913 2518 aut
941 2478 1065 2521 eum
1081 2464 1244 2520 Petro
1271 2464 1627 2537 cruciﬁgeris,
1652 2476 1679 2505 ι
1710 2477 1805 2525 aut
1826 2484 1950 2525 eum
2053 2487 2218 2541 nunc,
2252 2472 2308 2527 in
2333 2487 2441 2543 qua
2469 2472 2538 2527 ab
2565 2472 2671 2529 illis
2698 2482 2849 2543 parte
2871 2472 3159 2539 dissidens,
3190 2486 3314 2527 cum
3336 2472 3387 2525 in
3416 2470 3517 2525 hac
3544 2467 3642 2524 tibi

360 2556 566 2612 Iacobo
596 2556 941 2629 lapidaberis,
974 2565 1068 2614 aut
1106 2572 1230 2615 cum
1258 2558 1424 2615 Paulo
1463 2561 1642 2631 capite
1671 2561 1952 2632 plecteris.
2053 2573 2213 2636 atque
2238 2564 2344 2620 illis
2374 2563 2727 2634 perversitate
2754 2562 3082 2619 conveniat?
3108 2562 3214 2619 Sed
3253 2578 3356 2632 ego
3386 2562 3647 2632 praedica-

363 2650 485 2706 Non
512 2649 655 2705 enim
688 2648 850 2706 habet
870 2649 1183 2721 praedicatio
1210 2660 1303 2706 tua
1331 2651 1552 2708 illorum
1575 2652 1954 2710 offensionem.
2057 2659 2262 2715 tionem
2296 2658 2436 2714 hane
2456 2672 2623 2714 sacrtc
2650 2656 2855 2723 crucis,
2895 2656 3336 2727 praedicationem
3368 2657 3507 2709 hanc
3540 2656 3648 2709 Do-

362 2741 676 2799 Solitarium
698 2742 974 2799 hominem
1000 2752 1210 2812 uatum,
1239 2743 1544 2799 solitarium
1567 2759 1783 2813 passum
1804 2761 1960 2803 asse-
2058 2752 2272 2807 miuicae
2321 2749 2590 2820 passionis
2624 2763 2735 2805 non
2784 2747 2961 2804 solum
3001 2763 3107 2802 non
3153 2746 3414 2801 imminuo
3438 2787 3453 2812 ,
3505 2744 3603 2799 sed
3629 2785 3644 2811 ,

364 2833 463 2890 ris.
485 2834 705 2891 Timere
737 2850 844 2892 non
877 2846 1033 2907 potes
1056 2878 1072 2903 ,
1116 2852 1184 2893 ne
1234 2837 1617 2908 persecutione
1643 2855 1740 2895 sua
1787 2852 1838 2897 te
1877 2840 1959 2898 illi
2061 2850 2321 2915 quantum
2349 2843 2400 2898 in
2431 2851 2558 2899 voto
2585 2851 2670 2899 est
2695 2857 2759 2899 ac
2785 2839 3084 2898 substantia
3109 2854 3251 2905 mea,
3280 2852 3471 2909 augeo.
3496 2837 3651 2893 llnnc

366 2925 585 2993 laedant,
618 2942 744 2983 cum
774 2936 832 2983 tu
854 2942 950 2984 eos
972 2938 1065 2984 tua
1093 2928 1480 2999 praedicatione
1505 2930 1818 2989 conﬁrmes.

1004 3040 1231 3097 CAPUT
1262 3041 1333 3099 Χ.

374 3132 646 3201 Quomodo
691 3132 954 3189 Christum
985 3134 1081 3191 Dei
1129 3138 1371 3212 virtutem
1414 3147 1462 3194 et
1508 3136 1611 3195 Del
1652 3139 1960 3212 sapientiam

896 3215 1091 3261 asserat
1128 3208 1433 3277 Apostolus.

445 3297 554 3354 Sed
600 3297 882 3354 videamus
920 3308 1098 3357 tamen
1124 3301 1314 3370 adhuc
1357 3302 1560 3373 aliquid
1585 3304 1654 3361 de
1684 3304 1790 3362 hoc
1821 3307 1959 3377 ipso.

381 3388 629 3445 Christus
671 3404 833 3461 ergo,
868 3389 1027 3462 juxta
1070 3390 1416 3462 Apostolum,
1452 3394 1624 3451 virtus
1664 3395 1759 3451 Dei
1786 3404 1841 3452 ct
1869 3410 1963 3452 sa-

378 3482 579 3557 pientia
612 3478 707 3537 Dei
739 3492 840 3538 est.
874 3483 1011 3550 Quid
1045 3483 1209 3540 babes
1238 3486 1380 3555 quod
1431 3486 1808 3555 respondeas?
1834 3488 1963 3556 quid

383 3567 549 3631 liabes
577 3591 687 3647 quo
718 3585 769 3632 te
803 3576 1092 3633 conferas?
1122 3577 1284 3633 Exire
1330 3578 1458 3635 hinc
1485 3587 1542 3634 et
1563 3580 1812 3651 progredi
1836 3596 1967 3637 nus-

379 3682 541 3739 quam
570 3678 742 3739 potes.
776 3669 1024 3727 Christus
1065 3670 1161 3727 Dei
1199 3671 1463 3743 sapientia
1490 3681 1603 3739 est,
1636 3682 1691 3729 et
1729 3675 1825 3731 Dei
1858 3675 1969 3729 vir-

2062 2934 2208 2990 enim
2235 2935 2326 3003 qui
2359 2932 2655 2989 cruciﬁxus
2690 2940 2794 3000 est,
2843 2947 2950 2987 non
2981 2931 3157 2987 solum
3185 2930 3444 2986 virtutem
3476 2942 3540 2983 ac
3566 2945 3652 2982 sa-

2068 3025 2324 3096 pientiam
2350 3025 2468 3094 Dei,
2507 3040 2612 3095 qua
2648 3024 2783 3081 nihil
2811 3024 2985 3095 majus
3022 3032 3127 3092 est,
3159 3022 3254 3079 sed
3280 3022 3449 3077 etiam
3489 3022 3653 3076 totius

2069 3120 2367 3175 divinitatis
2397 3134 2460 3175 ac
2490 3119 2791 3191 majestatis
2833 3117 3124 3173 Dominum
3178 3114 3505 3187 prmdicabo.
3542 3114 3654 3168 Hoc

1988 3194 2035 3259 (ἶ
2069 3215 2259 3285 magis,
2274 3211 2417 3283 quod
2442 3213 2532 3269 hic
2553 3227 2734 3269 sermo
2752 3226 2905 3268 meus
2931 3210 3175 3267 doctrina
3202 3210 3294 3263 Dei
3311 3218 3417 3272 est,
3438 3205 3655 3262 dicente

2076 3306 2369 3375 Apostolo:
2400 3302 2430 3343 ι’
2462 3305 2787 3376 Sapientiam
2809 3304 3064 3374 loquimur
3092 3304 3225 3357 inter
3254 3304 3537 3373 perfectos:
3565 3297 3655 3354 sed

2070 3399 2379 3466 sapientiam
2409 3415 2511 3453 non
2542 3399 2697 3471 hujus
2724 3396 2925 3465 saculi,
2975 3413 3136 3467 neque
3180 3396 3475 3469 principum
3503 3393 3658 3464 hujus

2070 3493 2267 3559 sreculi,
2308 3494 2396 3564 qui
2424 3493 2795 3559 destruantur;
2821 3492 2910 3547 sed
2942 3492 3201 3561 loquimur
3227 3487 3327 3544 Dei
3355 3488 3659 3557 sapientiam

2074 3587 2131 3639 in
2155 3585 2419 3655 mysterio,
2448 3600 2566 3655 qua:
2607 3584 2911 3638 abscondita
2939 3592 3047 3649 est,
3073 3597 3234 3653 quam
3277 3579 3660 3651 prwdestinasit

2074 3675 2213 3731 Deus
2258 3685 2380 3731 ante
2403 3674 2601 3731 sarcula
2629 3678 2684 3731 in
2733 3677 2951 3748 gloriam
2997 3685 3242 3739 nostram,
3272 3685 3295 3713 α
3327 3686 3479 3745 quam
3514 3678 3662 3726 nerito

1450 3790 1488 3842 A
1501 3787 1709 3844 ιιιῐιιρι
1745 3788 1978 3845 ΟΛΖΑΞΙ
2015 3789 2586 3847 COMMENTARIUS.

460 3882 491 3912 ⁸
510 3878 786 3947 SuSpicari
815 3888 997 3949 posset
1021 3877 1288 3950 quispiam
1323 3878 1586 3934 Iacobum
1619 3880 1705 3934 hic
1731 3882 1968 3950 positum

386 3961 486 4021 pro
515 3951 791 4019 Stephano
820 3959 1238 4021 protomartyre,
1266 3965 1427 4020 quem
1455 3961 1667 4005 constat
1694 3952 1859 4005 luisse
1889 3952 1968 4005 Ia.

392 4018 653 4091 pidatnni,
685 4018 833 4089 quod
856 4023 925 4074 de
947 4018 1152 4076 Jacobo
1173 4018 1421 4089 apostolo
1452 4036 1557 4075 non
1582 4024 1652 4075 ita
1684 4023 1869 4091 liquet.
1902 4026 1975 4077 At

392 4087 516 4143 huic
543 4087 834 4157 suspicioni
863 4098 1157 4159 repugnat,
1188 4087 1352 4145 immo
1399 4106 1519 4145 eam
1551 4087 1763 4159 penitus
1785 4093 1974 4147 exclu-

389 4159 502 4220 dit,
527 4161 669 4228 quod
702 4161 861 4215 nimis
904 4160 1201 4229 incongrue
1230 4161 1373 4215 inter
1403 4162 1540 4216 duos
1569 4163 1844 4230 apostolos
1869 4205 1884 4227 ,
1917 4172 1974 4218 et

390 4231 758 4291 apostolorum
788 4231 1081 4300 principes,
1104 4231 1318 4285 Petrum
1348 4241 1403 4287 et
1434 4231 1680 4296 Paulum,
1705 4233 1973 4299 posuisset

389 4300 594 4371 Auctor
615 4300 946 4371 Stephanum
970 4301 1206 4357 medium
1220 4302 1411 4357 ordine
1427 4302 1704 4371 dignitatis
1720 4303 1966 4358 confuso.

391 4370 624 4426 Proinde
648 4370 753 4426 non
800 4373 939 4427 alius
965 4389 1125 4443 quam
1172 4372 1402 4429 Jacobus
1426 4370 1707 4443 apostolus
1746 4374 1971 4443 intelligi

391 4443 575 4508 debet,
605 4445 692 4513 qui
724 4443 890 4499 frater
914 4445 1142 4508 Domini,
1164 4444 1369 4507 Justus,
1402 4444 1651 4514 idemque
1689 4444 1865 4499 minor
1890 4455 1975 4500 est

393 4514 694 4585 appellatus
713 4555 727 4578 ,
776 4524 832 4569 et
875 4516 1080 4584 primus
1111 4515 1610 4585 Hierosolymorum
1634 4516 1920 4585 episcopus
1942 4531 1973 4570 ιι

2073 3891 2288 3935 mortem
2336 3880 2493 3942 olviit,
2521 3880 2612 3933 sed
2638 3878 2781 3933 vultu
2828 3895 3030 3950 sursum
3069 3877 3306 3950 sublato,
3353 3878 3667 3950 genibusque

2074 3954 2224 4022 ﬂexis
2255 3952 2386 4005 dixit
2410 3967 2428 4004 :
2463 3950 2706 4010 Obsecro,
2742 3951 2963 4022 Domine
2982 3947 3122 4003 Deus
3145 3949 3322 4014 Pater,
3354 3947 3422 4002 ila
3451 3949 3560 4001 illis
3578 3947 3667 4003 oe-

2076 4020 2233 4087 niam,
2258 4023 2490 4076 nesciunt
2508 4022 2779 4091 enimquid
2801 4020 3017 4091 faciunt,
3043 4027 3300 4090 coeperunt
3326 4035 3452 4072 saxa
3470 4022 3521 4072 in
3550 4035 3668 4073 eum

2075 4095 2347 4164 conjicere.
2370 4092 2595 4164 Cumque
2618 4090 3106 4164 lapidibust’llarum
3129 4092 3357 4164 obterere
3374 4100 3666 4164 pergerent,
3749 4100 3773 4116 '

2078 4160 2211 4219 unus
2248 4163 2313 4218 de
2339 4160 2691 4218 sacerdotibus
2722 4179 2786 4217 ea:
2813 4163 2938 4231 ﬁliis
2981 4160 3208 4225 Rechab,
3255 4162 3344 4229 qui
3373 4170 3492 4214 sunt
3518 4160 3671 4214 lere-

2077 4237 2194 4288 mire
2237 4235 2529 4289 testimonio
2573 4234 2936 4301 commendati,
2984 4248 3103 4287 voce
3150 4233 3338 4286 emissa
3384 4233 3671 4287 contentius

2082 4305 2247 4360 dixit:
2301 4306 2441 4370 Quid
2471 4307 2669 4376 agitis?
2710 4303 2895 4358 Justus
2930 4319 3023 4376 pro
3050 4302 3185 4357 vobis
3214 4302 3374 4356 Deum
3405 4312 3669 4372 precatur.

2084 4378 2320 4430 Attamen
2350 4392 2484 4429 unus
2508 4375 2572 4430 ex
2595 4377 2718 4438 illis,
2745 4378 2831 4445 qui
2854 4375 2986 4439 [ulla
3005 4383 3134 4437 erat,
3162 4382 3368 4445 arrepto
3391 4382 3673 4445 recte,“q_no

2080 4457 2240 4501 vestes
2287 4447 2518 4499 solebant
2570 4441 2834 4513 premere,
2867 4452 2919 4498 tn
2949 4457 3102 4516 caput
3146 4444 3288 4516 Iusti
3320 4444 3547 4516 impegit.
3584 4441 3673 4497 Ita

2080 4520 2237 4571 vitam
2264 4518 2405 4570 beato
2434 4528 2483 4571 et
2514 4518 2653 4584 {elici
2674 4517 2912 4585 martyrii
2934 4515 3167 4569 cruciatu
3188 4514 3673 4583 a/fectus‘aﬂlictus-

394 4583 459 4679 ἐξ
484 4585 652 4679 Εῗξῖξ)
676 4581 986 4679 Ρείέηίξιειίιιθο
1015 4584 1217 4679 iam”
1247 4581 1446 4679 Ρτξυίυε
1476 4581 1977 4679 iussissem"
2008 4618 2059 4679 ι)
2083 4589 2401 4679 caerim-
2431 4581 3124 4679 ιωπβοείνιξιὲιὶεηβῖιιεξι
3170 4581 3675 4679 ῗὲἒίίᾷηηίὲἓξδβὶἓὲξ

393 4654 462 4726 ad
484 4654 702 4709 Galatas
723 4653 879 4726 (Cap.
910 4655 982 4726 t):
1014 4656 1186 4709 Alium
1226 4666 1395 4709 autem
1409 4655 1762 4726 apostolorum
1780 4656 1881 4711 vidi
1897 4674 1981 4710 ne-

395 4725 603 4789 minem,
635 4723 1013 4781 nisiJacobum
1035 4728 1247 4794 fratrem
1279 4723 1505 4781 Domini.
1541 4728 1606 4781 Et
1633 4728 1876 4793 ejusdem
1899 4739 1984 4782 est.

395 4796 626 4864 epistola
652 4799 807 4850 unica
832 4812 953 4866 qua:
985 4800 1124 4852 inter
1167 4805 1376 4866 septem
1414 4800 1702 4853 canonicas
1735 4813 1987 4853 numera-

397 4877 524 4939 tur,
554 4877 776 4939 auctore
806 4867 969 4939 etiam
1023 4868 1083 4939 ι).
1115 4867 1442 4939 Hieronymo
1495 4868 1641 4939 (Lib.
1672 4870 1735 4921 de
1782 4869 1978 4935 Script.

397 4936 600 4992 Eccles.
650 4939 702 4992 in
741 4936 984 5009 Iacobo).
1016 4937 1086 4992 At
1113 4936 1382 5005 quomodo
1410 4936 1511 4993 hic
1543 4940 1849 4994 insinuetur
1893 4947 1990 4994 aut

397 5016 734 5079 supponatur
774 5009 1065 5079 lapidatus,
1096 5010 1352 5064 nonnulla
1378 5009 1676 5065 difﬁcultas
1702 5019 1817 5075 est,
1860 5025 1986 5064 cum

396 5078 452 5133 in
482 5078 861 5151 Martyrologin
904 5079 1062 5134 Rom.
1090 5095 1123 5136 e
1153 5082 1310 5149 pinna
1356 5081 1542 5151 templi
1575 5081 1940 5150 pmcipitatus
1966 5121 1982 5146 ,

398 5150 693 5205 contractis
724 5151 994 5220 cruribus,
1023 5161 1080 5206 et
1100 5151 1320 5207 fullonis
1346 5150 1499 5206 vecte
1529 5152 1581 5206 in
1610 5152 1838 5206 cerebro
1865 5166 1988 5220 per-

399 5232 591 5291 cussus
627 5221 945 5277 occubuisse
974 5223 1216 5285 dicatur;
1256 5222 1708 5291 quemadmodum
1730 5222 1890 5275 etiam
1919 5236 1988 5276 ex

399 5286 679 5346 Clemente
708 5291 1073 5347 Alexandrino
1095 5286 1579 5357 refert'Eusebius,
1605 5292 1702 5346 lib.
1722 5307 1757 5345 ll
1782 5292 1985 5347 Histor.

399 5373 522 5427 cap.
540 5360 634 5413 22.
653 5363 721 5416 At
748 5362 886 5417 hanc
900 5362 1270 5417 difficultatem
1289 5363 1505 5418 sustulit
1532 5361 1676 5415 idem
1699 5361 1985 5426 Eusebius,

400 5432 695 5505 ostendens
723 5433 1002 5505 historiam
1044 5432 1527 5505 tuartyriiejusah
1569 5431 1858 5500 Egesippo,
1884 5434 1988 5505 qui

400 5502 545 5553 aetati
558 5499 946 5573 _Apostolorum
970 5499 1248 5573 proximus
1270 5499 1387 5568 fuit,
1414 5499 1634 5557 uberius
1657 5499 1986 5557 accuratius-

400 5584 508 5642 que
551 5570 866 5644 iescripam
886 5610 903 5637 ,
942 5570 996 5629 et
1022 5574 1167 5644 quod
1194 5591 1221 5627 a
1245 5573 1525 5644 Clemente
1563 5572 1985 5640 praetermissum

399 5640 504 5715 est,
529 5640 692 5715 sb_eo
712 5641 1019 5715 suppletum
1038 5640 1093 5701 et
1104 5658 1443 5715 expressum.
1470 5643 1662 5715 Narrat
1683 5645 1826 5715 enim
1853 5645 1987 5712 Ege-

399 5710 863 5784 sippusJacobum
880 5713 1054 5784 primo
1067 5717 1133 5770 de
1158 5710 1317 5784 pinna
1340 5714 1529 5782 templi
1559 5710 1982 5782 principitatuin:

405 5784 475 5843 Et
499 5783 777 5853 quoniam,
806 5781 1005 5853 inquit,
1036 5781 1263 5856 dejectus
1288 5786 1341 5840 in
1365 5781 1595 5856 prteceps
1662 5799 1766 5839 non
1809 5785 1984 5838 statim

2087 4654 2149 4712 D.
2164 4659 2540 4729 Hieronymus
2561 4654 2787 4724 Iosephi
2807 4656 3142 4729 testimonio,
3166 4655 3315 4729 quod
3331 4654 3470 4729 apud
3499 4655 3673 4729 ipsum

2086 4728 2274 4783 videre
2305 4725 2407 4783 est'.
2441 4728 2577 4783 Vide
2606 4729 2766 4782 etiam
2799 4735 2958 4782 notas
2990 4725 3207 4781 Baronii
3251 4726 3317 4779 ad
3345 4725 3672 4794 Martyrolo-

2086 4800 2232 4869 gium
2266 4803 2439 4865 primo
2467 4800 2611 4854 Maii.

2159 4869 2187 4908 δ
2213 4864 2543 4939 Sapientiam
2574 4871 2958 4937 interpretatur
2983 4870 3185 4923 Auctor
3208 4865 3298 4920 vel
3328 4864 3677 4939 ipsumChri-

2087 4948 2230 4995 stum
2260 4936 2444 4995 verum
2473 4941 2637 4994 Deum
2669 4936 2727 4995 et
2753 4940 3050 5005 hominem,
3082 4940 3167 4992 vel
3198 4939 3365 5002 idem,
3396 4944 3452 4989 et
3475 4936 3678 4990 doctri-

2091 5025 2213 5065 nam
2244 5010 2638 5067 Iucarnntiouis
2678 5012 2923 5079 ejusdem
2946 5050 2961 5075 ,
2993 5022 3151 5077 quam
3186 5008 3489 5079 rApOSlOIDS
3517 5017 3679 5061 vovet

2089 5079 2189 5134 Dei
2230 5083 2542 5149 sapientiam
2589 5083 2643 5135 in
2683 5077 2928 5151 mysterio
2971 5078 3342 5151 absconditam,
3392 5077 3517 5146 quia
3567 5093 3675 5132 non

2090 5161 2269 5222 potest
2292 5153 2525 5206 naturali
2555 5150 2764 5222 ratione
2792 5150 3067 5222 cognosci.

2166 5231 2189 5261 ο
2245 5222 2527 5287 Principes
2582 5220 2769 5276 saeculi
2823 5215 3209 5287 initerpretatur
3251 5215 3677 5284 Chrysostomus

2093 5292 2359 5347 llerodcm
2380 5333 2394 5356 ,
2425 5292 2687 5356 Pilatum,
2718 5300 2776 5346 et
2803 5290 3016 5346 Judaeos
3041 5329 3057 5355 ,
3088 5288 3178 5355 qui
3207 5287 3309 5341 etsi
3357 5289 3675 5342 nonnullam

2090 5363 2290 5416 Christi
2319 5364 2684 5430 cognitionem
2717 5361 3022 5427 habuerint,
3056 5372 3346 5428 numquam
3380 5367 3556 5412 tamen
3584 5374 3677 5410 cu-

2090 5441 2397 5498 gnnverunt
2420 5447 2541 5486 esse
2572 5434 2759 5496 Deum,
2786 5434 2912 5499 quia
2938 5430 2981 5482 si
3002 5431 3370 5499 cognovissent,
3396 5444 3675 5496 nuntquam

2092 5499 2373 5555 Dominum
2400 5503 2581 5572 glorias
2600 5498 2975 5572 cruciﬁaissent
3005 5501 3046 5572 (Ι
3069 5498 3300 5553 Corinth.
3331 5502 3425 5568 tt);
3453 5499 3604 5572 sicut
3622 5502 3675 5553 in

2093 5574 2242 5627 Actis
2264 5575 2338 5625 ait
2363 5569 2553 5626 Petrus
2577 5590 2589 5624 :
2626 5571 2747 5643 scio
2767 5572 2903 5641 quod
2943 5569 3033 5643 per
3046 5572 3397 5643 ignorantiam
3441 5569 3633 5634 fecistis
3656 5611 3672 5637 ,

2092 5644 2224 5695 sicut
2248 5642 2502 5711 principes
2532 5642 2685 5696 uestri
2706 5643 2846 5710 (Act.
2878 5640 2980 5710 ιιι).
3003 5640 3318 5697 Ambrosius
3347 5640 3641 5711 interpreta
3659 5668 3673 5680 -

2094 5721 2180 5765 tnr
2202 5709 2271 5766 de
2287 5709 2640 5780 daemonibus,
2670 5714 2763 5783 qui
2787 5714 2831 5766 si
2854 5709 2982 5768 vere
3004 5713 3170 5768 Deum
3193 5718 3249 5766 et
3262 5709 3677 5783 Redemptorcgn

2093 5789 2339 5851 nossent,
2390 5779 2840 5855 nutnqttam'ejus
2889 5792 3121 5841 mortem
3151 5790 3556 5852 procurassent.
3611 5779 3677 5838 Β.
