4040 6182
341 315 425 372 θῦ

1380 311 1468 367 DE
1509 310 2018 370 INC.\R.\'ATIONE
2059 311 2334 370 CHRISTI
2379 314 2507 369 LIB.
2553 313 2640 369 ιιι.
3587 318 3656 374 6’5

355 431 653 502 principum
689 428 1057 499 sarculihujus
1105 427 1358 499 cognovit.
1395 427 1455 482 Si
1487 430 1632 484 enim
1686 445 1952 498 cognom-
1983 434 2034 492 Α
2063 429 2313 500 ﬁgebant.
2351 431 2559 487 [labent
2589 445 2722 502 ergo
2741 431 2834 500 qui
2857 432 3186 488 conﬁtentur
3213 448 3338 490 cum
3364 433 3655 491 conﬁtente

355 534 504 588 sent,
552 539 835 592 numquam
883 521 1165 574 Dominum
1229 522 1517 591 majestatis
1581 521 1960 592 cruciﬁxissent

353 615 402 686 (Ι
423 615 544 668 Cor.
571 610 654 682 ιι).
690 611 821 678 Sed,
855 612 995 666 sicut
1033 611 1295 680 scriptum
1325 620 1445 678 est,
1482 613 1632 680 Quod
1655 614 1832 667 oculus
1857 630 1960 666 non

349 707 504 770 uidit,
537 721 632 758 nec
668 704 814 758 auris
844 703 1068 766 audiuit,
1102 719 1193 757 nec
1219 703 1272 756 in
1305 719 1392 756 cor
1435 703 1660 758 hominis
1705 704 1956 771 ascendit,

348 813 468 863 qua!
512 797 822 867 preparavit
854 795 990 849 Deus
1029 793 1111 849 his
1137 795 1224 864 qui
1265 796 1493 868 diligunt
1541 813 1656 851 eum
1708 795 1874 867 (Ibid.
1912 807 1960 852 et

350 887 514 942 Isaia!
537 888 724 957 utv).
758 887 922 942 Vides
960 902 1118 956 quam
1170 886 1410 942 breviter
1448 902 1634 944 sermo
1681 889 1954 958 Apostoli-

348 997 448 1036 cus
490 988 691 1049 quanta
739 980 984 1034 dixerit?
1013 979 1348 1047 Sapientiam
1379 996 1441 1036 se
1482 981 1628 1051 loqui
1677 982 1829 1048 dicit,
1861 983 1955 1037 sed

348 1072 673 1143 sapientium
701 1087 863 1141 quam
897 1069 1122 1138 perfecti
1159 1073 1534 1127 tantummodo
1581 1075 1794 1139 sciant,
1827 1090 1956 1144 pru-

349 1166 546 1218 dentes
590 1163 778 1218 saeculi
830 1165 1096 1218 nesciant.
1141 1163 1235 1219 Dei
1264 1165 1414 1218 enim
1447 1165 1582 1220 hanc
1614 1166 1687 1220 ait
1716 1181 1837 1220 esse
1869 1181 1958 1220 sa-

347 1257 638 1325 pientiam,
659 1271 780 1324 qua:
810 1257 880 1309 sit
908 1255 1090 1309 divino
1120 1263 1260 1310 tecta
1292 1257 1576 1326 mysterio,
1609 1265 1663 1310 et
1687 1265 1813 1316 ante
1843 1273 1958 1310 om-

347 1349 438 1402 uin
463 1349 664 1402 saecula
693 1349 746 1400 in
771 1358 1079 1402 sanctorum
1103 1347 1327 1417 gloriam
1349 1348 1766 1416 prmdestiuata;
1795 1359 1957 1416 atque

347 1442 478 1496 ideo
505 1457 627 1496 eam
661 1439 743 1494 his
776 1449 980 1495 tantum
1032 1441 1123 1510 qui
1154 1440 1322 1494 Deum
1376 1439 1594 1510 sapiunt
1623 1455 1744 1496 esse
1773 1440 1955 1510 cogni-

346 1544 493 1598 tam,
526 1531 866 1603 principibus
895 1541 1074 1587 autem
1123 1533 1308 1587 smcnli
1343 1532 1504 1603 hujus
1545 1535 1762 1602 penitus
1808 1534 1958 1602 igno-

343 1636 483 1680 tam.
515 1625 746 1680 Causam
778 1637 960 1678 autem
1009 1623 1282 1692 subdidit,
1338 1639 1444 1693 qua
1495 1635 1785 1694 utrumque
1812 1624 1954 1694 quod

342 1718 560 1775 dixerat
591 1716 1002 1783 comprobaret,
1025 1715 1212 1770 dicens
1237 1731 1252 1770 :
1306 1715 1370 1772 Si
1398 1717 1543 1772 enim
1571 1717 1952 1786 cognovissent,

2060 523 2328 594 Apostolo
2359 533 2587 594 partem,
2621 524 2823 578 habeas
2857 535 2908 579 tu
2940 540 3168 582 necesse
3205 535 3294 581 est
3326 542 3447 580 cum
3476 541 3659 598 perseo

2059 618 2351 685 quentibus
2395 617 2720 686 portionem.
2761 616 2902 684 Quid
2934 631 3064 686 ergo
3111 626 3195 672 est
3234 617 3319 673 hic
3345 618 3455 687 jam
3509 618 3653 688 quod

2061 707 2169 762 dici
2203 709 2410 777 queat?
2440 706 2730 760 Dominum
2763 707 3058 776 majestatis
3085 709 3400 765 cruciﬁxum
3425 711 3660 780 Aposto-

2059 798 2144 853 lus
2173 799 2304 854 dicit
2331 819 2342 851 :
2374 799 2599 852 immuta
2623 798 2728 852 hoc
2753 800 2802 852 si
2837 809 3019 867 potes;
3053 816 3243 870 separa
3290 818 3457 866 nunc,
3488 803 3531 856 si
3566 819 3658 855 va-

2062 891 2143 946 les
2167 935 2181 956 ,
2214 891 2399 947 Jesum
2431 907 2460 945 a
2490 891 2622 945 Deo.
2655 892 2712 945 Cl
2732 891 2987 946 uciﬁxum
3036 902 3184 946 certe
3207 908 3236 947 a
3265 893 3470 947 Jutlaris
3497 893 3656 948 Chri-

2062 993 2203 1038 stum
2234 1000 2434 1053 negare
2463 999 2566 1038 non
2603 992 2775 1053 potes.
2828 983 2933 1039 Sed
2975 984 3229 1040 Dominus
3259 986 3555 1053 majestatis
3577 995 3658 1041 est

2059 1077 2148 1145 qui
2201 1078 2493 1132 cruciﬁxus
2529 1086 2652 1138 cst,
2694 1091 2828 1146 ergo
2870 1090 3092 1132 necesse
3118 1087 3201 1130 est
3250 1085 3342 1130 aut
3384 1078 3654 1132 Christum

2059 1168 2277 1222 aflixum
2321 1183 2445 1224 esse
2486 1168 2540 1222 in
2566 1183 2732 1224 cruce
2775 1168 3172 1238 dencgcs,aut
3216 1167 3382 1222 Deum
3431 1167 3656 1222 afﬁxam

2059 1273 2182 1314 esse
2203 1258 2446 1315 fatearis.

2673 1327 2898 1384 CAPUT
2949 1329 3044 1384 XI.

2061 1419 2391 1491 Evangelicis
2423 1421 2721 1477 testimoniis
2751 1423 2980 1476 eamdem
3019 1421 3309 1474 doctrinam
3337 1421 3654 1478 corroborat.

2132 1532 2236 1588 Sed
2263 1535 2398 1588 forte
2418 1532 2640 1587 offundit
2664 1543 2713 1588 te
2735 1533 2876 1602 quod
2905 1533 3104 1586 Lundiu
3129 1534 3286 1586 unius
3308 1533 3396 1587 vel
3422 1535 3654 1589 maxime

2065 1625 2212 1679 Pauli
2239 1626 2469 1694 apostoli
2501 1626 2824 1680 testimoniis
2856 1626 3068 1695 loquor.
3099 1624 3242 1678 Satis
3270 1624 3400 1677 mihi
3428 1624 3654 1679 idoneus

2063 1725 2148 1772 est
2176 1733 2335 1783 quem
2378 1717 2540 1786 elegit
2567 1717 2741 1784 Deus;
2787 1731 2887 1772 nec
2912 1717 3054 1770 enim
3089 1716 3353 1770 erubesco
3380 1732 3500 1771 eum
3529 1717 3655 1773 ﬁdei

342 1826 635 1882 numquam
689 1808 976 1862 Dominum
1039 1809 1325 1880 majestatis
1390 1809 1787 1878 cruciﬁxissent.
1848 1807 1953 1864 Sed
1985 1818 2033 1878 Β
2062 1824 2195 1863 mea:
2223 1808 2419 1864 habere
2450 1819 2666 1876 testem,
2701 1825 2862 1880 quem
2895 1809 3036 1862 Deus
3069 1809 3234 1862 voluit
3269 1809 3452 1864 mundi
3491 1811 3654 1864 totius

342 1905 611 1972 scriptum
646 1910 765 1957 est:
795 1900 948 1966 Quod
975 1901 1154 1954 oculus
1186 1917 1288 1954 non
1314 1900 1468 1966 uidit,
1501 1917 1593 1955 nec
1623 1901 1764 1954 auris
1794 1901 1951 1956 audi-

344 1996 439 2061 vit,
468 2010 564 2048 nec
592 1994 646 2046 in
675 2009 765 2056 cor
797 1992 1017 2046 hominis
1049 1991 1298 2056 ascendit,
1333 2007 1450 2061 qua:
1473 1991 1786 2062 preparavit
1814 1991 1953 2046 Deus

344 2085 428 2139 his
453 2086 545 2155 qui
571 2085 808 2154 diligunt
840 2099 978 2136 eum.
1012 2082 1173 2138 Vides
1217 2098 1348 2153 ergo
1393 2082 1534 2152 quod
1559 2082 1823 2151 sapientia
1855 2082 1952 2138 Dei

346 2181 400 2233 in
429 2179 696 2250 mysterio
721 2177 1058 2241 abscondita,
1094 2185 1148 2230 et
1171 2186 1299 2231 ante
1323 2177 1522 2231 saecula
1548 2177 1951 2245 prmdesunatn,

345 2270 435 2326 bis
454 2270 556 2324 fuit
586 2270 876 2338 incognita,
901 2267 998 2338 qui
1025 2268 1324 2337 majestatis
1355 2268 1642 2322 Dominum
1669 2268 1952 2323 cruciﬁxe-

346 2361 523 2416 runt?
552 2361 636 2415 his
669 2361 1094 2431 autem-cognita
1127 2361 1216 2429 qui
1247 2367 1610 2429 susceperunt
1642 2359 1661 2411 l
1691 2359 1838 2414 Bene
1861 2375 1954 2413 an-

348 2464 458 2510 tem
483 2456 537 2508 in
561 2435 824 2524 mysterio
846 2451 1218 2507 absconditam
1249 2451 1385 2506 dicit
1411 2451 1507 2506 Dei
1541 2453 1708 2506 fuisse
1735 2451 1956 2519 sapien—

350 2549 510 2612 tiam,
538 2547 658 2615 quia
705 2545 903 2599 nullius
943 2544 1044 2599 hoc
1073 2560 1326 2614 umquam
1362 2543 1599 2598 hominis
1653 2544 1738 2598 vel
1767 2543 1954 2600 oculus

349 2640 574 2705 videre,
627 2638 708 2692 vel
757 2636 947 2691 audire
990 2637 1174 2702 auris,
1223 2635 1309 2691 vel
1338 2650 1433 2690 cor
1462 2636 1632 2704 potuit
1671 2636 1951 2704 cogitare,

351 2731 496 2800 quod
548 2729 846 2799 majestatis
894 2727 1150 2782 Dominus
1191 2727 1280 2782 vel
1329 2726 1642 2784 nasciturus
1689 2737 1834 2785 esset
1880 2743 1952 2785 ex

354 2824 601 2894 Virgine,
634 2823 716 2877 vel
749 2832 1012 2878 venturus
1042 2821 1098 2876 in
1124 2835 1314 2888 carne,
1354 2821 1444 2874 vel
1473 2822 1618 2874 omni
1641 2821 1955 2880 afﬁciendus

352 2929 534 2984 paena:
561 2922 618 2968 et
643 2913 988 2968 contumelize
1019 2896 1292 2981 passione.
1346 2910 1451 2965 Sed
1486 2910 1602 2966 haec
1643 2912 1829 2980 nti-lue
1862 2915 1952 2968 Dei

351 3007 522 3075 dona,
551 3005 692 3060 sicut
722 3021 881 3059 nemo
907 3004 1126 3073 estqui,
1175 3018 1296 3058 cum
1326 3013 1512 3057 essent
1550 3003 1864 3059 abscondita
1901 3007 1951 3059 in

349 3101 645 3171 mysterio,
678 3111 872 3166 sapere
897 3111 1148 3164 umquam
1181 3111 1276 3165 per
1297 3110 1356 3149 se
1389 3095 1646 3166 patuerit,
1674 3096 1742 3149 ita
1765 3095 1953 3152 beatus

2056 1917 2176 1957 esse
2208 1900 2509 1956 doctorem.
2544 1901 2650 1958 Sed
2681 1911 2863 1957 tamen
2896 1909 2952 1955 ut
2981 1901 3320 1971 acquiescam
3352 1903 3404 1955 in
3431 1902 3532 1956 hoc
3561 1919 3653 1956 vo-

2055 1993 2248 2048 luntati
2282 2003 2408 2060 tuae,
2435 1997 2525 2064 qui
2558 1994 2757 2048 habere
2790 2010 2873 2048 me
2902 1993 3083 2047 forsan
3116 1994 3249 2047 alios
3277 2010 3503 2063 quorum
3533 2005 3652 2050 utar

2055 2087 2382 2141 testimoniis
2412 2102 2517 2140 non
2557 2086 2863 2151 arbitraris,
2911 2083 3034 2138 audi
3069 2084 3364 2153 perfectura
3396 2086 3649 2144 humanae

2055 2177 2243 2232 salutis
2293 2187 2349 2233 et
2399 2178 2744 2246 sempiternae
2804 2175 3151 2231 beatitudinis
3205 2188 3647 2247 sacramentum,

2057 2267 2322 2323 Martham
2357 2270 2410 2322 in
2438 2267 2731 2337 Evangelio
2763 2267 3163 2336 praedicantem.
3199 2267 3336 2334 Quid
3363 2269 3507 2323 enim
3539 2269 3652 2324 ait?

2060 2361 2269 2434 Utique,
2304 2363 2541 2426 Domine,
2572 2370 2596 2397 ⁸
2625 2377 2716 2430 ego
2742 2361 2942 2414 credidi
2969 2361 3090 2428 quia
3129 2369 3183 2412 tu
3209 2377 3261 2414 es
3293 2359 3526 2415 Christus
3555 2359 3652 2416 Εἰ-

2057 2455 2156 2520 lius
2188 2453 2284 2512 Dei
2310 2455 2430 2518 vivi,
2457 2453 2544 2522 qui
2572 2455 2624 2505 in
2653 2453 2788 2506 hunc
2819 2451 3062 2505 mundum
3107 2453 3282 2505 venisti
3306 2450 3508 2524 _(.Ioa-u.
3540 2451 3652 2526 ιι).

2059 2547 2216 2606 Disce
2257 2563 2286 2602 a
2333 2545 2564 2600 muliere
2612 2543 2772 2598 ﬁdem
2820 2559 3027 2609 veram,
3075 2543 3226 2599 disce
3271 2552 3492 2600 αξιοι-ιω
3534 2547 3650 2617 spei

2057 2637 2482 2708 confessionem.
2531 2636 2708 2693 Habes
2753 2646 2929 2691 tamen
2971 2636 3178 2705 grande
3225 2637 3513 2705 solarium;
3545 2656 3651 2698 non

2058 2731 2348 2796 erubescas
2381 2729 2448 2784 ab
2488 2745 2551 2783 ea
2579 2736 2976 2784 sacramentum
3021 2727 3211 2781 salutis
3261 2743 3580 2800 agnoscere,
3623 2745 3650 2788 a

2057 2837 2162 2894 qua
2200 2821 2568 2878 testimonium
2604 2820 2745 2874 Deus
2773 2834 2878 2874 non
2918 2816 3173 2872 refutavit
3201 2819 3471 2888 accipere.

2652 2929 2880 2985 CAPUT
2921 2928 3036 2984 XII.

2063 3029 2142 3085 Ea:
2171 3027 2235 3083 B.
2271 3026 2413 3082 Petri
2436 3024 2800 3079 laudatissima
2828 3021 3146 3104 confessione
3185 3021 3443 3076 Christum
3486 3022 3646 3079 Deum

2651 3111 2758 3150 esse
2789 3103 3060 3148 coniuncti.

354 3193 556 3262 estqui
589 3193 825 3245 revelata
853 3189 1126 3258 cognovit.
1163 3187 1316 3243 Unde
1341 3189 1668 3259 quicumque
1697 3205 1814 3246 eam
1846 3207 1951 3246 non
1981 3195 2026 3257 C
2128 3193 2284 3261 Quod
2325 3192 2370 3247 si
2413 3188 2708 3244 auctoritas
2754 3186 2848 3240 tibi
2896 3183 3081 3238 forsan
3132 3198 3375 3252 personae
3428 3185 3652 3256 majoris

354 3291 727 3356 agnoverunt,
777 3296 998 3337 necesse
1039 3281 1348 3336 habeantur
1378 3281 1519 3337 inter
1549 3282 1820 3354 principes
1850 3301 1954 3340 sa:-

355 3381 498 3446 cu‘li;
537 3379 625 3448 qui
657 3390 840 3432 autem
870 3383 1280 3447 cognoverunt,
1327 3375 1471 3431 inter
1514 3375 1788 3448 sapientes
1832 3379 1949 3434 Dei.

352 3471 477 3527 Non
508 3469 753 3540 agnoscit
779 3483 910 3539 ergo
938 3468 1110 3522 Deum
1133 3467 1186 3523 in
1212 3481 1377 3522 carne
1407 3475 1614 3536 natum,
1643 3469 1736 3538 qui
1759 3479 1950 3540 negat;

355 3573 558 3636 ergoet
579 3578 675 3618 vos
696 3577 802 3617 non
831 3560 1144 3632 agnoscitis,
1170 3562 1260 3630 qui
1295 3561 1522 3631 negatis.
1551 3561 1657 3617 Sed
1689 3561 1953 3632 quidlibet

357 3654 588 3720 faciatis,
613 3652 906 3725 quamlibet
935 3651 1098 3722 impie
1139 3652 1368 3722 negetis,
1401 3667 1501 3706 nos
1541 3651 1660 3722 plus
1688 3653 1952 3722 Apostolo

356 3748 651 3803 credimus.
679 3745 747 3800 Et
767 3743 1176 3815 quidApostolo
1199 3743 1360 3798 dico?
1381 3743 1501 3814 plus
1521 3744 1632 3800 Deo
1655 3745 1948 3800 credimus.

355 3843 462 3912 ipsi
491 3843 636 3897 enim
666 3856 763 3910 per
801 3838 1120 3909 Apostolum
1167 3838 1441 3894 credimus
1467 3881 1480 3902 ,
1513 3854 1674 3909 quem
1710 3839 1950 3894 locutum

354 3933 408 3988 in
435 3932 694 4003 Apostolo
716 3931 852 3986 certi
875 3944 1081 3984 sumus.
1101 3929 1397 3984 Dominum
1428 3929 1726 3999 majestatis
1769 3944 1954 3984 sermo

357 4025 571 4081 divinus
585 4023 905 4079 cruciﬁxum
923 4037 952 4076 a
967 4021 1304 4092 principibus
1328 4021 1490 4091 hujus
1504 4022 1688 4077 stcculi
1711 4022 1873 4088 dicit;
1898 4031 1952 4077 tu

356 4132 539 4188 negas,
563 4127 620 4172 et
649 4117 724 4171 illi
747 4117 1012 4186 negabant
1034 4113 1206 4170 Deum
1233 4129 1291 4169 se
1316 4114 1633 4184 cruciﬁgere
1661 4115 1753 4184 qui
1777 4113 1951 4168 cruci-

2059 3287 2236 3359 placet
2264 3281 2548 3354 (quamvis
2589 3277 2790 3333 nullius
2830 3276 3119 3342 diSplicere
3164 3274 3243 3328 vel
3290 3289 3518 3343 persona
3565 3277 3648 3333 vel

2057 3391 2218 3434 sexus
2244 3375 2442 3430 debeat
2471 3371 2560 3427 cui
2591 3367 2864 3426 confessio
2906 3364 3229 3419 sacramenti
3272 3369 3648 3425 auctoritatem

2056 3469 2205 3536 facit,
2241 3467 2366 3538 quia
2397 3463 2695 3534 quamlibet
2738 3458 2978 3515 conditio
3025 3459 3340 3526 cujusquam
3375 3469 3469 3513 aut
3499 3459 3648 3516 locus

2055 3563 2234 3618 minor
2259 3560 2351 3627 sit,
2384 3558 2556 3613 virtus
2583 3565 2760 3609 tamen
2800 3551 2924 3606 ﬁdei
2944 3550 3118 3604 nescit
3150 3550 3450 3618 imminui),
3481 3550 3648 3606 inter.

2054 3667 2306 3724 rogemus
2351 3660 2660 3704 tamennon
2692 3642 3036 3714 incipientem
3081 3639 3312 3710 aliquem
3363 3641 3648 3709 puerulum

2056 3745 2210 3815 cujus
2239 3735 2502 3798 institutio
2529 3736 2702 3800 rudis,
2739 3743 2832 3789 aut
2873 3732 3124 3786 feminam
3174 3732 3330 3800 cujus
3360 3732 3491 3788 ﬁdes
3537 3735 3648 3789 for-

2055 3840 2196 3892 sitan
2225 3835 2470 3889 videatur
2500 3829 2784 3898 incipiens,
2815 3824 2910 3879 sed
2938 3839 3210 3878 summum
3240 3825 3391 3878 illum
3424 3835 3477 3879 et
3508 3825 3647 3883 inter

2060 3927 2349 3995 discipulos
2371 3919 2715 3989 discipulum,
2740 3928 2791 3972 et
2825 3917 2966 3969 inter
2991 3912 3278 3981 magistros
3309 3915 3646 3985 magistrum,

2057 4017 2085 4058 δ
2109 4018 2196 4089 qui
2229 4017 2486 4071 Romana:
2515 4009 2771 4066 Ecclesia:
2786 4005 3208 4078 gubernaculum
3243 4021 3461 4077 regens,
3494 4019 3516 4047 ε
3548 4010 3648 4064 sic.

2057 4121 2118 4166 ut
2158 4108 2287 4164 ﬁdei
2336 4105 2540 4168 habuit,
2585 4103 2657 4157 ita
2697 4112 2755 4156 et
2801 4098 3088 4154 sacerdotii
3129 4097 3509 4169 principatum.
3558 4101 3648 4158 Dic

1450 4213 1710 4280 ALAmn
1749 4222 1979 4280 GAZ/El
2018 4205 2585 4278 COMMENTARIUS.

357 4323 591 4378 Thomas
633 4321 687 4376 in
726 4319 1130 4376 Commentario
1177 4321 1336 4372 docet
1382 4332 1544 4384 posse
1599 4318 1824 4386 intelligi
1873 4319 1943 4373 de

355 4395 546 4463 triplici
589 4407 788 4462 genere
829 4392 1129 4459 principum
1157 4408 1169 4442 :
1204 4390 1526 4452 chulares,
1569 4388 1622 4441 in
1645 4390 1773 4463 init,
1799 4389 1943 4463 prin-

353 4459 488 4530 cipes
537 4459 671 4516 hanc
703 4463 1010 4529 sapientiam
1035 4477 1140 4514 non
1182 4469 1556 4531 cognoverunt,
1583 4462 1705 4525 quia
1743 4459 1942 4512 excedit

353 4537 604 4588 rationem
645 4533 859 4585 humani
887 4533 1168 4602 regiminis.
1203 4530 1516 4602 Philosophi
1561 4547 1662 4602 non
1685 4545 1943 4602 cognove-

352 4617 500 4668 runt,
529 4607 655 4673 quia
681 4603 876 4673 excedit
923 4599 1178 4656 rarionem
1217 4601 1516 4654 humanam.
1573 4599 1722 4653 Unde
1753 4599 1943 4673 dicitur

352 4672 560 4729 Barnch
589 4691 646 4729 ιιι
691 4691 708 4727 :
761 4672 1114 4744 Exquisitores
1155 4673 1442 4744 prudentia:
1477 4678 1525 4723 et
1552 4672 1778 4723 scicntia:
1806 4672 1942 4722 viam

2050 4316 2218 4370 Roma
2265 4310 2537 4382 Evangelii
2576 4307 2657 4362 sui
2673 4305 2930 4382 clavibus
2966 4308 3190 4382 ianuam
3235 4306 3382 4382 regni
3427 4307 3648 4382 caelestis

2046 4387 2268 4456 aperuit.
2306 4375 2438 4456 Leo"
2459 4395 2624 4456 ser_m.
2664 4380 2800 4456 lude
2843 4376 3019 4456 Natali
3068 4375 3436 4456 apostolorum
3472 4375 3648 4456 :“Curn

2044 4445 2271 4526 apostoli
2317 4451 2642 4526 imbuendum
2697 4447 2976 4526 Evangelia
3024 4445 3312 4526 mundum,
3348 4447 3644 4526 distributis

2042 4515 2141 4580 sibi
2162 4537 2415 4579 terrarum
2445 4521 2697 4591 partibus,
2725 4515 3082 4591 suscepissent,
3109 4516 3427 4591 ﬁentissirytus
3457 4515 3644 4591 Petrus

2043 4598 2279 4666 princeps
2301 4585 2807 4666 apostoliciordinis,
2831 4587 2897 4639 ad
2913 4603 3086 4666 arcem
3114 4585 3333 4666 lionnmi
3359 4589 3644 4666 destinatur

2045 4659 2272 4733 imperii,
2302 4659 2354 4717 ut
2383 4669 2466 4718 lea:
2489 4661 2739 4733 veritatis,
2766 4673 2878 4726 qua:
2907 4659 2974 4733 in‘
2992 4660 3218 4733 omnium
3247 4659 3475 4733 gentium
3498 4675 3640 4710 reve-

351 4725 1255 4813 nescieruntibtcmo'nes
1275 4745 1429 4795 etiam
1462 4757 1565 4794 non
1593 4751 1938 4811 cognoscunt,
1973 4725 2019 4785 Π
2046 4725 2529 4813 ιαύαίιιίεαίιιιεηιι
2555 4730 2985 4813 cﬂicacius‘senub
3023 4729 3332 4813 ipso‘clapite'
3361 4745 3451 4813 p_er
3478 4738 3642 4813 totum

350 4819 473 4887 quia
502 4818 701 4870 excedit
731 4831 931 4887 omnem
954 4815 1260 4887 sapientiam
1300 4822 1548 4887 creatam.

421 4898 448 4925 ι
491 4889 586 4941 llis
613 4887 791 4941 verbis
813 4879 1050 4940 breviter
1070 4884 1317 4937 coofessa
1344 4891 1424 4936 est
1444 4880 1648 4936 Martha
1677 4879 1939 4950 quidquid

352 4959 418 5014 de
441 4958 666 5013 Christo
694 4964 904 5026 poterat
948 4955 1192 5010 conﬁteri
1224 4953 1394 5022 (Vide
1438 4952 1677 5026 Maldon.
1718 4953 1775 5026 in
1803 4952 1943 5004 hunc

355 5028 589 5096 locum),
621 5021 741 5096 ejus
786 5025 994 5080 scilicet
1034 5021 1366 5096 divinitatem
1417 5035 1471 5078 ct
1514 5021 1937 5096 humanitatem;

354 5102 482 5154 nihil
505 5093 903 5164 enim'amplius
927 5097 1121 5151 Petrus
1147 5095 1428 5149 confessus
1453 5103 1538 5149 est
1558 5093 1794 5148 Matthaai
1824 5107 1938 5158 xvr,

355 5187 472 5224 cum
500 5169 748 5226 Christus
769 5184 891 5223 eum
911 5167 1128 5222 beatum
1156 5167 1466 5233 appellavit,
1499 5173 1553 5219 et
1578 5179 1740 5226 super
1764 5165 1942 5232 ipsum

358 5241 652 5295 Ecclesiam
685 5255 834 5293 suam
867 5254 926 5292 se
957 5237 1300 5291 fundatnrum
1334 5237 1597 5303 promisit.
1628 5235 1766 5302 Quin
1791 5234 1933 5288 Petri

355 5312 678 5366 confus~ioni
713 5311 814 5365 hoc
843 5311 1006 5364 etiam
1038 5309 1278 5362 addidit:
1307 5309 1409 5373 Qui
1439 5307 1489 5359 in
1523 5307 1656 5359 hunc
1688 5306 1935 5357 mundum

357 5385 550 5444 renisu,
581 5392 642 5436 nt
673 5383 942 5450 Rupertus
965 5379 1378 5442 animadvertit;
1412 5377 1621 5450 quibus
1639 5375 1819 5430 verbis
1847 5389 1940 5428 no-

358 5455 480 5507 lavit
523 5447 772 5509 ofﬁcium
804 5466 866 5505 ac
907 5452 1219 5522 mysterium
1265 5447 1674 5522 redemptionis
1703 5457 1933 5522 nostgc,

358 5525 438 5591 qni
463 5525 560 5579 fuit
588 5527 712 5580 linis
739 5531 791 5577 et
816 5517 1015 5589 scopas
1038 5521 1386 5591 adventuset
1416 5517 1800 5591 incarnationis
1834 5517 1938 5570 Du-

361 5588 582 5650 rninicr.
615 5596 699 5650 Ad
732 5596 837 5646 hoc
866 5588 1013 5647 enim
1043 5593 1195 5645 venit
1225 5588 1392 5644 Filius
1426 5589 1682 5652 hominis,
1719 5598 1773 5641 ut
1801 5602 1941 5657 qua:—

359 5676 477 5718 τίνει
501 5679 546 5720 et
567 5668 769 5720 salvum
796 5666 989 5733 faceret
1008 5663 1144 5730 quod
1174 5662 1394 5733 perierat
1425 5658 1584 5733 (Luc.
1610 5674 1697 5733 an;
1720 5657 1758 5728 ).

421 5734 446 5774 ι’
489 5738 771 5804 Eusebius,
797 5729 896 5788 lib.
920 5749 956 5787 ιι
985 5729 1122 5804 Hist.
1147 5747 1266 5804 cap.
1296 5732 1381 5793 li,
1410 5732 1478 5804 de
1501 5729 1662 5804 Petro
1690 5731 1941 5804 loquens:

362 5803 633 5876 Salutaris,
669 5800 864 5875 inquit,
896 5803 1284 5872 praedicationis
1316 5800 1487 5868 verbo,
1509 5802 1705 5869 prima:
1737 5801 1790 5854 in
1819 5800 1944 5855 urbe

2047 4809 2226 4862 mundi
2247 4823 2432 4877 corpus
2454 4798 2763 4871 effunderet.
2799 4802 2861 4854 Et
2887 4798 3118 4868 Prosper
3139 4799 3280 4853 libro
3303 4799 3369 4853 de
3392 4798 3641 4866 Ingratis:

2138 4920 2300 4970 Sedes
2319 4917 2469 4966 Roma
2495 4915 2653 4974 Petri,
2679 4928 2806 4977 quae,
2826 4911 3082 4977 pastoralis
3101 4912 3302 4977 honoris

2138 4981 2286 5030 Facta
2310 4987 2455 5042 caput
2474 4972 2672 5039 tnuudo,
2697 4972 2931 5039 quidQuid
2957 4987 3050 5023 non
3076 4974 3292 5036 possidet
3315 4972 3480 5031 armis,

2141 5042 2421 5104 Relligioue
2446 5047 2604 5090 tenet.

2121 5171 2142 5198 ε
2183 5158 2239 5214 S.
2270 5158 2383 5212 Leo
2413 5170 2577 5210 serm.
2611 5153 2645 5207 '5
2671 5153 2720 5205 in
2749 5149 3121 5205 anniversario
3147 5164 3161 5202 :
3193 5145 3264 5198 De
3291 5153 3415 5208 toto,
3446 5145 3641 5213 inquit,

2044 5235 2234 5284 mundo
2284 5245 2416 5282 unus
2467 5226 2653 5279 Petrus
2684 5224 2908 5292 cligitur,
2941 5221 3094 5292 quiet
3125 5218 3475 5292 arriversariLm
3516 5233 3649 5292 gen-

2045 5305 2173 5354 tium
2193 5300 2450 5354 t'ocationi
2472 5342 2484 5362 ,
2513 5308 2558 5350 et
2581 5284 2814 5348 omnibus
2836 5284 3080 5362 apostolis
3103 5284 3644 5362 cunctis‘queEcclesire

2049 5372 2296 5426 Patribns
2328 5355 2679 5439 praeponatur,
2713 5373 2765 5417 ut
2791 5355 3017 5430 quamvis
3063 5361 3117 5410 in
3148 5355 3334 5439 populo
3370 5355 3464 5409 Dei
3495 5357 3643 5436 multi

2048 5442 2338 5496 sacerdotes
2368 5437 2469 5493 sint
2494 5438 2740 5505 multique
2769 5443 3023 5505 pastores,
3047 5444 3219 5505 omnes
3241 5437 3408 5505 tamen
3435 5443 3644 5505 praprte

2049 5523 2192 5584 regat
2225 5513 2433 5584 Petrus,
2462 5525 2590 5584 quos
2619 5496 2974 5584 principaliter
3003 5499 3128 5584 regit
3161 5507 3207 5550 et
3222 5496 3486 5579 .Christns.
3586 5515 3638 5547 a-

2050 5570 2209 5654 gnum
2252 5591 2298 5636 et
2333 5570 2590 5640 mirabile,
2619 5570 2972 5654 dilectissimi,
3021 5571 3140 5649 huic
3183 5570 3292 5654 Ιςεὶιό
3323 5571 3642 5654 consortium

2053 5637 2294 5724 polentia
2321 5666 2430 5704 sua:
2469 5637 2642 5724 tribuit
2673 5645 2846 5724 dirina
2889 5643 2992 5711 dig‘
3014 5645 3148 5724 alio:
3289 5641 3333 5692 si
3362 5639 3484 5702 quid
3529 5651 3639 5724 curn

2052 5711 2111 5778 eo
2141 5719 2632 5778 communerteteris
2663 5716 2818 5768 coluit
2853 5730 2958 5767 esse
2986 5711 3326 5778 principibus,
3365 5723 3640 5777 numquam

2053 5797 2152 5850 nisi
2179 5811 2268 5861 per
2294 5795 2459 5860 ipsum
2487 5791 2628 5846 dedit
2651 5787 2899 5855 quidquid
2928 5787 3046 5840 aliis
3072 5801 3171 5838 non
3199 5781 3420 5848 negavit.
3455 5778 3639 5833 Omnes
