4040 6182
374 333 444 386 οι
1708 329 1990 387 sumis
2027 331 2340 389 cassum
3600 335 3670 394 es
3710 398 3712 400 τ

376 441 532 496 nobis
557 454 710 509 ergo,
744 438 830 492 dic
861 437 1045 504 nobis,
1085 451 1416 508 qumsumus,
1462 437 1716 509 princeps
1758 451 1974 510 aposto-
2003 450 2050 507 Α
2084 441 2226 498 idem
2247 443 2926 514 essctorooresponsionis
2941 443 3033 514 qui
3061 443 3452 512 erathonoris;
3485 448 3673 519 etipss

379 536 554 588 lorutn
585 532 765 599 Petre,
806 532 894 587 die
933 531 1393 600 quemadmodum
1440 532 1666 588 credere
1710 531 1970 590 Ecclesia

372 627 542 683 Deum
572 625 843 681 tit-beant?
868 639 1078 695 equum
1099 635 1193 681 est
1221 627 1362 680 enim
1389 637 1445 680 ut
1475 625 1673 681 doceas
1713 642 1834 696 nos,
1865 627 1968 682 do-

369 731 489 775 ctus
515 734 542 772 a
576 719 827 784 Domino,
861 727 917 772 et
957 717 1174 786 aperias
1218 717 1373 772 nobis
1397 715 1645 786 januam,
1679 719 1832 787 cujus
1859 718 1972 773 cla-

371 827 493 867 vein
520 809 798 880 accepisti.
831 809 1071 864 Exciude
1094 823 1285 863 omnes
1311 808 1665 865 sul‘odientes
1686 809 1967 865 caelestem

371 909 617 974 domum,
648 918 703 962 et
729 923 822 962 eos
849 907 939 976 qui
970 922 1070 977 per
1100 905 1435 961 adulterinas
1473 921 1740 961 cavernas
1779 918 1832 962 et
1864 906 1971 961 illi-

371 1002 509 1054 citos
549 999 753 1054 intrare
794 999 972 1053 aditus
1003 997 1300 1052 moliuntur
1327 1006 1546 1062 averte,
1595 999 1719 1068 quia
1755 1007 1964 1053 certum

370 1104 452 1148 est
477 1092 618 1162 quod
643 1091 820 1145 nullus
841 1091 1038 1144 ostium
1063 1091 1212 1159 regni
1238 1091 1446 1144 intrare
1471 1091 1688 1157 poterit,
1712 1089 1814 1144 nisi
1833 1099 1858 1126 ³
1879 1089 1969 1144 cui

370 1186 534 1240 clavis
564 1200 593 1238 a
627 1195 680 1239 te
714 1187 766 1238 in
802 1183 1060 1238 Ecclesiis
1090 1183 1359 1238 collocata
1393 1180 1657 1254 [collata]
1688 1183 1964 1239 reserarit.

371 1278 467 1332 Dic
491 1293 619 1346 ergo
642 1274 1097 1346 quemadmodum
1121 1274 1362 1328 credere
1389 1271 1573 1327 Jesutn
1605 1273 1880 1327 Christum
1912 1280 1969 1327 et

370 1371 617 1425 confiteri
654 1382 1002 1424 communem
1033 1365 1321 1421 Dominum
1355 1365 1672 1421 debeamus.
1724 1367 1968 1435 Respon-

368 1464 521 1520 debis
547 1464 731 1532 utique
754 1462 958 1531 absque
989 1460 1153 1515 dubio
1180 1476 1196 1514 ;
1229 1459 1368 1527 Quid
1411 1474 1494 1514 me
1525 1459 1766 1515 consulis
1796 1459 1968 1528 quali-

369 1564 452 1611 ter
480 1555 740 1610 Dominus
761 1551 1103 1609 conﬁtendus
1126 1553 1214 1617 sit,
1240 1566 1362 1607 cum
1385 1550 1592 1606 habeas
1611 1552 1842 1624 qualiter
1862 1551 1964 1606 sint

369 1661 474 1715 ego
503 1647 622 1714 ipse
647 1643 967 1700 confessus?
997 1642 1139 1714 Lege
1171 1642 1546 1713 Evangelium,
1572 1650 1752 1698 etnon
1784 1643 1967 1713 requi-

367 1754 454 1793 res
473 1753 754 1808 personam
778 1751 970 1802 meam,
991 1750 1113 1790 cum
1133 1735 1336 1790 habeas
1353 1734 1746 1791 confessionem
1767 1751 1967 1802 meam;

2075 535 2425 590 antecederet
2463 535 2834 603 confessione,
2881 535 2908 574 δ
2954 537 3045 606 qui
3076 537 3438 593 antecedebat
3483 547 3586 595 seta
3608 557 3668 600 e.

2069 624 2212 692 Quid
2255 640 2384 695 ergo
2411 625 2521 681 ait?
2557 637 2578 665 θ
2611 625 2692 680 Tu
2727 643 2803 695 es,
2839 627 3035 698 inquit,
3078 627 3310 683 Christus
3362 630 3534 686 Filius
3567 613 3672 687 iis:

2067 721 2172 774 vivi
2201 718 2436 792 (Matth.
2467 719 2608 792 xvi).
2640 721 2893 788 Simplici
2923 732 2979 777 et
3006 722 3213 777 rustica
3243 721 3670 795 interrogatione

2073 814 2140 868 ad
2163 813 2550 869 confutandnm
2579 824 2632 869 te
2673 816 2829 879 mihi,
2858 814 3136 881 hrcretice,
3173 818 3247 870 uti
3296 831 3519 872 necesse
3555 828 3662 873 est.

2075 905 2168 960 Dic
2195 905 2347 970 mihi,
2378 919 2584 975 quaso,
2617 903 2738 971 quis
2764 905 2852 959 ille
2882 905 3068 972 fuerit,
3099 906 3183 960 cui
3220 906 3411 962 Petrus
3437 908 3543 962 ista
3575 923 3667 964 re-

2071 996 2325 1067 spondit?
2346 996 2554 1065 Negare
2576 1013 2682 1050 nou
2707 1004 2859 1066 potes
2878 996 3154 1051 Chriszum
3179 997 3364 1052 fuisse.
3392 999 3668 1069 interrogo

2071 1105 2222 1160 ergo,
2266 1091 2535 1144 Christum
2581 1107 2743 1160 quem
2783 1091 2982 1145 vocas?
3029 1092 3301 1146 hominem
3325 1107 3398 1146 an
3453 1092 3668 1148 Deum?

2074 1181 2347 1234 hominem
2381 1183 2564 1250 utique
2592 1182 2796 1250 absque
2817 1181 3008 1249 dubio;
3041 1182 3170 1237 hinc
3200 1185 3343 1237 enim
3373 1187 3550 1241 omnis
3581 1192 3668 1242 est

2069 1280 2160 1326 tua
2215 1273 2458 1340 haeresis,
2492 1275 2616 1342 quia
2650 1287 2814 1343 negas
2859 1271 3132 1327 Christum
3184 1274 3380 1329 Filium
3433 1276 3551 1330 Dei.
3602 1278 3668 1333 Ει

2071 1365 2196 1419 ideo
2226 1365 2388 1419 etiam
2417 1365 2638 1419 Mariam
2668 1365 3054 1420 Citristotoeon
3086 1380 3228 1432 esse,
3275 1382 3382 1421 non
3419 1367 3662 1423 Theolo-

2069 1470 2171 1511 con
2203 1456 2361 1522 dicis,
2394 1457 2515 1526 quia
2544 1456 2740 1510 Christi
2772 1457 3003 1526 ge-nitrix
3039 1458 3132 1525 sit,
3178 1473 3286 1513 non
3332 1459 3461 1519 Dei:
3505 1458 3668 1515 Chri-

2070 1559 2212 1603 stum
2245 1565 2376 1619 ergo
2410 1558 2616 1604 tantum
2650 1550 2921 1606 hominem
2955 1552 3188 1614 asseris,
3235 1569 3342 1607 non
3393 1553 3580 1624 Deum,
3607 1563 3668 1612 et

2069 1640 2194 1697 ideo
2221 1641 2386 1696 filium
2415 1656 2536 1697 esse
2566 1657 2686 1696 eum
2717 1641 2972 1710 hominis,
3004 1658 3110 1698 non
3137 1643 3252 1698 Dei.
3280 1643 3418 1711 Quid
3445 1661 3575 1715 ergo
3598 1645 3665 1701 ad

2073 1733 2189 1789 h'ec
2215 1734 2494 1804 respuitdit
2523 1733 2750 1789 Petrus?
2781 1733 2857 1787 Tu
2888 1751 2962 1797 es,
2993 1734 3183 1805 inquit,
3217 1735 3450 1790 Christus
3492 1735 3542 1788 F
3545 1739 3667 1792 ilius

367 1834 534 1887 immo
562 1832 674 1886 illic
695 1830 863 1887 habes
890 1844 1179 1902 personam
1211 1843 1408 1896 meam,
1441 1830 1534 1886 ubi
1561 1829 1958 1886 confessionem
1994 1847 2039 1908 Β
2073 1828 2166 1884 Dei
2205 1829 2322 1883 rivi.
2353 1828 2627 1884 Christum
2667 1829 2810 1883 hunc
2839 1843 3002 1898 quem
3036 1837 3092 1884 tu
3120 1829 3352 1885 hominis
3381 1839 3588 1886 tantum
3611 1831 3668 1886 tl-

366 1941 568 1990 meam,
621 1925 744 1994 quia
788 1938 914 1979 cum
967 1938 1200 1992 persona
1247 1938 1366 1979 mea
1415 1922 1792 1978 auctoritatem
1845 1923 1966 1979 sine

366 2018 707 2074 confessione
732 2032 841 2073 non
867 2015 1084 2085 habeat,
1114 2017 1409 2072 auctoritas
1440 2023 1524 2071 est
1549 2029 1802 2084 persona
1829 2029 1964 2071 mea:

367 2113 479 2183 ipsa
507 2111 798 2166 confessio.
833 2109 926 2165 Dic
950 2124 1104 2181 ergo,
1139 2109 1498 2179 evangelista,
1531 2107 1619 2164 die
1645 2107 1805 2163 nobis
1833 2122 1967 2163 con-

365 2204 660 2260 fessionem
683 2220 702 2255 -ε
735 2201 824 2257 dic
851 2201 1048 2256 summi
1093 2199 1258 2257 tidem
1307 2197 1564 2270 apostoli,
1618 2197 1967 2254 hominemne

367 2305 574 2350 tantum
603 2291 891 2350 confessus
919 2291 991 2347 sit
1013 2291 1221 2356 .lesum,
1251 2305 1319 2345 an
1349 2290 1548 2356 Deum;
1579 2304 1798 2344 carnem
1821 2288 1876 2344 in
1899 2304 1966 2345 eo

368 2393 574 2443 tantum
607 2401 728 2443 esse
757 2385 978 2454 dixerit,
1021 2399 1092 2438 an
1131 2384 1226 2440 Dei
1259 2383 1453 2438 Filium
1503 2383 1847 2452 pratiicarit?
1877 2382 1964 2439 ln-

366 2477 665 2550 terroganti
694 2492 824 2549 ergo
853 2478 1079 2532 Domino
1105 2476 1233 2532 Jesu
1257 2475 1474 2532 Christo
1495 2491 1657 2547 quem
1688 2490 1813 2531 eum
1840 2491 1964 2532 cre-

364 2573 580 2638 derent,
606 2586 774 2644 quem
803 2569 1195 2626 confiterentur
1221 2583 1342 2625 esse
1372 2569 1644 2639 discipuli,
1679 2570 1962 2640 respondit

369 2666 576 2735 primus
602 2664 968 2735 apostolorum
1001 2663 1191 2719 Petrus
1212 2703 1228 2728 ,
1263 2677 1404 2718 unus
1436 2663 1620 2733 utique
1648 2677 1747 2732 pro
1785 2664 1958 2719 omni-

371 2758 504 2823 bus;
531 2755 673 2812 idem
702 2754 846 2812 enim
872 2755 1036 2810 unius
1067 2753 1256 2808 habuit
1277 2755 1584 2823 responsio,
1612 2753 1754 2823 quod
1789 2753 1958 2812 habe-

370 2850 462 2906 bat
486 2849 727 2905 omnium
762 2845 1037 2904 fides.Sed
1050 2845 1286 2916 primum
1314 2844 1497 2901 docuit
1519 2843 1869 2915 respondere,
1903 2855 1961 2901 ut

2073 1919 2204 1978 lium
2226 1934 2348 1976 esse
2368 1919 2699 1986 asseris,ille
2720 1930 2950 1976 testa'ur
2969 1919 3165 1976 Filium
3187 1920 3302 1977 Dei.
3325 1921 3522 1978 Cuivis
3545 1937 3668 1980 ere-

2067 2013 2300 2070 damus?
2319 2013 2441 2079 tibi,
2465 2029 2532 2068 an
2547 2013 2743 2069 Petro?
2764 2014 2976 2083 Opinor,
3006 2029 3114 2068 non
3141 2028 3201 2069 es
3223 2025 3328 2069 tam
3356 2015 3665 2083 impudens,

2068 2115 2129 2162 ut
2156 2121 2478 2177 praeponere
2500 2115 2554 2162 te
2578 2105 2778 2162 audeas
2805 2105 2981 2176 primo
3003 2106 3392 2176 apostolorum.
3423 2106 3666 2162 Tametsi

2067 2200 2197 2272 quid
2233 2209 2317 2256 est
2354 2199 2497 2271 quod
2540 2209 2594 2255 tu
2641 2214 2749 2254 non
2795 2199 3034 2254 audeas?
3075 2207 3168 2253 aut
3206 2199 3664 2269 quemadmodum

2065 2293 2369 2362 apostolum
2397 2309 2506 2348 non
2529 2292 2823 2364 despicias,
2854 2293 2946 2361 qui
2975 2293 3144 2348 Deum
3172 2308 3374 2364 negare
3399 2293 3658 2364 potuisti!

2069 2382 2148 2439 Tu
2173 2401 2225 2438 es
2247 2397 2404 2455 ergo,
2439 2383 2632 2456 inquit,
2660 2383 2896 2439 Christus
2921 2380 3096 2438 Filius
3123 2382 3224 2439 Dei
3248 2385 3365 2440 vivi.
3387 2382 3665 2456 Numquid

2065 2477 2170 2534 hoc
2199 2477 2433 2550 ambigui
2466 2488 2558 2532 aut
2585 2477 2799 2534 obscuri
2828 2476 3034 2546 aliquid
3080 2476 3135 2532 in
3176 2493 3240 2534 se
3285 2478 3480 2536 habet?
3519 2478 3668 2536 Sinu-

2065 2571 2189 2641 piex
2229 2578 2437 2626 tantum
2479 2578 2565 2626 est
2601 2579 2657 2625 et
2694 2577 2879 2639 aperta
2919 2569 3226 2635 confessio,
3266 2569 3538 2627 Christum
3572 2571 3666 2628 Dei

2064 2665 2258 2720 Filium
2289 2663 2567 2734 praedicat.
2595 2659 2770 2734 Negas
2793 2661 3027 2717 fortasse
3055 2661 3283 2729 dictum,
3313 2663 3408 2719 sed
3432 2679 3669 2734 evange-

2063 2756 2185 2811 lista
2219 2763 2468 2812 testatur.
2502 2755 2582 2812 An
2611 2753 2831 2810 mentiri
2877 2755 3184 2825 apostolum
3230 2753 3414 2810 dicis?
3443 2755 3541 2811 sed
3568 2755 3668 2812 de-

2065 2848 2327 2905 testabilis
2375 2847 2604 2915 faisitas,
2641 2845 2945 2918 apostolum
2974 2845 3224 2903 falsitatis
3257 2859 3546 2904 accusans.
3578 2848 3666 2906 An

1461 2959 1717 3014 ALABDI
1755 2959 1990 3018 GALEI
2028 2961 2596 3020 COMMENTARIUS.

371 3057 587 3126 denique
611 3055 873 3125 apostolos
896 3050 1149 3126 Dominus
1173 3051 1296 3124 quid
1319 3052 1383 3106 de
1407 3069 1460 3108 se
1484 3051 1716 3126 homines
1743 3054 1957 3122 apinen-

370 3139 457 3182 tur
483 3124 782 3197 interrogat,
804 3133 852 3179 et
877 3125 1071 3197 tamdiu
1094 3140 1272 3197 sermo
1287 3124 1706 3197 respondentium
1731 3139 1963 3197 commn-

371 3201 454 3252 nis
480 3207 575 3260 est,
609 3194 854 3262 quamdiu
884 3195 1124 3266 humanm
1149 3194 1500 3266 intelligentia
1527 3195 1834 3264 ambiguitas
1874 3212 1964 3250 ea:-

373 3269 623 3337 plicutur.
654 3268 719 3320 At
745 3267 830 3320 ubi
860 3265 985 3336 quid
1013 3265 1192 3337 habeat
1213 3336 1216 3337 ν
1236 3265 1412 3319 sensus
1453 3265 1830 3333 discipulorum
1855 3269 1965 3320 exi-

373 3335 536 3410 gitur,
565 3340 766 3410 primus
807 3347 880 3390 est
902 3337 969 3410 _in
1014 3335 1220 3410 Domini
1254 3337 1597 3406 confessione,
1638 3337 1728 3407 qui
1766 3337 1964 3407 primus

374 3407 447 3463 cst
479 3412 530 3463 in
563 3407 848 3474 apostolica
877 3407 1151 3478 dignitate.

2063 3058 2413 3128 accipienda,
2457 3056 2600 3129 quod
2649 3056 2838 3113 Petrus
2875 3067 3108 3129 caeteros
3151 3071 3340 3112 omnes
3387 3059 3668 3127 apostolos

2065 3126 2226 3184 atate
2271 3126 2649 3195 antecesserit,
2695 3129 2791 3183 sed
2847 3129 2990 3199 quod
3034 3126 3327 3199 plerosque
3375 3126 3566 3185 saltem
3612 3141 3667 3188 et

2211 3216 2242 3250 0
2308 3219 2336 3251 ll
2413 3241 2426 3254 .

2068 3203 2182 3310 [eff
2205 3215 2514 3325 NTtaﬁtitun
2563 3270 2742 3337 primo
2781 3269 2920 3325 hanc
2965 3267 3114 3324 Petri
3157 3269 3554 3327 confessionem
3599 3288 3667 3332 ex

2070 3342 2326 3411 peculiari
2351 3342 2447 3395 Dei
2471 3341 2810 3396 revelatinne
2835 3341 2936 3398 soli
2965 3341 3127 3395 Petro
3149 3339 3366 3403 factam,
3393 3344 3668 3400 eamdem-

2069 3429 2176 3482 que
2203 3414 2360 3466 simttl
2395 3427 2422 3464 a
2456 3413 2628 3467 tribus
2672 3411 2872 3466 divinis
2915 3411 3161 3479 personis
3201 3413 3575 3482 approbatam,
3609 3425 3668 3473 ut

451 3491 475 3518 ι
518 3465 692 3536 Locus
717 3465 977 3551 oh~euruvs
1014 3485 1116 3551 et,
1149 3479 1206 3551 ni
1233 3475 1254 3530 l'
1269 3475 1409 3551 alior,
1438 3475 1678 3551 vitiatus.
1718 3477 1820 3551 Urbi
1869 3496 1965 3549 pro
1992 3465 2037 3526 C
2069 3465 2324 3538 διέςωεη
2352 3465 2568 3537 Audo,
2590 3465 2844 3546 “quem,
2895 3465 3060 3551 έθρθῖί
3099 3465 3668 3551 φηῈυί

373 3565 407 3604 a
437 3563 504 3618 te,
532 3553 658 3615 tibi;
691 3564 789 3618 pro
817 3549 869 3602 in
901 3545 1165 3612 Ecclesiis,
1190 3549 1244 3601 in
1276 3545 1543 3618 Ecclesia;
1574 3563 1670 3615 pro
1689 3545 1964 3616 collocata,

375 3623 564 3676 collata
593 3617 990 3677 emendandum
1011 3627 1068 3672 et
1088 3617 1458 3686 reponendum
1487 3627 1632 3686 puto.
1661 3619 1793 3687 Quis
1822 3623 1965 3677 enim

376 3695 546 3747 nescit
573 3696 751 3747 claves
779 3693 926 3759 regni
955 3691 1216 3745 caelorum
1249 3690 1427 3749 Petro,
1461 3702 1566 3742 non
1599 3704 1628 3741 a
1654 3690 1838 3755 Petro,
1869 3694 1964 3748 sed

377 3778 406 3815 a
434 3763 654 3817 Christo
681 3762 925 3824 collatas,
958 3775 1063 3815 non
1095 3759 1429 3814 collocatas?
1462 3761 1560 3812 nisi
1595 3759 1732 3816 forte
1761 3765 1842 3816 sic
1867 3780 1965 3818 ex-

375 3846 649 3903 ponatur:
679 3831 876 3891 Clavis.
911 3833 969 3886 id
995 3841 1097 3897 est,
1128 3838 1370 3903 potestas
1414 3829 1613 3903 ligandi
1660 3838 1822 3900 atque
1858 3835 1969 3888 sol-

377 3902 557 3967 vetuli,
594 3903 903 3972 Scripturas
936 3902 1362 3970 interpretandi,
1404 3912 1457 3956 et
1497 3902 1619 3956 fidei
1649 3914 1968 3960 controver-

376 3976 487 4029 δὺς
516 3971 834 4045 definiendi,
863 3987 901 4045 τι
924 3973 1082 4027 Petro
1106 3985 1157 4026 ut
1187 3975 1362 4045 primo
1391 3971 1607 4045 Christi
1626 3975 1852 4045 vicario,
1880 3977 1966 4031 vel

378 4062 473 4115 per
503 4046 744 4115 Petrum,
781 4044 831 4095 in
866 4042 1104 4115 Ecclesia
1136 4044 1398 4115 collqcata
1428 4050 1481 4096 et
1513 4043 1719 4096 relicta.

447 4114 473 4154 δ
518 4114 742 4168 Videtur
773 4116 974 4182 Auctor
1001 4113 1225 4165 innuere
1256 4111 1473 4165 Petrum
1503 4115 1716 4166 caeteris
1743 4125 1963 4182 aposto-

376 4187 443 4240 lis
491 4186 758 4240 seniorem
809 4181 1004 4247 fuisse,
1053 4183 1169 4236 sive
1212 4192 1438 4235 czcteros
1483 4181 1968 4250 apostolosizetate

379 4256 742 4324 praecessisse,
779 4252 918 4323 qttod
951 4261 1006 4306 et
1035 4254 1198 4306 sentit
1247 4251 1384 4305 Beda
1422 4251 1482 4324 in
1515 4266 1633 4324 cap.
1685 4269 1698 4306 t
1740 4253 1966 4312 Joannis

377 4322 642 4380 scribens.
678 4322 855 4379 Fuere
882 4325 1044 4378 ctiam
1078 4324 1318 4376 nonnulli
1343 4323 1432 4391 qui
1464 4322 1748 4391 primatum
1781 4325 1966 4382 Eccle-

376 4399 470 4451 εἰπε
509 4398 665 4450 Petro
694 4395 1230 4466 collatumdixerunt
1284 4403 1500 4459 propter
1545 4403 1783 4460 nitatem,
1829 4413 1967 4466 qllns

377 4472 617 4521 refutans
651 4469 909 4520 Baronius
939 4464 1120 4534 (Tom.
1157 4466 1171 4516 1
1198 4465 1384 4517 Aviani.
1420 4466 1510 4517 sub
1535 4481 1670 4517 anno
1697 4467 1757 4519 51
1782 4468 1800 4534 )
1831 4464 1858 4520 ε’
1882 4467 1969 4522 Ea:

377 4541 478 4603 his,
512 4537 704 4606 inquit,
734 4545 970 4606 apparet,
1000 4551 1150 4606 quam
1190 4535 1405 4606 turpiter
1441 4544 1608 4587 errent
1648 4537 1737 4604 qui
1773 4540 1970 4606 prima-

374 4619 481 4662 tum
512 4604 695 4678 putant
731 4604 883 4660 Petro
909 4605 1175 4668 collatum,
1210 4604 1346 4678 quod
1374 4605 1543 4678 senior
1570 4604 1780 4659 caeteris
1799 4617 1965 4674 esset;

374 4699 492 4733 nam
512 4674 657 4747 'quod
683 4679 750 4731 ad
779 4679 872 4731 hoc
909 4685 1127 4742 spectat,
1172 4677 1263 4729 etsi
1297 4692 1397 4727 non
1426 4674 1542 4740 alii,
1572 4685 1706 4729 certe
1733 4679 1966 4733 Andreas

375 4755 540 4817 major
561 4759 729 4814 tctute,
761 4749 905 4816 prior
947 4747 1002 4800 in
1029 4748 1310 4817 vocatione,
1339 4757 1385 4798 et
1413 4748 1463 4798 in
1496 4748 1818 4816 perfeCtioris
1847 4751 1967 4803 vita:

2073 3555 2205 3610 latio
2244 3554 2386 3609 inter
2415 3554 2548 3609 alias
2573 3554 2718 3608 Petri
2754 3554 3142 3621 praerogativa
3179 3554 3374 3608 merito
3403 3571 3666 3610 annume-

2071 3637 2258 3692 ratur;
2292 3625 2356 3678 de
2382 3640 2486 3692 qua
2521 3627 2644 3680 vide
2676 3624 3056 3679 Bellarminum
3084 3623 3122 3678 1.
3155 3639 3173 3678 ι
3204 3624 3270 3679 de
3296 3623 3452 3678 Rom.
3481 3625 3668 3684 Ponti-

2074 3697 2172 3751 ﬁce
2205 3711 2324 3765 cap.
2358 3697 2443 3750 ii).
2477 3695 2733 3750 Secundo
2767 3696 3057 3748 notandum
3106 3694 3382 3765 Christum
3432 3697 3665 3754 interro-

2070 3781 2227 3837 gasse
2252 3763 2410 3837 quem
2443 3766 2687 3820 dicerent
2714 3766 2959 3837 homines
2999 3778 3122 3818 esse
3154 3763 3346 3818 Filium
3382 3765 3618 3821 hominis
3644 3812 3660 3836 ,

2072 3836 2123 3892 id
2151 3849 2254 3901 est,
2273 3836 2412 3906 quid
2445 3839 2510 3890 tie
2544 3852 2602 3890 se
2629 3836 2914 3906 sentirent,
2945 3851 3016 3902 qu
3037 3849 3103 3887 τι)
3135 3848 3196 3889 se
3221 3849 3343 3906 esse
3369 3837 3670 3893 existima-

2070 3920 2220 3986 rent;
2253 3904 2331 3962 sic
2376 3908 2519 3986 enim
2551 3921 2609 3961 se
2640 3904 2836 3986 Filium
2889 3905 3126 3986 hominis
3170 3919 3266 3986 per
3299 3904 3667 3986 humilitatem

2071 3980 2280 4033 solebat
2309 3979 2602 4048 appellare,
2633 3986 2688 4032 et
2729 3976 2796 4030 de
2827 3979 3006 4048 seipSo
3048 3976 3194 4048 loqui
3239 3976 3290 4028 in
3317 3978 3497 4048 ‘tertia
3542 3995 3670 4045 per.

2069 4064 2238 4116 sonu;
2276 4045 2487 4102 Petrum
2517 4063 2648 4101 vero
2681 4045 2912 4114 respOnd
2937 4061 3023 4099 sse
3048 4045 3101 4098 in
3128 4045 3363 4116 secunda
3395 4061 3666 4114 persona:

2073 4119 2149 4172 Tu
2176 4137 2230 4173 es
2261 4119 2494 4173 Christus
2527 4118 2692 4172 Filius
2723 4117 2816 4170 Dei
2844 4118 2972 4181 rivi;
3020 4115 3173 4182 quasi
3209 4118 3353 4170 dicat
3377 4133 3390 4169 :
3411 4117 3515 4182 Tu,
3543 4120 3668 4176 licet

2068 4191 2146 4244 sis
2175 4191 2318 4244 filius
2352 4191 2606 4255 hominis,
2639 4196 2694 4242 et
2720 4187 2913 4243 Filium
2960 4187 3194 4241 hominis
3225 4197 3277 4242 te
3303 4189 3571 4254 nomines,
3605 4206 3670 4246 es

2071 4269 2247 4314 tamen
2277 4271 2329 4314 et
2362 4260 2526 4314 Filius
2553 4261 2680 4325 Dei;
2725 4273 2826 4313 nec
2859 4258 2994 4312 alius
3021 4259 3072 4311 in
3103 4269 3156 4312 te
3182 4257 3323 4311 filius
3350 4257 3584 4314 hominis
3613 4271 3668 4316 et

2071 4329 2236 4383 Filius
2271 4330 2383 4393 Dei,
2421 4331 2514 4384 sed
2559 4345 2697 4384 unus
2723 4342 2774 4382 et
2805 4331 2948 4382 idem
2982 4328 3214 4382 hominis
3243 4339 3298 4381 et
3344 4327 3438 4383 Dei
3469 4329 3665 4387 Filius.

2069 4397 2219 4466 Quod
2251 4401 2592 4470 potissimum
2625 4401 2769 4454 valet
2789 4411 2980 4452 eoittra
3014 4399 3342 4465 Nestorium,
3373 4401 3462 4468 qui
3493 4399 3668 4457 ﬁlium

2071 4469 2303 4524 hominis
2334 4473 2385 4522 in
2417 4469 2638 4525 Christo
2668 4473 2958 4536 separabat
2986 4487 3013 4522 a
3063 4469 3197 4522 Filio
3229 4470 3347 4535 Dei,
3393 4473 3492 4524 hoc
3539 4482 3623 4526 est
3648 4515 3665 4536 ,

2069 4541 2202 4594 duas
2235 4546 2286 4594 in
2309 4557 2374 4595 eo
2395 4540 2762 4596 conSIituehat
2795 4554 3075 4606 personas.
3107 4539 3288 4592 Tertio
3316 4541 3546 4594 notanda
3577 4541 3667 4598 hic

2070 4613 2291 4681 pulchra
2323 4612 2628 4681 antithesis.
2660 4610 2909 4664 Christus
2945 4618 3138 4678 rogat:
3165 4609 3327 4673 Quem
3364 4611 3538 4663 dicunt
3567 4612 3635 4665 ho

2069 4679 2228 4736 mines
2257 4699 2363 4736 esse
2393 4679 2592 4735 Filium
2621 4681 2882 4734 hominis?
2911 4683 3100 4734 Petrus
3131 4681 3424 4748 respondet
3449 4699 3461 4733 :
3489 4681 3568 4733 Tu
3609 4699 3668 4737 es

2070 4752 2307 4807 Christus
2339 4751 2506 4806 Filius
2536 4752 2632 4805 Dei
2659 4753 2774 4805 vivi.
2808 4752 3084 4820 Quantum
3127 4765 3187 4805 se
3215 4751 3464 4818 deprimit
3508 4749 3668 4806 Chri-

375 4824 394 4891 (
415 4816 538 4904 puta
561 4821 781 4904 caelibis)
812 4818 1057 4904 electione
1085 4816 1236 4871 Petro
1265 4817 1537 4898 praestabat
1565 4833 1584 4872 :
1609 4817 1697 4870 sed
1729 4818 1773 4870 si
1804 4821 1966 4904 divini
2000 4845 2046 4904 υ
2072 4833 2452 4904 ξιιιςτμιιιυιιι
2471 4837 2598 4904 eunt
2631 4816 2850 4904 exttiilit'
2865 4823 3056 4877 Petrus
3084 4840 3098 4876 :
3123 4823 3258 4904 Quia
3289 4816 3468 4904 Comitis
3496 4824 3584 4904 qui
3609 4840 3666 4903 se

371 4889 574 4947 consilii
615 4893 864 4945 rationem
909 4890 1150 4942 humana:
1199 4889 1353 4942 menti
1406 4903 1703 4941 concessum
1749 4901 1825 4942 est
1868 4892 1968 4943 ali-

369 4966 576 5033 quando
605 4962 937 5035 perscrutari,
961 4961 1055 5014 illa
1074 4961 1134 5035 in
1153 4957 1332 5026 Petro,
1362 4975 1514 5035 quam
1537 4957 1785 5035 diximus,
1809 4976 1966 5014 causa

371 5029 688 5105 prwcessisse
712 5033 927 5105 videtur,
951 5040 1023 5105 fut
1059 5033 1290 5105 princeps
1321 5030 1545 5105 omnium
1573 5029 1967 5105 constitueretur

367 5099 740 5173 apostolorum,
775 5102 912 5174 quod
944 5104 994 5155 in
1026 5099 1342 5174 professione
1365 5100 1484 5174 ﬁdei
1517 5099 1714 5174 cieterie
1741 5103 1967 5174 antecel-

369 5170 488 5229 luit.
525 5177 650 5229 limo
690 5170 971 5228 Baronius.
1018 5173 1084 5226 Et
1124 5170 1177 5225 in
1223 5171 1367 5224 notis
1410 5170 1476 5224 ad
1522 5170 1961 5240 Martyrologium

370 5247 474 5314 (3t)
502 5244 791 5314 Novemb.)
821 5243 988 5314 refert
1009 5241 1374 5314 hzecjoannis
1395 5241 1771 5314 Citrysostomi
1798 5244 1960 5296 verba

368 5310 622 5370 sermone
648 5315 714 5369 de
742 5310 799 5369 S.
837 5313 1052 5368 Andrea
1077 5329 1091 5366 :
1119 5310 1388 5365 Posterior
1420 5310 1576 5365 Petro
1607 5311 1659 5363 in
1697 5311 1854 5364 vitam
1879 5315 1964 5366 in-

364 5402 566 5457 gressus
605 5396 675 5439 est
717 5386 967 5449 Andreas,
1000 5393 1047 5437 et
1085 5384 1234 5457 prior_
1261 5381 1472 5434 Petrum
1507 5383 1576 5457 ad
1623 5381 1960 5452 anngelium

364 5452 563 5520 illexit,
597 5467 692 5509 etc.
741 5457 865 5523 Qua:
894 5458 1066 5518 verba,
1087 5452 1284 5522 inquit,
1327 5452 1562 5506 nonnulli
1591 5469 1857 5520 perperam
1884 5457 1962 5507 in-

365 5528 671 5598 telligentes,
701 5529 943 5598 dixerunt
976 5524 1188 5598 Petrum
1219 5533 1367 5598 (etate
1395 5525 1641 5598 majorem
1669 5525 1827 5592 fuisse
1854 5524 1962 5578 An-

365 5592 510 5652 drea.
541 5598 603 5649 At
631 5613 746 5650 vero
777 5597 1036 5650 Andream
1076 5592 1234 5648 Petro
1261 5595 1511 5648 seniorem
1557 5595 1716 5663 fuisse
1743 5603 1961 5647 testatur

367 5669 429 5724 S.
463 5667 784 5739 Epiphanius
815 5669 996 5739 honesi
1023 5667 1111 5739 61.
1141 5666 1427 5739 liucusque
1466 5664 1748 5719 Baronius.
1792 5664 1960 5739 Porro

365 5735 516 5807 quod
539 5735 605 5791 ad
637 5737 796 5792 verba
833 5737 1087 5790 Auctoris
1128 5737 1340 5801 attinet,
1373 5745 1430 5791 ut
1473 5751 1594 5791 eum
1635 5735 1956 5807 commode,

367 5806 541 5880 quoad
571 5809 719 5870 licet.
750 5807 1191 5873 interpretemur,
1224 5823 1333 5866 non
1361 5807 1616 5866 videntur
1650 5806 1724 5863 ita
1768 5808 1951 5879 stricte

2073 4895 2332 4962 Itumiliat,
2363 4895 2695 4950 exaltabitur.
2742 4893 3027 4962 Postremo
3058 4893 3348 4946 notandmn
3383 4891 3470 4945 hic
3510 4891 3668 4948 Chri-

2071 4974 2214 5018 stum
2244 4980 2371 5019 vere
2398 4975 2453 5019 et
2482 4965 2700 5033 proprie
2738 4962 2830 5016 Dei
2868 4961 3060 5015 Filium
3089 4962 3373 5033 appellari,
3409 4962 3512 5017 hoc
3555 4973 3664 5032 est,

2074 5052 2178 5089 non
2208 5036 2519 5106 adoptione,
2548 5032 2641 5088 aut
2664 5034 2862 5102 gratia,
2890 5035 2983 5086 sed
3011 5042 3223 5094 natura,
3249 5045 3301 5084 ut
3324 5032 3529 5106 dictum
3556 5045 3663 5092 est.

2071 5106 2233 5174 Cujus
2265 5103 2340 5160 rei
2370 5107 2732 5160 certissimum
2761 5111 3134 5174 argumentum
3163 5109 3268 5165 est,
3298 5103 3438 5174 quod
3468 5105 3664 5161 Petrus

2070 5170 2344 5231 Christum
2380 5176 2474 5230 Dei
2503 5175 2694 5229 Filium
2721 5170 3024 5244 appellans,
3057 5170 3272 5233 Joanni,
3323 5173 3478 5239 Elim,
3507 5174 3666 5229 lere-

2071 5248 2192 5301 mize
2230 5256 2285 5301 et
2322 5247 2444 5300 aliis
2489 5245 2767 5314 pmphetis
2811 5252 3076 5316 opponat,
3118 5256 3255 5316 quos
3298 5257 3459 5316 uerno
3502 5255 3666 5316 neget

2070 5317 2211 5371 filios
2242 5318 2337 5371 Dei
2371 5316 2538 5370 fuisse
2577 5318 2750 5385 gratia
2793 5313 3105 5382 adoptionis
3132 5322 3189 5368 et.
3225 5313 3660 5382 justifieatiouis.

2065 5385 2340 5441 Christum
2379 5401 2511 5454 ergo
2552 5402 2659 5440 non
2699 5385 3030 5454 adoptivum,
3075 5386 3168 5439 sed
3211 5386 3512 5441 naturalem
3566 5389 3661 5443 Dei

2066 5457 2257 5512 Filium
2287 5455 2613 5524 appellavit;
2655 5455 3108 5524 quemadmodum
3141 5467 3193 5508 et
3217 5458 3494 5525 apostolus
3524 5458 3662 5513 Pau-

2063 5528 2145 5583 lus
2171 5527 2236 5582 ad
2271 5527 2434 5583 Hebr.
2467 5541 2505 5590 ι,
2539 5527 2629 5580 ubi
2655 5527 2828 5599 ipsum
2855 5539 2988 5599 _cu_tn_
3004 5528 3218 5599 angelis
3247 5529 3328 5599 sic
3348 5539 3658 5599 comparat,

2064 5608 2122 5652 ιιι
2151 5599 2302 5679 solus
2332 5597 2740 5680 ipsenaturalis
2771 5597 2868 5680 Dei
2914 5594 3113 5680 Filius,
3147 5594 3658 5680 angellioyeroservi

2062 5680 2119 5724 et
2148 5668 2382 5722 ministri
2411 5667 2681 5737 dicantur,
2709 5669 2803 5738 qui
2837 5678 3019 5740 tamen
3046 5667 3247 5740 alioqui
3276 5667 3370 5724 lilii
3409 5669 3504 5725 Dei
3532 5681 3660 5729 sunt

2064 5740 2327 5812 adoptivi,
2363 5749 2418 5798 et
2447 5740 2670 5814 quidem
2702 5739 2982 5813 praecipui.
