4040 6182
360 354 435 407 6‘3

1402 357 1498 412 DE
1541 359 2050 417 lNCAllN.\'I'lL)NE
2088 361 2362 421 CllRlSTI
2405 367 2529 423 ιλιι.
2573 370 2657 424 ΙΙΙ.

3593 381 3664 439 73

364 466 438 521 de
595 463 817 568 (Zur-isto
858 466 1039 568 aliquo
1080 466 1288 568 'l'orsan
1322 468 1421 568 hoc
1447 471 1647 526 dictum
1678 488 1798 529 esse
1834 490 1968 532 con-
2002 486 2043 543 Α
2077 478 2314 543 Petrum,
2340 498 2460 552 qum
2483 484 2621 539 dicta
2648 486 2749 539 alia
2774 493 3215 560 consequuntur?
3236 492 3300 549 Et
3324 509 3447 567 ego,
3467 498 3664 568 inquit,

362 560 577 615 tendis?
605 559 716 616 Sed
763 575 963 615 novum
1003 560 1106 614 hoc
1139 560 1429 632 prodigiosi
1461 567 1752 620 commenti
1780 582 1970 636 genus.

360 653 507 721 Quid
533 669 668 724 ergo
714 652 984 723 reliquum
1028 654 1147 707 eat?
1192 669 1351 707 untnn
1402 656 1630 724 scilicet,
1673 667 1735 713 ut
1765 674 1885 714 cum
1920 668 1975 715 et

358 744 493 814 quid
526 748 793 813 scriptum
822 746 893 800 sit
925 744 1160 814 legatur,
1189 753 1244 798 et
1273 761 1458 800 verum
1488 747 1556 802 sit
1581 751 1723 820 quod
1748 751 1970 822 legitur,

362 837 713 891 tandem'vel
746 838 795 891 vi
822 834 907 891 vel
942 838 1269 892 necessitate
1295 839 1645 911 constrictus,
1678 857 1798 897 cum
1830 844 1975 899 falsi-

365 940 540 984 tatem
573 941 817 986 astruere
849 946 958 985 non
989 932 1194 998 valeas,
1223 932 1503 989 veritatem
1529 933 1853 1005 impugnare
1880 936 1976 993 de-

367 1035 557 1077 sistas.

971 1092 1202 1149 CAPUT
1233 1095 1373 1150 XIII.
1685 1137 1693 1147 .

366 1164 434 1220 Β.
464 1163 615 1219 Petri
642 1164 902 1235 confessio
932 1180 964 1217 a
988 1164 1196 1219 Christo
1228 1169 1337 1247 ipso
1366 1167 1594 1224 veritatis
1624 1168 1975 1227 testimonium

1061 1248 1280 1305 accepit.

444 1329 554 1384 Sed
601 1338 783 1384 tamen
813 1330 939 1399 quia
983 1329 1179 1384 summi
1226 1331 1457 1399 apostoli
1505 1331 1814 1388 tesdmonio
1846 1348 1977 1390 usus

365 1439 515 1487 sum,
542 1438 651 1490 quo
678 1423 968 1478 Dominum
999 1422 1183 1477 Jesum
1202 1421 1479 1477 Christum
1509 1439 1690 1478 coram
1719 1426 1829 1479 Deo
1860 1426 1975 1495 ipse

364 1516 657 1571 confessus
681 1517 773 1581 sit,
796 1515 1077 1569 videamus
1097 1514 1549 1584 quemadmodum
1572 1516 1974 1573 confessionem

362 1608 491 1679 ejus
522 1608 568 1662 is
596 1624 755 1678 quem
785 1608 1067 1663 confessus
1097 1617 1180 1664 est
1206 1607 1539 1678 approbarit,
1574 1609 1699 1678 quia
1741 1609 1861 1677 plus
1891 1618 1973 1669 est

367 1701 547 1759 multo
573 1716 737 1769 quam
766 1699 908 1768 quod
958 1699 1240 1769 apostolus
1284 1699 1436 1765 dixit,
1484 1702 1530 1754 si
1577 1699 1781 1755 dictum
1830 1701 1972 1756 illius

366 1792 515 1847 Deus
558 1791 687 1860 ipse
727 1791 986 1846 laudavit.
1040 1790 1249 1847 Dicenti
1297 1807 1426 1863 ergo
1470 1794 1740 1863 apostolo,
1793 1792 1875 1847 Tu
1922 1811 1973 1848 es

364 1882 604 1937 Christus
651 1879 826 1937 Filius
874 1882 965 1937 Dei
1017 1883 1141 1950 vivi,
1187 1883 1315 1953 quid
1356 1898 1387 1938 a
1430 1884 1658 1941 Domino
1690 1884 1973 1941 Salvatore

363 1962 690 2047 responsum
728 1976 843 2030 est‘l
875 1984 902 2013 ⁸
928 1974 1121 2030 Beatus
1143 1992 1217 2041 es,
1252 1976 1455 2047 inquit,
1491 1975 1675 2031 Simon
1704 1974 1971 2048 Barjona,

360 2074 491 2137 quia
514 2085 637 2123 caro
662 2078 710 2122 et
731 2069 943 2138 sanguis
967 2084 1067 2125 non
1088 2069 1329 2123 reuelauit
1358 2068 1466 2137 tibi,
1494 2070 1585 2123 sed
1613 2068 1843 2140 Spiritus
1866 2069 1973 2124 Pa-

358 2162 457 2214 tris
491 2163 590 2214 mei
611 2162 700 2231 qui
733 2161 785 2213 in
821 2159 960 2215 calls
988 2169 1082 2215 est.
1121 2160 1179 2216 Si
1212 2160 1460 2230 displicet
1495 2161 1587 2219 tibi
1632 2163 1706 2216 uti
1740 2163 1972 2232 apostoli

360 2254 704 2320 teStimonio,
741 2253 833 2307 Dei
864 2263 1045 2312 utere:
1080 2252 1350 2308 laudando
1378 2253 1522 2308 enim
1555 2253 1697 2308 Deus
1719 2254 1859 2324 quod
1885 2254 1971 2308 di-

358 2355 507 2399 ctum
532 2354 637 2408 est,
664 2344 1044 2399 auctoritatem
1068 2359 1222 2398 suam
1245 2345 1545 2415 apostolico
1566 2343 1713 2399 dicto
1738 2343 1966 2403 addidit:

358 2438 434 2490 ita
464 2447 519 2489 ut
541 2438 708 2491 etiam
736 2436 784 2489 si
805 2435 1007 2493 diutum
1036 2434 1167 2489 illud
1190 2434 1419 2505 apostoli
1440 2450 1535 2491 ore
1560 2435 1782 2505 prodiit,
1809 2452 1967 2493 suum

358 2542 491 2582 esse
518 2527 620 2580 hoc
652 2537 833 2583 tamen
864 2525 1008 2581 Deus
1043 2525 1233 2582 iecerit
1258 2526 1345 2595 qui
1375 2526 1640 2600 probavit.
1672 2526 1863 2583 Beatus
1890 2544 1965 2595 es,

361 2618 560 2688 inquit.
592 2618 775 2674 Simon
805 2617 1056 2689 Barjona,
1087 2619 1211 2689 quia
1237 2634 1358 2673 caro
1381 2626 1427 2675 et
1455 2621 1670 2690 sanguis
1693 2636 1797 2674 non
1818 2636 1966 2677 reue-

358 2713 487 2765 iuvit
532 2710 649 2778 tibi,
692 2711 781 2765 sed
814 2710 1049 2780 Spititus
1096 2709 1274 2764 Patris
1304 2712 1403 2764 mei
1444 2712 1535 2779 qui
1581 2713 1635 2766 in
1683 2714 1825 2773 caelis
1864 2721 1962 2768 est.

361 2806 508 2873 Ergo
540 2806 595 2859 in
624 2805 855 2877 apostoli
888 2804 1034 2858 dicto
1065 2811 1119 2859 et
1144 2802 1377 2872 Spiritus
1397 2804 1596 2872 sancti,
1631 2812 1685 2861 et
1714 2821 1965 2875 praesen-

360 2900 432 2953 tis
460 2899 609 2965 Ριιὶἰ,
639 2908 697 2953 et
728 2898 821 2953 Dei
855 2898 1029 2953 Patris
1059 2897 1432 2954 testimonium
1467 2898 1649 2966 vides;
1678 2900 1804 2971 quid
1833 2916 1964 2973 ergo

358 2993 598 3060 atnplius
642 3001 734 3046 aut
761 2990 891 3062 quid
929 2991 1107 3046 simile
1152 2991 1428 3059 requiris?
1462 2992 1629 3048 Filius
1673 2993 1957 3063 laudavit,

360 3082 525 3137 Pater
554 3082 823 3147 interluit,
858 3082 1091 3152 Spiritus
1136 3089 1360 3140 sanctus
1404 3084 1961 3156 revelavit.Apostoli

356 3190 491 3245 ergo
518 3175 723 3230 dictum
753 3177 918 3230 totius
951 3176 1259 3233 Divinitatis
1290 3185 1374 3241 est
1414 3179 1805 3245 testimonium,
1834 3181 1959 3251 quia

2078 574 2171 627 tibi
2209 575 2374 631 dico:
2409 577 2541 643 Quia
2592 588 2648 633 tu
2679 598 2729 633 es
2764 581 2968 646 Petrus,
3017 596 3066 638 et
3112 604 3267 658 super
3297 590 3431 644 hanc
3470 601 3672 661 petram

2077 668 2346 735 wdiﬁcabo
2377 669 2661 726 Ecclesium
2694 689 2883 727 meam.
2933 677 3091 730 Vides
3120 680 3261 747 quod
3300 681 3504 737 dictum
3525 684 3673 741 Petri

2076 754 2336 814 Ecclesia:
2366 759 2496 815 ﬁdes
2521 762 2646 816 cst?
2672 777 2800 833 ergo
2833 776 2991 819 extra
3028 767 3327 826 Ecclesiam
3354 775 3423 826 sit
3446 790 3673 835 necesse

2070 860 2180 914 est,
2220 852 2311 922 qni
2354 854 2509 909 tidem
2544 855 2801 910 Ecclesiae
2855 873 2961 912 non
3014 870 3180 918 tenet.
3235 864 3303 918 Et
3353 867 3462 937 tibi,
3494 870 3673 940 inquit

2080 942 2361 1011 Dominus,
2408 947 2540 1001 dabo
2582 949 2747 1004 claves
2786 952 2931 1021 regni
2981 955 3243 1009 caelorum.
3292 956 3319 997 ι’
3362 958 3523 1016 Fides
3555 961 3673 1018 haec

2076 1036 2271 1090 cmlum
2294 1039 2508 1105 meruit,
2544 1039 2675 1097 tides
2707 1040 2823 1097 haec
2846 1044 3024 1099 claves
3062 1048 3215 1115 regni
3237 1050 3473 1106 C(BleSIis
3500 1070 3671 1110 acre-

2078 1126 2176 1195 pit.
2213 1127 2457 1199 lntellige
2504 1144 2625 1199 quae
2678 1141 2729 1187 te
2761 1144 3029 1188 maneant.
3059 1135 3288 1194 introire
3312 1141 3485 1199 clavis
3513 1144 3671 1214 hujus

2073 1216 2290 1285 janunm
2318 1234 2421 1273 non
2446 1221 2670 1288 poteris,
2697 1224 2785 1294 qui
2812 1224 2968 1279 tidem
2997 1226 3167 1282 clavis
3189 1230 3344 1286 istius
3369 1233 3668 1304 denegasti.

2077 1306 2147 1361 Et
2164 1317 2347 1381 portte,
2369 1310 2561 1382 inquit,
2598 1315 2754 1383 inferi
2807 1332 2911 1371 non
2940 1322 3291 1389 ρναξιεαιείευηι
3314 1325 3583 1380 adrersum
3606 1339 3672 1383 te.

2078 1399 2254 1457 Porta:
2286 1404 2502 1472 inferni,
2532 1408 2663 1462 ﬁdes
2687 1419 2767 1464 cst
2799 1412 3198 1480 hmreticorum,
3232 1418 3397 1474 immo
3426 1423 3671 1490 perfidia.

2077 1490 2346 1557 Quantum
2368 1498 2511 1552 enim
2545 1515 2572 1552 a
2605 1500 2744 1554 caelo
2776 1501 2986 1558 inferna
3018 1505 3238 1574 distant,
3278 1520 3482 1567 tantum
3511 1515 3581 1569 ab
3606 1531 3671 1572 eo

2076 1586 2168 1653 qui
2191 1587 2462 1643 Christum
2512 1591 2679 1647 Deum
2717 1598 2999 1654 confessus
3052 1601 3215 1656 fuerit
3259 1606 3307 1659 is
3349 1606 3437 1675 qni
3487 1620 3667 1681 negat.

2084 1679 2215 1746 Qua:
2236 1680 2497 1752 ligaveris,
2536 1686 2726 1753 inquit,
2761 1691 2813 1743 in
2845 1694 3015 1759 terri:,
3052 1696 3211 1766 ligata
3238 1711 3387 1753 erunt
3410 1704 3462 1756 in
3488 1679 3671 1773 mils;

2078 1783 2125 1826 et
2156 1792 2489 1846 quaecumque
2518 1781 2728 1837 solveris
2756 1801 2908 1857 super
2938 1797 3150 1856 terram,
3184 1803 3335 1847 erunt
3356 1797 3525 1852 soluta
3545 1808 3591 1853 et
3618 1803 3671 1855 in

2005 1866 2049 1926 Β
2076 1868 2236 1959 ccelis.
2258 1870 2496 1928 Perfecta
2524 1878 2753 1945 apostoli
2776 1879 2908 1936 lldes
2928 1892 3250 1951 potestatem
3275 1889 3672 1959 quodammodo

2079 1958 2389 2018 Divinitatis
2418 1970 2622 2034 accepit
2652 1984 2667 2032 ;
2714 1977 2770 2023 ut
2800 1986 2919 2040 quae
2947 1973 3162 2043 ligasset
3194 1958 3305 2033 vel?
3332 1981 3586 2039 solvisset
3616 1987 3670 2040 in

2079 2054 2260 2121 terris,
2293 2056 2377 2110 vel
2409 2057 2565 2127 ligata
2589 2071 2770 2116 essent
2799 2063 2853 2117 in
2887 2067 3222 2136 caelestibus,
3254 2073 3341 2127 vel
3364 2076 3559 2131 soluta.
3587 2077 3669 2135 Tu

2076 2157 2206 2236 ergo
2236 2146 2328 2215 qui
2350 2160 2539 2203 eontra
2558 2149 2716 2206 {idem
2745 2155 2979 2222 apostoli
3006 2160 3178 2227 ven's,
3208 2176 3334 2217 cum
3367 2164 3584 2236 ligatum
3616 2178 3670 2226 te

2070 2233 2265 2331 jamln
2295 2238 2453 2294 terris
2474 2241 2682 2309 videas,
2706 2259 2964 2315 superest
3008 2260 3070 2305 ut
3114 2252 3338 2324 ligatum
3367 2233 3583 2331 quoque
3614 2263 3667 2317 in

2072 2327 2230 2421 ctelis
2257 2344 2379 2387 esse
2406 2346 2724 2403 cognoscas.
2763 2338 2869 2394 Sed
2899 2340 3119 2412 longam
3167 2356 3252 2401 est
3291 2327 3513 2421 ire'per
3555 2353 3669 2407 sin-

2070 2419 2217 2488 gula,
2247 2435 2369 2491 qua:
2422 2424 2841 2491 prolixissimam
2894 2440 2951 2486 et
2996 2419 3431 2503 copiosissimam
3459 2442 3669 2499 disser-

2035 2512 2293 2569 tationem
2304 2526 2536 2570 numero
2556 2517 2639 2573 sui
2670 2517 2896 2591 faciunt,
2921 2523 3133 2582 etiamsi
3148 2526 3390 2588 breviter
3410 2535 3668 2593 strictim-

2070 2618 2176 2673 que
2197 2618 2590 2665 memorentur.

2646 2746 2875 2805 CAPUT
2930 2750 3044 2807 XV.

2141 2852 2397 2912 Eamdem
2427 2855 2569 2940 Petri
2600 2858 2751 2940 ﬁdem
2783 2859 2862 2940 D._
2889 2861 3108 2940 Thomas
3133 2883 3331 2936 quoque
3353 2882 3465 2940 post
3495 2880 3665 2933 ηεαδ

2386 2931 2663 2985 rectionem
2708 2931 2919 2987 Domini
2944 2931 3208 3005 professus
3246 2931 3341 2995 est.

2138 3059 2244 3116 Sed
2285 3048 2451 3117 unum
2479 3062 2681 3119 addere
2711 3072 2889 3122 tamen
2914 3067 3093 3126 adhuc
3119 3070 3213 3127 tibi
3244 3076 3480 3145 apostoli
3512 3080 3663 3137 testi-

2067 3152 2312 3208 monium
2338 3153 2488 3221 volo,
2526 3165 2586 3209 nt
2614 3155 2889 3227 intelligas
2920 3157 3005 3215 bis
3046 3176 3165 3231 quas
3195 3162 3324 3220 ante
3347 3168 3654 3235 passionem

356 3269 509 3323 unus
555 3282 777 3323 necesse
802 3277 885 3323 es,
928 3266 1031 3323 hoc
1060 3267 1269 3327 diem",
1303 3270 1680 3326 aucwrimem
1725 3245 1957 3339 hang“,
1988 3248 2034 3312 C
2067 3245 2279 3304 Domini
2311 3258 2427 3305 acta
2459 3259 2583 3305 sunt
2613 3292 2628 3317 ,
2678 3266 2741 3307 ca
2764 3256 2767 3259 ’
2794 3254 2959 3307 etiam
3005 3270 3126 3326 qua:
3178 3266 3300 3326 post
3346 3262 3657 3329 passionem

358 3377 467 3430 quo
497 3374 722 3417 auctore
750 3361 1038 3432 processit.
1072 3361 1266 3416 Beatus
1288 3379 1410 3436 ergo
1439 3379 1514 3427 es,
1542 3363 1741 3433 inquit,
1769 3367 1958 3423 Simon

358 3447 615 3523 Barjona,
648 3454 770 3524 quia
799 3468 919 3507 caro
956 3462 1006 3508 et
1043 3454 1258 3526 sanguis
1302 3471 1403 3509 non
1442 3454 1678 3511 reuelauit
1709 3458 1820 3526 tibi,
1869 3462 1961 3515 sed

360 3548 595 3615 Spiritu
643 3546 819 3602 Patris
857 3548 955 3601 mei
992 3550 1083 3618 qui
1124 3549 1179 3602 in
1219 3549 1359 3603 caelis
1401 3558 1494 3609 est.
1538 3549 1682 3620 Ergo
1712 3552 1758 3608 si
1798 3552 1960 3610 Petro

358 3650 465 3693 non
492 3652 625 3694 caro
665 3646 720 3694 et
758 3639 976 3708 sanguis
1012 3639 1394 3695 revelaverant
1434 3641 1537 3695 ista
1564 3651 1620 3696 et
1652 3641 1955 3712 inspirave-

359 3741 507 3796 runt,
540 3732 653 3801 iam
704 3732 959 3803 intelligis
999 3731 1122 3803 quis
1168 3732 1514 3805 inspiraverit
1552 3734 1667 3790 tibi.
1720 3735 1775 3790 Si
1807 3737 1955 3793 illum

360 3823 595 3893 Spiritus
630 3823 726 3881 Dei
754 3823 938 3880 docuit
960 3826 1053 3894 qui
1094 3822 1369 3889 ChriStum
1399 3827 1564 3881 Deitm
1592 3842 1715 3883 esse
1748 3828 1957 3883 confes-

358 3930 450 3971 sus
480 3926 605 3981 est;
652 3916 805 3971 vides
835 3918 977 3986 quod
1010 3926 1066 3970 tu
1094 3917 1289 3986 spiritu
1322 3918 1583 3973 dannouis
1624 3920 1815 3975 doctus
1860 3922 1959 3989 sis,

359 4010 447 4081 qui
478 4024 680 4082 negare
704 4008 962 4080 potuisti?

956 4076 1185 4136 CAPUT
1225 4078 1363 4135 XIV.

431 4169 496 4225 Β.
528 4167 669 4225 Petri
699 4170 1075 4240 confessionem
1099 4170 1254 4224 totius
1286 4170 1534 4225 Ecclesiae
1562 4169 1720 4239 ﬁdem
1753 4187 1881 4228 esse.

427 4261 540 4317 Sed
567 4270 746 4318 tamen
790 4262 993 4318 dictum
1039 4260 1171 4317 illud
1205 4262 1447 4329 Domini,
1480 4278 1588 4333 quo
1629 4260 1956 4318 collaudavit

2063 3351 2191 3397 sunt
2215 3352 2402 3399 secuta
2426 3357 2747 3412 congruere.
2799 3345 3027 3415 lllapsus
3060 3350 3112 3405 in
3142 3362 3469 3409 conventum
3502 3358 3664 3415 disci-

2071 3434 2321 3504 pulorum
2352 3450 2573 3489 suorum
2599 3437 2801 3492 clausis
2833 3439 3093 3495 Dominus
3121 3442 3323 3514 ianuis,
3352 3463 3476 3503 cum
3518 3453 3665 3509 veri-

2065 3535 2227 3583 tatem
2290 3529 2536 3597 corporis
2586 3530 2670 3583 sui
2718 3532 2981 3600 apostolis
3028 3533 3309 3592 declarare
3355 3541 3662 3612 voluisset,

2067 3621 2279 3687 palpata
2310 3618 2547 3681 Thomas
2574 3621 2850 3691 apostolus
2893 3638 3057 3680 carne
3106 3627 3248 3682 illius
3272 3673 3287 3697 ,
3318 3638 3548 3689 tractato
3586 3639 3663 3689 la-

2067 3719 2204 3770 tere.
2251 3712 2657 3781 exploratisque
2714 3714 3059 3783 vulneribus,
3113 3732 3395 3790 compcrta
3450 3728 3662 3792 penitus

2069 3800 2397 3855 manilestati
2420 3803 2667 3870 corporis
2696 3805 2941 3872 veritate,
2969 3808 3097 3874 quid
3129 3813 3528 3877 proclamavit?
3555 3817 3662 3871 Do-

2067 3895 2258 3957 minus,
2280 3890 2473 3962 inquit,
2502 3908 2645 3951 meus
2675 3904 2720 3947 et
2756 3892 2892 3949 Deus
2920 3911 3061 3950 meus
3103 3898 3291 3971 (Joan.
3327 3906 3452 3973 xx).
3495 3905 3661 3961 Num-

2067 3986 2194 4055 quid
2240 3984 2375 4039 dixit
2420 3984 2525 4039 hoc
2567 3984 2709 4055 quod
2746 3994 2797 4039 tu
2841 3987 3013 4041 dicis?
3058 3990 3222 4046 homo
3272 4003 3329 4048 et
3368 4011 3471 4048 non
3516 3998 3660 4056 Deus

2068 4076 2338 4143 Christus,
2382 4083 2439 4131 et
2478 4090 2586 4131 non
2620 4076 2915 4133 Divinitas?
2959 4080 3167 4149 Corpus
3216 4085 3399 4156 utique
3449 4088 3659 4148 Domini

2065 4168 2150 4225 sui
2180 4168 2374 4240 tetigit,
2403 4177 2457 4224 ct
2485 4168 2653 4225 Deum
2685 4183 2805 4225 esse
2827 4172 3128 4239 respondit.
3162 4173 3428 4247 Numquid
3454 4179 3661 4237 discre-

2063 4263 2267 4319 tionem
2288 4261 2523 4331 aliquam
2568 4261 2801 4318 hominis
2826 4270 2881 4317 et
2903 4261 2997 4321 Dei
3026 4264 3243 4321 intulit?
3269 4275 3359 4323 aut
3389 4279 3412 4308 ε
3439 4285 3657 4329 carnem

1427 4396 1687 4453 ALARD]
1726 4395 1963 4455 ΕΑΖᾹΞΙ
2002 4394 2564 4463 COMMEATARlUS.

438 4523 462 4551 α
483 4512 553 4594 ,ιρι
582 4520 695 4594 est,
731 4511 863 4568 Ideo
909 4512 1083 4594 beatus
1113 4528 1201 4594 es,
1249 4510 1326 4594 ait.
1351 4510 1410 4567 S.
1446 4509 1556 4594 Leo
1576 4510 1606 4594 ι(
1628 4511 1874 4594 Serm}
1908 4513 1961 4565 in
1990 4513 2042 4574 Β
2068 4509 2314 4594 uinaria)
2345 4528 2358 4564 :
2398 4510 2533 4594 Hoc,
2572 4510 2764 4594 inquit,
2796 4511 3015 4593 obtinuit
3054 4515 3146 4594 illa
3185 4520 3456 4594 confessio,
3486 4541 3602 4594 qua:
3626 4546 3658 4583 α

360 4584 726 4638 Amiiversario
752 4594 798 4637 et
818 4601 969 4638 serm.
1002 4584 1038 4637 2
1066 4586 1118 4639 in
1145 4583 1326 4637 Natali
1342 4580 1623 4654 apostol.)',
1652 4583 1775 4653 quia
1809 4580 1964 4654 Pater

359 4673 502 4709 meus
534 4667 580 4709 te
604 4656 797 4723 docuit,
831 4672 921 4709 nec
944 4666 1147 4709 terrena
1168 4656 1341 4725 apinio
1372 4653 1419 4707 te
1443 4655 1647 4723 fefellit,
1680 4654 1769 4707 sed
1801 4653 1965 4723 inspi-

360 4728 493 4779 ratio
522 4726 733 4779 caelestis
761 4727 1038 4788 instruxit;
1064 4737 1110 4780 et
1139 4724 1241 4779 non
1271 4741 1389 4779 caro
1414 4737 1459 4779 et
1492 4724 1724 4794 sanguis,
1758 4724 1846 4777 sed
1873 4725 1966 4781 ille

360 4814 438 4851 me
465 4799 576 4861 tibi,
603 4797 751 4866 cujus
772 4814 887 4852 sum
917 4798 1207 4866 unigenitus
1234 4794 1422 4867 Filius,
1454 4794 1720 4849 indicavit.
1755 4794 1819 4849 Et
1844 4813 1957 4867 ego,

362 4869 548 4939 inquit,
580 4868 694 4920 dico
725 4869 813 4921 tibi
842 4885 860 4922 :
888 4869 982 4922 hoc
1008 4879 1101 4935 est,
1135 4870 1266 4922 sicut
1303 4866 1460 4920 Pater
1489 4883 1630 4920 meus
1662 4866 1963 4939 manifesta-

362 4938 435 4991 rit
455 4939 546 4991 tibi
576 4939 892 4992 divinitatem
936 4955 1121 5006 meum,
1153 4940 1227 4992 ita
1272 4949 1317 4990 et
1364 4953 1455 5007 ego
1498 4947 1670 4990 notam
1704 4938 1796 4991 tibi
1823 4941 1961 5007 facio

358 5010 714 5080 excellentiam
738 5019 881 5062 tuam
911 5026 927 5064 :
956 5012 1074 5080 quia
1104 5022 1157 5063 tu
1194 5026 1245 5062 es
1280 5009 1487 5072 Petrus,
1522 5010 1574 5060 id
1601 5018 1697 5072 est,
1723 5026 1838 5062 cum
1868 5027 1960 5080 ego

357 5082 454 5132 sim
493 5079 804 5134 inviolabilis
840 5079 1006 5151 petra,
1052 5097 1145 5151 ego
1186 5080 1318 5151 lapis
1363 5080 1647 5149 angularis,
1699 5082 1788 5150 qui
1824 5079 1962 5151 facio

362 5162 572 5219 utraque
592 5167 771 5213 unum,
794 5167 885 5221 ego
913 5151 1303 5220 fundamentum
1334 5161 1516 5221 prarter
1533 5151 1672 5220 quod
1694 5168 1839 5205 nemo
1862 5167 1959 5223 po-

360 5233 453 5275 test
480 5223 628 5275 aliud
653 5238 881 5293 ponere;
910 5232 1077 5276 tamen
1104 5233 1157 5275 tu
1186 5238 1386 5291 quoque
1406 5230 1550 5291 petra
1581 5238 1668 5287 es;
1699 5223 1821 5292 quia
1849 5238 1960 5275 mea

359 5295 538 5346 rirtute
567 5293 829 5357 solidaris,
861 5301 913 5344 ut
954 5309 1068 5361 quia
1098 5295 1223 5347 milii
1263 5303 1512 5363 potestate
1547 5306 1662 5363 sunt
1704 5296 1914 5363 propria
1940 5334 1954 5359 ,

358 5364 457 5415 sint
480 5363 570 5416 tibi
592 5379 787 5415 mecum
810 5360 1205 5432 participatione
1225 5360 1531 5434 communia.
1560 5360 1628 5416 Et
1653 5360 1811 5434 super
1825 5368 1959 5417 hanc

358 5444 558 5496 petram
578 5434 849 5502 adi/icabo
875 5434 1154 5490 Ecclesium
1182 5450 1366 5487 nteant.
1398 5433 1567 5504 Super
1590 5433 1743 5492 lianc.
1768 5436 1952 5500 inquit,

362 5505 729 5575 fortitudinem,
777 5516 1020 5559 (uernum
1052 5516 1314 5560 exstruunt
1344 5508 1609 5569 templum,
1638 5520 1683 5557 et
1716 5505 1961 5559 Ecclesite

358 5592 478 5631 mea
508 5575 634 5631 ctzlo
662 5576 931 5646 inferenda
957 5577 1247 5631 sublimitas
1278 5577 1329 5629 in
1372 5576 1532 5646 hujus
1565 5577 1687 5643 ﬁdei
1715 5577 1961 5645 firmitate

356 5657 642 5719 consurget.
669 5646 841 5719 AHanc
871 5648 1245 5719 confessionem
1288 5655 1447 5715 porta:
1486 5646 1642 5719 inferi
1680 5664 1779 5701 nun
1821 5658 1952 5701 tene-

355 5720 497 5791 bunt,
527 5717 709 5772 mortis
736 5718 939 5791 vincula
974 5717 1082 5791 non
1122 5719 1390 5791 ligabunt;
1438 5732 1534 5771 vox
1555 5718 1694 5771 enim
1721 5719 1819 5772 ista
1863 5733 1959 5772 vox

364 5780 495 5842 Vita!
513 5799 611 5855 est,
635 5796 743 5842 etc.
770 5789 894 5844 llaec
926 5790 984 5847 S.
1012 5780 1143 5851 Leo,
1160 5780 1242 5857 'et
1272 5780 1390 5856 quas
1417 5798 1738 5857 sequuntur.

426 5858 451 5897 δ
481 5858 543 5917 lo
562 5846 813 5917 eamdem
838 5846 1168 5918 sententiam
1198 5846 1255 5917 S.
1286 5846 1397 5916 Leo
1423 5846 1617 5929 (Sérm.
1654 5860 1674 5916 l
1714 5862 1765 5915 in
1792 5860 1956 5916 Anni-

2067 4580 2177 4635 Dco
2204 4580 2362 4634 Patre
2388 4580 2671 4652 apostolico
2716 4584 2969 4653 inspirata
2995 4590 3140 4639 cordi
3184 4580 3357 4643 omnia
3404 4580 3657 4651 humana;

2065 4667 2181 4705 rum
2205 4655 2501 4737 opinionum
2530 4655 2726 4737 incerta
2760 4658 3098 4720 transcendit,
3118 4667 3164 4711 et
3187 4660 3479 4726 ﬁrmitatem
3501 4678 3659 4737 ρειηε

2065 4740 2178 4792 qua:
2207 4725 2364 4778 nullis
2392 4724 2813 4799 impulsionibut
2830 4736 3123 4799 quateretur
3161 4724 3379 4799 accepit.
3428 4724 3513 4788 In,
3542 4742 3657 4792 uni-

2067 4811 2212 4850 versa
2236 4811 2457 4862 namque
2483 4792 2742 4855 Ecclesia.
2770 4792 2851 4848 Tu
2880 4812 2933 4848 es
2957 4795 3193 4853 Christus
3222 4792 3391 4857 Filius
3420 4804 3516 4859 Dei
3538 4811 3633 4862 rivi

2065 4868 2292 4943 quotidie
2319 4855 2506 4943 Petrus
2532 4867 2678 4943 dicit,
2696 4868 2955 4943 _et_omnis
2973 4868 3173 4943 lingua
3212 4890 3328 4943 qua:

2065 4937 2339 5015 confitetur
2368 4938 2664 5015 magisterio
2686 4937 2842 5015 hujus
2874 4939 3008 4992 vocis
3034 4937 3307 5015 imbuitur.
3360 4944 3484 5000 Ilcc
3525 4952 3655 5015 ﬁdes

2068 5008 2336 5087 diabolum
2357 5009 2950 5087 vincit,_et_captivorum
2996 5012 3109 5077 eius
3147 5015 3352 5087 vincula
3382 5008 3654 5087 dissolt'it;

2067 5079 2174 5132 lucc
2199 5088 2374 5154 erutos
2397 5080 2586 5133 mundo
2619 5080 2797 5132 inserit
2825 5080 2973 5154 coilo,
2994 5092 3043 5133 ct
3067 5086 3396 5154 portwiuferi
3410 5079 3652 5146 aduersu;

2065 5165 2174 5201 eam
2187 5149 2460 5215 prwvalere
2482 5166 2583 5202 non
2607 5159 2839 5217 possunt.
2869 5148 3035 5202 Tanta
3055 5155 3192 5205 enim
3209 5148 3453 5211 divinitus
3470 5160 3653 5215 solidi—

2065 5222 2376 5301 tatemunita
2397 5229 2491 5285 est,
2512 5229 2567 5273 ut
2583 5237 2692 5273 eam
2712 5236 2803 5272 nec
2821 5220 3061 5301 htrretica
3075 5239 3653 5301 umquantcorrumperg

2063 5292 2309 5360 pravitas,
2335 5306 2427 5344 ncc
2449 5308 2651 5362 pagana
2674 5291 2893 5359 patuerit
2916 5307 3163 5361 superare
3187 5296 3428 5364 perﬁdia.

2140 5375 2162 5403 ο
2205 5364 2285 5417 Ex
2317 5364 2668 5416 similitudine
2716 5374 2906 5415 vocum
2954 5377 3110 5417 error
3150 5367 3410 5422 hactenus
3443 5370 3492 5424 in
3537 5374 3654 5429 edi-

2064 5437 2209 5492 tione
2238 5432 2783 5505 etiamgPlantiniana
2818 5432 3133 5505 irrepserat,
3183 5445 3242 5489 ut
3270 5452 3364 5505 pro
3396 5439 3649 5499 Theodo-

2064 5508 2225 5573 chon,
2257 5504 2344 5560 vel
2398 5503 2585 5559 Grmce
2632 5500 2892 5583 βερδὸχον
2920 5500 2945 5564 ,“
2988 5500 3282 5583 legeretnr'
3307 5508 3648 5583 Theomcon,

2063 5593 2183 5648 qua:
2208 5592 2333 5643 vox,
2367 5590 2487 5629 cum
2515 5575 2654 5648 apud
2684 5573 2904 5628 Cra-eos
2930 5586 3025 5641 pro
3051 5578 3371 5636 diversitate
3397 5573 3651 5643 accentus
3698 5632 3701 5633 ν

2064 5647 2312 5723 bifariam
2351 5647 2681 5723 accipiatur,
2728 5652 2920 5723 neutro
2952 5655 3131 5723 tamen
3184 5651 3345 5706 modo
3382 5668 3446 5708 ac
3485 5672 3649 5712 sensu

2063 5728 2239 5789 potest
2274 5718 2397 5773 huic
2437 5718 2573 5789 loco
2597 5717 2910 5789 convenire.
2964 5717 3095 5771 Nam
3140 5725 3389 5784 Θιοτὸκος
3412 5740 3532 5779 cum
3562 5742 3650 5779 ac-

2061 5786 2222 5845 centu
2277 5790 2331 5844 in
2376 5787 2668 5858 penultima
2726 5786 2991 5854 signiﬁcat
3037 5802 3312 5857 parentem
3365 5796 3481 5856 Dei,
3536 5798 3648 5852 sive

2060 5856 2457 5932 Deiparam,'ut
2484 5856 2737 5929 superius
2776 5859 2981 5915 dictum
3005 5856 3112 5923 est.
3150 5867 3420 5929 quomodo
3458 5865 3643 5923 Nesto-
