4040 6182
380 326 461 383 73

1419 316 1505 376 Dl’.
1547 319 2060 377 INCARNATIONE
2098 320 2370 383 CHRISTI
2412 325 2540 382 LIB.
2584 326 2673 383 lli.
3603 319 3670 374 74

390 452 523 493 vero
551 436 643 491 Dei
682 450 788 489 non
820 433 1155 502 prwteribunt
1211 430 1422 503 (Matth.
1458 430 1625 503 xxiv).
1669 432 1808 489 Ecce
1836 432 1978 487 enim
2010 437 2056 495 Α
2089 449 2146 489 re
2176 435 2295 490 sola
2333 436 2529 494 doctus
2559 438 2829 502 crederes.
2860 456 2963 512 qua
2992 443 3152 499 etiam
3184 444 3256 499 illi
3281 445 3368 515 qui
3410 456 3677 517 persecuti

386 529 552 583 etlam
575 540 720 581 nunc
752 524 847 579 tibi
880 525 969 579 ille
1000 524 1087 593 qui
1120 539 1259 578 nunc
1292 523 1458 596 [forte
1505 523 1775 594 legendum
1821 522 1986 594 tunc]

387 628 620 675 testatus
654 629 761 684 est,
819 616 1056 672 Thomas
1100 616 1380 684 apostolus
1431 617 1668 670 clamat:
1720 614 1861 671 Deus
1906 626 1988 671 est

381 710 549 768 Jesus
576 726 735 781 quem
760 709 931 781 tetigi,
961 711 1102 764 Deus
1127 719 1212 765 est
1246 710 1397 779 cujus
1443 710 1685 765 membra
1734 710 1941 780 pulp/ivi
1968 726 1983 773 ;

383 820 495 861 non
522 819 623 872 ego
647 802 1009 871 incorporalia
1035 802 1202 867 tenui,
1228 817 1326 857 nec
1351 801 1708 857 iutraetabilia
1740 803 1981 867 tractavi,

383 912 496 950 non
531 896 779 962 Spiritum
812 909 970 948 manu
1012 894 1235 963 conligi,
1273 902 1328 947 ut
1371 892 1438 948 de
1463 908 1527 949 eo
1560 903 1766 948 tantum
1796 891 1985 947 credar

379 988 611 1054 dixisse,
649 988 790 1041 Deus
807 996 915 1052 est;
954 987 1171 1057 spiritus
1214 986 1381 1051 enim,
1410 984 1561 1055 juxta
1612 983 1826 1039 Domini
1878 984 1981 1038 mei

379 1083 609 1149 dictum,
634 1097 840 1135 carnem
866 1092 913 1134 ct
940 1097 1058 1135 ossa
1099 1095 1199 1133 non
1245 1078 1389 1132 habet
1425 1077 1619 1147 (Luca:
1656 1079 1823 1149 xxxv).
1874 1078 1983 1148 Ego

384 1190 589 1245 corpus
634 1174 845 1229 Domini
876 1174 980 1228 mei
1030 1174 1201 1243 tetigi,
1252 1187 1354 1242 ego
1384 1186 1602 1226 carnem
1632 1182 1686 1226 et
1716 1186 1837 1226 ossa
1869 1173 1983 1239 pal-

376 1267 526 1337 pavi,
558 1281 661 1335 ego
702 1264 901 1335 digitos
928 1279 1077 1318 meos
1110 1264 1161 1318 in
1206 1264 1382 1318 locum
1418 1264 1699 1318 vulnerum
1738 1264 1879 1329 misi,
1926 1273 1981 1318 et

376 1360 447 1413 de
477 1358 701 1412 Christo
738 1358 965 1411 Domino
994 1372 1137 1421 meo,
1172 1371 1329 1425 quem
1376 1356 1739 1425 palpaveram,
1774 1358 1979 1425 procla-

374 1455 521 1508 mari
556 1471 568 1507 :
606 1453 850 1505 Dominus
877 1468 1021 1505 meus
1052 1461 1097 1503 et
1122 1448 1262 1503 Deus
1294 1466 1456 1503 meus.
1512 1451 1629 1503 Non
1676 1450 1820 1504 enim
1856 1449 1976 1503 novi

375 1546 522 1598 inter
553 1543 825 1597 Christum
855 1553 904 1597 et
947 1544 1112 1597 Deum
1160 1538 1337 1595 iacere
1369 1540 1702 1605 distantiam,
1736 1541 1977 1595 inserere

371 1635 674 1704 saerilegas
702 1634 986 1703 opiniones
1022 1632 1163 1687 inter
1192 1631 1376 1686 Jesum
1422 1642 1474 1687 et
1526 1633 1692 1686 Deum
1723 1632 1867 1696 nolo,
1896 1631 1977 1686 di-

372 1729 583 1783 veilrre
610 1743 639 1780 a
663 1742 722 1781 se
754 1728 870 1793 ipso
908 1727 1193 1781 Dominum
1234 1742 1410 1780 meum
1444 1725 1649 1781 nescio.
1686 1725 1916 1780 Facesse
1944 1740 1974 1779 a

2096 526 2307 583 fuerant
2337 529 2702 586 crediderunt.
2733 531 2839 589 Sed
2872 543 3049 590 tamen
3080 538 3203 606 quia
3251 539 3491 597 cmlestis
3539 540 3677 613 signi

2093 618 2317 673 fecimus
2344 624 2695 688 mentionem,
2730 626 3010 681 ostendam
3044 627 3137 683 tibi
3166 629 3232 683 de
3258 633 3399 685 ete‘o
3428 632 3635 704 signum
3660 647 3676 689 ε

2090 718 2144 764 et
2170 709 2393 781 quidem
2419 715 2541 779 tale,
2559 714 2642 769 cui
2668 730 2733 769 ne
2758 716 3029 773 dromones
3045 736 3295 791 umquam
3325 726 3675 781 contradixe—

2092 812 2245 867 runt;
2282 802 2408 858 dum
2449 804 2563 875 ipsa
2614 806 2855 860 veritatis
2896 811 3217 864 necessitate
3258 823 3513 883 cogente,
3548 817 3673 874 licet

2088 893 2271 948 Jesum
2321 904 2643 963 oorporeum
2694 914 2815 952 esse
2864 913 3179 969 cernerent,
3230 904 3399 961 Deum
3458 918 3673 976 tamen,

2088 986 2229 1054 quod
2271 996 2419 1047 erat.
2458 994 2579 1041 esse
2609 986 2934 1043 clamabant.
2969 993 3105 1058 Quid
3142 1009 3270 1066 ergo
3303 999 3375 1052 alt
3424 998 3672 1071 Evange-

2090 1080 2213 1134 lista
2259 1082 2324 1136 de
2374 1082 2600 1136 Domino
2644 1082 2770 1137 Jesu
2801 1085 3059 1141 Christo?
3089 1088 3425 1158 Baptizatus,
3458 1093 3627 1164 inquit
3652 1137 3667 1159 .

2087 1174 2353 1242 confestim
2376 1176 2603 1227 ascendit
2629 1174 2690 1227 de
2715 1192 2867 1245 aqua.
2902 1177 2968 1233 Et
2990 1196 3101 1233 ecce
3129 1184 3293 1249 aperti
3321 1193 3439 1237 sunt
3464 1186 3510 1239 ei
3532 1187 3665 1250 cali,

2086 1273 2131 1314 et
2162 1264 2288 1317 vidit
2318 1265 2556 1331 spiritum
2597 1264 2985 1321 descendentem
3024 1274 3157 1324 sicut
3202 1274 3489 1328 columbam
3517 1285 3565 1331 et
3588 1294 3669 1331 ve-

2084 1354 2305 1407 nientem
2322 1372 2476 1424 super
2492 1373 2560 1410 se.
2588 1356 2649 1410 Et
2671 1375 2784 1413 ecce
2807 1377 2903 1415 vox
2923 1360 2986 1416 de
3012 1365 3149 1417 (telis
3173 1365 3345 1419 dicens
3364 1383 3383 1421 :
3406 1366 3432 1406 δ
3461 1368 3565 1423 Hic
3592 1380 3668 1425 est

2085 1441 2254 1497 Filius
2275 1461 2415 1499 mens
2434 1447 2670 1513 dilectus,
2689 1450 2740 1501 in
2759 1467 2856 1519 quo
2878 1452 3003 1504 mihi
3023 1454 3541 1525 complacuiﬂlatth.
3559 1460 3664 1529 tn).

2082 1536 2217 1603 Quid
2236 1536 2301 1590 ad
2319 1536 2434 1592 haec
2459 1554 2618 1605 nunc,
2640 1539 2911 1607 haereticc,
2937 1544 3051 1598 ais?
3076 1545 3276 1602 dictum
3296 1549 3568 1619 displicet,
3595 1569 3665 1608 an

2082 1642 2307 1697 persona
2350 1629 2620 1684 dicentis?
2646 1630 2756 1685 Nec
2786 1633 3237 1704 interpretatione
3282 1650 3433 1697 certe
3463 1643 3667 1716 indiget
3758 1650 3759 1653 “

2081 1717 2437 1789 intelligentia
2468 1721 2842 1789 allocutionis,
2875 1741 2973 1781 nec
3016 1732 3489 1791 commendatione
3542 1753 3666 1792 ver-

373 1836 461 1874 me
486 1820 731 1889 quisquis
759 1818 973 1873 diversa
999 1818 1191 1883 genus.
1210 1816 1451 1888 quisquis
1475 1817 1684 1872 diversa
1714 1818 1967 1887 loqueris,
2009 1818 2049 1875 Β
2083 1810 2274 1867 borum
2299 1812 2530 1882 dignitas
2553 1815 2899 1886 alloquentis.
2930 1818 3075 1874 Deus
3098 1818 3258 1877 Pater
3281 1827 3472 1898 estqui
3498 1818 3662 1883 diiit:

373 1920 399 1946 ι
430 1912 547 1980 Ego
564 1911 708 1964 aliud
734 1907 1009 1964 Christum
1035 1926 1191 1979 quam
1226 1910 1395 1964 Deum
1418 1924 1538 1964 esse
1560 1925 1668 1963 non
1696 1911 1841 1977 novi,
1869 1909 1972 1964 hoc

370 2020 496 2057 (uin
526 2002 852 2072 coapOstolis
880 2004 1013 2057 meis
1037 2003 1203 2068 tenui,
1228 2002 1330 2056 hoc
1353 2001 1610 2057 Ecclesiis
1630 2001 1843 2064 tradidi,
1871 2001 1973 2056 hoc

368 2098 623 2167 gentibus
639 2096 941 2165 praedicari,
960 2094 1061 2149 hoc
1074 2096 1233 2149 etiam
1252 2095 1344 2148 tibi
1358 2094 1553 2157 clamo,
1568 2094 1817 2149 Christus
1834 2095 1974 2150 Deus

368 2198 485 2252 est,
520 2186 770 2241 Christus
799 2186 935 2240 Deus
960 2194 1060 2240 est.
1110 2186 1269 2240 Aliud
1301 2200 1449 2241 mens
1480 2200 1609 2240 sana
1635 2202 1741 2240 non
1782 2187 1969 2255 sentit,

368 2279 519 2331 aliud
542 2278 673 2331 fides
702 2292 829 2332 sana
849 2277 1423 2347 nunloquitur,divelli
1448 2292 1476 2330 a
1500 2292 1559 2330 se
1584 2277 1843 2331 Dirinitas
1863 2293 1968 2333 non

371 2383 574 2440 potest.
598 2371 665 2423 Et
693 2385 812 2424 cum
830 2370 1008 2437 utique
1039 2370 1295 2439 quidquid
1326 2379 1410 2425 est
1436 2369 1683 2425 Christus
1710 2370 1852 2425 Deus
1875 2373 1968 2435 sit,

371 2465 609 2519 inveniri
643 2463 695 2516 in
726 2462 838 2517 Deo
869 2463 1013 2517 aliud
1048 2479 1155 2518 non
1194 2473 1367 2532 potest
1396 2480 1552 2533 quam
1585 2464 1745 2518 Deus.

968 2557 1196 2613 CAPUT
1251 2556 1389 2612 XVI.

441 2650 542 2705 Dei
573 2651 747 2707 Patris
773 2653 835 2707 de
858 2651 987 2707 Filii
1016 2652 1282 2705 divinitate
1302 2652 1495 2721 profert
1526 2653 1891 2706 testimonium.

439 2744 578 2809 Quid
607 2746 686 2799 ais
714 2754 766 2800 tu
793 2760 956 2809 nunc,
984 2744 1272 2800 hmretice?
1299 2744 1647 2799 suiticiuntne
1671 2745 1785 2799 haec
1810 2745 1966 2799 testi-

367 2836 551 2889 monia
584 2836 731 2901 ﬁdei,
772 2837 936 2892 etiam
977 2851 1202 2891 summa:
1253 2835 1586 2901 infidelitati,
1639 2852 1705 2890 an
1763 2836 1965 2903 aliquid

369 2928 551 2982 adhuc
579 2928 885 2983 addendum
916 2929 1049 2983 est?
1095 2938 1151 2985 et
1200 2928 1331 2998 quid
1367 2928 1448 2983 rel
1498 2938 1618 2997 past
1648 2930 1961 2999 prophetas,

367 3021 455 3076 vel
485 3031 609 3092 post
646 3022 930 3091 apostolos
966 3021 1086 3076 addi
1122 3030 1332 3091 potest,
1366 3022 1468 3077 nisi
1500 3022 1670 3091 forte,
1713 3033 1767 3077 ut
1794 3022 1964 3078 Ιιιάιυί

370 3114 647 3183 quondam
702 3114 1115 3182 expostulabant
1153 3116 1365 3185 signum
1399 3116 1492 3170 tibi
1521 3116 1589 3171 de
1615 3118 1771 3181 cudo,
1801 3118 1961 3173 etiam

2084 1906 2316 1959 Hvidens
2346 1916 2429 1959 est
2452 1907 2593 1976 quod
2624 1908 2825 1964 dictum
2849 1920 2948 1965 est.
2984 1912 3250 1985 Numquid
3288 1928 3379 1972 aut
3411 1930 3517 1975 tam
3551 1921 3654 1975 im-

2079 1996 2401 2064 pudentem,
2434 2007 2525 2051 aut
2559 2008 2663 2053 tant
2696 2002 3013 2071 sacrilegam
3062 2020 3249 2060 vocem
3282 2009 3526 2077 proferre
3558 2029 3655 2080 po-

2079 2089 2208 2144 teris
2231 2130 2246 2153 ,
2277 2099 2335 2143 ut
2360 2091 2508 2144 dicas
2539 2092 2604 2145 de
2638 2094 2915 2161 nnigenito
2957 2096 3049 2151 Dei
3076 2097 3212 2154 Filio
3238 2116 3338 2157 nec
3369 2103 3480 2157 Deo
3509 2106 3653 2161 Patri

2076 2198 2196 2236 esse
2245 2183 2618 2237 credendum?
2648 2185 2746 2239 llic
2776 2196 3016 2260 estergo,
3059 2190 3267 2261 inquit,
3302 2193 3472 2250 Filius
3517 2216 3661 2253 meus

2075 2272 2310 2345 dilectus,
2336 2278 2388 2329 in
2417 2293 2518 2345 quo
2542 2277 2667 2330 mihi
2691 2278 3001 2348 complacui.
3038 2282 3143 2338 Sed
3178 2286 3410 2341 tentabis
3434 2287 3661 2348 forsitan

2075 2368 2256 2423 dicere
2274 2410 2288 2434 ,
2308 2382 2360 2422 ut
2389 2379 2469 2425 est
2493 2370 2781 2438 dementia,
2803 2382 2822 2410 ο
2847 2373 2915 2428 de
2939 2372 3115 2430 Verbo
3135 2376 3259 2443 ltoc,
3288 2382 3484 2437 nonde
3508 2383 3606 2438 Clu
3623 2386 3660 2439 i-

2075 2475 2159 2519 sto
2178 2464 2376 2519 dictum
2406 2464 2592 2519 fuisse.
2617 2462 2710 2519 Dic
2740 2466 2869 2522 mibi
2896 2483 3057 2538 ergo,
3085 2473 3204 2541 quis
3232 2483 3349 2528 erat
3371 2476 3460 2542 qui
3494 2478 3662 2549 bapti-

2074 2557 2330 2611 Ltbatur?
2352 2557 2608 2627 Verbum,
2635 2574 2698 2611 an
2725 2560 3009 2615 Christus?
3031 2578 3178 2628 caro,
3197 2581 3262 2618 att
3283 2567 3539 2636 spiritus?
3560 2573 3663 2625 Νιο.

2072 2663 2202 2714 gare
2240 2652 2422 2716 nt'que
2457 2664 2560 2701 non
2594 2658 2747 2717 potes
2779 2648 3050 2707 Christum
3099 2655 3288 2711 fuisse.
3329 2658 3501 2713 Homo
3532 2678 3663 2731 ergo

2076 2742 2164 2793 ille
2190 2757 2255 2794 ex
2287 2740 2503 2795 homine
2531 2757 2594 2795 ac
2638 2739 2748 2796 Deo
2777 2756 2970 2812 natus,
3020 2746 3221 2814 Spiritu
3252 2763 3442 2805 sancto
3473 2753 3522 2805 in
3553 2757 3663 2809 vir-

2073 2834 2248 2903 ginem
2278 2833 2677 2900 descendente,
2707 2847 2757 2891 et
2783 2836 2982 2893 virtute
3016 2838 3274 2895 Altissimi
3304 2844 3661 2904 obumbrante

2072 2938 2365 2994 conceptus
2386 2969 2400 2995 ,
2435 2942 2497 2981 ac
2538 2928 2616 2983 sic
2646 2928 2879 2984 hominis
2908 2940 2962 2985 et
2994 2927 3086 2985 Dei
3114 2932 3276 2998 filius,
3310 2934 3401 2991 ille
3435 2938 3621 3009 Inique
3647 2982 3660 3006 ,

2073 3030 2129 3073 ut
2173 3036 2371 3089 negare.
2422 3037 2527 3075 non
2569 3032 2755 3097 potes,
2801 3023 3102 3092 baptizatus
3146 3036 3247 3082 est.
3292 3027 3347 3084 Si
3391 3048 3522 3101 ergo
3569 3035 3661 3091 ille

2072 3114 2371 3185 baptizatus
2413 3125 2529 3180 est,
2567 3116 2656 3171 ille
2708 3125 2761 3171 et
2811 3118 3150 3174 nominatus:
3181 3124 3304 3191 quia
3351 3125 3443 3179 ille
3476 3126 3660 3197 utique

365 3216 422 3259 tu
454 3205 573 3259 dari
606 3206 895 3273 postules?
946 3206 1053 3261 Sed
1106 3206 1313 3277 petenti
1352 3208 1453 3263 hoc
1496 3208 1587 3263 tibi
1612 3254 1625 3276 ,
1659 3210 1789 3264 illud
1820 3210 1959 3279 quod
1992 3194 2036 3255 (ἶ
2070 3208 2409 3274 nominatus,
2441 3208 2532 3278 qui
2574 3208 2881 3278 baptizatus
2921 3220 3024 3267 est.
3056 3212 3155 3267 llic
3183 3225 3293 3281 est,
3324 3217 3529 3285 inquit,
3565 3194 3660 3275 Fi-

363 3316 686 3370 responsum
713 3310 838 3357 tunc
868 3302 973 3357 illis
995 3312 1098 3369 est,
1125 3317 1346 3357 necesse
1367 3311 1448 3357 est
1474 3304 1791 3371 reSponderi
1820 3322 1831 3356 :
1862 3304 1961 3359 Ce-

363 3394 567 3445 neratio
612 3409 773 3461 prava
824 3403 869 3447 et
914 3394 1151 3447 adultera
1190 3393 1397 3463 signum
1444 3396 1647 3463 quwrit,
1676 3403 1724 3448 et
1754 3396 1959 3468 signum

362 3499 468 3536 non
496 3484 704 3537 dabitur
741 3484 809 3550 ei,
850 3486 950 3538 nisi
975 3486 1178 3557 signum
1203 3482 1355 3539 Jama
1405 3484 1685 3559 praplteta'.
1721 3488 1789 3542 Et
1829 3505 1957 3544 vere

362 3576 619 3633 sufficere
644 3576 736 3632 tibi
774 3578 985 3647 signum
1018 3578 1119 3633 hoc
1148 3578 1229 3633 vel
1259 3593 1381 3633 cum
1411 3577 1612 3633 iudicis
1639 3580 1958 3651 cruciﬁgen-

365 3668 508 3723 tibus
533 3679 766 3740 poterat,
802 3680 858 3725 ut
882 3669 1161 3725 Dominum
1188 3679 1429 3726 nostrum
1451 3671 1619 3726 Deum
1653 3672 1818 3728 etiam
1853 3674 1954 3731 hac

2066 3301 2171 3355 lius
2204 3318 2343 3355 meus
2386 3303 2637 3369 dilectus,
2670 3305 2721 3356 in
2750 3319 2849 3370 quo
2882 3304 3009 3357 mihi
3037 3308 3349 3379 complacui.
3384 3311 3657 3383 Numquid

2068 3394 2171 3449 dici
2203 3394 2600 3463 significantius
2642 3404 2736 3448 aut
2767 3396 3078 3463 expressius
3118 3399 3410 3469 quidquam
3446 3405 3656 3472 potest?

2063 3489 2312 3542 Christus
2354 3488 2653 3556 baptizatus
2683 3496 2795 3553 est;
2824 3487 3074 3543 Christus
3104 3492 3351 3545 ascendit
3378 3493 3445 3547 de
3477 3512 3649 3565 aqua;

2063 3581 2280 3636 Christo
2303 3580 2574 3646 baptizato
2602 3577 2723 3632 caeli
2751 3578 2923 3647 aperti
2953 3588 3107 3645 sunt;
3133 3594 3349 3652 propter
3372 3583 3646 3641 Christum

2062 3675 2311 3733 columba
2359 3671 2639 3727 descendit
2694 3686 2857 3739 super
2902 3670 3215 3738 Christum;
3266 3674 3318 3728 in
3373 3678 3646 3748 corporali

1442 3802 1701 3859 ALARDI
1740 3806 1969 3864 CALEI
2009 3802 2577 3864 COMMENTARIUS.

433 3904 461 3933 ι
489 3894 666 3950 Alium
695 3894 875 3966 malim
903 3893 1092 3949 dicere
1118 3908 1275 3962 quam
1304 3893 1469 3966 aliud.
1500 3894 1630 3948 Nam
1659 3897 1793 3949 alius
1825 3913 1949 3966 per-

371 3981 585 4028 sonam,
627 3965 773 4017 aliud
807 3974 1049 4018 naturam
1083 3967 1299 4032 proprie
1330 3964 1571 4025 denotat.
1608 3978 1663 4019 ut
1706 3964 1953 4033 superius

369 4046 641 4090 (retensum
676 4044 777 4087 est.
807 4035 957 4089 Unde
988 4036 1148 4088 alium
1173 4035 1402 4089 dicimus
1431 4037 1622 4088 Filium
1652 4052 1677 4088 a
1714 4038 1875 4093 Patre
1901 4041 1950 4093 in

372 4109 591 4173 divinis,
626 4106 677 4159 id
709 4118 811 4169 est,
844 4108 1000 4158 aliam
1034 4121 1339 4175 personant,
1388 4121 1491 4161 non
1524 4108 1689 4172 aliud,
1742 4109 1790 4161 id
1845 4120 1951 4175 est,

361 4178 497 4229 alius
545 4188 767 4232 naturm.
813 4188 870 4229 ut
911 4178 1067 4231 docet
1099 4177 1157 4231 S.
1184 4178 1422 4230 Thomas
1454 4180 1491 4247 (ι
1515 4195 1592 4246 p.,
1625 4196 1678 4246 ᾳ.
1730 4180 1819 4242 31,
1849 4191 1950 4235 art.

360 4247 472 4314 22).
506 4248 679 4301 Porro
722 4247 1001 4302 Nestorius
1045 4247 1206 4299 alium
1248 4248 1527 4303 Christum
1573 4264 1731 4315 quam
1784 4252 1950 4306 Deum

359 4318 660 4382 astruebat,
690 4320 809 4387 quia
841 4334 1030 4385 purum
1081 4318 1377 4385 hominem,
1432 4334 1539 4373 non
1589 4320 1753 4374 Deum
1786 4337 1951 4390 agno-

360 4391 539 4443 scebat
566 4404 581 4453 ;
610 4394 693 4443 cui
719 4391 1098 4442 Contradicens
1132 4395 1332 4443 Auctor
1364 4406 1468 4443 non
1494 4391 1654 4443 alium
1685 4406 1828 4456 esse,
1854 4394 1947 4448 sed

360 4476 521 4512 unmn
546 4471 598 4511 et
625 4459 872 4513 eumdem
898 4474 1017 4512 cmn
1051 4458 1183 4523 Deo,
1214 4471 1267 4512 et
1298 4461 1471 4527 ipsum
1504 4460 1672 4515 Deum
1709 4478 1848 4521 esse.
1882 4479 1945 4518 ex

358 4533 539 4583 verbis
560 4530 785 4584 Thomze
816 4530 1045 4598 apostoli
1076 4530 1335 4584 ostendit.
1357 4530 1486 4584 Natn
1521 4532 1817 4586 secundum
1847 4534 1947 4587 ltu-

353 4616 570 4654 manatn
605 4611 850 4653 naturam
897 4603 1078 4667 negari
1123 4617 1227 4654 non
1269 4612 1448 4670 potest
1497 4600 1771 4657 Christum
1800 4604 1944 4658 aliud

352 4687 473 4725 esse
504 4688 665 4740 quam
702 4671 866 4725 Deum
894 4688 908 4736 ;
941 4671 1105 4736 aliud,
1136 4672 1375 4740 inquam,
1408 4673 1454 4724 id
1484 4682 1587 4733 est,
1623 4688 1734 4727 rem
1759 4675 1943 4740 aliam,

355 4754 475 4809 puta
515 4723 801 4795 homin-rm
837 4759 851 4809 ;
896 4723 1017 4795 'non
1070 4723 1247 4797 tame-ii
1281 4723 1443 4796 alium
1473 4784 1486 4807 ,
1538 4723 1587 4796 id
1633 4754 1736 4807 est,
1783 4723 1943 4799 aliain
1977 4723 2026 4781 D

388 4828 665 4866 ersnnam.

388 4830 665 4866 ersnnam.

354 4830 384 4956 _p
421 4884 446 4921 δ
476 4882 536 4937 ’0
556 4886 671 4944 υἱός
690 4904 789 4952 μου
811 4883 837 4939 ὁ
862 4884 1147 4956 ἀγαπητὸς,
1169 4900 1221 4953 q.
1238 4884 1291 4938 ti.
1313 4884 1481 4938 Filius
1506 4885 1597 4939 ille
1618 4900 1801 4950 meus;
1828 4886 1940 4952 ille,

352 4954 569 5021 inquam
589 4998 604 5020 ,
628 4954 1005 5008 coartssinius.
1037 4956 1287 5009 Ostendit
1311 4960 1453 5008 enim
1475 4958 1692 5025 gemino
1714 4959 1943 5011 articulo

352 5040 409 5079 se
453 5041 559 5078 non
605 5024 673 5078 de
706 5040 929 5093 quov.s.
978 5028 1071 5078 sed
1124 5026 1188 5079 de
1220 5024 1495 5090 naturali,
1537 5026 1604 5079 de
1644 5028 1841 5091 unico,
1874 5030 1942 5084 de

351 5106 586 5159 rterno,
616 5095 687 5148 de
726 5097 829 5148 sibi
861 5098 1052 5165 thttali
1082 5097 1217 5150 Filio
1248 5097 1422 5165 loqui:
1460 5112 1581 5149 nam
1611 5101 1791 5151 cmteri
1823 5110 1940 5152 tan-

352 5178 460 5217 tum
492 5168 785 5231 adoptione
827 5166 921 5219 lilii
952 5177 1097 5219 sunt.
1136 5167 1207 5220 Ita
1251 5168 1610 5221 Maldonatus.
1639 5168 1855 5223 Plenius
1886 5172 1937 5225 id

350 5236 673 5307 esgilicatS.
717 5236 828 5291 Leo
872 5238 1109 5303 pontifex
1142 5253 1305 5291 serm.
1336 5239 1402 5290 de
1432 5238 1935 5307 ’l‘ranstiguratione

351 5306 501 5379 Dom.
534 5327 544 5359 :
576 5306 784 5379 Latum,
819 5310 1057 5375 inquam,
1080 5320 1124 5361 et
1156 5309 1426 5377 multiplex
1448 5306 1789 5363 testimonium
1811 5311 1933 5379 fuit,

354 5387 394 5428 et
422 5377 538 5448 plus
569 5380 637 5450 in,
658 5378 927 5450 rerborum
963 5380 1179 5450 rirtu‘e,
1211 5396 1363 5450 quam
1390 5381 1441 5432 in
1473 5396 1598 5450 sono
1620 5382 1757 5433 vocis
1784 5377 1936 5434 audi-

352 5458 455 5499 tum
482 5460 575 5501 est.
614 5449 827 5501 Dicente
850 5449 985 5501 enim
1010 5448 1170 5504 Patre
1188 5466 1206 5502 :
1225 5448 1341 5502 Hic
1379 5465 1452 5503 est
1479 5448 1649 5503 Filius
1675 5467 1819 5503 meus
1849 5454 1903 5505 di
1911 5482 1933 5493 -

354 5521 503 5572 lectus
526 5564 541 5585 ,
565 5524 622 5573 in
657 5535 762 5589 quo
792 5520 919 5571 mihi
962 5521 1289 5585 complacui;
1319 5522 1485 5585 ipsum
1516 5521 1709 5574 audite.
1748 5520 1935 5576 Nonne

352 5590 600 5644 eriJenler
621 5592 857 5642 auditum
888 5601 960 5644 est
986 5607 1004 5644 :
1033 5590 1129 5644 llic
1159 5602 1233 5646 est
1267 5590 1435 5645 Filius
1464 5608 1603 5646 meus
1625 5634 1636 5650 ,
1661 5594 1743 5645 cui
1768 5609 1834 5647 ea:
1854 5610 1935 5647 me

352 5670 399 5735 et
422 5678 615 5715 mecum
648 5677 787 5722 esse,
819 5661 929 5735 sine
955 5672 1177 5732 tempore
1200 5663 1316 5716 cst?
1345 5664 1464 5732 quia
1497 5679 1586 5715 nec
1615 5663 1815 5735 geni_t_or
1841 5680 1928 5733 ge-

351 5731 448 5804 n_ito
471 5735 632 5801 prior,
669 5748 762 5784 nec
800 5734 1001 5797 genitus
1041 5731 1114 5786 est
1144 5731 1371 5800 genitore
1412 5731 1679 5804 posterior.
1714 5733 1819 5787 llic
1845 5731 1929 5787 'rst

354 5798 509 5857 Filius
539 5820 684 5857 meus
706 5844 721 5867 ,
750 5820 901 5870 quem
932 5820 962 5855 a
996 5820 1073 5856 me
1104 5798 1203 5859 non
1244 5798 1449 5874 separat
1487 5806 1647 5858 duitas
1668 5844 1682 5871 ,
1718 5823 1815 5857 non
1844 5806 1924 5858 di-

614 5900 893 5987 Ps'rnoL.
947 5896 1016 5957 ιι.

2058 3899 2180 3951 ιεὶάίι
2216 3904 2465 3962 potestas,
2494 3908 2593 3944 non
2644 3890 2889 3944 discernit
2918 3892 3196 3945 aeternitas.
3229 3893 3332 3946 Hic
3362 3906 3437 3948 cst
3476 3898 3645 3954 Filius

2058 3984 2196 4021 meus
2228 3982 2326 4018 non
2357 3964 2649 4031 adoptivus,
2680 3964 2769 4014 sed
2817 3962 3096 4033 proprius;
3129 3980 3227 4016 non
3266 3965 3477 4021 aliunde
3503 3987 3646 4023 crea-

2061 4052 2165 4102 tus,
2218 4038 2304 4091 sed
2348 4050 2412 4088 ea:
2461 4050 2539 4086 me
2597 4033 2831 4101 genitus,
2876 4047 2966 4085 nec
3008 4034 3070 4086 de
3130 4035 3233 4087 alia
3288 4048 3476 4091 natura
3523 4044 3648 4095 mihi

2060 4112 2224 4179 factus
2251 4104 2761 4179 contparabilishsed
2804 4106 2865 4157 de
2894 4119 3003 4156 mea
3052 4107 3301 4171 essentia,
3336 4109 3461 4162 mihi
3491 4123 3645 4168 natus

2059 4174 2291 4249 rrqttalis.
2345 4176 2441 4229 llic
2465 4185 2539 4229 cst
2583 4174 2749 4249 Filius
2790 4189 3084 4249 ηερμες-ρετ
3110 4189 3259 4249 quem
3302 4180 3473 4233 οηιηὶη
3506 4185 3647 4249 facta

2060 4244 2178 4306 sunt
2196 4292 2208 4313 ,
2238 4260 2282 4303 et
2310 4250 2419 4302 sine
2443 4263 2556 4321 quo,
2574 4247 2769 4315 factum
2792 4254 2865 4321 est
2890 4244 3052 4321 nihil;
3076 4248 3193 4313 quia
3225 4250 3397 4321 omnia
3419 4244 3536 4320 qui?
3564 4254 3647 4321 fa-

2056 4323 2167 4387 cio,
2198 4322 2350 4374 simul
2380 4329 2426 4372 et
2455 4318 2623 4389 facili
2652 4327 2694 4369 et
2725 4316 2979 4385 quidquid
3000 4333 3200 4389 op:ro_r,
3235 4316 3646 4389 inseparabiliter

2056 4385 2253 4446 ntecunt
2282 4402 2433 4461 atque
2457 4385 2814 4461 ληφθῇ-ωηεν
2845 4396 3101 4454 operatur.
3131 4385 3197 4440 In
3231 4385 3386 4461 Patre
3410 4393 3541 4443 enim
3568 4405 3643 4446 est

2054 4463 2257 4525 Filius,
2289 4455 2419 4514 et'in
2452 4457 2590 4512 Filio
2632 4455 2810 4517 Putcr,
2842 4472 2932 4509 nec
2980 4473 3218 4524 umquam
3256 4459 3426 4513 unitas
3465 4475 3640 4516 nostra

2053 4534 2335 4587 dividitur:
2372 4540 2418 4584 et
2445 4546 2556 4582 cunt
2584 4530 2717 4601 alius
2745 4544 2836 4597 ego
2862 4530 2991 4601 sim,
3013 4531 3099 4601 qui
3125 4529 3279 4601 genui
3302 4544 3322 4594 ;
3350 4531 3483 4585 alius
3508 4534 3600 4587 ille
3619 4579 3635 4601 ,

2051 4621 2199 4670 quem
2221 4604 2406 4675 genui;
2446 4617 2547 4675 non
2578 4600 2718 4653 aliut
2751 4609 2918 4675 tatnen
2959 4599 3032 4675 de
3049 4599 3141 4675 illo
3172 4600 3309 4653 uobis
3339 4603 3420 4672 [as
3451 4615 3521 4658 est
3552 4599 3638 4660 co;

2052 4668 2247 4745 nitore:
2272 4689 2423 4743 quam
2445 4672 2507 4745 de
2535 4687 2613 4725 me
2642 4669 2835 4745 sentire
2849 4668 3087 4745 possibile
3107 4679 3202 4723 est.

2127 4757 2148 4784 ε
2187 4746 2267 4799 Ad
2286 4741 2580 4796 tollendam
2605 4741 2958 4807 ambiguitate
2976 4756 3012 4791 ‘n
3037 4742 3114 4795 sic
3136 4744 3495 4797 con~trnenda
3520 4746 3635 4801 hac

2051 4816 2332 4885 syntaxis:
2361 4813 2474 4868 Hoc
2496 4815 2688 4866 dictum
2713 4811 2949 4885 fuissegde
2976 4810 3169 4885 }_’_erbo,
3196 4830 3298 4885 non
3322 4814 3385 4869 de
3407 4812 3635 4873 Christo.

2051 4879 2185 4953 Hoc,
2211 4901 2405 4953 nempe
2433 4879 2720 4939 oraculum
2739 4880 2936 4948 Patris,
2965 4879 3066 4953 llic
3084 4894 3158 4936 est
3189 4882 3358 4937 Filius
3386 4902 3526 4940 meus
3546 4888 3635 4942 di-

2048 4952 2231 5013 lectus.
2258 4952 2493 5012 Verbum
2520 4964 2699 5009 autem
2732 4968 2958 5021 persona
2993 4952 3117 5008 Filii
3147 4954 3429 5021 accipitur,
3463 4972 3631 5025 quam

2047 5029 2327 5084 Nesmtius
2357 5044 2385 5079 a
2408 5025 2661 5084 Christo.
2693 5040 2788 5079 seu
2816 5039 3044 5089 persona
3075 5025 3275 5079 Christi
3304 5028 3629 5094 separabat:

2046 5102 2125 5155 sic
2146 5100 2291 5154 vafer
2320 5100 2429 5161 ille,
2452 5113 2574 5151 cum
2599 5094 2897 5169 aPatribus
2917 5095 3244 5169 orthodoxjs
3268 5108 3628 5169 premeretur,

2045 5186 2234 5224 eorum
2260 5177 2575 5238 argumenta
2598 5167 2820 5222 eludere
2840 5166 3141 5233 eatagebat.
3164 5164 3296 5219 Cum
3321 5167 3468 5221 enim
3491 5164 3625 5223 duas

2050 5242 2104 5294 in
2127 5241 2347 5295 Christo
2370 5254 2629 5309 personas
2647 5238 3037 5309 distingueret,
3058 5250 3413 5309 qumcnmque
3434 5254 3463 5291 e
3485 5239 3631 5295 Scri-

2047 5314 2220 5381 ptnris
2247 5311 2309 5365 ad
2336 5307 2666 5381 probandam
2698 5307 2901 5381 Christi
2931 5307 3631 5381 d_i_vin_itatenrohjiciebano

2046 5377 2150 5445 iur,
2173 5398 2233 5436 ea
2262 5377 2364 5434 non
2390 5382 2457 5434 de
2485 5379 2728 5447 Christo,
2751 5380 2845 5432 sed
2870 5379 2935 5432 de
2956 5377 3136 5432 Verbo
3159 5378 3434 5432 Christum
3466 5381 3625 5435 inha-

2045 5452 2249 5506 bitante
2301 5452 2778 5519 interpretabatur.
2814 5448 2883 5502 At
2934 5450 3038 5503 hoc
3066 5449 3324 5517 ea‘ugiunt
3374 5448 3630 5507 Nestorio

2049 5523 2417 5588 prmeluditur,
2450 5538 2572 5576 cum
2600 5539 2630 5575 e
2656 5520 2951 5587 Scripturis
2974 5519 3416 5576 tnauifeStissime
3443 5534 3629 5577 osten-

2046 5595 2193 5647 ditur
2235 5593 2487 5647 eumdem
2537 5607 2658 5646 esse
2708 5590 3014 5657 Christum,
3046 5602 3099 5644 et
3144 5590 3409 5655 Verbum,
3444 5602 3499 5647 ut
3539 5595 3628 5648 hic

2041 5663 2281 5717 ostendit
2309 5666 2530 5725 Auctor,
2556 5673 2613 5717 et
2638 5662 2727 5715 alii
2757 5661 2950 5716 Patres
2978 5662 3366 5727 ostenderunt,
3400 5664 3629 5730 proinde

2039 5736 2107 5787 de
2134 5735 2348 5787 Christo
2376 5736 2515 5789 dicta
2538 5749 2658 5788 θέτε
2679 5772 2692 5798 ,
2722 5746 2842 5802 qua:
2871 5732 2938 5787 de
2971 5733 3145 5789 Verbo
3188 5735 3325 5789 dicta
3356 5734 3626 5790 fatebatur

2038 5806 2341 5861 Nestorius.

2967 5905 3002 5962 3
