4040 6182
347 318 430 374 '75

1692 333 1975 391 tosa'uts
2015 321 2326 392 CASSlANl

3579 351 3645 409 76

367 448 549 517 specie
600 447 834 521 Spiritus
866 455 1084 504 sanctus
1116 447 1321 513 astitit;
1351 446 1624 504 Christum
1657 446 1818 504 Pater
1863 464 1953 519 ap-
1984 451 2026 510 Α
2063 447 2252 504 Fili-tm
2277 451 2508 507 descend
2533 462 2664 521 :set,
2685 467 2781 509 nec
2805 454 2962 510 i‘atcr
2977 455 3168 512 Filium
3194 459 3295 514 nisi
3317 460 3647 519 vercP‘ilium

366 543 606 613 pallavit.
642 543 751 596 lloc
782 543 823 595 si
851 540 920 596 de
949 539 1168 596 Christo
1201 539 1405 594 dictum
1440 556 1640 611 negare
1665 556 1824 594 ausus
1853 556 1910 594 es
1931 585 1945 607 ,

367 633 616 704 Superest
659 645 716 687 ut
766 646 866 687 nec
903 629 1233 700 baptizatum
1280 629 1557 687 Christum
1611 632 1802 696 fuisse,
1854 649 1954 687 llt'C

369 727 626 795 Spiritum
684 721 1069 792 descendisse,
1120 730 1232 777 nec'
1275 723 1490 778 Patrem
1545 723 1779 777 locutum
1831 737 1953 776 esse

366 816 682 870 eonteudas.
720 816 824 870 Sed
861 826 1014 885 urget
1057 827 1234 870 tamen
1267 829 1320 870 et
1355 817 1551 884 premit
1583 828 1630 871 te
1663 817 1773 886 ipsa
1807 818 1948 870 veri-

369 921 482 962 tas:
518 921 572 963 ut
607 911 769 964 etiam
807 912 850 962 si
884 910 1134 964 conﬁteri
1163 925 1285 965 eam
1327 911 1502 978 nolis,
1550 921 1728 965 tamen
1754 926 1951 980 negaro

365 1016 471 1054 non
498 1002 692 1069 possis.
743 1001 879 1068 Quid
924 1002 1066 1055 enim
1113 1002 1189 1056 ait
1234 1001 1603 1070 evangelista?
1648 999 1951 1069 Baptizatus

365 1103 534 1144 autem
576 1093 842 1163 confestim
884 1093 1115 1146 ascendit
1157 1093 1220 1146 de
1257 1110 1416 1164 aqua.
1457 1093 1590 1160 Quis
1651 1094 1951 1163 baptizitus

365 1181 482 1237 est?
523 1185 770 1238 Christus
809 1186 1016 1252 utique.
1051 1184 1114 1237 Et
1143 1201 1284 1246 ecce.
1330 1186 1498 1255 inquit
1521 1228 1534 1252 ,
1567 1186 1733 1258 operti
1762 1196 1878 1238 sunt
1905 1187 1950 1239 ei

365 1277 496 1330 ι’ωιὶ.
513 1274 607 1329 Cui
636 1276 873 1340 scilicet,
901 1277 999 1330 nisi
1031 1277 1103 1330 illi
1135 1277 1225 1346 qui
1250 1277 1552 1348 baptizatus
1581 1279 1704 1332 est?
1734 1279 1950 1332 ChriSto

367 1368 566 1438 utique.
591 1366 659 1421 Et
700 1367 822 1421 vitlit
869 1369 1104 1440 spiritum
1141 1368 1228 1423 Dei
1261 1370 1652 1423 descendentem
1699 1371 1830 1423 sicut
1858 1388 1948 1424 ro-

365 1461 590 1512 lttntbam
611 1469 656 1511 et
697 1459 973 1513 venientem
1013 1475 1166 1526 super
1206 1474 1278 1513 se.
1328 1459 1459 1525 Quis
1503 1459 1668 1514 vidit?
1699 1460 1950 1513 Christus

364 1551 594 1604 scilicet.
629 1552 800 1618 Super
823 1565 981 1616 quem
1013 1548 1332 1602 descendit?
1359 1564 1522 1618 super
1544 1550 1812 1602 Christum
1849 1548 1950 1602 uti-

363 1657 486 1707 que.
521 1645 604 1695 ,Ει
635 1657 732 1694 t'oa:
775 1645 912 1709 facta
941 1650 1014 1694 cst
1058 1643 1120 1693 de
1149 1641 1309 1707 caelo,
1359 1642 1553 1694 dicens.
1597 1641 1674 1695 De
1707 1641 1850 1710 quo?
1883 1641 1948 1695 do

361 1736 577 1789 Christo
609 1735 832 1790 scilicet.
875 1734 1011 1802 Quid
1044 1737 1188 1789 enim
1230 1733 1508 1805 sequitur?
1539 1731 1635 1787 Ηὶε
1664 1745 1736 1788 cst
1780 1733 1948 1786 Filius

2059 541 2392 597 declarasset
2432 546 2770 614 :prarsertim
2816 561 2936 600 eum
2982 549 3062 602 his
3105 550 3301 605 divina:
3348 555 3645 611 nativitatis

2056 634 2560 703 signiﬁcationibus,
2583 628 2702 707 quin
2731 653 2838 692 non
2870 641 3043 694 solum
3073 644 3352 698 veritatem
3385 648 3483 716 pize
3517 647 3670 704 ﬁdei.

2055 724 2463 796 conﬁrmarent,
2487 727 2582 782 sed
2610 729 2770 782 etiam
2802 731 3125 800 pravitatem
3161 734 3338 804 impire
3366 739 3639 808 opinionis

2057 819 2429 874 excluderent.
2461 819 2720 876 ltteﬁ'abili
2751 825 2892 876 enim
2928 825 3092 879 divini
3124 827 3255 882 dicti
3285 833 3641 899 magniﬁcen-

2059 911 2129 962 tia
2169 925 2290 963 cum
2321 925 2587 981 expresse
2610 928 2673 967 ac
2695 915 3067 983 signiﬁcanter
3095 918 3327 975 dixisset
3358 922 3535 990 Pater,
3559 926 3645 978 hic

2057 1012 2126 1054 est
2154 999 2327 1055 Filius
2358 1019 2496 1056 meus
2528 1004 2768 1071 dilectus,
2799 1007 2949 1061 addit
2973 1009 3135 1063 etiam
3167 1011 3297 1066 illud
3330 1014 3471 1083 qttod
3496 1031 3644 1070 secu-

2057 1101 2168 1147 tum
2205 1103 2323 1160 est,
2369 1095 2599 1151 dilectus
2642 1099 2877 1166 scilicet,
2911 1101 2965 1154 in
3012 1119 3112 1173 quo
3160 1105 3289 1158 mihi
3328 1109 3639 1173 complacui.

2059 1183 2144 1240 Uti
2167 1202 2254 1254 tuo
2278 1187 2415 1240 sicut
2447 1203 2542 1257 per
2570 1189 2886 1259 prophetam
2920 1192 3086 1246 Deum
3127 1195 3357 1261 fortem,
3387 1208 3440 1252 et
3471 1199 3638 1253 Deum

2057 1291 2307 1345 magnum
2326 1275 2439 1346 jam
2467 1279 2852 1348 praedicaverat
2882 1282 3063 1352 (Isaiae
3087 1286 3194 1350 ts):
3224 1288 3293 1339 ita
3322 1288 3405 1343 hic
3428 1290 3637 1356 dicens,

2056 1363 2228 1420 Filius
2257 1385 2399 1422 meus
2445 1370 2664 1425 dilectus
2696 1373 2746 1426 in
2777 1390 2878 1442 quo
2898 1429 2901 1432 _
2921 1375 3049 1428 mihi
3079 1378 3385 1448 contplacui,
3421 1380 3638 1451 insuper

2056 1459 2258 1527 proprii
2282 1457 2400 1512 Filii
2421 1461 2504 1515 sui
2550 1477 2745 1516 nomen
2775 1463 2972 1530 adjecit
2995 1505 3007 1526 .
3041 1477 3096 1518 ut
3142 1470 3528 1536 proprietatem
3561 1471 3640 1524 di-

2054 1551 2190 1602 vinae
2214 1550 2463 1606 videlicet
2491 1564 2696 1606 naturae
2719 1555 2998 1609 nominum
3027 1557 3359 1626 signiﬁcaret
3381 1561 3636 1629 adiectio,

2055 1648 2110 1693 ct
2137 1640 2188 1693 id
2216 1641 2281 1694 ad
2333 1642 2593 1696 honorem
2623 1644 2741 1699 Filii
2773 1645 2868 1700 Dei
2917 1649 3268 1715 peculiariter
3301 1653 3600 1720 pertineret
3624 1696 3639 1717 ,

2053 1731 2195 1798 quod
2236 1733 2372 1788 nulli
2403 1736 2626 1789 omnino
2655 1735 2861 1790 homini
2902 1739 3234 1808 contigisset.
3268 1742 3450 1810 Itaque
3497 1745 3639 1799 sicut

362 1845 504 1881 utens
543 1829 790 1891 dilectus,
822 1829 876 1881 in
917 1846 1019 1899 quo
1049 1828 1174 1881 mihi
1204 1830 1516 1898 comptucni.
1551 1829 1616 1883 Ut
1642 1827 1818 1881 omnia
1859 1830 1944 1880 illa
1984 1828 2025 1886 Β
2057 1825 2147 1877 illa
2183 1826 2394 1893 propria
2443 1842 2505 1881 ac
2535 1829 2829 1896 peculiaria
2860 1830 2914 1884 in
2946 1846 3175 1899 persona
3226 1833 3440 1889 Domini
3468 1840 3637 1891 nostri

362 1932 586 1991 prnpter
611 1939 770 1992 quem
815 1922 956 1977 facta
993 1931 1195 1985 essent,
1223 1923 1657 1988 ostenderentur,
1689 1939 1788 1976 vox
1813 1939 1944 1977 cnn-

360 2022 544 2065 secula
569 2023 652 2066 est
686 2011 908 2066 dicens:
956 2011 1058 2065 llic
1081 2021 1154 2064 cst
1185 2009 1361 2065 Filius
1390 2029 1531 2066 meus
1569 2013 1819 2075 dilectus,
1848 2014 1946 2065 hoc

359 2110 444 2156 est
483 2102 700 2157 dicere:
737 2103 832 2158 llic
867 2115 948 2158 est
988 2110 1206 2173 propter
1239 2119 1398 2173 quem
1432 2113 1625 2158 cuncta
1671 2105 1784 2158 base
1811 2104 1945 2157 facta

357 2206 505 2251 sunt.
543 2196 638 2250 ilic
661 2206 744 2250 est
770 2197 912 2250 enim
959 2194 1130 2250 Filius
1165 2211 1351 2260 tuens,
1391 2205 1611 2266 propter
1653 2199 1791 2250 hunc
1823 2198 1948 2252 δαεῖί

355 2287 528 2354 aperti
560 2296 688 2342 sunt
711 2329 723 2352 ,
751 2297 971 2357 propter
994 2290 1138 2343 hunc
1175 2289 1399 2357 spiritus
1425 2304 1574 2344 meus
1614 2290 1759 2343 venit
1786 2330 1797 2353 ,
1825 2307 1949 2358 pto-

361 2393 480 2448 pter
523 2379 667 2434 hunc
706 2395 807 2433 vox
857 2395 973 2434 mea
1022 2379 1160 2432 facta
1204 2390 1310 2434 est.
1347 2380 1446 2434 llic
1484 2391 1560 2434 est
1595 2381 1737 2434 enim
1779 2381 1948 2434 Filius

361 2485 535 2526 sucus.
578 2471 771 2533 Dicens
811 2487 971 2540 ergo,
999 2470 1080 2524 hic
1119 2481 1192 2525 est
1218 2468 1390 2524 Filius
1414 2487 1586 2536 meus,
1620 2488 1779 2540 quem
1805 2471 1948 2525 desi-

360 2563 587 2632 gnabat?
613 2563 760 2618 illum
795 2565 978 2634 utique
1006 2578 1166 2634 quem
1196 2563 1441 2616 columba
1471 2565 1741 2632 tangebat.
1776 2564 1945 2640 Quem

360 2673 490 2726 ergo
517 2658 760 2712 co'umba
791 2657 994 2727 tetigit?
1016 2658 1290 2711 Christum
1339 2656 1572 2710 scilicet.
1605 2657 1744 2725 Ergo
1792 2656 1948 2710 Chii-

363 2757 479 2801 stus
505 2747 670 2804 Filius
698 2747 790 2802 Dei
813 2758 918 2804 est.
946 2748 1170 2817 impleta
1199 2757 1302 2812 est,
1321 2757 1374 2801 ut
1398 2762 1540 2812 reor,
1561 2748 1780 2817 sponsio
1804 2763 1944 2800 utea.

362 2837 520 2895 Vides
557 2855 686 2911 ergo
719 2839 990 2909 profecto,
1018 2839 1275 2893 hmretice
1296 2879 1310 2906 ,
1340 2839 1551 2908 signum
1586 2838 1680 2892 tibi
1707 2836 1775 2891 de
1805 2838 1948 2890 cmlo

359 2935 542 2984 datum
566 2947 578 2984 :
605 2941 656 2985 et
683 2929 900 3000 quidem
933 2946 1036 2986 non
1063 2946 1261 2996 unum,
1289 2931 1462 2983 sedet
1489 2930 1651 2984 multa
1683 2940 1735 2985 et
1765 2932 1948 2999 singu-

359 3021 527 3076 laria?
555 3022 728 3076 Ilabes
758 3023 899 3078 enim
937 3039 1101 3078 unum
1130 3023 1180 3078 in
1217 3022 1498 3094 apertione
1529 3023 1690 3084 cmli.
1724 3024 1866 3076 aliud
1895 3024 1943 3076 in

359 3110 595 3180 Spiritus
633 3111 1020 3180 descensione,
1066 3113 1278 3168 tertium
1323 3115 1374 3167 in
1409 3112 1585 3168 Patris
1612 3129 1766 3168 voee.
1815 3117 1946 3182 Qutc

2049 1915 2176 1968 .lcsu
2219 1916 2416 1971 Christi
2463 1919 2714 1985 fuerunt,
2747 1919 2890 1988 quod
2921 1923 3046 1976 coeli
3090 1925 3260 1992 aperti
3293 1936 3445 1992 sunt,
3495 1928 3637 1997 quod

2050 2022 2172 2060 eum
2212 2009 2349 2063 Deus
2379 2010 2540 2064 l‘ater
2568 2013 2779 2066 cunctis
2803 2011 3112 2068 videntibus
3143 2031 3237 2084 per
3257 2017 3638 2074 adventantem

2051 2113 2210 2169 atque
2237 2111 2504 2156 astantem
2528 2105 2829 2157 columbam
2856 2106 3011 2175 quasi
3043 2121 3202 2161 manu
3232 2109 3640 2178 quodammodo

2052 2207 2144 2245 sua
2195 2193 2405 2261 tetigit,
2439 2206 2492 2249 et
2525 2195 2677 2262 quasi
2733 2195 2904 2266 digito
2958 2197 3232 2254 indicante
3275 2203 3635 2268 monstravit,

2050 2286 2269 2352 dicens,
2312 2285 2408 2340 llic
2455 2298 2526 2342 est
2571 2285 2742 2342 Filius
2775 2307 2954 2345 meus:
2988 2292 3058 2345 ita
3095 2293 3222 2347 illud
3253 2309 3467 2363 quoque
3513 2311 3639 2363 pro-

2054 2379 2233 2445 prium
2279 2379 2326 2431 ei
2360 2393 2424 2432 ac
2475 2378 2779 2448 singulare,
2815 2382 2955 2447 quod
2993 2385 3340 2451 peculiariter
3371 2386 3633 2449 dilectus,

2051 2479 2100 2521 ct
2135 2469 2480 2536 peculiariter
2515 2471 2658 2525 Patri
2693 2474 3052 2541 complacitus
3083 2478 3426 2530 nominatur:
3457 2490 3507 2531 ttt
3544 2494 3638 2547 pe-

2051 2561 2307 2613 etiliarem
2349 2564 2533 2631 utique
2580 2571 2787 2617 natura:
2831 2564 3290 2633 significationem
3346 2571 3638 2636 peculiaria

2053 2653 2416 2707 additamenta
2445 2663 2837 2722 mon-trarent,
2872 2665 2928 2710 et
2957 2657 3346 2726 proprietatem
3379 2661 3638 2728 un?geniti

2053 2744 2174 2798 Filii
2223 2744 2388 2799 etiam
2443 2746 2822 2814 cognominum
2875 2746 3176 2816 proprietas
3242 2748 3592 2804 conﬁrmaret
3623 2799 3636 2816 ,

2050 2853 2209 2907 quam
2247 2837 2357 2907 jam
2390 2839 2563 2893 honor
2607 2839 2880 2908 signorum
2927 2841 3348 2910 praecedentium
3389 2856 3638 2911 compto-

2052 2930 2257 2985 basset.
2288 2930 2393 2984 Sed
2415 2930 2525 2999 jam
2571 2930 2741 2986 libelli
2773 2931 2932 2986 istius
2975 2932 3095 2987 ﬁnis
3141 2935 3230 2988 sit.
3260 2933 3443 3004 Neque
3491 2937 3636 2988 enim

2050 3021 2255 3077 dictum
2292 3021 2396 3075 hoc
2427 3020 2522 3077 Dei
2552 3021 2728 3077 Patris
2769 3034 2861 3077 aut
2891 3025 3072 3094 augeri
3104 3023 3354 3079 humanis
3381 3028 3637 3079 scrmnni~

2051 3115 2152 3169 bus
2201 3123 2295 3169 aut
2326 3116 2597 3182 exaequari
2645 3125 2847 3186 potest.
2880 3116 3044 3170 Nobis
3075 3116 3142 3171 de
3180 3117 3410 3171 Domino
3455 3128 3638 3173 nostro

360 3203 545 3272 tuique
571 3205 976 3260 evidentissimc
1005 3207 1185 3260 omnia
1213 3205 1484 3262 Christum
1511 3209 1676 3262 Deum
1701 3224 1822 3263 esse
1852 3209 1945 3263 de-
1973 3202 2016 3262 C
2049 3206 2178 3262 Jesu
2208 3206 2427 3262 Christo
2445 3201 2588 3262 Filio
2615 3222 2714 3262 suo
2735 3249 2750 3272 ,
2778 3209 2911 3263 satis
2939 3224 3033 3277 per
3071 3223 3128 3263 se
3163 3209 3276 3278 ipse
3304 3209 3450 3265 Deus
3477 3210 3638 3264 Pater

359 3296 598 3350 clarant:
626 3297 748 3366 quia
781 3312 905 3352 eum
930 3305 986 3353 et
1016 3300 1280 3354 reseratio
1307 3301 1573 3354 caelorum
1608 3303 1770 3356 Dcmn
1799 3301 1942 3356 indi-

361 3399 482 3453 cat,
516 3399 571 3443 et
617 3390 905 3446 descensio
927 3405 1091 3460 super
1131 3408 1254 3446 cum
1300 3391 1530 3461 Spiritus
1565 3397 1738 3448 sancti
1779 3395 1940 3448 Deum

358 3482 656 3549 approbat,
691 3493 743 3538 et
787 3483 1044 3538 allocutio
1073 3482 1246 3539 Patris
1280 3483 1443 3538 Deum
1485 3499 1605 3541 esse
1634 3486 1937 3541 conﬁrmat.

357 3569 542 3642 Neque
569 3573 711 3629 enim
746 3575 826 3629 vel
865 3574 1060 3629 emittm
1092 3575 1195 3630 nisi
1243 3575 1456 3630 Domini
1487 3578 1569 3630 sui
1609 3577 1815 3632 honore
1848 3593 1941 3644 pa-

358 3663 551 3719 tuisset
573 3705 588 3731 ,
616 3665 700 3721 vel
741 3665 980 3734 Spiritus
1017 3667 1200 3737 specie
1223 3667 1491 3737 corporali
1515 3669 1613 3722 nisi
1645 3683 1811 3738 super
1843 3669 1939 3725 Dei

2053 3299 2279 3354 idoneus
2310 3300 2466 3353 testis
2496 3308 2580 3353 est
2601 3338 2616 3362 ,
2651 3296 2839 3354 dicens
2861 3341 2876 3366 ,
2914 3298 3011 3352 Hic
3050 3311 3122 3366 est
3153 3299 3324 3354 Filius
3370 3317 3529 3355 meus.
3559 3301 3637 3358 'l'u

2053 3393 2096 3444 si
2129 3388 2609 3445 contradicendum
2640 3387 2725 3443 his
2749 3389 2842 3444 Dei
2874 3389 3050 3445 Patris
3080 3391 3305 3444 vocibus
3335 3401 3492 3461 putas
3518 3407 3531 3446 :
3563 3393 3637 3447 illi

2050 3497 2079 3536 a
2115 3489 2166 3537 te
2211 3496 2440 3536 necesse
2469 3489 2554 3534 est
2591 3480 2890 3535 contradici
2911 3522 2927 3546 ,
2953 3481 3043 3550 qui
3075 3495 3199 3536 eum
3227 3481 3636 3537 evidentissima

2051 3573 2421 3630 declarationc
2453 3572 2649 3627 Filium
2679 3586 2834 3626 suum
2863 3586 2984 3628 esse
3014 3572 3081 3627 ab
3110 3573 3256 3626 omni
3287 3570 3488 3626 mundo
3512 3569 3636 3625 fecit

2052 3665 2294 3737 agnosci.

1295 3786 1776 3976 EBER
1860 3867 2297 3998 omen
2320 3866 2425 3971 T
2451 3798 2664 3971 Us.

866 4120 1094 4179 CAPUT
1138 4121 1424 4179 PRIMUM.

357 4237 623 4292 Christum
653 4245 772 4291 ants
809 4237 978 4292 carnis
1023 4237 1390 4379 streeptionem
1410 4276 1426 4302 ,
1458 4234 1620 4292 Deum
1646 4239 1708 4291 ab
1748 4249 1943 4294 teter-no

1083 4321 1235 4362 uisse.
1369 4349 1372 4351 λ

1083 4321 1235 4362 uisse.

427 4403 832 4461 Consummatis
878 4401 1075 4458 libellis
1103 4399 1274 4456 tribus
1316 4399 1470 4472 quasi
1499 4401 1827 4458 ﬁdelissimis
1856 4412 1941 4457 at-

355 4512 462 4566 que
497 4491 928 4567 opulentissimis
959 4492 1188 4548 testibus
1211 4533 1228 4558 ,
1255 4501 1444 4563 utpote
1469 4509 1698 4564 quorum
1739 4492 1942 4550 veritas

358 4605 466 4645 non
510 4587 760 4644 humanis
788 4595 992 4642 tantum
1015 4625 1031 4650 ,
1061 4585 1154 4640 sed
1196 4585 1357 4639 etiam
1385 4585 1582 4640 divinis
1607 4586 1939 4642 testimoniis

358 4681 686 4752 locupletata
726 4687 847 4745 est,
878 4675 1134 4733 sufﬁcere
1183 4676 1400 4748 quidem
1449 4677 1605 4732 nobis
1650 4677 1718 4732 ad
1763 4691 1942 4733 causa!

361 4774 736 4846 probationem
753 4812 768 4837 ,
803 4787 900 4842 per
926 4769 1166 4825 divinam
1192 4769 1570 4825 auctoritatem
1601 4769 1815 4824 abunde
1839 4784 1941 4839 po-

358 4873 571 4935 terant;
594 4881 716 4924 cum
769 4866 880 4935 ipsa
913 4863 1098 4932 utique
1129 4876 1227 4933 per
1254 4875 1314 4917 se
1343 4876 1525 4917 causte
1550 4875 1665 4917 suae
1703 4863 1944 4919 auctori-

361 4975 441 5018 tas
487 4960 672 5019 divina
703 4957 956 5014 sufﬁciat.
1003 4953 1112 5014 Sed
1162 4965 1340 5010 tamen
1373 4955 1497 5026 quia
1542 4954 1698 5024 plena
1730 4963 1815 5010 est
1857 4955 1943 5011 his

359 5053 691 5112 testimoniis
745 5065 1022 5108 sacrorum
1071 5048 1408 5104 voluminum
1469 5049 1642 5103 series
1704 5047 1794 5103 ubi
1860 5057 1938 5104 tot

357 5157 526 5203 testes
552 5154 680 5202 sunt
705 5150 837 5216 quot
868 5141 1178 5208 sententiae,
1203 5140 1372 5195 Immo
1393 5141 1484 5195 ubi
1513 5141 1626 5209 ipsa
1649 5140 1935 5209 Scriptura

355 5251 511 5294 sacra
533 5238 687 5309 quasi
714 5249 880 5293 unum
903 5233 1310 5304 quodammodo
1333 5234 1500 5287 divini
1533 5234 1644 5288 oris
1671 5242 1755 5288 est
1787 5235 1936 5288 testi-

353 5329 634 5384 monium:
662 5325 1054 5384 accnmulanda
1085 5323 1332 5395 quaedam
1375 5322 1550 5378 adhuc
1596 5322 1899 5390 putavimus
1922 5364 1937 5386 .

355 5433 462 5476 non
494 5434 591 5492 pro
618 5415 948 5476 necessitate
965 5414 1410 5488 approbationis,
1435 5413 1530 5468 sed
1554 5429 1652 5483 pro
1685 5412 1940 5469 facultate

353 5526 536 5569 rerum
566 5520 620 5567 et
648 5511 842 5583 copia:
873 5518 933 5564 ut
956 5506 1216 5580 quidquid
1259 5505 1622 5562 necessarium
1653 5520 1762 5560 non
1795 5513 1934 5560 esset

354 5605 692 5673 defensioni,
725 5611 895 5660 totum
923 5602 1213 5673 proﬁceret
1253 5600 1484 5658 ornatui.
1519 5599 1660 5670 Ergo
1690 5599 1814 5670 quia
1843 5614 1936 5653 su-

1974 4549 2018 4603 1)

2049 4121 2352 4192 perioribus
2374 4121 2524 4176 libris
2553 4120 2836 4174 Dominum
2862 4119 3049 4177 Jcsum
3071 4121 3345 4178 Christum
3375 4139 3481 4179 non
3509 4143 3634 4196 pro-

2047 4215 2286 4285 pheticis
2314 4223 2518 4269 tantum
2551 4223 2710 4286 atque
2740 4215 3092 4284 apostolicis,
3124 4216 3217 4271 sed
3261 4217 3422 4273 etiam
3469 4233 3635 4275 evan-

2045 4305 2236 4376 gelicis
2278 4316 2442 4376 atque
2490 4306 2746 4376 angelicis
2796 4307 3123 4362 testimoniis
3154 4347 3170 4374 ,
3215 4323 3336 4363 cum
3385 4311 3437 4364 in
3465 4326 3634 4367 carne

2047 4399 2281 4468 atquein
2314 4406 2458 4452 terra
2499 4408 2680 4462 esset,
2708 4397 2879 4453 Deum
2923 4397 3309 4468 probavimus:
3337 4415 3478 4457 nunc
3507 4417 3630 4458 eum

2045 4489 2136 4558 qui
2169 4489 2220 4542 in
2243 4502 2408 4542 carne
2437 4497 2595 4542 natus
2621 4497 2703 4542 est
2727 4527 2743 4554 ,
2775 4490 2936 4543 etiam
2973 4498 3100 4545 ante
3121 4489 3306 4546 carnis
3331 4495 3632 4564 susceptio-

2047 4596 2168 4637 nem
2204 4581 2370 4636 Deum
2398 4595 2619 4650 semper
2648 4581 2818 4636 fuisse
2841 4591 3208 4638 monstremus
3233 4601 3248 4639 :
3281 4595 3341 4640 ut
3365 4586 3636 4658 intelligas

2045 4675 2513 4731 consentientibus
2544 4683 2602 4730 et
2655 4675 2807 4744 quasi
2849 4675 3321 4734 conclamantibus
3351 4678 3454 4734 sibi
3494 4678 3634 4735 divi-

2047 4783 2241 4822 norum
2273 4766 2605 4824 voluminum
2638 4766 2992 4833 testimoniis,
3026 4768 3277 4823 eumdem
3323 4778 3375 4825 te
3407 4771 3459 4824 in
3492 4772 3634 4826 nati-

2047 4859 2212 4914 vitate
2235 4872 2495 4928 corporea
2519 4867 2573 4914 et
2598 4857 2871 4912 hominem
2891 4858 3092 4915 debere
3117 4859 3343 4915 credere
3363 4870 3417 4916 et
3435 4861 3632 4929 Deum,

2046 4965 2202 5021 quem
2230 4959 2358 5004 ante
2383 4950 2723 5003 nativitatem
2753 4963 3074 5019 corpoream
3109 4958 3315 5005 tantum
3345 4950 3544 5006 Deum:
3571 4958 3632 5007 ct

2045 5057 2208 5111 quem
2243 5050 2364 5110 post
2411 5040 2704 5096 editionem
2758 5039 3000 5109 Virginis
3031 5040 3084 5095 in
3133 5055 3364 5111 corpore
3415 5041 3626 5113 Deum,

2045 5133 2296 5188 eumdem
2321 5142 2450 5187 ante
2479 5141 2689 5202 partum
2720 5131 2958 5202 Virginis
2981 5132 3216 5188 Verbum
3242 5133 3432 5189 Deum.
3463 5133 3628 5193 Disce

2043 5239 2174 5294 ergo
2205 5225 2437 5294 primum
2485 5225 2554 5280 ab
2600 5224 2868 5292 Apostolo
2901 5223 3065 5276 totius
3111 5223 3294 5278 mundi
3327 5225 3625 5296 magistro,

2043 5332 2164 5373 eum
2196 5317 2284 5387 qui
2318 5326 2402 5372 est
2431 5317 2548 5372 sine
2571 5315 2794 5371 exordio
2825 5315 2992 5368 Deum
3016 5357 3031 5382 ,
3062 5312 3261 5368 Filium
3286 5315 3411 5384 Dei,
3437 5317 3489 5372 in
3520 5315 3629 5374 ﬁne

2045 5409 2262 5477 mundi,
2311 5409 2366 5465 id
2405 5417 2524 5474 est,
2575 5407 2630 5462 iu
2671 5415 2976 5476 temporum
3025 5403 3400 5475 plenitudine,
3430 5407 3626 5464 Filium

2043 5502 2274 5558 hominis
2299 5503 2497 5557 factum
2521 5514 2662 5557 esse.
2689 5499 2776 5554 Ait
2801 5497 2981 5554 enim:
3005 5496 3072 5553 At
3099 5496 3186 5552 ubi
3205 5501 3339 5554 venit
3359 5500 3630 5571 plenitudo

2043 5596 2303 5666 temporis,
2331 5603 2361 5668 '_
2379 5595 2516 5648 misit
2543 5591 2678 5646 Dens
2701 5588 2902 5645 Filium
2923 5605 3072 5645 suum
3093 5589 3285 5663 factum
3309 5606 3372 5646 ea:
3393 5593 3628 5663 muliere,

1418 5713 1456 5765 Α
1471 5709 1673 5765 LARDI
1716 5706 1945 5764 GAZEI
1986 5703 2547 5760 COMMENTARIUS.

430 5818 456 5848 δ
485 5808 672 5864 Grece
723 5804 1073 5870 ἐξαπὲστιιλι,
1115 5809 1336 5875 prOprie
1375 5805 1585 5870 emisit,
1627 5802 1709 5854 vel
1753 5802 1928 5872 poti-ts

2039 5798 2256 5868 legavit.
2290 5798 2462 5866 Misit,
2499 5801 2742 5872 inquam,
2779 5799 2977 5856 Filium
3013 5817 3116 5858 non
3140 5817 3188 5874 _a
3227 5816 3282 5857 se
3305 5808 3605 5871 separatum
