4040 6182
377 329 454 386 ’Π
1412 333 1498 387 Ι)ἷῖ
1539 332 2049 389 ιΧΟΑῐιΝΑΤΙυΝΕ
2089 336 2353 393 CHRISTI
2396 338 2524 393 LIB.
2568 338 2655 393 iV.
3588 348 3659 401 τε

387 449 577 521 factum
597 446 691 501 sub
717 447 829 515 lege
851 444 1047 517 (σκιαί.
1077 447 1175 514 ιτ).
1205 445 1294 500 Dii:
1319 446 1450 500 mihi
1476 462 1608 517 ergo
1631 462 1793 510 nunc,
1813 456 1969 501 antc-
1998 462 2042 519 Α
2074 450 2325 503 omnibus
2350 450 2511 515 licet,
2541 469 2647 506 non
2684 452 2837 509 lict-at
2870 455 2922 509 iu
2958 470 3014 511 se
3036 500 3047 520 ,
3072 466 3125 510 et
3161 457 3248 528 qui
3282 458 3461 525 utique
3486 459 3536 513 in
3567 476 3658 512 na-

380 553 543 609 qnam
567 536 827 590 Dominus
849 537 1009 592 Jesns
1031 536 1280 591 Christus
1307 551 1370 591 ex
1400 546 1571 591 matre
1588 537 1751 592 Maria
1776 552 1971 592 nascc-

380 639 554 695 retur.
580 629 772 685 habuit
820 629 964 683 Deus
1000 629 1218 695 Filium,
1244 639 1335 684 aut
1371 644 1475 683 non
1513 610 1747 683 habuit‘l‘
1766 628 1974 698 Negare

378 738 491 778 non
527 732 682 791 potes
707 722 836 791 quin
874 721 1167 777 habuerit:
1202 737 1377 789 neque
1407 722 1549 777 enim
1597 736 1850 792 umquam
1882 730 1973 775 aut

372 816 503 869 sine
532 824 688 884 patre
718 815 857 869 liltus
882 856 896 880 ,
930 826 1021 868 aut
1055 815 1173 869 sine
1200 814 1309 869 lilio
1341 824 1528 885 pater:
1578 815 1701 884 quia
1730 818 1865 868 sicut
1905 829 1972 869 ex

374 916 538 978 putre
568 908 732 974 ﬁlius,
759 909 832 963 ita
859 923 925 964 ex
960 908 1066 961 lilio
1097 916 1251 979 pater
1281 908 1505 963 dicitur.

1011 1019 1240 1076 CAPUT
1289 1020 1354 1075 ll.

376 1111 595 1184 Colligit
621 1124 685 1167 ea:
713 1115 792 1167 Itis
817 1130 935 1199 qua:
960 1115 1121 1196 dixit,
1153 1112 1424 1199 Virginem
1456 1114 1683 1196 Mariam
1714 1114 1968 1183 antiquio-

635 1200 744 1239 rem
787 1183 838 1239 et
864 1186 1113 1255 majorem
1134 1201 1187 1239 se
1212 1183 1415 1239 Filium
1442 1187 1718 1256 peperisse.

452 1274 621 1330 Vides
651 1290 779 1345 ergo
804 1275 971 1344 quod,
994 1275 1214 1331 dicente
1236 1276 1524 1347 Apostolo,
1547 1277 1693 1331 misit
1721 1276 1859 1331 Deus
1883 1275 1970 1330 Fi-

375 1368 513 1423 lium
545 1385 702 1422 suum
727 1413 741 1437 ,
786 1384 942 1423 suum
984 1369 1171 1438 utique
1218 1368 1414 1424 Filium
1441 1410 1456 1435 ,
1491 1378 1549 1423 ut
1580 1368 1751 1437 ipsius
1792 1368 1970 1423 verbis

376 1470 507 1514 utar
528 1460 776 1528 Apostoli
795 1501 810 1527 ,
836 1476 991 1515 suum
1027 1460 1221 1515 Filium
1252 1460 1395 1515 Deus
1424 1461 1590 1515 misit.
1620 1458 1804 1530 Neque
1826 1460 1965 1513 enim

375 1563 474 1607 aut
503 1554 739 1607 alienum
790 1554 1023 1623 aliquem
1067 1553 1234 1607 lilium
1284 1553 1473 1618 misit,
1502 1554 1626 1621 quia
1677 1568 1831 1607 suum
1866 1553 1968 1605 mi-

371 1646 518 1700 sisse
547 1645 780 1699 dicitur:
807 1654 901 1699 aut
930 1644 1152 1699 omnino
1179 1644 1396 1700 mittere
1423 1645 1591 1715 potuit
1611 1684 1627 1711 ,
1647 1644 1693 1699 si
1723 1660 1828 1699 non
1850 1653 1971 1699 erat

373 1741 468 1809 qui
497 1740 825 1794 mitteretur.
856 1739 995 1792 Misit
1036 1753 1187 1808 ergo,
1218 1738 1412 1808 inquit,
1440 1738 1636 1793 Filium
1679 1753 1857 1801 suum,
1892 1736 1971 1791 fa-

2081 547 2196 592 tttra
2228 539 2441 595 deitatis
2476 542 2643 610 ipsius
2676 544 2725 598 id
2755 543 2908 600 habet
2943 557 2999 598 ut
3052 548 3229 601 omnia
3263 548 3439 619 [10>le
3484 550 3658 614 Deus,

2076 627 2130 682 in
2163 645 2259 684 sua
2287 641 2491 686 tantum
2542 649 2774 703 persena
2801 636 2848 689 id
2876 652 2980 692 non
3009 638 3232 704 habeat,
3262 650 3318 693 tit
3346 642 3414 695 sit
3439 641 3577 697 Deus
3609 660 3658 696 ιη

2077 720 2317 778 homine.
2348 724 2713 796 Sequcstratis
2752 744 2883 797 ergo
2912 746 2974 784 ac
3021 733 3315 801 repudiatis
3358 733 3568 791 lriVolis
3607 748 3654 789 et
3692 764 3699 769 η

2074 818 2293 874 caducis
2316 828 2656 875 terrenarum
2677 827 3204 892 argumentationum
3238 828 3649 893 stoliditatihus,

2074 910 2308 977 simplici
2342 913 2709 967 tantummodo
2752 914 3115 971 testificationi
3143 934 3205 973 ac
3244 919 3400 974 nulla:
3426 920 3647 975 creden-

2073 1001 2204 1056 dum
2235 1013 2315 1058 est
2345 1005 2589 1059 veritati;
2623 1017 2676 1061 ct
2704 1006 2788 1062 bis
2812 1018 3016 1063 tantum
3041 1009 3108 1063 de
3142 1011 3249 1066 Deo
3273 1013 3497 1067 testibus
3525 1013 3657 1068 fides

2073 1094 2527 1150 acciimmodanda
2550 1137 2562 1159 ,
2597 1113 2734 1167 quos
2769 1099 2908 1154 Deus
2940 1099 3081 1154 mi-it
3109 1141 3123 1163 ,
3154 1111 3207 1154 et
3236 1102 3286 1155 in
3314 1104 3510 1171 quibus
3536 1106 3651 1174 ip>8

2072 1183 2137 1237 de
2161 1199 2219 1239 se
2243 1226 2257 1252 ,
2287 1195 2343 1240 ut
2377 1188 2450 1241 ita
2473 1187 2701 1244 dixerim
2729 1232 2741 1255 ,
2777 1191 3111 1260 prmdicavit.
3140 1192 3376 1263 Equum
3402 1204 3485 1249 est
3509 1198 3651 1251 enim

2072 1287 2130 1333 ut
2169 1279 2235 1332 de
2281 1281 2556 1349 agnitione
2604 1283 2749 1338 illius
2781 1284 2882 1354 ipsi
2916 1285 3203 1340 credamus
3245 1287 3399 1357 cujus
3450 1290 3658 1345 scilicet

2075 1377 2242 1424 totum
2276 1379 2361 1425 εει
2391 1372 2533 1441 quod
2564 1373 2631 1428 de
2664 1389 2727 1428 eo
2751 1375 3034 1428 novimuy
3071 1378 3192 1444 quia
3218 1378 3438 1447 agnosci
3471 1381 3655 1450 utique

2072 1462 2213 1518 Deus
2244 1464 2311 1518 ab
2342 1464 2562 1520 homine
2592 1481 2696 1522 non
2724 1468 2917 1536 potuit,
2948 1469 3049 1522 nisi
3073 1470 3399 1538 agnitionem
3429 1472 3509 1526 sui
3539 1473 3653 1542 ipse

2073 1554 2369 1609 tribuisset.
2395 1555 2459 1610 Et
2491 1556 2609 1611 ideo
2636 1557 2841 1625 justum
2867 1569 2948 1613 est
2981 1569 3039 1612 ut
3074 1569 3242 1615 totum
3274 1562 3559 1617 credamus
3586 1565 3653 1616 de

2069 1659 2135 1699 co
2164 1646 2306 1715 quod
2338 1646 2536 1702 scimus
2559 1692 2572 1714 ,
2608 1647 2761 1717 cujus
2789 1658 2869 1703 est
2901 1664 3061 1706 omne
3092 1652 3232 1721 quod
3257 1654 3494 1709 scimus:
3529 1654 3653 1724 quia

2070 1737 2111 1791 si
2136 1738 2183 1791 ei
2216 1752 2319 1792 non
2345 1738 2617 1793 credimus
2644 1755 2671 1793 a
2694 1754 2801 1809 quo
2830 1742 3058 1809 scimus,
3098 1744 3156 1797 lit
3179 1753 3235 1797 nt
3265 1744 3489 1800 omtiiuo
3514 1744 3648 1799 nihil

370 1842 523 1888 ctum
554 1848 623 1887 ex
654 1832 902 1886 muliere.
933 1830 1077 1900 Ergo
1103 1839 1157 1885 et
1185 1831 1310 1900 quia
1344 1830 1495 1884 misit
1524 1820 1670 1895 eum,
1700 1829 1850 1883 misit
1873 1827 1963 1898 qui
2001 1838 2043 1896 Β
2071 1827 2306 1883 sciamus
2330 1870 2343 1891 ,
2372 1829 2498 1884 dum
2532 1829 2580 1883 ei
2612 1846 2717 1885 non
2741 1831 3016 1887 credimus
3045 1850 3140 1903 per
3166 1851 3327 1904 quem
3361 1838 3580 1893 scimus.

377 1931 538 1977 erat:
573 1932 628 1976 ct
653 1922 777 1991 quia
807 1936 966 1975 suum
995 1919 1171 1986 misit,
1214 1934 1319 1974 non
1352 1919 1586 1974 alienum
1619 1919 1834 1988 utique,
1867 1918 1961 1973 sed

374 2027 534 2068 suum
569 2013 737 2067 misit.
773 2011 874 2068 Ubi
902 2026 1035 2082 ergo
1060 2011 1192 2065 illud
1225 2022 1308 2066 est.
1330 2020 1477 2066 tuum
1509 2010 1824 2066 calliditatis
1850 2019 1961 2064 ter-

370 2119 521 2159 rente
560 2111 937 2173 argumentum
971 2120 986 2157 :
1029 2111 1055 2139 ιι
1095 2102 1267 2157 Nemo
1317 2102 1651 2157 anteriorem
1699 2117 1757 2157 se
1790 2102 1963 2170 parit'l

371 2195 644 2265 Numquid
677 2180 819 2249 enim
844 2209 949 2249 non
981 2195 1258 2264 antiquior
1285 2193 1450 2249 Maria
1486 2194 1780 2248 Dominus?
1810 2209 1965 2247 nutu-

368 2288 501 2357 quid
528 2302 633 2341 non
652 2287 927 2358 antiquior
948 2288 1055 2342 lilia
1083 2286 1337 2351 hominis,
1353 2286 1450 2342 Dei
1474 2285 1677 2339 Filius?
1702 2285 1961 2355 numquid

375 2393 483 2432 non
512 2376 788 2448 antiquior
833 2377 1066 2447 denique
1097 2377 1316 2432 homine
1344 2377 1462 2445 ipso
1492 2376 1668 2431 Deus?
1700 2392 1819 2432 cum
1858 2376 1963 2431 uti-

369 2487 483 2542 que
526 2472 708 2527 nullus
739 2472 1016 2525 hominum
1051 2487 1155 2524 non
1204 2486 1271 2526 ex
1307 2470 1437 2525 Deo.
1464 2469 1630 2525 Vides
1661 2486 1790 2537 ergo
1818 2471 1961 2540 quod

373 2583 485 2623 non
516 2567 721 2634 solum,
746 2566 1000 2636 inquam,
1032 2565 1392 2633 antiquiorem
1422 2578 1481 2618 se
1511 2563 1675 2620 Maria
1716 2564 1959 2632 peperit:

376 2673 485 2713 non
533 2658 709 2713 solum
731 2699 745 2722 ,
776 2659 1013 2726 inquam,
1045 2655 1410 2724 antiquiorem
1439 2669 1531 2722 se,
1565 2654 1657 2708 sed
1688 2664 1960 2709 auctorem

371 2752 499 2816 sui,
531 2758 590 2805 et
619 2764 914 2820 procrearis
947 2757 1347 2817 procreatorem
1369 2760 1523 2800 suum
1545 2786 1561 2812 ,
1596 2746 1731 2799 facta
1757 2755 1841 2799 est
1868 2760 1963 2812 pa-

376 2842 545 2896 rentis
573 2856 795 2909 parens:
823 2840 947 2909 quia
979 2852 1139 2909 quam
1173 2846 1481 2907 promptum
1507 2836 1694 2906 utique
1721 2835 1821 2890 fuit
1854 2836 1962 2888 Deo

372 2934 717 2990 nativitatem
766 2931 970 2986 homini
1001 2930 1273 2995 tribuere,
1328 2937 1435 2982 tam
1466 2936 1772 2998 promptum
1823 2924 1958 2989 sibi;

373 3042 538 3097 quam
564 3026 721 3082 facile
743 3036 801 3081 ut
835 3027 1105 3082 hominem
1138 3027 1286 3082 nasci
1312 3026 1548 3091 faceret,
1581 3035 1688 3079 tam
1721 3024 1879 3081 facile
1906 3034 1964 3078 ut

371 3120 494 3189 ipse
523 3136 589 3175 ex
614 3119 833 3173 homine
857 3128 1197 3173 nasceretur.
1232 3118 1416 3187 Neque
1439 3118 1582 3172 enim
1613 3116 1959 3172 circumscri-

374 3222 470 3281 pta
518 3220 599 3264 est
644 3210 695 3264 in
738 3225 961 3280 persona
987 3224 1082 3264 sua
1117 3216 1356 3278 potestas
1390 3208 1516 3275 Dei,
1554 3217 1612 3263 ut
1654 3208 1796 3278 quod
1825 3210 1873 3262 ei
1908 3209 1960 3262 in
1992 3199 2037 3262 C
2068 3205 2276 3260 consilii
2309 3216 2361 3259 et
2392 3205 2662 3259 sermonis
2692 3204 2990 3259 habitabat.
3023 3205 3121 3272 Qui
3155 3221 3285 3276 ergo
3323 3208 3396 3261 ait
3443 3226 3455 3261 :

2678 1942 2906 2000 CAPUT
2949 1944 3034 1998 lli.

2138 2031 2223 2085 Ex
2248 2033 2467 2100 epistola
2493 2034 2560 2085 ad
2594 2034 2813 2156 Rarznn.
2838 2037 3042 2117 .prabat
3082 2035 3270 2090 Christi
3298 2038 3361 2090 ab
3392 2049 3579 2094 eterna

2728 2115 3024 2156 ivnntatem.

2728 2115 3024 2158 ivmitatem.

2140 2190 2326 2263 itaque
2351 2195 2471 2261 quia
2494 2195 2776 2266 superiore
2801 2197 3112 2251 testitnonio
3134 2197 3325 2268 patuit.
3349 2198 3489 2268 quod
3512 2194 3654 2253 Dt-ns

2066 2283 2260 2339 Filium
2290 2300 2444 2339 suum
2476 2286 2643 2351 misit,
2672 2296 2726 2340 et
2750 2287 2793 2340 is
2819 2286 2957 2341 illius
2981 2287 3211 2343 hominis
3240 2288 3411 2344 factus
3432 2299 3535 2355 est,
3562 2298 3651 2360 qui

2066 2394 2279 2449 semper
2305 2368 2473 2434 Fiiius
2508 2378 2597 2434 Dei
2628 2378 2762 2444 fuit;
2800 2377 3075 2435 rideamus
3100 2396 3166 2433 an
3195 2381 3337 2436 idem
3361 2378 3653 2452 Apostolus

2071 2470 2196 2524 alibi
2226 2469 2402 2525 simile
2424 2469 2625 2537 aliquid
2660 2470 2970 2525 testimonio
2992 2468 3115 2526 huic
3137 2472 3358 2537 dixerit,
3387 2484 3443 2528 ut
3471 2476 3655 2530 lucens

2059 2560 2171 2629 jam
2215 2576 2313 2630 per
2341 2576 2397 2615 se
2430 2562 2628 2615 veritas
2661 2602 2675 2625 ,
2725 2558 2993 2631 duplicata
3051 2564 3483 2619 testimoniorum
3539 2570 3654 2620 lucc

2067 2654 2186 2722 plus
2236 2652 2433 2707 luceat.
2478 2651 2562 2706 Ait
2613 2651 2753 2705 idem
2786 2666 2916 2721 ergo
2956 2652 3249 2721 Apostolus
3282 2674 3294 2707 :
3337 2654 3484 2709 Misit
3515 2657 3653 2711 Deus

2067 2741 2267 2797 Filium
2297 2762 2445 2798 suum
2478 2746 2530 2797 in
2558 2744 2946 2797 similitudinem
2979 2743 3005 2781 δ
3034 2747 3206 2799 carnis
3239 2750 3439 2816 peccati
3475 2748 3649 2819 (llum.

2063 2836 2200 2907 ιἰιι).
2237 2835 2398 2892 Vides
2428 2836 2608 2906 tttiquc
2634 2835 2950 2904 Apostolum
3000 2853 3105 2890 non
3149 2852 3275 2892 caso
3325 2842 3523 2909 aliquid
3558 2855 3649 2893 aut

2067 2928 2457 2984 inconsiderata
2492 2943 2620 2983 rore
2645 2928 2863 2991 dixisse,
2900 2940 2955 2981 ut
2990 2928 3039 2982 id
3069 2931 3208 2998 quod
3237 2932 3401 2985 semel
3438 2934 3649 2987 dixerat

2067 3020 2416 3088 praeteriret?
2460 3020 2581 3089 quia
2632 3016 2837 3075 scilicet
2868 3034 2967 3073 nec
2997 3016 3191 3075 cadi-re
3241 3021 3291 3075 in
3332 3039 3454 3075 eum
3496 3039 3651 3078 casw

2068 3122 2160 3168 aut
2190 3112 2661 3167 inconsiderantia
2686 3121 2913 3182 poterat,
2954 3114 3004 3166 in
3035 3130 3140 3181 quo
3177 3114 3453 3182 plrnilttdu
3483 3116 3649 3173 divini

3506 3209 3649 3264 Misit

1444 3299 1701 3355 ALARDI
1739 3299 1970 3355 GAZIEI
2006 3294 2562 3354 COMMENTARIUS.

376 3398 467 3454 sed
492 3411 582 3465 per
625 3394 751 3456 hoc,
786 3393 926 3465 quod
955 3392 1230 3461 assumpsit
1262 3399 1501 3465 naturam
1541 3391 1855 3457 humanam,
1886 3394 1961 3445 sic

377 3461 549 3521 tamen
580 3476 633 3517 ut
665 3482 692 3515 a
714 3461 833 3517 sinu
866 3462 1043 3515 Patris
1067 3479 1165 3515 non
1196 3461 1480 3529 recederet,
1507 3471 1961 3532 testante_et'ange-

376 3540 517 3596 (ista.
543 3538 629 3607 φέὶ
647 3536 716 3585 ait
736 3550 752 3588 :
774 3531 1077 3607 lluigenitus
1097 3532 1184 3607 qui
1204 3534 1345 3586 estin
1361 3533 1476 3585 sinu
1496 3530 1672 3607 _Patris
1689 3530 1956 3607 (Joanft),

375 3601 565 3664 scilicet
586 3601 926 3667 asternaliter,
943 3606 1019 3655 ait
1038 3604 1098 3657 Β.
1123 3601 1388 3665 Thomas;
1418 3614 1469 3655 et
1492 3602 1651 3655 .lnan.
1677 3601 1767 3656 iu:
1795 3601 1960 3657 Nemo

372 3680 607 3732 ascendit
634 3676 687 3727 in
715 3675 896 3728 celum
918 3714 932 3737 ,
966 3674 1063 3726 nisi
1087 3673 1174 3742 qui
1205 3671 1466 3742 descendit
1496 3673 1560 3725 de
1591 3674 1717 3727 caelo
1736 3717 1751 3740 ,
1784 3671 1961 3727 Filius

376 3749 599 3801 hominis
615 3746 702 3815 qui
715 3756 794 3799 est
813 3745 864 3797 in
882 3744 1037 3797 caelo:
1054 3741 1174 3813 quia
1194 3744 1305 3795 licet
1322 3741 1640 3815 descenderit
1659 3759 1749 3809 per
1761 3760 1960 3796 assum-

376 3823 603 3889 ptionem
625 3813 844 3889 :cornis,
866 3817 1052 3889 niansit
1094 3820 1261 3889 tamen
1286 3813 1492 3889 incwlo
1522 3829 1612 3889 per
1641 3815 1963 3889 prasentiam

379 3884 683 3941 divinitatis.
728 3884 860 3939 Item
888 3885 1103 3949 emisit,
1134 3884 1215 3937 vel
1243 3885 1380 3937 misit
1418 3900 1534 3937 eum
1577 3884 1629 3937 in
1674 3885 1923 3938 mundum
1944 3925 1960 3949 ,

379 3975 481 4012 non
509 3969 564 4012 ut
594 3958 837 4022 inciperet
859 3956 931 4009 ibi
960 3970 1097 4021 esse,
1128 3955 1213 4008 ubi
1241 3955 1383 4021 prius
1412 3970 1512 4007 non
1538 3954 1747 4024 fuisset,
1787 3956 1877 4009 sed
1908 3965 1963 4009 ut

380 4031 447 4082 ibi
477 4045 609 4082 nova
630 4028 829 4080 ratione
855 4035 983 4080 esset
1003 4068 1018 4090 ,
1050 4043 1150 4095 qua
1183 4027 1324 4096 prius
1346 4042 1444 4078 non
1469 4026 1634 4095 fuerat
1656 4066 1672 4088 ,
1706 4026 1759 4077 id
1785 4034 1881 4096 est,
1908 4035 1961 4077 ut

379 4100 592 4153 visibilis
615 4098 806 4149 mundo
826 4106 1111 4167 appareret.
1137 4095 1350 4149 indutus
1377 4111 1531 4149 carne
1551 4096 1793 4167 mortali.
1812 4095 1963 4161 Quod

378 4172 646 4237 explicans
672 4164 1141 4237 subdit-Apostolus
1163 4182 1181 4219 :
1208 4166 1397 4236 factum
1419 4182 1480 4219 ea:
1507 4167 1738 4219 muliere.
1772 4164 1835 4219 Id
1857 4177 1960 4230 est,

376 4236 449 4295 ex,
471 4241 642 4293 Maria
678 4236 921 4309 Virgine.
939 4236 1076 4290 Nam
1100 4241 1287 4291 mulier
1314 4240 1368 4288 in
1395 4253 1542 4290 sacra
1566 4236 1841 4309 Scriptura
1862 4253 1963 4290 non

376 4328 587 4391 seraper.
622 4308 830 4362 denotat
875 4309 1290 4391 corruptionem,
1333 4310 1446 4391 seti
1466 4322 1654 4391 anesum.
1694 4308 1964 4391 dumtaxat

378 4376 702 4443 naturalem,
752 4387 807 4431 ut
839 4386 975 4439 patet
1003 4376 1210 4431 Genesis
1250 4392 1286 4430 ll
1329 4394 1342 4430 :
1374 4376 1674 4446 Ediﬁcavit
1714 4376 1963 4431 Dominus

374 4461 569 4504 costam
599 4451 655 4502 in
702 4446 988 4501 mulierem.
1025 4448 1087 4501 l'lt
1111 4456 1339 4518 rursus:
1374 4446 1565 4501 Mulier
1588 4464 1743 4518 quam
1774 4449 1965 4501 dedisti

377 4523 522 4575 mihi.
556 4518 657 4576 Ubi
682 4534 861 4573 sermo
885 4518 1058 4573 estde
1094 4517 1199 4570 Eva
1232 4518 1410 4571 adhuc
1443 4517 1647 4587 integra
1683 4528 1736 4572 et
1765 4521 1961 4572 intacta

302 4610 323 4617 ν
376 4594 516 4648 viro.
542 4591 653 4645 Nec
680 4589 945 4643 dubitmit
967 4586 1214 4642 Christus
1240 4598 1475 4643 matrem‘
1496 4586 1646 4642 suam
1678 4590 1958 4643 mulierem

376 4664 676 4750 appellare.
699 4660 853 4750 luant;
881 4660 1105 4750 ltloultl
1119 4657 1274 4750 pulli,
1298 4669 1345 4750 et
1371 4660 1588 4750 est;
1615 4660 1833 4750 mulier?
1855 4659 1956 4713 Per
1987 4688 2036 4750 Β

374 4728 472 4785 hoc
502 4735 654 4786 etiam
674 4771 688 4792 ,
721 4744 796 4783 ait
819 4730 878 4785 S.
903 4730 1163 4793 Thomas,
1189 4728 1326 4798 quod
1352 4730 1543 4783 dicitur
1561 4730 1728 4800 factus
1758 4745 1820 4783 ea:
1842 4748 1954 4783 mu-

377 4806 526 4861 liere.
562 4806 896 4855 destruuntur
935 4805 1037 4853 duo
1082 4814 1310 4864 errores,
1344 4802 1535 4854 scilicet
1575 4800 1832 4854 Valentini
1876 4802 1959 4853 di-

375 4875 534 4927 centis
564 4873 824 4926 Christum
856 4888 955 4924 non
984 4870 1263 4935 summisse
1285 4885 1471 4940 corpus
1498 4873 1559 4923 de
1603 4869 1835 4939 Virgine,
1867 4872 1958 4925 sed

375 4946 611 4998 attulisse
637 4944 765 4996 illud
793 4942 857 4997 de
902 4942 1049 4999 cmlo.
1080 4951 1125 4993 et
1156 4954 1245 5008 per
1276 4940 1471 4993 beatam
1509 4940 1791 5012 Virginem,
1826 4942 1958 4995 sient

375 5030 463 5081 per
490 5014 825 5085 ﬁslul-tmttul
864 5014 1097 5085 canalem
1138 5012 1478 5065 transivisse:
1522 5013 1657 5081 quod
1687 5014 1743 5085 si
1784 5028 1959 5064 verum

373 5083 531 5147 esset,
556 5103 657 5137 non
692 5085 869 5154 fuisset
889 5084 1058 5154 [nctus
1084 5098 1149 5135 ea:
1176 5084 1406 5144 muliere,
1434 5094 1487 5135 ut
1510 5085 1633 5135 dicit
1661 5083 1957 5151 Apostolus.

375 5155 501 5226 lla'c
521 5158 657 5208 enim
680 5156 987 5226 propositio?
1004 5155 1110 5224 (ex)
1124 5166 1334 5226 causam
1360 5156 1676 5226 materialem
1695 5154 1950 5223 designat.

374 5225 503 5279 Item
528 5243 672 5279 error
700 5224 927 5277 Nestorii
956 5224 1167 5276 dicentis
1199 5232 1395 5279 beatam
1435 5224 1694 5294 Virginem
1718 5240 1819 5275 non
1846 5236 1956 5277 esse

372 5311 580 5351 rnntrcm
614 5296 742 5349 Filii
777 5296 894 5358 Πει,
929 5296 1019 5347 sed
1045 5294 1141 5363 ﬁlii
1180 5295 1422 5354 hominis,
1448 5297 1580 5363 quot
1633 5294 1819 5363 falsum
1849 5310 1956 5346 esse

371 5372 659 5421 ostenditur
690 5383 779 5431 per
808 5367 937 5424 hoc.
967 5360 1101 5429 quod
1141 5366 1264 5416 dicit
1296 5360 1572 5428 Apostolus
1594 5381 1613 5419 :
1634 5360 1787 5418 illisit
1818 5364 1953 5418 Deus

372 5436 560 5493 Filium
591 5455 739 5491 suum
772 5438 970 5506 factum
999 5452 1063 5487 ex
1103 5437 1330 5506 muliere.
1369 5436 1632 5506 Quieiiim
1663 5436 1720 5506 [it
1748 5450 1809 5487 ex
1837 5450 1952 5487 mu-

366 5508 513 5565 liere.
550 5520 625 5564 est
664 5502 807 5579 [ilius
840 5510 953 5579 ejus
974 5522 995 5560 .'
1025 5506 1084 5559 Si
1113 5519 1231 5579 ergo
1263 5502 1434 5560 Filius
1470 5503 1564 5579 Dei
1594 5518 1665 5560 est
1694 5504 1859 5573 [actus
1890 5520 1954 5579 ea;

360 5582 603 5640 muliere.
633 5576 830 5638 scilicet
855 5576 919 5647 ex
941 5578 1093 5647 beata
1116 5576 1344 5645 Virgine,
1372 5578 1698 5647 manifestum
1718 5586 1793 5630 est
1814 5578 1952 5647 quod

367 5651 503 5722 (trina
540 5651 699 5722 Virgo
726 5663 802 5704 est
848 5644 1017 5722 [later
1048 5642 1176 5722 ll‘ilii
1204 5642 1319 5702 Dei.
1351 5649 1473 5701 llaec
1502 5642 1560 5701 ὃ.
1593 5642 1834 5702 Thoinas
1854 5644 1954 5722 (AIn

364 5718 766 5793 animantum),
809 5720 901 5787 qui
931 5728 985 5771 ot
1008 5719 1186 5793 subdit
1215 5723 1501 5793 rationem,
1534 5734 1633 5793 cur
1668 5719 1953 5793 Apostolus

363 5792 556 5849 dixerit
587 5786 790 5848 factum
821 5786 889 5847 ex
916 5788 1161 5861 muliere,
1189 5790 1639 5859 quemadmodum
1665 5786 1728 5844 et’
1744 5788 1807 5843 ad
1840 5786 1950 5843 Ro-

2064 3404 2254 3444 manos
2292 3404 2336 3452 I,
2370 3389 2543 3443 lactus
2571 3389 2767 3444 dicitur
2806 3385 3055 3445 Christus
3092 3405 3157 3445 ex
3201 3391 3410 3447 semine
3442 3392 3648 3451 Daxid:

2063 3462 2327 3534 nimirum
2350 3472 2406 3513 ut
2439 3460 2770 3534 significaret
2798 3459 3073 3515 Christum
3120 3476 3226 3534 neu
3256 3476 3521 3517 consuetu
3551 3484 3617 3534 gi-

2065 3532 2362 3603 nerationis
2395 3531 2566 3603 modo
2614 3541 2987 3603 procreatum,
3036 3532 3130 3585 sed
3175 3534 3440 3601 singulari
3485 3531 3649 3603 cpi-ri:

2062 3602 2364 3726 Elivinitatis
2390 3601 2443 3655 in
2467 3610 2621 3657 utero
2647 3602 2893 3673 virginali
2919 3602 3259 3658 incarnatum
3288 3615 3342 3660 et
3371 3601 3647 3662 hominem

2088 3682 2290 3726 actum.

2088 3682 2290 3727 actum.

2137 3751 2162 3779 ι
2202 3740 2433 3815 Nestorii
2463 3740 2698 3815 asinina,
2724 3740 2790 3797 de
2806 3756 2923 3815 quo
2948 3745 3197 3811 superuis
3223 3740 3365 3812 (Lib.
3387 3761 3403 3800 ι
3428 3763 3546 3810 cap.
3565 3749 3648 3815 2),

2063 3829 2171 3882 quo
2204 3812 2464 3884 probabat
2493 3811 2766 3880 Virginem
2801 3813 3028 3884 Mariam,
3053 3830 3158 3866 non
3190 3811 3312 3868 ease
3342 3817 3431 3869 Dei
3456 3811 3645 3884 paret}

2064 3892 2195 3947 tem,
2234 3886 2335 3936 hoc
2362 3882 2591 3936 formato
2617 3884 2928 3952 syllogismo
2971 3900 2984 3936 :
3016 3883 3185 3937 Nemo
3224 3882 3547 3940 anteriorem
3592 3901 3645 3942 et

2062 3953 2425 4027 antiquiorem
2453 3968 2511 4027 se
2536 3967 2709 4027 partt_:
2746 3956 2885 4008 Deus
2921 3966 3003 4008 est
3028 3956 3269 4009 anterior
3296 3967 3351 4027 et
3374 3961 3642 4027 antiquior

2063 4024 2224 4078 Maria
2260 4041 2271 4075 :
2307 4037 2437 4091 ergo
2470 4022 2631 4076 Maria
2667 4023 2831 4077 Deum
2881 4040 2985 4078 non
3037 4028 3266 4094 peperit.
3338 4022 3645 4095 Resioiidi-t

2064 4096 2266 4149 Auctor
2293 4096 2575 4162 negatione
2606 4096 2828 4159 majoris
2870 4112 2883 4147 :
2931 4110 3038 4160 quo
3084 4097 3247 4150 veluti
3298 4096 3646 4153 fundamento

2066 4166 2365 4237 subverso,
2414 4166 2821 4237 totum_corruit
2864 4180 3260 4233 argumentum.
3315 4169 3647 4237 Sunplieiter

2065 4236 2208 4291 enim
2237 4248 2291 4289 et
2321 4234 2564 4289 absolute
2595 4234 2789 4289 falsum
2821 4248 2923 4301 εει,
2956 4239 3095 4304 quod
3125 4253 3284 4291 nemo
3315 4234 3643 4295 anteriorem

2064 4320 2124 4361 se
2155 4310 2335 4373 parit:
2371 4307 2492 4374 quia
2538 4305 2856 4374 simpliciter
2900 4316 2950 4359 et
3002 4306 3248 4362 absolute
3291 4324 3472 4362 rerum
3521 4323 3599 4364 est
3628 4356 3643 4375 ,

2063 4376 2285 4431 Mariam
2328 4376 2606 4446 peperisse
2636 4379 2964 4431 anteriorem
2989 4415 3004 4439 ,
3046 4381 3164 4445 quia
3200 4380 3404 4444 pererit
3436 4380 3528 4435 Dei
3560 4382 3647 4434 Fi-

2066 4449 2194 4501 lium
2229 4449 2338 4501 Deo
2367 4446 2511 4499 Patri
2541 4454 2892 4507 comteruum.
2927 4460 2978 4501 et
3012 4450 3236 4513 proinde
3267 4463 3421 4501 suum
3453 4462 3640 4505 aucto-

2063 4533 2177 4590 rem
2206 4526 2260 4573 et
2289 4527 2588 4590 creatorem
2620 4534 2632 4590 ξ
2668 4517 2812 4590 quod
2842 4519 3168 4590 exemplum,
3202 4519 3326 4573 licet
3350 4520 3638 4590 singulare.

2065 4588 2259 4642 sulllcit
2286 4586 2352 4641 ad
2380 4587 2728 4659 evertendum
2763 4587 2893 4659 illud
2925 4590 3165 4653 axioma,
3211 4604 3317 4659 quo
3361 4586 3642 4645 Nestorius

2068 4662 2335 4731 nitebatur
2381 4674 2393 4709 :
2448 4656 2590 4731 quod
2622 4666 2801 4731 tamen
2841 4658 2885 4731 si
2925 4673 3057 4713 sano
3100 4670 3153 4713 et
3204 4656 3442 4731 legitimo
3481 4678 3639 4717 sensu

2062 4729 2392 4804 intelligatur
2416 4773 2429 4797 ,
2475 4728 2792 4804 cathqlicam
2824 4728 3118 4804 doctrinam
3164 4732 3232 4785 de
3259 4728 3523 4804 inysterio
3554 4735 3640 4787 ln-

2061 4801 2390 4854 carnationis
2418 4816 2523 4854 non
2554 4798 2809 4866 infirmat,
2856 4801 2948 4853 sed
2978 4802 3280 4855 conﬁrmat.
3321 4798 3455 4857 Vere
3497 4807 3638 4857 enim

2061 4871 2292 4931 dicitur.
2334 4870 2475 4939 quod
2507 4884 2664 4924 nemo
2695 4871 3020 4925 anteriorem
3071 4887 3130 4927 se
3179 4874 3348 4939 parit,
3384 4872 3638 4930 nimirum

2061 4952 2325 5007 quatenus
2354 4940 2591 4995 anterior
2621 4950 2701 4994 est
2732 4958 2747 4995 :
2787 4943 3057 5011 quomodo
3099 4943 3261 4997 Maria
3310 4944 3641 4999 anteriorem

2062 5028 2121 5067 se
2155 5014 2316 5065 Dentn
2349 5026 2540 5081 parere
2587 5026 2693 5065 non
2724 5014 2897 5081 potuit
2922 5053 2935 5071 .
2980 5024 3245 5083 quatenus
3274 5015 3552 5079 anterior,
3589 5017 3641 5069 id

2062 5093 2167 5143 est,
2200 5093 2322 5136 ante
2351 5086 2521 5152 ipsam
2544 5124 2564 5153 ,Α
2592 5092 2639 5135 et
2667 5084 2735 5136 ob
2763 5093 2968 5137 mteruo
2994 5088 3205 5153 genitus
3234 5086 3532 5140 secundum
3561 5088 3642 5140 di-

2065 5151 2729 5217 vinitatem.Sitnpliciter
2761 5168 2934 5208 tamen
2964 5154 3239 5209 latendum
3270 5170 3350 5210 eet
3374 5199 3389 5221 ,
3420 5155 3641 5211 Mariam

2064 5227 2337 5291 peperiSse
2386 5222 2712 5277 anteriorem
2754 5241 2833 5289 se,
2864 5227 2984 5292 quia
3034 5228 3286 5280 eumdem
3323 5227 3414 5281 Dei
3444 5226 3637 5282 Filium

2061 5297 2111 5350 in
2148 5308 2390 5362 tempore
2423 5293 2631 5362 peperit
2657 5295 2726 5349 de
2751 5310 2809 5349 se
2859 5297 3217 5350 incartrvtntn.
3262 5297 3412 5352 Unde
3443 5301 3638 5353 merito

2058 5367 2203 5419 canit
2234 5364 2503 5420 Ecclesia:
2530 5363 2693 5419 Beata
2720 5382 2792 5424 es.
2829 5365 2983 5437 Virgo
3009 5367 3200 5432 Maria,
3223 5382 3340 5436 quia
3363 5367 3639 5425 Dominum

2057 5437 2607 5510 po_rtn_sti,_rreatorem
2634 5438 2845 5503 mundi;
2876 5440 3096 5507 genuisti
3120 5443 3205 5509 qui
3237 5450 3286 5493 te
3312 5442 3460 5510 fecit,
3493 5451 3601 5496 etc.

2130 5506 2155 5545 δ
2197 5508 2273 5582 ita
2306 5506 2478 5560 Latini
2509 5506 2912 5582 ctitntnuniler,
2962 5514 3018 5563 (ιι
3043 5506 3141 5582 est
3178 5506 3387 5582 vulgata
3432 5514 3635 5579 versio,

2057 5574 2229 5644 Cra-ci
2252 5590 2428 5651 autem
2453 5584 2501 5651 to
2520 5575 2819 5651 ὁμοιώματι,
2842 5574 3638 5651 iusim.litudincTAugustinus

2058 5664 2223 5703 scim.
2269 5650 2302 5724 6
2346 5649 2415 5724 de
2459 5648 2648 5724 Ver-liis
2678 5648 2954 5724 Ἀνικίου,
3006 5661 3238 5724 utroque
3276 5648 3435 5724 uredo
3462 5654 3632 5724 legit,

2057 5720 2509 5796 quemadmodum
2532 5728 2590 5796 tl.
2609 5722 2900 5796 Cassianus
2924 5722 2978 5777 in
3007 5724 3108 5779 hoc
3135 5720 3253 5796 cup.
3282 5723 3416 5779 Vide
3436 5720 3634 5782 Caieta

2059 5795 2107 5844 in
2143 5792 2282 5847 hanc
2311 5789 2634 5847 sententiam
2665 5790 2792 5849 alibi
2822 5799 3023 5849 notata.
3202 5789 3216 5796 ”
3268 5808 3291 5827 -·
