4040 6182
333 315 413 385 79'
1646 330 1930 392 teANNts
1968 330 2281 388 cassum
3552 344 3622 405 εο

338 450 473 505 Deus
514 449 710 506 Filium
753 468 902 507 suum
948 452 1003 505 in
1048 444 1437 504 similitudinem
1483 450 1654 505 carnis
1683 422 1877 521 peccati
1902 464 1920 511 ;
1949 455 1993 511 Α
2027 448 2091 503 ad
2142 449 2369 504 salutem
2421 447 2644 505 humani
2686 452 2905 522 generis
2956 461 3309 523 protestetur.
3357 457 3513 528 Quod
3572 463 3620 520 si

337 546 475 599 idem
504 547 682 610 itcrat.
716 544 855 599 idem
884 541 1117 598 inculcat
1142 541 1327 597 dicens
1354 558 1367 596 :
1397 540 1472 596 Mi
1497 542 1538 596 it
1561 540 1699 595 Deus
1722 539 1921 596 Filium

333 655 502 697 suum.
519 639 758 695 Eximius
777 637 964 708 utique
985 645 1041 692 et
1068 634 1405 690 admirabilis
1442 635 1725 705 magister:
1745 633 1920 689 sciens

332 732 387 787 in
435 732 539 788 hoc
587 738 758 786 totum
807 727 1337 801 penituscatholictn
1365 736 1763 781 sacramentum
1797 725 1918 780 ﬁdei

332 821 604 878 contineri
631 864 644 891 ,
695 827 755 876 ιιι
797 828 952 876 natus
979 820 1032 876 in
1075 834 1240 876 carne
1266 818 1530 874 Dominus
1560 860 1572 883 ,
1622 826 1674 873 et
1723 817 1919 872 missus

332 927 457 971 esse
499 914 553 970 in
586 915 728 969 hunc
759 914 1017 969 mundum
1048 912 1144 969 Dei
1174 911 1347 969 Filius
1397 913 1714 968 crederetur
1740 954 1755 979 ,
1786 910 1918 966 -hoc

330 1009 497 1064 etiam
550 1018 713 1078 atque
761 1007 924 1062 etiam
977 1006 1221 1061 clamitat
1280 1006 1466 1062 dicens
1514 1023 1531 1059 :
1584 1004 1732 1060 Misit
1780 1003 1920 1059 Deus

330 1098 531 1156 Filium
561 1116 733 1154 suum.
772 1097 884 1154 Nec
910 1099 1104 1154 mirum
1132 1100 1175 1154 si
1208 1099 1275 1153 ad
1307 1098 1790 1171 evangelizaudum
1824 1098 1915 1154 Dei

328 1191 620 1247 adventum
653 1190 1002 1263 peculiariter
1044 1191 1242 1245 missus
1269 1190 1347 1245 sic
1381 1190 1699 1259 prmdicavit
1725 1230 1740 1254 ,
1791 1205 1916 1246 cum

329 1283 383 1338 id
409 1282 572 1339 etiam
605 1292 732 1338 ante
763 1282 935 1354 legem
966 1281 1107 1337 lator
1123 1281 1269 1353 legis
1299 1282 1414 1351 ipse
1443 1281 1760 1338 clamaverit
1788 1323 1801 1348 ,
1833 1282 1914 1337 di-

329 1390 494 1431 cens:
520 1383 546 1412 κ
579 1373 819 1441 Obsecro,
852 1373 1105 1440 Domine,
1137 1374 1348 1443 pravide
1376 1374 1540 1428 alium
1564 1388 1717 1445 quem
1744 1374 1917 1435 mittas

330 1467 530 1539 (Exod.
559 1465 656 1540 tv).
691 1465 845 1535 Quod
892 1467 943 1521 in
975 1466 1324 1522 Hebraeorum
1358 1464 1719 1521 voluminibus
1748 1466 1917 1521 multo

328 1558 636 1616 evidentius
665 1560 865 1630 legitur
912 1576 927 1614 :
968 1558 1235 1624 'Obsecro,
1283 1558 1539 1625 Domine,
1585 1560 1729 1613 mitte
1763 1575 1917 1630 quem

330 1654 582 1707 missurus
631 1668 706 1709 es.
753 1651 881 1706 Pius
908 1652 1095 1721 utique
1129 1651 1388 1722 propheta
1415 1692 1431 1716 ,
1479 1658 1534 1704 et
1578 1649 1744 1705 totius
1775 1651 1826 1704 in
1856 1665 1917 1704 se

327 1747 544 1815 generis
574 1745 790 1800 humani
818 1743 1071 1799 allectum
1096 1742 1323 1809 habens,
1352 1758 1477 1798 eum
1501 1743 1593 1813 qui
1622 1742 1917 1798 mittendus

2023 540 2328 595 evidentius
2361 540 2743 599 declarandum
2774 552 2953 615 putas,
2986 560 3145 615 quem
3179 546 3375 604 Filium
3404 550 3471 607 ad
3501 553 3618 610 sal-

2025 633 2226 688 vandos
2275 633 2521 689 homines
2569 635 2712 690 Deus
2763 636 3010 701 miserit,
3069 639 3316 709 quamvis
3368 645 3619 714 proprius

2021 730 2183 793 atque
2226 723 2532 795 nnigenitus
2565 724 2663 783 Dei
2709 726 2880 783 Filius
2912 743 3021 784 non
3071 729 3174 785 nisi
3221 747 3362 788 unus
3389 734 3461 791 sit
3499 753 3517 793 :
3561 746 3617 794 et

2020 831 2141 872 cum
2165 816 2360 873 Filium
2385 833 2541 874 suum
2572 820 2788 877 misisse
2814 822 3035 889 dicitur,
3059 824 3399 897 unigenitum
3426 830 3616 900 utique
3644 868 3663 875 κ

2020 922 2178 965 suum
2208 910 2423 966 misisse
2452 920 2807 968 monstretur.
2858 914 2998 971 Audi
3047 926 3224 973 tamen
3272 919 3438 976 David
3487 938 3617 994 pro-

2021 1005 2238 1073 phetam
2265 1044 2279 1069 ,
2325 1019 2446 1060 eum
2478 1005 2570 1076 qui
2597 1005 2664 1062 ad
2706 1007 2940 1065 salutem
2968 998 3261 1066 humanam
3295 1015 3491 1070 missus
3521 1017 3613 1082 sit,

2020 1095 2845 1169 evidentissimadesignanteri't.
2882 1100 3068 1170 Misit,
3102 1104 3295 1173 inquit,
3328 1104 3357 1145 δ
3390 1106 3616 1165 Verbum

2019 1207 2171 1245 suum
2201 1199 2249 1245 et
2275 1192 2481 1246 sanavit
2504 1208 2592 1247 eos
2636 1192 2864 1264 (Psafm.
2895 1194 3035 1270 cvr).
3086 1196 3354 1270 Numquid
3397 1214 3613 1260 vertere

2022 1282 2124 1338 hoc
2154 1282 2222 1339 ad
2256 1298 2476 1340 carnem
2506 1285 2697 1356 potes?
2730 1296 2787 1342 ut
2813 1287 2964 1343 dicas
2989 1289 3056 1345 ad
3089 1293 3384 1348 sanandum
3417 1292 3612 1350 huma-

2020 1392 2150 1431 num
2192 1392 2365 1447 genus
2395 1377 2672 1435 hominem
2702 1390 2908 1437 tantum
2961 1397 2989 1436 a
3038 1383 3150 1440 Deo
3195 1386 3442 1442 missum.
3494 1387 3611 1444 Non

2020 1476 2174 1537 putes
2201 1469 2386 1539 utique
2412 1487 2425 1523 :
2451 1469 2711 1526 reclamat
2738 1470 2885 1528 enim
2917 1473 3013 1530 tibi
3035 1489 3158 1531 cum
3189 1478 3445 1534 omnibus
3466 1480 3605 1536 Scri-

2021 1560 2195 1628 pturis
2225 1561 2394 1616 saetis
2427 1560 2595 1616 David
2625 1562 2910 1632 pret-beta,
2944 1565 3130 1621 dicens
3159 1584 3172 1620 :
3208 1568 3355 1623 Misit
3390 1568 3610 1626 Verbum

2020 1667 2192 1713 suum,
2223 1660 2271 1704 et
2294 1654 2495 1706 sanavit
2515 1669 2620 1707 eos.
2648 1652 2811 1709 Vides
2833 1670 2963 1726 ergo
2983 1657 3049 1711 ad
3074 1660 3344 1713 sanandos
3366 1660 3611 1717 homines

2021 1741 2260 1798 Verbum
2294 1744 2515 1797 missurn
2546 1758 2669 1799 ezse
2702 1760 2716 1799 :
2749 1746 2873 1815 quia
2906 1748 3034 1803 licet
3081 1763 3178 1817 per
3217 1746 3493 1805 Christum
3523 1767 3611 1807 sa-

328 1856 357 1891 ει
390 1840 547 1895 Patre
574 1838 642 1894 ad
674 1836 1102 1907 redemptionem
1129 1852 1193 1892 ac
1223 1836 1453 1891 salutem
1489 1835 1727 1889 omnium
1756 1844 1875 1890 erat
1897 1876 1912 1901 ,
1951 1821 1993 1880 Β
2022 1832 2162 1888 nitas
2203 1834 2327 1888 data
2378 1834 2448 1889 sit
2476 1875 2489 1898 ,
2543 1833 2778 1890 Verbum
2830 1845 3007 1891 tamen
3041 1836 3136 1892 Dei
3168 1840 3219 1893 in
3250 1837 3467 1895 Christo
3511 1841 3612 1897 fuit

328 1940 387 1983 ut
428 1945 590 2001 quam
638 1929 928 1985 celerrime
956 1929 1261 1983 mitteretur
1284 1968 1300 1995 ,
1348 1925 1502 1996 quasi
1551 1926 1714 1981 totius
1744 1939 1774 1978 a
1802 1924 1917 1979 Deo

328 2018 489 2077 Patre
528 2021 776 2076 humana:
823 2018 1005 2075 carnis
1054 2018 1280 2074 vocibus
1325 2017 1652 2088 postulabat,
1681 2016 1867 2100 dicens
1900 2031 1912 2067 :

331 2112 574 2179 Obsecro,
601 2111 842 2178 Domine,
873 2112 1014 2165 mitte
1033 2124 1181 2182 quem
1204 2109 1457 2164 missurus
1487 2125 1561 2162 es.
1595 2106 1742 2162 Misit
1768 2123 1909 2178 ergo,

329 2204 548 2277 inquit,
613 2202 757 2260 Deus
817 2200 1019 2258 Filium
1066 2219 1217 2256 suum
1261 2202 1315 2256 in
1356 2201 1700 2256 similitudine
1743 2200 1916 2252 carnis

328 2299 549 2369 peccati.
600 2297 745 2352 Bene
783 2310 904 2351 cum
954 2295 1179 2351 missum
1210 2310 1336 2349 eum
1375 2294 1429 2348 in
1462 2307 1627 2349 carne
1670 2292 1871 2348 diceret
1896 2332 1912 2358 ,

328 2402 608 2463 peccatum
640 2388 710 2443 ab
737 2403 805 2443 eo
831 2388 1012 2442 carnis
1041 2386 1291 2441 exclusit.
1344 2383 1492 2439 Misit
1522 2385 1679 2457 enim,
1718 2383 1912 2454 inquit,

327 2481 473 2538 Deus
521 2477 723 2534 Filium
766 2495 916 2534 suum
962 2479 1019 2531 in
1062 2477 1409 2533 similitudine
1452 2477 1624 2530 carnis
1672 2476 1916 2546 peccati:

328 2576 433 2630 hoc
462 2583 575 2643 est,
611 2582 668 2627 ut
710 2573 764 2628 in
797 2586 921 2627 vera
948 2570 1129 2627 carnis
1156 2569 1501 2640 susceptione
1530 2578 1917 2639 agnosceretur

329 2666 528 2722 veritas
564 2679 670 2720 non
714 2662 885 2719 fuisse
932 2661 1143 2732 peccati
1177 2678 1190 2716 :
1230 2671 1287 2716 et
1316 2670 1577 2730 quantum
1607 2660 1674 2715 ad
1718 2675 1915 2731 corpus

329 2738 531 2814 veritas
562 2756 962 2827 intelligeretur
989 2770 1004 2809 :
1034 2761 1297 2821 quantum
1326 2751 1392 2806 ad
1423 2760 1733 2822 peccatum,
1766 2751 1916 2806 simi-

332 2851 499 2905 litudo
529 2847 763 2921 peccati.
813 2848 949 2912 Quia
975 2859 1098 2901 cum
1130 2845 1308 2900 omnis
1334 2858 1465 2899 caro
1495 2842 1771 2914 peccatrix
1802 2844 1873 2900 sit
1898 2860 1915 2910 ;

331 2945 424 3000 ille
449 2953 629 2999 autem
656 2942 775 2997 sine
816 2949 1041 3011 peccato
1067 2952 1287 2994 carnem
1320 2935 1571 2994 habuerit
1597 2978 1613 3003 ,
1653 2937 1912 2993 similitu-

332 3037 511 3092 dinem
543 3024 861 3107 peccatricis
888 3032 1070 3087 carnis
1099 3028 1153 3086 in
1179 3046 1238 3087 se
1269 3029 1480 3096 habuit,
1508 3029 1635 3084 dum
1668 3029 1720 3084 in
1752 3044 1915 3085 came

332 3138 475 3185 esset
502 3144 518 3180 :
548 3128 776 3182 veritate
805 3132 983 3178 autem
1017 3122 1226 3193 peccati
1256 3122 1450 3186 caruit,
1486 3121 1607 3191 quia
1641 3122 1757 3176 sine
1790 3136 1916 3191 pcc~

2022 1924 2167 1994 quod
2201 1939 2299 1994 per
2325 1924 2602 1981 Christum
2632 1937 2826 1983 cuncta
2857 1929 3111 1983 sanavit‘:
3134 1944 3197 1985 ac
3225 1930 3305 1986 sic
3337 1932 3488 1988 unito
3512 1948 3610 2004 per

2020 2024 2418 2072 sacramentum
2458 2017 2853 2075 lncarnationis
2884 2018 3102 2075 Christo
3142 2028 3199 2076 et
3241 2020 3419 2079 Verbo
3462 2020 3603 2093 Dei,

2024 2107 2196 2163 lactus
2218 2118 2300 2163 est
2321 2108 2567 2165 Christus
2589 2118 2645 2165 et
2667 2109 2901 2165 Verbum
2932 2112 3026 2168 Dei
3051 2125 3186 2168 unus
3212 2129 3277 2169 ex
3300 2130 3359 2170 re
3379 2127 3606 2188 utraque

2021 2200 2188 2257 Filius
2222 2201 2336 2257 Dei.
2367 2202 2521 2269 Quod
2553 2204 2740 2275 utique
2767 2206 3045 2273 apostolus
3067 2203 3301 2262 Joannes
3327 2207 3610 2264 declarare

2018 2303 2209 2363 aperte
2236 2294 2443 2359 volens,
2479 2295 2647 2366 Misit,
2678 2296 2872 2368 inquit,
2905 2296 3046 2352 Deus
3074 2295 3273 2353 Filium
3308 2316 3455 2354 suum
3480 2300 3607 2357 Sal-

2018 2393 2243 2439 tutorem
2272 2386 2455 2440 mundi
2486 2385 2529 2459 (Ι
2556 2384 2713 2440 Joan.
2741 2387 2842 2457 tv).
2874 2387 3136 2459 lntelligis
3164 2390 3436 2456 quomodo
3463 2391 3607 2447 inse-

2021 2477 2247 2548 parabili
2267 2480 2606 2534 connexione
2632 2480 2800 2534 Deum
2830 2479 3215 2552 hominemque
3235 2483 3607 2552 conjunXetit?

2019 2568 2266 2623 Christus
2294 2570 2438 2624 enim
2466 2570 2554 2634 qui
2582 2584 2647 2625 ex
2681 2570 2844 2625 Maria
2882 2581 3042 2627 natus
3072 2582 3175 2640 est,
3205 2572 3455 2630 Salvator
3479 2576 3607 2631 abs-

2019 2677 2126 2733 que
2155 2662 2320 2717 dubio
2344 2663 2684 2733 appellatur,
2722 2662 3019 2720 secundum
3051 2664 3182 2720 illud
3208 2709 3224 2734 ,
3274 2665 3412 2735 Quia
3440 2678 3608 2721 natus

2019 2762 2094 2806 est
2121 2754 2256 2808 vobis
2288 2753 2441 2809 hodie
2478 2754 2724 2812 Saluator
2754 2796 2768 2822 ,
2819 2757 2911 2826 qui
2953 2767 3026 2811 est
3076 2756 3309 2813 Christus
3355 2758 3609 2814 Dominus

2021 2843 2200 2917 (Lurre
2227 2844 2312 2917 tt).
2355 2846 2453 2902 llic
2480 2856 2659 2903 autem
2693 2846 2871 2918 ipsum
2902 2848 3045 2919 quod
3076 2849 3301 2905 missum
3347 2859 3433 2905 est
3473 2849 3608 2906 Ver-

2021 2940 2148 2993 bum
2185 2939 2306 3005 Dei,
2344 2939 2677 2995 Salvatorem
2712 2942 2975 3008 nominat,
3006 2939 3191 2997 dicens
3237 2959 3250 2996 :
3293 2940 3438 2997 Misit
3469 2942 3606 2998 Deus

2018 3029 2219 3085 Filium
2244 3049 2393 3086 suum
2417 3031 2740 3088 Salvatorem
2767 3032 2970 3086 muttdi.

2645 3146 2881 3203 CAPUT
2921 3145 2963 3200 V

330 3233 456 3277 cato
484 3219 603 3275 fuit.
646 3216 792 3273 Misit
829 3230 949 3287 ergo
975 3255 990 3282 ,
1029 3216 1202 3285 inquit
1230 3255 1244 3281 ,
1290 3212 1427 3268 Deus
1458 3212 1654 3268 Filium
1682 3231 1830 3268 suum
1862 3218 1914 3269 in

2028 3237 2247 3307 Propter
2273 3239 2648 3310 hypostaticam
2676 3241 2947 3310 utriusque
2967 3239 3020 3293 in
3041 3237 3244 3295 Christo
3265 3249 3464 3294 nature
3485 3256 3607 3291 con-

328 3309 675 3368 similitudine
695 3308 869 3364 carnis
895 3308 1113 3378 peccati.

927 3384 1170 3455 'caeur
1210 3396 1295 3452 tv.
1512 3468 1517 3473 ,

453 3497 678 3553 Aliunde
705 3496 905 3567 profert
931 3493 1161 3567 ejusdem
1189 3491 1455 3547 sententia
1476 3491 1788 3546 testimonia.

406 3592 500 3647 Vis
542 3589 682 3647 scire
724 3601 883 3660 quam
930 3587 1067 3641 bene
1099 3587 1202 3641 hoc
1231 3585 1518 3655 Apostolus
1564 3584 1912 3655 praedicarit,

334 3686 458 3742 audi
487 3679 945 3756 quemadmodum
992 3679 1178 3735 hocin
1210 3692 1273 3733 os
1317 3676 1564 3747 Apostoli
1590 3721 1605 3746 ,
1647 3677 1797 3746 quasi
1846 3688 1911 3729 ex

334 3778 506 3848 ipsius
537 3776 630 3831 Del
660 3789 755 3831 ore
800 3772 1087 3829 deﬂuxerit
1115 3811 1130 3837 ,
1178 3770 1393 3828 dicente
1444 3765 1675 3823 Domino
1724 3784 1738 3820 :
1797 3765 1917 3822 Non

335 3873 469 3927 enim
498 3869 637 3925 misit
664 3868 805 3923 Deus
829 3863 1027 3920 Filium
1056 3880 1209 3920 suum
1237 3864 1291 3918 in
1320 3862 1568 3916 mundum
1593 3902 1607 3927 ,
1642 3870 1696 3915 ut
1717 3861 1919 3930 iudicet

333 3962 606 4029 mundum,
633 3958 722 4014 sed
749 3966 804 4013 ut
826 3957 1047 4012 salvetur
1067 3955 1289 4009 mundus
1311 3971 1401 4025 per
1431 3954 1602 4025 ipsum
1633 3951 1813 4033 (Joan.
1840 3954 1915 4023 v).

329 4055 475 4111 Ecce
499 4056 636 4124 ipse,
660 4060 721 4106 ut
741 4049 914 4113 vides,
942 4046 1208 4102 Dominus
1238 4047 1459 4099 missum
1486 4060 1545 4100 se
1574 4060 1604 4100 a
1631 4045 1740 4100 Deo
1763 4045 1920 4099 Patre

2087 3308 2442 3380 iunctionem,
2475 3321 2522 3363 et
2564 3309 2780 3380 Verbum
2821 3308 3149 3365 Salvatorem
3169 3351 3183 3371 ,
3211 3310 3317 3364 sive
3356 3310 3608 3364 hominem

2092 3378 2419 3434 incarnatum
2436 3420 2450 3445 ,
2475 3386 2523 3433 et
2550 3379 2649 3434 Dei
2671 3378 2868 3434 Filium
2889 3388 3027 3434 recte
3050 3381 3324 3451 appellari.

2094 3493 2250 3549 Patet
2296 3492 2476 3560 itaque
2523 3490 2664 3560 quod
2711 3506 2807 3561 per
2852 3501 3253 3547 sacramentum
3298 3490 3434 3546 uniti
3484 3506 3607 3545 cum

2022 3583 2239 3639 homine
2269 3582 2430 3639 Verbi
2463 3581 2595 3648 Dei,
2625 3592 2681 3637 et
2726 3581 2960 3637 Verbum
3005 3582 3147 3651 quod
3191 3581 3260 3637 ad
3289 3582 3607 3638 salvandum

2024 3676 2246 3730 missum
2278 3683 2392 3740 est,
2422 3673 2672 3730 Salvator
2713 3673 2947 3740 dicitur;
2996 3680 3054 3729 et
3079 3674 3330 3729 Salvator
3359 3675 3411 3729 in
3443 3689 3619 3731 carne

2025 3776 2181 3823 natus
2203 3808 2218 3834 ,
2254 3782 2349 3837 per
2385 3765 2543 3821 Verbi
2578 3764 2760 3836 utique
2790 3766 3120 3821 consortium
3148 3763 3241 3820 Dei
3272 3765 3442 3822 Filius
3472 3782 3609 3821 nun-

2022 3870 2287 3929 cupatur:
2319 3873 2382 3912 ac
2426 3858 2506 3913 sic
2526 3857 2844 3913 ‘iudiscreta
2874 3858 3158 3926 utriusque
3203 3858 3437 3913 nominis
3492 3874 3615 3913 ma-

2020 3952 2218 4020 jestate
2238 3990 2254 4016 ,
2287 3948 2409 4020 quia
2444 3949 2626 4003 unitus
2654 3956 2737 4003 est
2764 3962 2886 4003 cum
2920 3947 3138 4003 homine
3169 3948 3309 4003 Deus
3332 3989 3348 4015 ,
3396 3958 3420 3988 α
3450 3950 3610 4019 quid-

2027 4044 2154 4113 quid
2182 4052 2266 4099 est
2293 4043 2454 4098 homo
2484 4050 2539 4097 ct
2579 4041 2722 4098 Deus
2747 4081 2762 4108 ,
2811 4048 2978 4096 totum
3020 4038 3234 4110 penitus
3276 4054 3611 4111 nuncupatur

1408 4154 1665 4209 ALARDI
1705 4154 1936 4210 ΕΑΖΑΕΙ
1977 4154 2542 4212 COMMENTARIUS.

407 4269 431 4296 ·
472 4256 551 4313 Ad
594 4257 739 4310 hunc
780 4250 997 4308 modum
1034 4249 1095 4305 D.
1128 4248 1492 4319 Hieronymus
1523 4249 1585 4319 it_t_
1607 4246 1757 4319 Isaiae
1791 4262 1914 4315 cap.

334 4346 415 4386 vt:
437 4329 662 4395 Moyses,
686 4325 881 4395 inquit,
900 4323 985 4376 cui
1006 4322 1206 4395 dixerat
1230 4316 1479 4395 Dedimus
1494 4333 1515 4371 :
1544 4316 1917 4395 Venilmittam

332 4412 383 4456 te
412 4402 478 4454 ad
503 4386 831 4454 Pharaonem
863 4386 1031 4466 regem
1053 4388 1296 4466 aggym,
1325 4387 1404 4466 Et»
1419 4388 1507 4443 ille
1527 4390 1641 4442 ait:
1670 4386 1912 4466 Obsecro.

332 4473 578 4534 Domine,
600 4484 705 4524 non
726 4482 837 4522 sum
860 4460 1066 4534 diqnus.
1099 4460 1315 4534 Provide
1335 4460 1517 4528 alium,
1536 4476 1682 4534 quem
1706 4462 1877 4514 mittas
1896 4478 1915 4515 :

334 4482 578 4534 nomine,
600 4484 705 4524 non
726 4482 837 4522 sum
860 4482 908 4518 at
953 4482 1066 4517 nus.
1099 4482 1315 4515 t'rovtae
1335 4482 1517 4528 atrum,
1536 4482 1682 4532 quem
1706 4482 1877 4514 mutas
1896 4482 1912 4515 .'

334 4545 462 4605 sire.
492 4553 547 4595 ut
576 4542 628 4593 in
657 4537 877 4593 Hebrteo
915 4482 1123 4605 gegitur.
1158 4531 1325 4605 Mitte,
1356 4548 1506 4603 quem
1546 4533 1803 4605 missurus
1841 4550 1912 4586 es.

338 4603 463 4668 Non
494 4611 557 4665 de
587 4617 906 4677 contemptu,
936 4603 1024 4658 sed
1052 4604 1113 4657 de
1146 4604 1438 4677 humilitate
1462 4604 1747 4677 respondit.
1776 4603 1914 4677 _Suut

2090 4246 2119 4286 ι’
2164 4248 2398 4322 Verbum
2435 4248 2519 4304 hic
2545 4250 2711 4305 sumit
2734 4249 2938 4322 Auctor
2964 4248 3484 4322 personaliter,seu
3511 4262 3611 4322 pro

2025 4333 2250 4386 persona
2282 4319 2426 4390 lfilii,
2471 4322 2627 4388 cujus
2658 4321 2932 4390 proprium
2979 4334 3177 4375 nomen
3214 4329 3299 4376 est
3338 4319 3568 4375 Verbum
3592 4364 3609 4385 ,

2023 4397 2081 4443 ut
2112 4390 2268 4462 docet
2289 4389 2354 4443 D.
2371 4390 2613 4446 Thomas
2634 4394 2677 4460 (ι
2701 4389 2780 4462 p.,
2803 4408 2855 4461 q.
2879 4391 2969 4455 56,
2990 4400 3093 4462 art.
3113 4391 3355 4461 2):quod
3378 4390 3610 4448 Verbum

2023 4461 2560 4528 porlncarnationem
2586 4461 2806 4515 misSum
2830 4471 2914 4515 cst
2944 4461 3009 4515 ad
3046 4463 3317 4516 sanandos
3340 4462 3607 4518 homines.

2026 4530 2147 4585 Non
2175 4532 2307 4586 enim
2338 4530 2578 4593 estaliud
2609 4547 2792 4586 nomen
2825 4532 2916 4584 sub
2941 4531 3066 4585 cmlo
3088 4530 3269 4584 datum
3290 4530 3607 4598 hominibus,

2020 4605 2070 4655 lu
2099 4619 2200 4672 quo
2224 4610 2455 4671 oporteat
2485 4618 2577 4656 nos
2606 4601 2774 4655 salvos
2808 4600 2922 4671 ﬁeri
2966 4616 2985 4654 :
3027 4610 3086 4655 ttt
3123 4601 3321 4655 dicitur
3364 4603 3487 4656 Act.
3521 4617 3607 4657 ιιι.

670 4662 832 4734 verba
863 4662 1280 4752 “.sgsis,_quem_
1305 4674 1392 4728 hic
1413 4662 1615 4752 Auctor
1639 4673 1913 4752 legislato-
1942 4662 1995 4722 D
2021 4662 2229 4752 Eodem
2257 4662 2430 4752 modo
2457 4672 2516 4725 ί).
2555 4671 2780 4752 [insilias
2808 4662 3091 4752 exponens
3136 4673 3385 4752 eumdem
3434 4676 3643 4752 versi-5

332 4743 450 4811 r‘etn
479 4762 669 4818 vocat,
715 4763 837 4805 cum
877 4763 906 4800 a
953 4743 1186 4818 Domitt_o_
1212 4743 1516 4799 mitteretur
1544 4744 1610 4798 ad
1655 4743 1910 4818 populum

335 4813 712 4889 Hebraeorum,
743 4833 797 4876 et
826 4819 891 4872 ad
917 4832 1098 4886 regem
1129 4813 1464 4889 Pharaonem
1488 4855 1502 4879 ,
1524 4830 1675 4889 sese
1717 4814 1914 4889 ahth

338 4912 562 4953 munere
592 4903 646 4947 et
675 4886 942 4962 legatione
977 4886 1225 4962 obeunda
1260 4887 1599 4962 excusantis;
1649 4888 1799 4952 quasi
1834 4886 1916 4962 tli-_-

330 4977 484 5024 ccret
524 4985 538 5021 :
585 4956 909 5033 Hine-quem
938 4960 1190 5013 tnissurus
1219 4973 1268 5011 es
1292 4996 1309 5024 ,
1340 4956 1393 5011 id
1424 4968 1506 5012 est
1531 4998 1546 5021 ,
1582 4973 1738 5025 quem
1757 4957 1914 5033 _nosti

335 5027 679 5096 idoneum'ad
704 5027 843 5091 hanc
864 5033 1211 5101 legationem,
1235 5038 1286 5083 et
1308 5043 1465 5101 quem
1492 5043 1674 5101 revera
1701 5028 1913 5083 mittere

335 5110 646 5167 decrevisti.
677 5107 783 5163 Sed
816 5096 944 5161 ιιωᾶ
974 5102 1136 5157 verba
1168 5114 1261 5168 per
1287 5099 1601 5168 allegoriam
1647 5096 1914 5166 interpre-

333 5188 483 5236 tatur
509 5183 710 5233 Auctor
752 5176 820 5231 de
866 5173 1083 5238 Messia,
1117 5171 1206 5240 qui
1253 5169 1544 5240 mittendus
1570 5178 1687 5223 erat
1718 5168 1783 5223 ad
1814 5185 1915 5240 re~

336 5250 703 5321 demptiunem
740 5245 954 5321 generis
981 5239 1239 5321 humani}
1271 5239 1914 5321 quemadutoduntetiam

340 5310 580 5376 Ecclesia
608 5310 796 5374 eadem
821 5318 982 5372 verba
1012 5316 1064 5369 in
1090 5312 1149 5367 ol'
1151 5312 1269 5367 licio
1293 5312 1661 5366 ecclesiastico
1682 5310 1746 5364 ad
1770 5312 1919 5366 Chri-

337 5393 405 5446 sti
435 5391 721 5445 adventum
750 5386 1147 5447 accommodat,
1191 5397 1349 5451 quem
1381 5379 1480 5437 SS.
1511 5381 1833 5451 patriarcha:
1864 5391 1918 5436 et

339 5468 614 5531 twopltetre
642 5458 1037 5531 ardentissimis
1065 5455 1204 5510 votis
1228 5454 1555 5531 enoptabaltt
1579 5470 1592 5531 ξ
1616 5452 1915 5523 cujusmodi

335 5523 467 5589 sttui.
506 5533 841 5600 precationes
872 5529 974 5584 illa:
998 5573 1012 5598 ,
1054 5536 1110 5583 et
1151 5524 1377 5600 suspiria
1419 5539 1432 5576 :
1474 5523 1669 5600 Emitte
1702 5536 1913 5600 agnum.

338 5592 562 5658 Domine
585 5645 607 5669 ,
634 5592 1011 5675 dominatorem
1047 5609 1195 5675 terra:
1226 5594 1275 5667 (Ι
1282 5595 1404 5675 snite
1421 5594 1560 5675 im).
1583 5592 1814 5675 Utinam

336 5662 600 5741 rumperei
647 5669 819 5737 ctrlos',
852 5682 901 5724 et
941 5662 1479 5741 descenderesllsnim
1522 5662 1915 5741 t.nv)._Visita

339 5762 431 5799 nos
576 5733 817 5796 salutari
849 5751 945 5811 tuo.
966 5738 1139 5811 (Psal.
1171 5733 1316 5807 (τις).
1356 5738 1577 5791 Ostende
1611 5737 1775 5805 nobis,
1804 5733 1912 5788 Do-

343 5808 727 5886 mine,fuciem
758 5822 917 5876 tuam,
942 5806 1055 5864 etc.
1088 5810 1255 5878 (l'sal.
1278 5806 1457 5863 suis
1501 5821 1542 5877 ).

2020 4746 2201 4798 culum
2246 4761 2259 4797 :
2304 4743 2550 4804 Modum,
2585 4742 2794 4807 inquit,
2840 4743 3025 4795 salutis
3058 4742 3202 4796 docet
3245 4759 3263 4795 :
3302 4741 3446 4795 Deus
3476 4745 3611 4797 enim

2031 4813 2273 4879 Verbum,
2298 4812 2447 4866 homo
2469 4817 2661 4882 factus,
2689 4821 2736 4865 et
2762 4814 2942 4866 missus
2966 4824 3018 4865 ut
3044 4811 3195 4865 homo
3213 4814 3354 4880 (nam
3379 4810 3609 4880 utDcus,

2024 4886 2505 4952 incircumscriptus
2528 4885 2622 4953 est)
2652 4883 2818 4937 omnis
2843 4883 3047 4955 generis
3076 4884 3366 4955 animarum
3392 4882 3611 4939 vulnera

2020 4957 2238 5019 sanavit,
2264 4965 2309 5009 et
2331 4952 2807 5025 corruptnsmentcs
2830 4952 3108 5008 incolumes
3128 4953 3371 5007 reddidit.
3395 4955 3455 5008 D.
3481 4955 3609 5009 item

2024 5026 2388 5096 litcronytnus
2414 5024 2646 5080 Verbum
2676 5026 3067 5096 interpretatur
3091 5026 3266 5095 ipsum
3286 5025 3610 5094 Filium,qui

2020 5098 2071 5151 in
2096 5093 2348 5167 principio
2369 5106 2476 5150 erat
2500 5096 2741 5159 Verbum,
2763 5093 2849 5167 qui
2871 5099 2922 5148 in
2944 5093 3223 5167 Evangelia
3243 5105 3390 5167 sanat
3411 5093 3611 5149 omn-4m

2026 5165 2404 5240 languorem_ct
2435 5183 2635 5240 omnem
2681 5166 3037 5240 inﬁrmitatem
3066 5165 3119 5240 iit
3153 5167 3296 5237 plebe
3325 5165 3507 5238 (Jonn.
3545 5172 3608 5240 I).

2024 5237 2132 5293 Alii
2176 5254 2270 5306 per
2306 5237 2537 5293 Verbum
2582 5237 2887 5306 intelligunt
2936 5239 3219 5304 imperium
3269 5254 3362 5291 seu
3417 5237 3610 5294 volun-

2028 5319 2190 5363 tatem
2217 5309 2330 5369 Dei,
2362 5325 2466 5377 qua
2509 5318 2777 5374 tamquam
2819 5322 2978 5362 causa
3016 5307 3301 5377 principali
3343 5308 3611 5377 significat

2026 5377 2313 5433 Psalmista
2345 5380 2604 5435 llebrmos
2630 5380 2682 5433 in
2719 5378 2938 5435 deserto
2968 5386 3187 5432 sanatos
3213 5395 3240 5431 a
3273 5393 3454 5432 morsu
3486 5396 3611 5433 ser-

2026 5459 2246 5520 pentum
2270 5490 2283 5510 ,
2315 5465 2422 5504 non
2447 5466 2476 5504 a
2506 5458 2763 5519 serpente
2784 5464 2957 5516 teneo,
2982 5463 3143 5519 quem
3169 5449 3347 5505 erexit
3368 5448 3608 5521 Moyses,

2025 5521 2110 5576 vel
2141 5521 2321 5591 aliqua
2345 5522 2447 5574 alia
2480 5537 2541 5576 re
2565 5531 2768 5577 creata.

2102 5603 2123 5631 ο
2155 5589 2379 5647 Ratione
2398 5591 2793 5647 communionis
2816 5589 3154 5655 idiomatum,
3178 5604 3295 5661 qum
3318 5604 3383 5645 ex
3406 5589 3612 5647 unione

2023 5661 2247 5717 duarum
2292 5672 2604 5717 naturarum
2634 5663 2685 5717 itt
2710 5677 2818 5717 uno
2844 5662 3143 5731 eodemque
3176 5663 3457 5731 supposito
3478 5675 3611 5731 con-

2024 5732 2267 5807 sequitur
2293 5750 2305 5785 :
2334 5743 2390 5788 ut
2418 5748 2563 5804 sa‘pe
2589 5733 2790 5789 dictum
2820 5742 2904 5790 est
2933 5728 3094 5805 (Vide
3123 5728 3305 5802 capiti
3330 5729 3421 5786 lib.
3450 5728 3537 5805 tt).
3578 5816 3585 5823 Ι
