4040 6182
365 311 431 369 ει

1377 305 1462 358 DE
1507 303 2014 360 lNCAllNA'l‘itJAE
2055 305 2325 361 CilRlSKl
2364 306 2492 362 Llii.
2537 307 2621 361 ιγ.
3567 315 3636 372 Si

377 427 541 482 Deus.
572 422 633 476 Et
669 419 794 476 ideo
825 419 967 474 idem
997 417 1286 484 Apostolus
1312 417 1446 470 l-ene
1476 417 1712 471 subdidit
1736 417 1918 472 dicens
1944 436 1955 471 ;
1989 423 2038 480 Α
2069 427 2174 470 tum
2205 420 2320 486 Αμο
2357 420 2518 471 totum
2550 421 2997 490 complectentem
3026 437 3040 475 :
3074 423 3253 486 Unus,
3290 423 3500 493 inquit,
3535 424 3636 480 Do-

381 513 617 584 Quisquis
645 512 922 566 crediderit
948 512 1070 578 quia
1107 505 1259 564 Iesus
1285 518 1358 562 est
1383 506 1555 562 Filius
1585 509 1642 562 D.
1661 510 1698 573 i,
1749 509 1882 563 Deus
1908 511 1961 563 in

376 609 465 660 illo
495 612 698 669 manet,
726 612 772 657 et
802 601 1027 655 charitas
1054 598 1150 655 Dei
1182 602 1234 655 in
1275 618 1337 655 eo
1370 602 1598 672 perfecta
1625 612 1696 655 est
1730 603 1780 671 tl
1801 600 1958 656 Juan.

323 697 340 769 ἶ
372 698 473 770 Iv).
506 697 660 752 illum
696 712 824 751 vere
851 696 1110 766 praedicat
1151 695 1377 749 credere
1405 740 1419 762 ,
1456 696 1604 748 illum
1637 695 1852 763 plenum
1885 696 1964 748 di-

329 773 340 790 (
376 796 509 848 tina
539 791 736 847 asserit
761 791 1045 852 cbaritate,
1079 790 1167 859 qui
1198 789 1384 843 .lesum
1417 789 1614 842 Filium
1645 789 1737 842 Dei
1771 788 1960 843 credit.

375 889 575 946 Filium
602 895 781 942 autem
814 886 908 939 Dei
938 883 1173 938 Verbum
1203 884 1298 938 Dei
1328 898 1446 938 esse
1476 891 1702 938 testatur
1737 901 1749 936 :
1779 898 1840 936 ac
1871 899 1966 951 per

376 987 483 1036 hoc
513 996 675 1034 unum
705 988 866 1047 atque
909 978 1050 1030 idem
1088 977 1298 1044 penitus
1323 975 1438 1029 vult
1467 975 1690 1042 intelligi
1719 975 1964 1045 unigeni-

381 1088 496 1126 tum
533 1072 766 1126 Verbum
800 1068 898 1124 Dei
925 1111 936 1131 .
987 1077 1041 1124 et
1082 1066 1266 1123 Jesum
1312 1067 1586 1121 Christum
1623 1065 1814 1120 Filium
1848 1066 1962 1121 Dei.

381 1165 478 1218 \‘is
500 1173 682 1217 autem
710 1162 918 1230 plenius
939 1160 1096 1226 scire,
1131 1159 1374 1227 quamvis
1405 1159 1648 1214 Christus
1672 1157 1965 1213 secundum

379 1271 600 1308 carnem
635 1268 762 1308 vere
812 1269 879 1307 ex
927 1251 1144 1306 homine
1191 1251 1351 1304 homo
1403 1261 1560 1304 natus
1609 1262 1735 1314 est,
1788 1261 1964 1303 tamen

381 1360 610 1417 propter
641 1344 966 1400 ineffabilem
995 1344 1318 1398 sacramenti
1352 1344 1630 1408 unitatem,
1656 1359 1757 1413 qua
1789 1345 1969 1398 nnitus

379 1454 505 1491 cum
535 1436 646 1490 Deo
675 1425 834 1489 homo
861 1446 963 1500 est,
994 1443 1020 1470 ⁸
1053 1435 1254 1487 nullam
1291 1434 1502 1502 penitus
1532 1435 1671 1488 inter
1695 1433 1966 1489 Christum

378 1542 432 1582 et
462 1528 698 1583 Verbum
731 1543 853 1581 esse
880 1527 1230 1582 diStantiam‘.’
1261 1527 1398 1580 Audi
1427 1527 1760 1581 Dominicum
1792 1529 1968 1580 Evan-

376 1621 609 1689 gelium,
630 1619 796 1673 immo
818 1619 988 1687 potius
1009 1619 1132 1672 audi
1158 1620 1330 1686 ipsum
1351 1619 1764 1673 descendentem
1778 1619 1968 1674 Deum.

379 1712 519 1768 Dare
539 1721 634 1776 est,
667 1712 864 1780 inquit,
894 1713 1001 1764 vita
1030 1721 1242 1776 retenta,
1270 1708 1297 1748 δ
1324 1720 1376 1764 ut
1405 1719 1715 1781 cognoscant
1738 1720 1784 1763 te
1804 1712 1971 1763 solum
2007 1699 2011 1704 ’

2067 511 2236 564 minus
2269 521 2440 565 uester
2466 509 2618 566 Iesus
2645 511 2880 566 Christus
2901 556 2912 572 .
2947 531 3036 585 per
3063 531 3215 584 quem
3244 517 3414 569 omnia
3443 517 3491 587 (l
3518 514 3641 576 Cor.

2067 604 2222 674 \ut).
2257 605 2388 660 Jesu
2436 606 2611 668 bone,
2661 614 2858 674 quanta
2901 619 2982 660 est
3023 607 3321 662 auctoritas
3365 610 3416 663 in
3460 611 3640 664 verbis

2069 696 2210 749 luis!
2245 708 2330 749 tua
2361 697 2503 748 enim
2529 705 2649 748 sunt
2679 712 2795 765 quae
2819 711 2848 748 a
2874 698 2977 750 tuis
3007 714 3100 766 per
3125 707 3175 752 te
3206 700 3478 754 dicuntur.
3509 699 3644 754 Ecce

2069 792 2169 842 hoc
2198 789 2674 848 Apostnli.dictnm
2701 805 2860 854 quam
2893 791 3075 855 paucis
3105 801 3300 858 quanta
3329 792 3646 859 complecti-

2069 891 2152 933 tur
2177 882 2190 936 !
2222 879 2388 942 Unus,
2419 881 2608 948 inquit,
2642 881 2898 934 Dominus
2922 880 3072 934 Iesus
3100 881 3356 950 Christus,
3385 901 3647 955 per'quent

2068 974 2261 1026 omnia.
2294 973 2562 1042 Numquid
2593 975 2658 1027 ad
2690 974 3087 1041 prazdieandum
3119 977 3248 1029 tanti
3284 978 3526 1048 mysterii
3557 993 3646 1030 sa-

2069 1079 2402 1122 cramentum
2434 1070 2610 1136 aliqua
2643 1069 3022 1123 circumitione
3055 1069 3337 1123 verborum
3372 1085 3500 1124 usus
3529 1071 3646 1124 est?

2069 1173 2159 1213 aut
2193 1160 2242 1214 id
2273 1161 2412 1230 quod
2447 1162 2672 1229 intelligi
2705 1177 2734 1214 a
2767 1161 2922 1215 nobis
2953 1161 3149 1222 voluit.
3186 1164 3354 1230 longa:
3384 1163 3648 1216 orationis

2071 1255 2382 1308 narratione
2414 1254 2705 1307 tractavit?
2739 1252 2915 1315 Unus,
2953 1253 3162 1320 inquit,
3195 1253 3447 1308 Dominus
3479 1265 3651 1308 noster

2069 1344 2218 1400 Jesus
2250 1344 2512 1410 Christus,
2541 1363 2631 1421 per
2659 1363 2804 1416 quem
2847 1347 3038 1400 omnia.
3088 1345 3329 1414 Simplici
3359 1357 3565 1400 tantum
3595 1358 3650 1401 et

2073 1437 2223 1490 brevi
2269 1437 2535 1490 locutiOne
2577 1451 2830 1490 arcanum
2875 1447 3038 1490 tanta:
3069 1436 3366 1505 majestatis
3397 1438 3650 1494 edocuit:

2071 1528 2170 1582 hic
2204 1528 2638 1583 scilitet'lidut-ia
2661 1570 2674 1593 ,
2707 1543 2808 1598 qua
2843 1528 3047 1583 sciebat
3075 1544 3385 1583 sermonem
3412 1545 3566 1583 suum
3600 1528 3652 1584 in

2074 1621 2287 1689 negotio
2323 1621 2414 1675 Dei
2447 1620 2622 1688 longis
2654 1619 3220 1689 argumentationibus
3254 1636 3356 1673 non
3388 1635 3568 1689 egere.
3601 1633 3655 1674 et

2076 1711 2232 1765 ﬁdem
2266 1713 2424 1766 dictis
2451 1713 2564 1766 suis
2591 1712 2928 1768 divinitatem
2959 1713 3110 1767 dare.
3146 1713 3272 1770 Sola
3305 1713 3446 1766 enim
3479 1715 3543 1766 ad
3573 1713 3656 1768 di-

379 1821 559 1858 verum
588 1801 788 1869 Deum,
824 1813 872 1855 et
895 1819 1047 1873 quem
1075 1802 1259 1856 misisti
1285 1800 1466 1856 Iesum
1494 1803 1752 1856 Christum
1784 1800 1964 1872 (Joan.
2003 1809 2046 1866 Β
2075 1815 2284 1858 etorum
2327 1806 2790 1858 confirmationem
2815 1847 2827 1866 ,
2863 1820 3040 1859 rerum
3085 1803 3282 1858 sufficit
3321 1804 3658 1858 demonstra-

381 1911 536 1961 m1,
561 1896 652 1966 5).
684 1895 941 1964 Superius
974 1894 1168 1949 audisti
1199 1894 1419 1949 verbum
1454 1894 1547 1949 Dei
1592 1893 1658 1948 ad
1699 1894 1969 1948 sanandus

381 1989 634 2043 homines
673 1987 896 2042 missum
947 2002 1067 2042 esse
1110 2004 1122 2039 :
1165 1986 1252 2042 hic
1285 1997 1462 2042 autem
1512 1987 1666 2041 audis
1709 2002 1832 2041 eum
1879 1988 1970 2058 qni

383 2079 586 2132 missus
627 2080 746 2144 sit,
799 2077 979 2134 Jesu-m
1033 2079 1312 2133 Christum
1355 2094 1498 2134 esse.
1551 2081 1751 2150 Separa
1788 2081 1889 2134 hoe
1923 2082 1967 2134 si

385 2177 544 2239 potes
573 2184 588 2222 :
623 2183 744 2223 eum
775 2169 962 2222 videas
991 2177 1193 2223 tantam
1227 2169 1482 2224 unitatem
1508 2169 1709 2226 Christi
1731 2180 1786 2227 et
1813 2171 1968 2226 Verbi

383 2276 445 2316 es
475 2276 508 2316 e
536 2305 550 2328 ,
599 2270 658 2315 ut
691 2277 798 2316 non
837 2262 1009 2315 solum
1057 2262 1260 2321 unitum
1292 2278 1414 2316 cum
1445 2261 1660 2318 Citl‘i:l0
1693 2262 1922 2317 Verbum
1951 2306 1965 2329 ,

384 2354 484 2409 sed
514 2354 678 2408 etiam
708 2365 926 2422 preptcr
951 2356 1207 2410 unitatem
1238 2357 1408 2426 ipsam
1437 2358 1682 2412 Christus
1705 2359 1813 2427 jam
1844 2358 1971 2411 Ver-

390 2445 518 2502 bum
552 2459 674 2499 csse
712 2443 940 2500 dicatur.

1009 2515 1234 2572 CAPUT
1264 2517 1347 2570 Vl.

676 2606 845 2662 Unam
886 2624 993 2661 esse
1027 2611 1080 2661 in
1112 2607 1314 2662 Christo
1354 2611 1687 2681 hypostasim.

469 2720 575 2776 Sed
615 2735 804 2789 parum
847 2721 950 2775 hoc
981 2721 1194 2776 elucere
1229 2721 1452 2776 forsitan
1489 2733 1679 2788 putas:
1716 2739 1817 2777 nOn
1851 2727 1970 2794 quia

395 2828 586 2882 parum
621 2813 832 2876 luceat,
861 2813 955 2868 sed
989 2813 1275 2868 infidelitas
1301 2815 1586 2868 tenebrosa
1615 2831 1830 2884 semper
1861 2817 1972 2884 ipsa

392 2903 502 2960 sibi
535 2903 695 2958 etiam
728 2904 781 2958 in
815 2904 934 2958 luce
963 2904 1214 2958 tenebras
1242 2905 1394 2962 facit.
1423 2906 1560 2960 Audi
1589 2906 1768 2975 itaque
1794 2906 1976 2975 paucis

394 2995 740 3053 sermonibus
769 3011 930 3052 omne
960 2997 1062 3053 hoc
1093 2998 1312 3055 unitatis
1340 2998 1634 3053 Dominica:
1665 3014 1975 3053 sacramen-

2079 1897 2189 1961 tio,
2241 1895 2458 1965 quando
2509 1897 2756 1964 probatio
2805 1897 2856 1950 in
2909 1896 3226 1951 anetoritatc
3273 1895 3508 1950 dicentis
3549 1910 3654 1952 est.

2081 1985 2226 2041 Unus
2258 2002 2406 2054 ergo,
2438 1987 2642 2056 inquit,
2677 1987 2932 2040 Dominus
2959 1986 3109 2041 Jesus
3139 1987 3369 2041 Christus
3396 2003 3487 2058 per
3511 2004 3657 2055 quem

2079 2081 2271 2133 omnia.
2306 2081 2604 2134 Considera
2639 2081 2725 2135 ubi
2761 2079 2864 2134 hoc
2896 2080 2962 2135 de
2990 2081 3166 2135 Verbo
3198 2081 3372 2135 I‘atris
3418 2082 3616 2150 legeris
3641 2124 3653 2143 ,

2077 2171 2218 2240 quod
2251 2171 2319 2225 de
2348 2168 2566 2225 Christo
2598 2172 2749 2240 legis.
2799 2171 3015 2240 Omnia,
3056 2171 3229 2240 inquit
3270 2170 3615 2242 Evangelium
3641 2213 3654 2232 .

2078 2281 2166 2335 per
2206 2265 2371 2335 ipsum
2419 2269 2556 2335 facta
2598 2279 2735 2330 sunt,
2783 2275 2828 2318 et
2869 2265 2978 2318 sine
3018 2265 3130 2332 ipso
3177 2265 3370 2333 factum
3418 2273 3493 2318 est
3529 2263 3658 2321 nihil

2080 2357 2269 2426 (Joau.
2313 2360 2392 2423 ι).
2449 2359 2740 2424 Apostolus
2793 2357 2958 2420 dicit,
3008 2373 3098 2429 per
3150 2356 3408 2409 Christum
3463 2358 3653 2410 outnin.

2082 2451 2423 2518 Evang-zlium
2483 2448 2650 2510 dicit,
2711 2464 2796 2516 per
2849 2445 3076 2500 Verbum
3130 2449 3348 2499 munia:
3401 2446 3659 2516 numquid

2083 2551 2381 2608 repttgna:.t
2430 2539 2528 2592 sibi
2575 2554 2854 2592 sermones
2902 2537 3088 2591 sacri?
3139 2554 3243 2590 non
3292 2538 3515 2608 utique:
3563 2539 3661 2594 sed

2085 2647 2247 2684 unum
2294 2640 2456 2696 atque
2500 2628 2750 2682 eumdem
2800 2627 3020 2696 intelligi
3067 2627 3238 2681 voluit
3277 2637 3332 2681 et
3374 2629 3664 2694 Apostolus

2083 2725 2207 2776 (Itiri
2246 2732 2354 2776 tuin
2387 2739 2479 2791 per
2512 2738 2669 2792 quem
2703 2722 2881 2774 omnia
2916 2729 3099 2776 creata
3129 2719 3261 2776 dixit
3289 2763 3302 2786 ,
3345 2731 3396 2774 et
3433 2736 3662 2790 evange-

2082 2816 2198 2870 iist-t
2231 2815 2461 2870 Verbum
2501 2832 2592 2884 per
2619 2815 2763 2884 quod
2790 2813 2966 2868 omnia
2998 2812 3289 2866 factaesse
3319 2814 3659 2868 memoravit.

2085 2909 2252 2970 Audi,
2288 2909 2542 2974 inquam,
2582 2906 2708 2974 quid
2752 2906 2866 2972 ipse
2908 2904 2974 2958 de
3018 2921 3073 2959 te
3101 2904 3338 2958 Verbum
3384 2903 3473 2957 Dt'i
3522 2904 3664 2958 Deus

2087 3000 2464 3070 pronuntiarit.
2505 3010 2525 3037 ε
2564 2998 2757 3062 Nemo,
2792 2997 2992 3066 inquit,
3020 2997 3249 3050 ascendit
3277 2996 3326 3049 in
3360 2994 3536 3050 (trium
3567 2997 3664 3048 nisi

1475 3137 1730 3191 ALARDI
1768 3136 1997 3192 GAZZEI
2037 3137 2599 3194 COMMENTARIUS.

473 3242 499 3270 ιι
537 3232 808 3298 Quantum
841 3232 906 3285 ad
942 3247 1225 3298 personam
1270 3231 1507 3294 attinet,

399 3303 675 3358 individua
705 3302 756 3355 in
791 3300 1011 3356 Christo
1057 3319 1070 3359 :
1123 3305 1174 3356 in
1223 3317 1328 3370 qua
1372 3301 1600 3372 proinde
1630 3301 1772 3372 nulla
1805 3311 1981 3365 potest

399 3389 525 3428 esse
551 3374 828 3434 distantia,
856 3373 904 3426 id
929 3382 1035 3435 est,
1063 3373 1351 3442 sejunctio,
1375 3371 1728 3442 etidistinctin
1749 3371 1984 3426 homins

399 3461 427 3496 a
457 3443 590 3511 nco,
621 3459 715 3496 seu
748 3443 944 3497 Verbo.
980 3441 1133 3498 Unus
1151 3445 1280 3496 enim
1312 3455 1384 3497 est
1409 3441 1642 3496 Christus
1675 3459 1776 3494 non
1806 3443 1987 3507 confu-

402 3517 544 3567 sione
575 3515 892 3579 substautiaz,
927 3517 1013 3568 sed
1045 3516 1236 3569 unitate
1266 3529 1520 3585 personaz,
1555 3514 1629 3566 ait
1656 3513 1716 3566 Β.
1748 3512 1986 3569 Athana-

401 3599 535 3638 sms.
901 3609 922 3624 ο

475 3655 501 3692 δ
542 3655 916 3709 Ahntebantnr
945 3655 1129 3710 Ariani
1162 3655 1263 3709 hoc
1308 3656 1428 3709 loco
1455 3697 1468 3719 ,
1503 3663 1554 3709 et
1579 3670 1643 3709 ex
1671 3668 1736 3708 eo
1767 3655 1987 3722 Collige-

403 3725 532 3779 1›ιιιι
555 3726 752 3779 Filium
778 3744 884 3780 non
914 3743 1035 3779 esse
1067 3742 1251 3779 verum
1283 3729 1469 3788 Deum,
1495 3726 1617 3792 quia
1649 3725 1798 3778 solus
1826 3725 1985 3778 Pater

405 3795 490 3849 hic
525 3811 691 3850 verus
721 3797 856 3849 Deus
882 3798 1206 3866 appellatur.
1238 3797 1440 3861 Quibus
1473 3797 1839 3866 Patrcsvsrlis
1871 3813 1983 3849 nio-

403 3869 486 3918 dts
519 3865 960 3932 reSpondernnt.’
992 3869 1172 3920 Primo
1209 3870 1369 3921 verba
1410 3867 1497 3921 illa
1543 3884 1554 3918 :
1605 3865 1775 3919 solum
1814 3883 1984 3920 verum

406 3937 593 4007 Deum,
628 3953 732 3988 non
779 3939 1026 4007 restringi
1071 3937 1136 3991 ad
1180 3938 1415 4002 Patrem,
1447 3937 1540 3989 sed
1573 3938 1788 3990 extendi
1821 3939 1982 3990 etiam

399 4007 466 4056 ad
497 4006 694 4061 Filium
725 4023 818 4074 per
838 4006 1273 4075 conjunctionem
1306 4008 1684 4073 copulativam.
1716 4023 1834 4060 cum
1857 4007 1985 4060 sub-

404 4076 571 4140 ditur,
603 4077 671 4130 Et
713 4095 860 4146 quem
892 4081 1073 4132 misisti
1100 4076 1275 4131 Iesum
1319 4077 1574 4132 Christum
1602 4094 1620 4130 :
1669 4079 1810 4130 hunc
1837 4078 1981 4131 enim

404 4161 522 4200 esse
552 4149 794 4202 ordinem
827 4152 1112 4202 verborum
1141 4166 1155 4201 :
1187 4149 1302 4203 luce
1329 4159 1411 4202 est
1439 4151 1541 4201 vita
1569 4160 1790 4211 teterna,
1822 4161 1875 4202 ιιι
1909 4159 1981 4211 te,

403 4228 454 4268 et
486 4233 644 4286 quem
679 4220 868 4272 misisti
896 4261 910 4283 ,
959 4221 1141 4274 Jesnm
1173 4221 1444 4274 Christum
1474 4231 1766 4287 agnoscant
1796 4234 1981 4273 verum

404 4288 593 4360 ρμιιιιι.
632 4289 706 4343 Ita
735 4290 1156 4360 Cltrysostomus
1185 4301 1238 4343 et
1262 4291 1498 4359 Cyrillus
1530 4291 1579 4342 in
1613 4305 1733 4344 eum
1779 4289 1979 4360 locum.

406 4358 643 4412 Facilior
669 4369 750 4411 est
778 4358 1073 4427 responsio,
1102 4377 1196 4428 per
1216 4358 1382 4414 solum
1405 4377 1508 4413 non
1531 4361 1738 4414 excludi
1763 4359 1980 4426 Filium,

403 4437 494 4480 aut
539 4429 798 4495 Spiritum
845 4445 1088 4484 sanctum
1116 4473 1129 4494 ,
1177 4433 1264 4500 qui
1296 4443 1416 4484 sont
1450 4446 1695 4499 persona:
1740 4431 1982 4498 ejusdem

402 4509 616 4552 naturzc
645 4515 767 4553 eum
807 4501 1006 4564 Patre;
1059 4502 1151 4555 Sed
1183 4503 1392 4556 excludi
1438 4504 1805 4555 tantummodo
1835 4502 1980 4556 idola

402 4580 462 4640 et
492 4582 796 4633 creaturas,
841 4587 964 4640 qua:
1005 4589 1108 4626 non
1147 4585 1270 4626 sunt
1305 4573 1420 4626 veri
1461 4575 1555 4627 dii.
1600 4573 1752 4640 Quod
1802 4584 1978 4626 autem

401 4639 642 4705 additur,
675 4653 720 4693 et
749 4639 896 4706 quem
926 4645 1106 4696 misisti
1131 4641 1305 4697 Jesum
1340 4641 1598 4698 Christum
1617 4639 1638 4701 ,ί
1672 4643 1740 4696 de
1767 4641 1983 4697 Christo

401 4712 632 4774 dictum,
664 4719 723 4764 ut
764 4712 998 4776 ho;nine,
1044 4723 1100 4765 ut
1135 4714 1218 4766 hic
1249 4714 1322 4767 sit
1350 4730 1569 4768 sensth:
1597 4714 1718 4766 llme
1761 4724 1841 4766 est
1876 4716 1980 4766 vita

402 4789 601 4833 rterna
629 4823 646 4846 ,
692 4782 896 4848 idest,
943 4785 1026 4835 via
1074 4794 1128 4836 ct
1171 4785 1308 4836 ratio
1341 4785 1679 4849 perveniendi
1722 4782 1786 4834 ad
1818 4784 1980 4836 vitam

404 4862 684 4913 aeternam,
711 4852 757 4905 si
777 4867 1098 4916 cognoscant
1129 4854 1374 4907 homines
1398 4871 1488 4920 per
1511 4853 1668 4908 [idem
1697 4864 1748 4906 te
1771 4853 1979 4907 Patrem

404 4923 575 4978 stilum
607 4938 794 4977 verum
840 4923 1046 4987 Deum,
1082 4925 1132 4978 id
1162 4934 1242 4977 est
1269 4965 1283 4987 ,
1331 4939 1523 4992 printer
1562 4941 1719 4993 quem
1752 4939 1856 4976 non
1901 4936 1984 4977 est

403 4993 537 5046 alius
589 5008 752 5046 verus
800 4995 984 5057 Deus;
1037 5006 1091 5049 et
1145 5007 1402 5063 pra-terea
1452 5004 1775 5064 cognoscant
1819 4993 1980 5047 eti-tm

405 5078 564 5133 unum
607 5064 957 5119 Aledintntem
1005 5066 1093 5119 llei
1125 5074 1178 5118 et
1221 5067 1492 5119 hominum
1521 5108 1534 5128 ,
1581 5083 1738 5133 qut-nt
1785 5065 1994 5130 misi~ti_

402 5131 583 5186 Iesum
616 5134 916 5187 Christum.
965 5135 1055 5190 Sic
1087 5137 1320 5190 Hilarius
1353 5138 1443 5190 lib.
1489 5153 1538 5190 lx
1586 5131 1652 5191 de
1693 5136 1977 5188 Trinitate.

402 5203 666 5276 supponit
698 5217 878 5258 autem
914 5206 1028 5259 hazc
1061 5209 1341 5272 ι·ε›ι›υιιδιυ
1387 5208 1437 5260 id
1464 5246 1475 5269 ,
1529 5207 1669 5276 quod
1700 5215 1781 5260 est
1813 5207 1982 5259 veris-

403 5275 613 5338 simum,
652 5277 969 5343 particulam
1000 5279 1164 5329 solum
1197 5295 1298 5329 non
1343 5292 1462 5332 esse
1495 5275 1796 5346 subjectum
1825 5319 1839 5342 ,
1886 5277 1979 5328 Sed

403 5347 738 5411 attributum,
766 5349 942 5410 vel,ut
964 5348 1227 5401 dialectiwi
1255 5349 1266 5400 l
1292 5360 1563 5417 tquuntur,
1583 5365 1684 5398 non
1709 5363 1767 5400 se
1798 5357 1982 5401 tenere

404 5428 464 5467 ex
494 5429 646 5482 parte
669 5417 923 5485 SUitjt'Cii,
949 5418 1041 5470 sed
1073 5420 1338 5485 ptmdicatt
1365 5435 1378 5476 ;
1413 5434 1528 5483 seu,
1547 5420 1685 5480 quod
1716 5419 1852 5470 idem
1876 5430 1981 5478 est,

406 5500 504 5538 non
535 5489 730 5542 referri
764 5490 830 5540 ad
862 5489 1096 5552 Patrem,
1129 5491 1220 5542 sed
1251 5489 1312 5540 ad
1342 5489 1528 5541 Deum.
1564 5489 1676 5541 Non
1711 5489 1854 5542 enim
1899 5499 1982 5540 est

405 5569 588 5626 sensus
619 5577 633 5612 :
668 5568 728 5613 ut
753 5571 1081 5623 Cognoscant
1113 5572 1162 5612 te
1189 5561 1424 5616 Patrem.
1459 5560 1546 5626 qui
1574 5560 1716 5614 solus
1741 5575 1796 5610 es
1818 5573 1980 5612 verus

407 5624 536 5683 l‘ﬂts
570 5647 583 5683 :
616 5632 711 5684 sed
737 5671 750 5694 ,
784 5638 845 5683 ut
873 5640 1202 5695 cogntus-eant
1233 5643 1312 5686 te.
1347 5633 1433 5697 qui
1479 5624 1537 5683 es
1580 5634 1666 5681 ille
1699 5630 1860 5688 Dens,
1891 5628 1978 5690 qui

402 5698 541 5752 solus
567 5714 648 5755 est
694 5716 858 5756 verus
901 5699 1081 5760 Deus;
1126 5701 1263 5765 quod
1296 5700 1345 5752 in
1390 5701 1576 5755 Gra'co
1609 5709 1755 5752 textu
1784 5700 1979 5752 clarius

402 5771 718 5841 exprimitur
743 5790 754 5828 :
784 5773 868 5827 ἵνα
890 5773 1209 5846 γιγνώσκωσὶ
1233 5792 1288 5827 σε
1315 5772 1396 5826 τὸν
1417 5773 1563 5842 μανὸν
1593 5772 1809 5829 man-ua
1832 5769 1976 5827 Θεὸν.

1559 3245 1678 3296 quae
1730 3230 1882 3284 unica
1927 3239 1982 3282 et
2011 3233 2050 3291 Ο

2160 3242 2181 3269 ε
2217 3230 2518 3284 No‘audum
2558 3230 2644 3284 hie
2697 3240 2984 3298 utrumque
3029 3229 3251 3281 verbum
3282 3270 3295 3292 ,
3341 3228 3568 3280 ascendit
3612 3237 3668 3280 et

2089 3303 2368 3363 descendit,
2397 3302 2653 3370 temporis
2681 3316 2802 3353 esse
2831 3301 3110 3365 praeteriti,
3139 3314 3246 3351 non
3278 3298 3592 3370 praesentis,
3611 3312 3668 3350 ut

2088 3390 2153 3427 ex
2176 3372 2373 3426 Ct‘a‘cis
2393 3367 2630 3437 constat,
2649 3373 3020 3430 ἀναϐέϐηκενει
3043 3369 3272 3430 καταϐάς
3288 3387 3300 3421 :
3319 3367 3458 3423 unde
3471 3368 3666 3434 dUpIex

2088 3444 2315 3510 emergit
2346 3442 2637 3496 difficultas
2657 3485 2672 3507 ,
2702 3446 2869 3497 altera
2899 3441 2969 3495 de
2998 3456 3254 3502 ascensu,
3284 3440 3450 3491 altera
3481 3440 3547 3510 de
3571 3439 3667 3510 tle-

2086 3508 2278 3565 seensu
2304 3532 2315 3566 :
2342 3514 2407 3566 de.
2434 3529 2661 3567 ascensu
2687 3513 2903 3580 quidem
2925 3556 2938 3579 ,
2969 3512 3239 3582 quomodo
3266 3510 3480 3582 dicatur
3503 3508 3667 3562 Filius

2089 3583 2354 3649 hominis,
2387 3583 2438 3637 id
2477 3593 2588 3647 est,
2629 3582 2910 3645 Christus,
2946 3584 3055 3650 jam
3097 3589 3222 3635 ante
3261 3581 3580 3635 ascendisse
3612 3584 3662 3633 in

2087 3655 2322 3718 malum,
2364 3669 2486 3708 cum
2531 3654 2645 3708 [nec
2684 3652 2982 3708 Nicodemo
3025 3653 3356 3721 loqueretur.
3399 3666 3518 3702 cum
3561 3667 3666 3703 non

2087 3739 2212 3779 ante
2237 3726 2592 3792 quadragesin
2619 3741 2704 3776 um
2730 3724 2869 3777 diem
2897 3739 2924 3774 a
2949 3738 3041 3775 sua
3069 3722 3461 3792 resurrectione
3479 3735 3666 3792 ascen-

2085 3796 2227 3849 derit
2256 3789 2308 3848 in
2341 3789 2534 3849 coelum
2560 3813 2572 3847 :
2603 3795 2668 3846 de
2693 3794 2953 3846 descensu
2988 3807 3138 3853 vero,
3165 3791 3434 3859 quomodo
3457 3789 3666 3842 dicatur

2084 3867 2434 3921 descendisse
2465 3865 2532 3918 de
2561 3864 2735 3930 etelo,
2767 3864 2856 3931 qui
2888 3873 2945 3914 ut
2985 3862 3026 3915 D
3065 3878 3127 3914 us
3158 3863 3335 3913 omnia
3378 3864 3580 3926 reptet.
3612 3873 3669 3913 et

2089 3946 2230 3990 [0an
2270 3935 2464 4004 ubique
2501 3945 2623 3998 est;
2668 3945 2717 3986 ct
2751 3949 2806 3986 nt.
2846 3933 3043 4004 homo,
3087 3943 3212 4004 ante
3252 3931 3663 4004 conceptionem

2086 4023 2236 4060 suam
2270 4008 2318 4058 in
2362 4002 2501 4060 con
2547 4022 2652 4058 non
2698 4003 2896 4058 ferit?
2938 4003 3067 4071 Qum
3117 4003 3462 4056 difﬁcilium-'5
3506 4002 3666 4054 aliter

2086 4077 2222 4130 Solvi
2258 4093 2363 4129 non
2399 4088 2655 4144 possunt.
2691 4077 2790 4128 nisi
2837 4075 3097 4127 iateztmnr
3137 4074 3385 4126 eumdem
3415 4072 3670 4144 t-sseriFi-

2088 4147 2216 4203 lium
2248 4143 2479 4202 hominis
2499 4189 2512 4209 ,
2547 4158 2598 4201 et
2626 4147 2821 4202 Filium
2850 4145 2942 4198 Dei
2971 4164 2982 4198 :
3015 4147 3100 4210 qm
3131 4144 3326 4199 dicitur
3351 4143 3602 4196 ascendis
3634 4159 3664 4195 θ

2084 4219 2140 4273 in
2173 4221 2370 4273 cmfum
2393 4261 2409 4283 ,
2455 4228 2739 4286 antequam
2786 4222 2899 4269 tta-c
2941 4217 3270 4285 loqueretur,
3305 4216 3430 4282 quia
3462 4228 3559 4282 per
3587 4217 3668 4268 in-

2085 4290 2455 4345 carnationem
2493 4301 2544 4342 et
2574 4291 2832 4341 unionem
2877 4286 3280 4358 hypostaticam
3318 4290 3514 4358 laetum
3547 4296 3662 4358 est,

2087 4374 2144 4415 ut
2190 4363 2350 4414 homo
2394 4361 2483 4412 ille
2521 4359 2764 4413 Christus
2804 4355 3057 4424 inciperet
3099 4370 3218 4408 esse
3270 4355 3319 4407 in
3363 4355 3530 4417 creto,
3573 4357 3661 4407 ubi

2085 4441 2210 4485 ante
2241 4431 2647 4498 conceptionem
2682 4443 2830 4481 suam
2865 4441 2969 4479 non
3000 4435 3136 4480 erat.
3181 4425 3292 4479 Hoc
3323 4427 3466 4478 enim
3497 4426 3664 4489 exigit

2088 4503 2178 4556 illa
2222 4502 2541 4555 idiomatutn
2591 4499 3044 4558 communicatio,
3089 4504 3144 4550 et
3193 4507 3374 4549 mutua
3417 4498 3661 4557 qut-itam

2087 4574 2406 4636 alternatin,
2437 4581 2492 4624 ut
2521 4571 2758 4637 loquitur
2788 4571 3151 4624 Damacenus
3181 4565 3319 4635 (Lib.
3345 4579 3408 4621 ιιι
3429 4581 3473 4618 c.
3502 4563 3534 4619 4
3564 4565 3662 4616 0r-

2088 4642 2230 4696 thod.
2260 4643 2378 4712 ﬁd.)
2400 4685 2414 4708 ,
2449 4657 2566 4708 qum
2597 4636 2665 4694 ex
2695 4639 2780 4712 illa
2815 4641 3012 4712 unione
3044 4638 3374 4712 hypostzttiea
3410 4636 3656 4700 resultat,

2088 4722 2146 4766 ut
2173 4706 2372 4766 ilicium
2403 4706 2506 4765 est.
2541 4713 2676 4778 Quia
2706 4709 2869 4778 igitur
2901 4709 3062 4762 homo
3084 4706 3180 4763 ille
3210 4706 3476 4768 Christus,
3506 4717 3663 4759 ante-

2085 4800 2248 4852 quam
2281 4784 2681 4850 conciperetur,
2723 4783 2773 4833 in
2813 4781 2954 4835 ctrlo
2986 4797 3091 4833 non
3122 4791 3272 4852 erat;
3303 4787 3354 4830 et
3387 4786 3506 4852 post
3533 4792 3664 4852 cnn-

2086 4847 2390 4922 eeptionem
2425 4847 2642 4923 propter
2671 4852 3062 4923 ilyp0513licflnl
3097 4851 3386 4923 unionem,
3427 4849 3479 4923 in
3519 4847 3661 4900 cusln

2086 4917 2217 4991 fuit,
2252 4925 2302 4977 in
2342 4917 2538 4978 caelum
2562 4917 2764 4977 'dicitur
2793 4921 3146 4984 ascendisse;
3179 4919 3302 4991 quia
3341 4921 3404 4991 si_
3427 4917 3660 4991 humano

2089 4987 2238 5048 more
2269 4995 2568 5063 loquamur.
2601 4993 2741 5062 quod
2777 4993 2924 5063 prius
2955 4993 3008 5045 itt
3037 5001 3182 5063 terra
3211 4990 3309 5063 fuit
3329 4987 3574 5063 ,_deind_e
3597 4991 3660 5063 in

2085 5067 2222 5119 ρωῐο
2262 5058 2382 5119 esse
2427 5058 3224 5133 coepit,—incmlumascendisse
3256 5059 3470 5133 dicitur.
3495 5058 3544 5133 _E
3576 5060 3661 5111 di-

2083 5152 2238 5188 verso
2278 5146 2455 5188 autem
2486 5130 2555 5189 de
2605 5135 2742 5188 coelo
2772 5135 3120 5187 dest-endisse
3170 5131 3384 5189 dicitur.
3417 5130 3538 5192 quia
3569 5132 3660 5198 qui

2086 5207 2232 5272 prius
2272 5208 2322 5259 in
2371 5207 2512 5260 coelo
2559 5216 2704 5263 erat.
2753 5205 2804 5258 in
2852 5214 2993 5256 terra
3034 5209 3214 5254 autem
3255 5200 3466 5253 tametsi
3507 5211 3661 5264 erat,

2085 5286 2263 5330 tamen
2295 5291 2397 5330 non
2429 5277 2728 5338 videbatur,
2761 5285 2971 5341 sumpta
3011 5275 3246 5324 humana
3279 5282 3465 5322 natura
3497 5275 3664 5329 (mnis

2087 5358 2311 5412 repente
2353 5350 2402 5401 in
2449 5348 2609 5400 terris
2641 5346 2810 5398 videri
2836 5385 2850 5406 ,
2883 5342 3105 5410 perinde
3134 5356 3194 5394 ac
3225 5343 3267 5394 si
3299 5342 3365 5393 de
3395 5342 3533 5396 (telo
3563 5345 3663 5412 tle,-

2087 5411 2404 5470 seendis~et.
2441 5419 2620 5484 Itaque
2649 5417 2766 5480 ejus
2812 5415 3097 5484 descensio
3139 5423 3192 5484 et
3221 5413 3480 5484 ascensio
3528 5411 3664 5484 nihil

2084 5489 2224 5540 aliud
2257 5503 2412 5556 quam
2445 5481 2775 5548 incarnatio,
2810 5500 2911 5552 qua
2946 5483 3110 5556 Filttls
3141 5483 3229 5556 Dei
3264 5481 3440 5556 iactus
3469 5492 3547 5556 est
3581 5483 3664 5536 Γι-

2087 5560 2187 5611 lius
2220 5552 2480 5621 hominis,
2517 5565 2572 5612 et
2598 5559 2674 5608 sic
2707 5572 2799 5622 per
2843 5552 3384 5607 communicationem
3428 5553 3663 5608 idiouta-

2087 5638 2195 5681 tum
2229 5628 2394 5681 Filius
2429 5626 2661 5681 hominis
2690 5626 2932 5679 ascendit
2961 5625 3014 5675 in
3042 5624 3268 5689 rutltun,
3298 5633 3352 5677 et
3379 5623 3663 5678 descendit

2085 5702 2152 5768 de
2190 5700 2349 5752 cutio.
2398 5698 2650 5751 Ascendit
2702 5710 2796 5764 per
2842 5695 3232 5768 esalttttionem
3271 5695 3658 5768 humanitatis:

2085 5763 2361 5826 descendit
2392 5784 2486 5841 per
2513 5763 2942 5824 ltumiliutiouem
2972 5767 3268 5822 divinitatis
3297 5781 3310 5819 :
3343 5768 3465 5834 quia
3498 5764 3662 5819 Filius
