4040 6182
413 279 478 337 st
620 328 628 339 ,
1755 271 2038 329 JUANNIS
2081 270 2395 328 cassum
3632 275 3701 341 92

417 394 488 464 (ll
512 393 634 450 Cor.
660 393 736 467 v).
793 394 867 447 In
901 402 948 445 te
983 407 1112 459 ergo
1149 396 1222 443 cst
1261 387 1397 441 Deus
1422 427 1436 451 ,
1480 384 1654 455 inquit
1677 426 1693 451 ,
1732 395 1778 438 et
1809 401 1911 438 nni
1940 393 2012 438 est
2041 391 2091 447 Α
2118 390 2280 439 vator.
2330 384 2586 450 Quamvis
2629 385 2813 440 multis
2834 385 2945 456 jam
2976 384 3335 475 Scriptura‘et
3363 388 3702 451 evidentibus

420 496 608 560 printer
664 496 713 542 te
757 485 920 540 Deus.
973 484 1115 540 Bene
1166 479 1429 547 Propheta
1479 475 1812 534 diceas:1n
1852 488 1900 533 te
1938 486 2010 533 est

426 580 592 644 Deus,
616 587 639 615 ι·
668 593 775 632 non
800 586 1003 629 tantum
1028 589 1148 628 eum
1173 571 1260 643 qui
1285 587 1522 641 pI'SISSt‘JrS
1545 579 1708 641 esset,
1732 569 1827 625 sed
1845 570 2008 625 etiam

426 685 550 723 ram
583 668 671 737 qui
710 675 854 721 esset
885 667 935 719 in
968 664 1256 734 presenti,
1295 663 1646 724 monstravit,
1675 661 2009 716 habitantem

423 761 632 815 scilicet
657 758 725 812 ab
751 773 815 812 co
840 758 895 812 in
923 773 1030 826 quo
1066 756 1371 821 habitaret,
1398 753 1426 794 δ
1457 762 1768 809 naturarum
1811 754 2016 824 signiti-

425 852 715 915 cationem,
760 864 866 904 non
908 849 1133 905 unitatis
1160 847 1520 917 abnegatione
1545 846 1903 917 distinguens.

1019 941 1246 998 CAPUT
1282 940 1427 996 Xll.-

428 1030 720 1089 Saluatoris
741 1032 1139 1104 appellationem
1176 1034 1328 1086 aliter
1354 1031 1559 1086 Christo
1598 1040 1645 1086 et
1671 1031 1823 1087 aliter
1847 1030 2014 1085 homi-

937 1103 1083 1158 nibus
1110 1104 1345 1157 tributant
1373 1118 1502 1158 esse.

499 1196 603 1262 Tu,
633 1195 824 1267 inquit,
856 1194 1012 1264 Deus,
1045 1206 1095 1249 et
1124 1194 1490 1262 nesciebamus,
1521 1194 1659 1248 Deus
1684 1192 1857 1251 Israel
1884 1194 2007 1251 Salo

2110 486 2279 554 signis
2301 527 2316 552 ,
2347 486 2414 541 de
2437 501 2543 559 quo
2573 487 2919 557 loqueretur.
2949 488 3303 556 ostenderet,
3332 494 3601 561 expressit
3627 502 3707 553 ta-

2116 600 2239 640 men
2271 584 2709 642 manifestissime
2738 587 2791 642 in
2821 587 3117 645 Salvatoris
3145 590 3362 647 nomine
3383 592 3586 651 Christi
3614 611 3706 655 ωε

2119 700 2265 752 mea,
2288 687 2408 756 quia
2433 686 2576 742 idem
2600 687 2852 743 Salvator
2875 688 3062 759 utique
3083 692 3175 761 qui
3198 690 3466 759 Christus,
3493 694 3703 753 dicente

2118 788 2313 857 angelo
2343 806 2359 842 :
2390 788 2526 853 Quia
2564 800 2717 844 natus
2752 800 2826 845 est
2863 791 3006 845 vobis
3044 793 3198 848 hodie
3218 793 3494 863 Salvator,
3519 799 3610 870 qui
3637 810 3706 854 est

2120 885 2356 942 Christus
2386 889 2638 944 Dominus
2668 889 2821 963 (Luc.
2856 891 2939 963 ιι).
2998 901 3021 931 ο
3064 891 3253 947 Jesum
3280 895 3425 949 enim
3456 896 3709 953 llebraice
3742 878 3751 963 ἔ

2112 989 2453 1045 Salvatorem
2500 991 2846 1062 interpretari
2904 993 3105 1048 nemini
3154 994 3375 1049 dubium
3417 1006 3540 1065 est,
3572 942 3749 1061 sicut!

2114 1093 2339 1163 angelus
2388 1104 2592 1148 sancite
2635 1094 2818 1149 Maria:
2855 1094 3046 1164 virgini
3077 1105 3438 1166 protestatur.
3481 1089 3707 1154 dicens:

2116 1190 2187 1247 Et
2206 1193 2410 1249 vocabis
2426 1211 2609 1250 nomen
2629 1197 2743 1268 ejus
2759 1194 2789 1249 J
2798 1211 2940 1251 esum
2961 1209 2981 1250 :
3002 1196 3113 1266 ipse
3145 1197 3281 1252 enim
3319 1197 3521 1255 salvum
3553 1201 3711 1272 faciet

1509 1329 1763 1386 ALARDI
1803 1328 2041 1386 ΟΑΖΑΞΙ
2075 1327 2645 1386 COMMENTARIUS.
3166 1336 3173 1363 ¹

432 1446 595 1509 Filio,
623 1446 759 1513 quod
783 1462 886 1499 una
909 1447 970 1500 sit
993 1462 1169 1500 eorum
1192 1444 1495 1499 substantia.
1526 1441 1610 1497 Ibi
1634 1444 1770 1498 enim
1800 1451 1875 1497 est
1900 1444 2020 1497 uni-

435 1528 535 1578 tas,
564 1516 649 1570 ubi
675 1516 823 1570 nulla
846 1528 917 1570 est
945 1517 1275 1582 di/ferentia;
1317 1533 1377 1569 ac
1397 1532 1487 1586 per
1514 1514 1610 1567 hoc
1635 1516 1850 1568 invicem
1875 1523 2013 1580 sunt,

434 1590 557 1657 quia
584 1595 633 1641 et
658 1589 829 1656 imago
849 1629 862 1647 ,
901 1598 945 1641 et
971 1587 1254 1641 similitudo
1282 1603 1457 1640 eorum
1488 1602 1590 1638 una
1628 1594 1734 1657 est,
1764 1594 1817 1657 ut
1845 1586 2020 1657 ridens

438 1654 660 1719 Filium,
691 1654 874 1712 vidisse
900 1659 1100 1714 dicatur
1131 1657 1365 1720 Patrem,
1393 1658 1523 1709 sicut
1552 1667 1598 1708 et
1628 1655 1736 1721 ipse
1771 1654 2019 1707 Dominus

441 1729 557 1780 ait:
592 1728 693 1791 Qui
717 1731 847 1779 vitlet
878 1746 974 1791 me,
1008 1728 1141 1780 videt
1167 1735 1215 1780 et
1240 1726 1457 1797 Patrem
1478 1725 1656 1795 (Joan.
1695 1727 1808 1797 xw)
1864 1727 2015 1781 Recte

441 1811 562 1864 ergo
588 1798 821 1849 dicitur:
856 1798 989 1849 Deus
1028 1807 1139 1848 erat
1175 1800 1226 1847 in
1260 1796 1490 1860 Christo,
1541 1802 1636 1853 hoc
1661 1810 1737 1853 est
1775 1802 1936 1851 l’ater
1958 1800 2013 1851 in

441 1863 610 1929 Filio,
662 1868 911 1919 mundum
968 1865 1315 1919 reconcilians
1367 1865 1488 1927 sibi.
1553 1880 1661 1923 etc.
1728 1870 1819 1920 Sic.
1885 1869 2016 1923 Am-

440 1941 651 1989 brosius
677 1936 845 1989 Deum
873 1936 1079 1990 Patrem
1106 1942 1157 1989 in
1181 1939 1417 1995 Christo,
1441 1940 1489 1986 td
1516 1944 1617 1998 est,
1642 1935 1691 1985 in
1720 1932 1852 1985 Filio
1879 1948 2022 1999 es~‘e,

438 2016 493 2058 et
524 2020 617 2070 per
648 2009 825 2075 ipsum
852 2008 951 2061 sibi
985 2008 1265 2070 mundum,
1310 2005 1359 2057 id
1392 2013 1496 2067 est,
1531 2003 1822 2075 humanum
1853 2019 2024 2072 genus

437 2074 820 2130 reconcilias~e
842 2076 1178 2140 intelligens;
1203 2075 1346 2144 quod
1372 2085 1427 2128 ct
1443 2074 1880 2129 antecedentibus
1897 2090 2028 2128 con-

440 2146 603 2209 gruit.
626 2146 712 2200 ubi
728 2147 955 2201 dicitur:
979 2146 1163 2200 Omnia
1178 2158 1344 2200 autem
1356 2162 1420 2199 ex
1439 2145 1565 2205 Deo,
1581 2148 1666 2209 qui
1683 2161 1774 2197 nos
1795 2146 2027 2199 reconci-

440 2219 583 2270 liavit
604 2217 699 2270 sibi
720 2232 809 2283 per
825 2215 1105 2277 Christum.
1135 2217 1231 2275 Ubi
1249 2215 1884 2284 mattiiestedistinguitur
1904 2230 2028 2283 per-

442 2301 573 2340 emta
611 2287 783 2342 Patris
826 2288 1065 2342 cmiestis
1094 2304 1122 2340 a
1155 2302 1381 2353 persona
1413 2287 1564 2350 Filii,
1590 2287 1640 2338 id
1663 2283 1766 2348 est,
1790 2283 2022 2350 Christi;

443 2367 497 2408 et
528 2356 688 2410 Pater
726 2358 1137 2422 reconciliatus,
1173 2356 1342 2410 Filius
1372 2357 1752 2410 reconciliator
1780 2356 2026 2419 designa-

443 2437 549 2479 tur.
601 2427 700 2479 Alii
745 2439 919 2480 tamen
950 2429 1110 2481 aliter
1135 2437 1452 2491 exponunt,
1488 2428 1588 2479 hoc
1632 2426 1789 2478 modo
1832 2441 1846 2478 :
1895 2425 2026 2479 Erat

449 2497 584 2549 Deus
612 2497 666 2549 in
700 2496 901 2550 Christo
929 2538 943 2560 ,
978 2498 1028 2550 id
1059 2506 1141 2561 est
1167 2539 1181 2563 ,
1228 2498 1281 2551 in
1309 2497 1507 2555 Christi
1540 2496 1871 2550 humanitate
1911 2506 2027 2550 erat

445 2566 539 2638 l_)_ei
575 2565 753 2638 Filius
780 2568 1116 2638 Itypostatice
1144 2568 1342 2620 unitos.
1390 2567 1617 2621 Proinde
1665 2564 1803 2638 Deus
1833 2577 1941 2619 erat
1972 2567 2025 2619 in

446 2636 677 2702 Christo,
707 2636 849 2691 idem
882 2648 963 2691 est
987 2654 1048 2690 ac
1075 2639 1117 2690 si
1158 2638 1365 2690 (bentur
1395 2653 1408 2689 :
1445 2638 1580 2691 Deus
1610 2646 1725 2689 erat
1754 2637 2022 2700 Christus,

444 2710 694 2760 mundum
719 2708 1055 2761 reconcilians
1081 2709 1181 2761 sibi
1206 2719 1263 2761 ιιι
1287 2709 1411 2771 Deo,
1441 2719 1494 2761 et
1526 2708 1748 2776 proinde
1778 2707 1873 2760 ιοιί
1901 2722 2028 2760 san-

444 2780 698 2832 (‘llaSlmlB
728 2779 1012 2845 Trinitati;
1052 2781 1147 2833 sed
1178 2794 1272 2846 per
1301 2792 1381 2842 se,
1414 2778 1465 2831 id
1491 2788 1595 2840 est,
1623 2793 1716 2843 per
1745 2793 1898 2831 suam
1931 2785 2029 2830 Itu-

418 2851 774 2922 ,manitatetn.
809 2852 886 2922 Es
910 2849 959 2903 vi
985 2861 1173 2922 autem
1189 2848 1688 2922 communicationis
1710 2847 2024 2903 idiomatntn

443 2920 697 2972 ιιιιιιιιιιιιι·
727 2921 823 2985 ipsi
858 2921 966 2972 Deo
995 2919 1177 2974 mundi
1207 2918 1603 2984 reconciliatio,
1636 2934 1754 2985 quae
1778 2928 1862 2971 est
1890 2933 2027 2982 Opus

445 2990 642 3042 tlltristi
672 2990 987 3044 mediatoris
1016 3007 1029 3042 :
1061 2992 1197 3044 sicut
1226 2989 1351 3043 alibi
1385 2990 1580 3043 dicitttr
1613 2988 1751 3041 Deus
1796 2989 2028 3057 acquisi-

446 3061 587 3112 tisse
620 3060 916 3114 Ecclesium
946 3063 1205 3127 sanguine
1236 3074 1335 3114 suo
1367 3060 1502 3129 (Act.
1536 3057 1624 3127 tu)
1656 3070 1872 3127 propter
1894 3062 2029 3113 illio-

444 3138 649 3182 tnatum
679 3132 1140 3193 communionem,
1171 3145 1273 3199 qua
1299 3132 1352 3183 lit
1386 3140 1442 3184 ut
1468 3144 1590 3199 quin
1624 3145 1838 3196 protirta
1870 3136 2025 3185 unius

450 3209 654 3253 natura:
682 3212 806 3253 sunt
831 3242 845 3267 ,
896 3203 1049 3253 alteri
1085 3201 1385 3254 tribuantur
1408 3244 1422 3266 ,
1470 3205 1539 3251 ob
1571 3203 1820 3253 unionem
1851 3199 2021 3269 hypo—
2055 3225 2098 3284 (π
2132 3199 2603 3267 Salvator,‘angelo
2635 3202 2731 3251 hoc
2769 3216 2950 3254 nomen
2982 3199 3217 3269 prernunt
3238 3214 3391 3270 ante,
3419 3221 3520 3258 non
3545 3207 3685 3261 solun

450 3270 712 3331 staticam,
746 3283 802 3322 ut
841 3271 1212 3341 εηινρνάιςιιιιη
1254 3282 1355 3323 est.
1407 3272 1582 3339 Atque
1622 3271 1764 3323 hunc
1806 3285 2024 3325 sensum
2080 3268 2099 3287 ⁸
2133 3273 2313 3332 matri,
2341 3272 2431 3323 sed
2456 3272 2607 3323 etiam
2633 3268 2879 3339 Josepho,
2917 3274 3131 3337 quierat
3161 3277 3369 3341 futurus
3404 3278 3516 3341 ejus
3548 3278 3685 3330 nutri

2299 3311 2313 3345 ε
2341 3292 2432 3345 ηιξ
2456 3292 2607 3345 etiam
2633 3292 2879 3345 Joseprso,
2917 3292 3002 3345 qui
3023 3292 3130 3325 erat
3161 3292 3369 3341 [utilius
3404 3292 3516 3345 ejus
3548 3292 3714 3330 nutri-

348 3320 355 3325 _
446 3270 712 3331 staticattt,
746 3283 802 3322 ut
841 3286 983 3338 sa-pc
1012 3271 1212 3324 dicunn
1254 3282 1355 3323 est.
1407 3272 1582 3339 Atque
1622 3271 1764 3323 hunc
1806 3285 2024 3325 sensum

444 3350 717 3399 spectasse
744 3342 954 3394 videtur
982 3340 1209 3405 Auctor,
1245 3350 1303 3395 ut
1326 3350 1468 3408 patet
1496 3357 1559 3395 ex
1590 3354 1733 3394 textu
1760 3356 1773 3392 :
1797 3356 2029 3410 euntque

444 3412 647 3465 diserte
680 3413 839 3464 tradit
867 3414 925 3465 S.
961 3414 1066 3466 Leo
1113 3412 1196 3465 Itis
1235 3410 1411 3465 verbis
1462 3413 1654 3481 (Serm.
1689 3411 1753 3465 18
1780 3411 1843 3465 de
1877 3411 2025 3466 Pass.

450 3483 625 3550 Doni.)
659 3501 673 3534 :
707 3482 957 3547 Opposita
997 3483 1167 3535 carnis
1214 3481 1498 3547 velamine,
1541 3481 1681 3537 Deus
1725 3482 1777 3533 in
1824 3482 2028 3537 Christo

448 3560 693 3605 mundum
721 3555 817 3605 sibi
847 3553 1181 3605 reconcilians
1208 3553 1483 3618 legebatur.
1514 3552 1665 3619 Quod
1694 3567 1800 3605 non
1829 3553 1932 3606 nisi
1960 3556 2029 3608 de

448 3636 675 3691 persona
707 3624 830 3677 Filii
865 3624 1087 3687 intelligi
1122 3632 1315 3688 potest.

517 3702 540 3729 ⁸
581 3694 636 3747 ltl
670 3706 748 3748 est
775 3735 789 3758 ,
825 3695 913 3763 qni
949 3693 1173 3747 visibilis
1217 3693 1548 3761 apparebat,
1593 3703 1647 3747 ut
1689 3690 1886 3759 homo;
1937 3696 2027 3748 sed

444 3763 596 3817 etiam
632 3782 746 3819 eum
779 3767 865 3835 qui
895 3773 1021 3818 esset
1040 3765 1102 3835 in
1127 3764 1394 3834 prwsenti,
1431 3763 1482 3817 id
1510 3773 1614 3827 est,
1644 3764 1809 3835 Deum
1837 3767 1888 3818 itt
1923 3764 2025 3818 ltu-

445 3838 703 3889 manitate
727 3834 1003 3891 latentem.
1036 3834 1165 3890 Erat
1192 3836 1335 3890 enim
1368 3834 1672 3890 hatttanttas
1701 3834 1860 3891 veluti
1887 3844 2025 3891 tem-

446 3905 589 3974 plum
617 3907 934 3960 divinitatis.

517 3973 543 4013 δ
585 3977 639 4029 ld
671 3987 770 4040 est,
798 3978 1131 4043 distinguens
1164 3976 1215 4028 in
1241 3975 1459 4030 Christo
1489 3985 1730 4041 naturas,
1766 3992 1870 4031 non
1905 3993 2027 4046 per-

443 4060 628 4114 sonas.
658 4050 787 4099 Cum
811 4050 949 4099 enim
988 4049 1053 4096 ita
1086 4046 1357 4098 Christum
1390 4047 1657 4099 hominem
1685 4048 1976 4114 alloquitur
2007 4065 2021 4102 ;

443 4112 511 4169 In
539 4123 587 4167 te
616 4126 687 4169 est
722 4116 886 4181 Deus,
931 4115 1198 4183 signiﬁcat
1241 4117 1294 4168 in
1334 4114 1550 4169 Christo
1593 4116 1751 4167 aliaat
1783 4112 1903 4172 esse
1930 4133 2026 4171 na-

446 4196 616 4237 turam
665 4184 931 4252 Deitatis,
981 4187 1138 4238 aliam
1192 4185 1536 4240 humanitatis
1580 4203 1594 4240 :
1632 4200 1791 4239 uuam
1844 4196 2022 4243 tamen

445 4269 726 4323 personam
763 4257 813 4309 in
843 4268 1066 4322 utraque
1100 4256 1504 4318 sobsistentem,
1534 4265 1588 4309 et
1619 4254 1849 4311 Verbum
1871 4257 2025 4313 babi-

443 4334 556 4381 tat'e
574 4326 626 4379 itt
657 4336 1141 4391 curne,etcarnent
1163 4327 1390 4380 habitari
1416 4341 1445 4379 a
1471 4327 1665 4381 Verbo.

515 4406 537 4435 ο
576 4395 639 4452 Ι).
671 4398 1026 4468 Hieronymus
1050 4398 1098 4450 itt
1121 4413 1284 4468 cath
1315 4397 1550 4468 llattlnei
1584 4415 1597 4450 :
1623 4394 1775 4452 Jesus
1803 4396 2022 4455 Hebra'o

437 4483 668 4522 sermone
714 4465 937 4522 salvator
974 4465 1199 4520 dicitur;
1230 4465 1610 4538 Etymologiam
1639 4483 1760 4537 ergo
1799 4471 2021 4525 nominis

437 4541 550 4610 ejus
577 4538 903 4608 Evangelista
937 4539 1160 4610 signavit
1197 4540 1369 4591 dicens
1394 4554 1413 4593 :
1453 4538 1667 4592 Vocabis
1697 4555 1877 4610 nomen
1908 4546 2021 4610 ejus

476 4626 612 4662 esum
638 4624 659 4662 :
684 4611 815 4682 quia,
833 4610 941 4674 ipse
961 4608 1170 4682 salvum
1198 4610 1350 4682 faciet
1375 4611 1620 4682 pabulum
1646 4626 1819 4682 suum.
1842 4608 2018 4682 Cyril-

438 4679 523 4732 lus
551 4679 819 4733 catecltcsi
856 4680 1061 4732 decima
1097 4696 1110 4732 :
1136 4678 1310 4739 Iesus.
1335 4678 1530 4747 inquit.
1556 4679 1865 4748 appellatur.
1893 4678 2018 4736 vero

368 4776 374 4819 ι
437 4750 638 4803 nomine
654 4766 684 4802 a
699 4749 916 4821 salutari
940 4750 1193 4803 medicina
1213 4748 1403 4821 habens
1426 4750 1841 4821 appellationem.
1863 4749 2018 4806 Iesus

365 4822 373 4855 ί
434 4820 606 4892 itaque
656 4819 796 4887 apud
854 4819 1099 4874 Hebra'os
1154 4820 1459 4875 salvatorem
1496 4819 1524 4874 ﬁ:
1564 4824 1617 4873 in
1664 4821 1840 4892 lingua
1900 4838 2017 4876 vero

433 4886 619 4945 cum
664 4886 913 4945 medicum
952 4898 1102 4945 sonat
1142 4908 1163 4946 :
1200 4892 1609 4961 quandoquidem
1655 4899 1702 4945 et
1740 4886 2016 4962 corporum

433 4964 658 5016 medicus
686 4969 780 5027 est,
807 4971 855 5014 et
888 4963 1180 5016 animarum
1212 4973 1439 5015 curator.
1479 4962 1718 5029 Denique
1746 4961 1809 5015 Ι).
1835 4961 2018 5028 Augu-

432 5032 608 5086 stinus
634 5037 684 5085 in
716 5034 829 5086 suis
860 5031 1297 5087 Meditationibns
1328 5031 1473 5103 (Cap.
1500 5032 1592 5104 59)
1622 5033 1865 5104 eamdem
1897 5043 2014 5104 ety-

432 5104 718 5172 moIOgiatn
756 5104 989 5157 inculcat
1021 5103 1103 5156 Itis
1130 5103 1311 5158 verbis
1343 5118 1358 5157 :
1403 5102 1536 5166 Quid
1562 5102 1695 5155 enim
1730 5111 1803 5155 est
1830 5102 2007 5169 Iesus,

430 5174 532 5246 nisi
552 5171 811 5246 salvator?
838 5171 978 5246 Ergo
1007 5183 1213 5242 propter
1235 5175 1556 5246 temetipsum
1581 5172 1728 5246 Jesu,
1755 5184 1859 5246 esto
1886 5174 2011 5246 mihi

428 5238 600 5314 ζεδιη.
652 5245 843 5299 Verum
882 5238 938 5297 id
961 5238 1280 5314 cupiit-alius
1311 5256 1363 5297 ct
1387 5238 1709 5298 eminentius
1741 5245 1919 5298 docuit
1948 5245 2006 5300 S.

431 5310 621 5384 lb-trus
662 5310 1051 5375 apostolornm'
1077 5315 1326 5380 princeps
1373 5315 1500 5367 dum
1547 5315 1620 5367 ait
1670 5315 1819 5373 (Act.
1860 5317 1951 5384 tv)
1992 5333 2005 5368 :

432 5378 628 5455 Notum
657 5386 722 5455 sit
758 5386 992 5438 omnibus
1036 5378 1173 5438 vobis
1204 5386 1324 5455 quia
1372 5401 1471 5437 non
1512 5396 1582 5437 est
1621 5386 1674 5439 in
1703 5386 1805 5437 alio
1835 5378 2009 5453 aliqua

430 5451 589 5516 salus,
620 5453 720 5506 nisi
744 5455 795 5506 in
823 5456 1029 5509 nomine
1062 5451 1270 5509 Domini
1299 5457 1458 5507 nostri
1482 5454 1609 5508 Jesu
1640 5456 1868 5515 Christi;
1907 5451 1968 5513 ne
1993 5486 2003 5497 -

427 5537 529 5604 que
560 5523 696 5575 enim
731 5522 877 5577 aliud
902 5541 1083 5604 nomen
1118 5533 1192 5579 est
1208 5524 1311 5604 sub
1340 5530 1465 5604 caelo
1488 5526 1666 5604 datum
1694 5525 2006 5582 hominibus.

427 5595 479 5651 in
499 5610 600 5666 quo
622 5605 855 5668 oporteat
882 5614 971 5651 nos
999 5597 1166 5653 salvos
1192 5596 1325 5668 ﬁeri.
1358 5595 1528 5668 Porro
1558 5596 1624 5650 de
1655 5598 1756 5652 hoc
1784 5606 2002 5651 sanct:s—

426 5669 565 5722 sinto
595 5666 811 5739 nomine
840 5666 1291 5739 lcfttsuppctupt
1320 5666 1421 5722 alia
1455 5668 1706 5722 nonnulla
1736 5668 1861 5723 huic
1887 5667 2005 5720 loco

423 5738 849 5798 accommodata.
903 5736 1083 5795 Primo
1106 5736 1524 5810 lttppottcndntn
1570 5754 1634 5799 ex
1664 5740 1905 5794 ἀμειωιει
1940 5739 2001 5793 Ι).

2121 1442 2344 1518 Thomas
2372 1443 2487 1513 (52,
2516 1460 2570 1514 ρ.
2594 1441 2683 1518 37,
2714 1450 2815 1518 art.
2847 1440 2928 1514 2),
2961 1445 3103 1514 qnod
3137 1447 3344 1518 nomina
3370 1450 3711 1518 singularium

2124 1514 2387 1590 hominum
2407 1516 2742 1590 communiter
2761 1514 3104 1590 iuiponuntur
3123 1516 3187 1570 ab
3209 1520 3383 1588 aliqua
3403 1514 3711 1590 proprietate

2123 1584 2234 1654 ejus
2260 1585 2345 1637 cui
2376 1600 2560 1663 nomen
2584 1583 2904 1663 imponitur;
2947 1588 3027 1639 vel
3060 1603 3094 1640 ιι
3116 1583 3359 1663 tempore,
3385 1583 3519 1663 sicut
3551 1592 3712 1663 impo-

2122 1665 2319 1731 nuntur
2350 1654 2557 1708 nomina
2585 1657 2874 1731 aliquorum
2905 1656 3316 1731 sanctorumhis
3343 1662 3429 1731 qui
3455 1662 3507 1713 in
3535 1654 3708 1717 eorum

2126 1724 2269 1801 festis
2298 1732 2612 1789 nascuntur;
2653 1726 2732 1801 vel
2756 1742 2788 1778 a
2815 1728 3115 1801 cognatione
3134 1769 3147 1790 ,
3179 1729 3312 1801 sicut
3334 1724 3446 1784 cum
3467 1730 3580 1801 ﬁlio
3610 1734 3704 1787 int-

2126 1796 2333 1871 ponitur
2361 1809 2541 1871 nomen
2565 1795 2764 1871 ponis;
2785 1799 2895 1871 vel
2912 1798 3134 1871 alicujus
3159 1796 3223 1871 de
3252 1795 3555 1871 cognatione
3578 1806 3705 1871 eius,

2055 1853 2097 1912 Β
2125 1853 2259 1918 sicut
2300 1853 2580 1934 propinqui
2602 1853 2823 1919 Joannis
2854 1853 3104 1931 Baptislat
3138 1853 3363 1922 volebant

2127 1936 2332 2009 nomine
2357 1939 2535 2009 patris
2576 1938 2656 2009 sui
2694 1934 3002 1989 Zachariam
3026 1978 3041 2000 ,
3085 1955 3186 1991 non
3226 1949 3397 1993 autem
3434 1940 3705 2009 Joannem,

2126 2004 2449 2080 quia‘nullus
2477 2015 2585 2080 erat
2614 2007 2669 2059 in
2694 2009 2999 2080 cognatione
3028 2011 3138 2080 ejus
3184 2010 3275 2076 qui
3306 2025 3584 2080 (uocaretur
3618 2004 3711 2068 hoc

2127 2075 2350 2140 nomine,
2381 2085 2437 2128 ut
2466 2077 2657 2130 dicitur
2698 2075 2850 2129 Lacte
2878 2093 2929 2142 ις
2971 2075 3063 2131 ιιεί
3082 2075 3235 2132 etiam
3262 2079 3325 2133 ab
3350 2094 3548 2145 eventu.
3580 2086 3711 2138 sicut

2125 2146 2321 2218 [σιερή
2342 2148 2536 2218 vocavit
2562 2147 2956 2218 primogenitum
2983 2165 3134 2203 suum
3161 2148 3474 2215 Manassem,
3497 2154 3668 2209 dicens
3692 2172 3712 2212 :

2130 2214 2371 2270 Oblivisci
2402 2233 2480 2270 me
2507 2217 2627 2283 fecit
2661 2214 2796 2273 Deus
2819 2220 3048 2272 omnium
3078 2219 3313 2279 laborum
3342 2237 3610 2286 meorum;
3640 2228 3714 2279 vel

2127 2288 2379 2362 etiam}:
2410 2289 2585 2362 aliqua
2613 2290 2863 2362 qualitate
2886 2291 3026 2362 ejus.
3072 2294 3154 2342 cui
3193 2307 3377 2343 nomen
3411 2293 3708 2357 imponitur,

2126 2359 2258 2431 sicut
2282 2355 2490 2410 Genesis
2520 2355 2832 2431 “(dicitur
2852 2355 2992 2429 quod
3011 2362 3132 2426 quia
3154 2362 3242 2426 qui
3268 2362 3465 2429 primus
3485 2355 3713 2431 egressus

2124 2438 2196 2501 est
2224 2428 2288 2501 de
2317 2438 2458 2480 utero
2486 2428 2662 2481 matris
2692 2429 2839 2496 rufus
2863 2440 2993 2495 erat,
3022 2440 3071 2483 et
3105 2440 3242 2501 totus
3265 2433 3320 2485 in
3342 2428 3536 2486 marem
3563 2438 3714 2501 pellis

2127 2497 2378 2575 hispidus,
2403 2506 2640 2575 vocatum
2666 2507 2741 2575 est
2769 2514 2949 2551 nomen
2973 2504 3082 2568 ejus
3108 2499 3268 2575 Esau,
3302 2503 3441 2570 quod
3469 2497 3714 2575 interpre-

2127 2575 2267 2620 tatur
2290 2567 2494 2620 rubens.
2528 2566 2751 2620 Nomina
2777 2582 2949 2621 autem
2974 2566 3089 2636 qua:
3109 2566 3442 2639 imponuntur
3461 2566 3713 2635 aliquibus

2126 2639 2611 2710 divinitus,semper
2643 2638 2940 2707 signiﬁcant
2968 2642 3177 2710 aliquod
3202 2644 3490 2710 gratuitum
3517 2646 3716 2698 (lanam

2125 2708 2198 2759 cis
2247 2708 2489 2760 divinitus
2537 2711 2710 2760 datum
2738 2749 2754 2771 ,
2801 2710 2934 2762 sicut
2978 2707 3353 2765 Gettesis'xvtt
3398 2713 3592 2766 dictum
3638 2727 3716 2769 est

2129 2777 2346 2831 Abrahte
2376 2794 2401 2851 :7
2434 2778 2785 2851 A‘ppellabrris
2817 2780 3071 2833 Abraham
3101 2821 3114 2840 ,
3146 2781 3270 2851 quia
3300 2792 3494 2843 patrem
3526 2787 3715 2839 trulla-

2125 2864 2237 2918 rmn
2268 2850 2493 2918 gentium
2523 2849 2766 2918 constitui
2793 2859 2861 2904 te.
2908 2852 2969 2903 lit
3008 2849 3239 2905 blattliazi
3278 2868 3363 2906 svt
3394 2854 3597 2907 dictum
3629 2867 3717 2912 est

2128 2916 2288 2994 Retro
2321 2937 2333 2994 ς
2369 2918 2445 2971 Tu
2474 2936 2525 2972 es
2566 2916 2775 2994 Petrus,
2798 2931 2844 2994 et
2871 2936 3027 2994 super
3050 2920 3184 2973 hanc
3218 2933 3414 2985 petram
3443 2926 3523 2977 ted
3546 2924 3715 2994 ﬁcabo

2130 2988 2415 3067 Ecclesiam
2441 3005 2624 3041 nteant.
2655 2989 2786 3054 Quia
2801 2988 2965 3067 igitur
2987 2989 3194 3043 Christo
3215 2994 3310 3067 hoc
3332 3010 3515 3047 munus
3535 2988 3716 3067 pratia:

2126 3060 2371 3111 collatum
2406 3069 2538 3123 erat,
2572 3068 2628 3111 ut
2671 3075 2757 3124 per
2795 3062 2964 3127 ipsum
3000 3077 3174 3115 omnes
3205 3060 3563 3123 salvat‘antur'.
3597 3067 3715 3121 ideo

2128 3132 2480 3202 convenienter
2520 3139 2753 3182 vocatum
2807 3140 2877 3181 est
2921 3146 3104 3184 nomen
3144 3135 3257 3202 ejus
3298 3136 3477 3197 Jews,
3520 3136 3576 3189 id
3614 3149 3708 3201 est,

2132 3198 2603 3267 Salvator,‘angelo
2635 3202 2731 3270 hoc
2769 3216 2950 3254 nomen
2982 3198 3217 3269 prernunt
3238 3214 3391 3270 ante,
3419 3221 3520 3258 non
3545 3198 3713 3261 solum

2133 3340 2253 3393 tius.
2300 3341 2372 3393 ita
2403 3343 2460 3395 S.
2491 3341 2747 3394 Thomas.
2794 3342 3043 3396 Secundo
3069 3340 3358 3398 notandum
3388 3340 3488 3399 hoc
3516 3362 3711 3403 nomen

2130 3407 2254 3485 Jesu
2281 3408 2497 3465 Christo
2524 3410 2753 3485 Domino
2782 3426 2903 3465 esse
2935 3406 3244 3481 impositum
3284 3425 3549 3484 tamquam
3582 3432 3708 3485 pro-

2133 3481 2302 3552 prium
2332 3498 2392 3534 ac
2418 3483 2738 3552 personaﬁle,
2780 3493 2833 3535 ct
2863 3497 2982 3535 esse
3024 3500 3215 3537 notnen
3259 3485 3385 3539 ilittd
3413 3481 3629 3539 'navuin
3655 3499 3713 3542 et

2130 3551 2493 3627 singularede
2520 3564 2625 3617 quo
2649 3551 2809 3605 Isaias
2840 3552 3341 3627 prwilixerat_((lap.
3372 3554 3500 3627 ιιιι)
3537 3573 3551 3611 :
3601 3557 3709 3610 Vo-

2129 3622 2327 3692 cabitur
2355 3623 2447 3676 tibi
2478 3637 2658 3675 nomen
2683 3638 2885 3682 novum.
2914 3625 3050 3692 quod
3081 3641 3136 3676 os
3169 3622 3379 3678 Domini
3410 3622 3706 3682 noininarit.

2128 3691 2381 3757 Quamvis
2404 3692 2547 3746 enim
2580 3694 2778 3746 multos
2806 3691 2939 3749 alios
2965 3702 3119 3748 antea
3150 3696 3249 3749 hoc
3276 3695 3493 3751 nomine
3518 3698 3674 3762 appel
3692 3729 3707 3741 —

2131 3764 2267 3834 latos
2297 3764 2559 3834 legimus,
2596 3764 2647 3815 in
2696 3764 2890 3834 quibus
2933 3765 3188 3834 prmcipui
3239 3777 3361 3818 sunt
3413 3765 3502 3832 lti,
3546 3766 3708 3822 Jesus

2130 3830 2270 3886 illius
2295 3831 2459 3901 Nave,
2486 3832 2648 3887 Jusue
2716 3830 2759 3904 ις
2785 3830 2944 3887 Jestts
2972 3830 3113 3887 illius
3139 3835 3399 3890 Josedeclt
3426 3830 3707 3904 sacerdos,

2130 3904 2307 3974 Δείξλυί
2344 3919 2396 3968 ι;
2426 3914 2480 3957 et
2507 3903 2671 3974 lesus
2711 3902 2854 3957 (ilius
2885 3905 3071 3957 Szraclt
3092 3947 3106 3970 ,
3155 3906 3305 3973 cujus
3335 3919 3416 3961 est
3445 3906 3583 3961 liber
3611 3902 3704 3974 qui

2129 3970 2543 4028 Ecclesiasticus
2572 3972 2801 4027 dicitur:
2845 3982 3023 4029 tamen
3046 3978 3091 4029 si
3120 3976 3183 4028 ad
3213 3970 3326 4029 rem
3356 3976 3457 4030 hoc
3488 3970 3711 4037 nomine

2126 4045 2479 4110 signiﬁcatam
2520 4044 2900 4109 attendamus,
2950 4056 3155 4099 certum
3204 4056 3289 4100 est
3336 4046 3436 4101 soli
3486 4046 3713 4103 Christo

2128 4111 2358 4187 Domino
2386 4130 2579 4168 nomen
2612 4116 2712 4168 hoc
2740 4116 3055 4177 convenire.
3083 4119 3240 4182 eique
3273 4119 3490 4187 praprio
3518 4131 3569 4172 et
3594 4122 3712 4171 sin-

2124 4188 2294 4250 gulari
2320 4185 2442 4254 jure
2468 4202 2531 4241 ac
2553 4187 2761 4240 ratione
2787 4188 2948 4240 fuisse
2975 4188 3286 4241 attributum
3308 4229 3323 4252 ,
3350 4185 3408 4241 ut
3435 4188 3523 4255 qui
3553 4189 3707 4244 stilus

2126 4268 2222 4327 per
2244 4261 2480 4325 seipsum
2507 4296 2522 4320 ,
2554 4270 2648 4327 sua
2681 4257 2730 4310 vi
2755 4271 2816 4309 ac
2847 4258 3040 4311 merito
3071 4259 3296 4311 salutem
3325 4272 3430 4313 non
3460 4262 3710 4327 corpori-

2125 4323 2223 4377 bus
2256 4323 2481 4390 tantnm,
2511 4325 2604 4379 sed
2636 4333 2692 4380 et
2718 4330 2928 4390 animis,
2960 4340 3007 4381 et
3038 4331 3261 4383 salutem
3292 4345 3397 4383 non
3428 4323 3709 4395 tempora-

2126 4397 2258 4449 riam
2291 4397 2682 4461 tantummodo,
2711 4397 2804 4451 scd
2826 4405 2881 4452 et
2908 4402 3138 4452 maxime
3164 4400 3380 4466 quidem
3410 4410 3668 4453 attentam
3690 4418 3715 4466 -,

2126 4481 2300 4532 neque
2326 4467 2473 4520 illam
2506 4468 2595 4520 uni
2622 4477 2825 4521 tantum
2852 4513 2865 4533 ,
2901 4470 2985 4522 vel
3016 4471 3220 4523 duabus
3250 4470 3500 4537 gentibus
3526 4478 3583 4523 et
3608 4486 3707 4537 po-

2126 4538 2260 4603 pulis
2284 4578 2301 4604 ,
2337 4537 2431 4591 sed
2461 4538 2710 4592 omnibus
2737 4550 2880 4591 esset
2909 4541 3188 4593 allaturos.
3241 4543 3407 4605 Quam
3441 4541 3709 4596 rationem

2049 4594 2095 4653 Ι)
2122 4594 2175 4660 et
2204 4594 2648 4677 signiﬁcationem
2670 4610 2891 4677 angelus
2919 4612 3127 4677 aperuit
3156 4594 3339 4664 dicens
3371 4628 3384 4661 τ
3417 4608 3539 4679 Ipse
3566 4594 3709 4664 enini

2119 4680 2321 4748 salvum
2376 4679 2531 4748 faciet
2597 4680 2846 4748 populum
2923 4696 3072 4733 suum
3140 4698 3173 4733 a
3232 4685 3453 4747 peccatis
3526 4696 3711 4734 eorum

2121 4747 2340 4815 (Matth.
2379 4747 2457 4819 ι).
2505 4747 2636 4802 Hinc
2678 4750 2915 4819 Cyrillus
2946 4754 3120 4805 locum
3164 4752 3311 4804 illum
3344 4751 3493 4806 Isaia:
3535 4750 3711 4805 inter-

2122 4828 2339 4886 pretans
2360 4836 2373 4873 :
2396 4820 2619 4883 Nomen,
2637 4820 2827 4887 inquit,
2848 4835 3033 4874 novum
3056 4821 3219 4877 Verbo
3241 4823 3413 4875 divino
3432 4832 3504 4875 est
3526 4823 3709 4885 Jesus,

2118 4902 2165 4941 et
2192 4906 2499 4943 concurrens
2529 4906 2644 4943 cum
2671 4893 2842 4944 carnis
2880 4892 3166 4948 nutivitate.
3209 4893 3342 4947 Aliis
3373 4894 3570 4959 quippe
3606 4909 3710 4944 n0-

2121 4975 2242 5013 men
2280 4973 2398 5015 erat
2432 4961 2826 5029 quodammodo
2851 4976 3135 5016 commune
3156 5005 3171 5030 ,
3201 4973 3254 5017 et
3274 4976 3423 5017 certe
3446 4964 3667 5030 vulgate.
3689 4978 3708 5026 ;

2120 5030 2338 5103 Clu-isto
2376 5041 2555 5103 autem
2604 5034 2875 5100 proprium
2908 5074 2922 5098 ,
2965 5041 3020 5087 et
3056 5043 3113 5088 ut
3152 5033 3409 5103 propheta
3451 5034 3706 5101 pra-dant

2120 5098 2302 5169 (Isaia:
2333 5101 2483 5172 uti),
2511 5098 2717 5155 novum
2735 5112 2789 5156 et
2823 5105 3123 5171 singulare,
3152 5098 3278 5172 quia
3307 5118 3373 5159 eo
3412 5098 3572 5155 ttiodo
3593 5119 3710 5172 quo

2118 5173 2183 5223 tle
2202 5172 2416 5225 Christo
2433 5174 2647 5238 dicitur,
2666 5176 2865 5227 nemini
2892 5185 3143 5241 prmterea
3159 5174 3429 5236 convertit,
3444 5176 3568 5241 quia
3590 5188 3705 5225 nun

2118 5251 2198 5295 est
2228 5242 2280 5296 itt
2308 5244 2487 5308 aliquo
2508 5245 2613 5315 alio
2636 5245 2801 5297 salus.
2848 5242 2910 5296 Ι).
2939 5244 3295 5315 Hieronymus
3316 5259 3474 5315 supra
3500 5244 3710 5315 citatus

2117 5316 2361 5385 eamdem
2410 5314 2641 5385 nominis
2681 5316 3060 5385 etymologiam
3102 5314 3170 5368 ab
3210 5316 3400 5382 angelo
3437 5314 3713 5367 divinitus

2119 5384 2385 5449 traditam,
2430 5392 2485 5437 et
2521 5383 3025 5454 Citristopropriatu
3057 5400 3119 5440 ac
3144 5386 3495 5452 peculiarem,
3519 5388 3668 5451 capi

2113 5468 2243 5508 eatis
2272 5472 2284 5507 :
2315 5456 2493 5510 Salvat
2516 5456 2742 5524 quidem,
2775 5458 2965 5522 inquit,
2995 5472 3095 5509 non
3134 5455 3445 5519 incredulos,
3477 5457 3566 5508 sed
3598 5471 3696 5523 po.

2109 5527 2287 5592 pulum
2315 5542 2464 5580 suum
2490 5569 2502 5582 .
2537 5528 2631 5579 hoc
2660 5540 2732 5580 est
2760 5568 2774 5590 ,
2807 5528 2861 5579 in
2891 5543 2944 5581 se
2970 5528 3226 5581 credentes
3249 5568 3264 5588 ,
3315 5537 3362 5581 et
3388 5528 3549 5579 salvat
3591 5542 3711 5578 non

2110 5606 2213 5647 lunt
2240 5614 2269 5649 a
2300 5597 2575 5649 visibilibus
2602 5595 2832 5651 haettbus
2859 5614 3011 5666 quam
3043 5597 3394 5657 invisibilibus,
3423 5594 3517 5647 hoc
3542 5606 3639 5655 est,
3669 5613 3709 5649 ιι

2109 5670 2329 5731 peccatis
2363 5669 2543 5729 (nll‘al,
2578 5685 2675 5739 non
2717 5668 2871 5719 armis
2900 5673 3175 5739 pugnando
3198 5710 3212 5733 ,
3251 5671 3340 5721 sed
3372 5677 3577 5733 peccata
3609 5683 3707 5714 re-

2109 5738 2355 5794 loxando.
2404 5740 2468 5792 Et
2507 5740 2561 5794 ὃ.
2605 5738 3025 5810 Cltty~ostontUs
3072 5742 3122 5795 in
3166 5741 3411 5795 eumdem
3462 5742 3645 5792 locum
3684 5751 3702 5789 :
