4040 6182
361 308 432 369 93
1691 312 1971 371 JOANNIS
2008 312 2316 370 CASSIANI
3566 309 3637 370 96

361 417 465 477 hoc
494 419 714 477 dicere!
759 418 953 490 quibus
999 417 1103 472 hoc
1152 417 1322 485 magis
1374 427 1530 488 putas
1586 419 1941 475 convenisse?
1969 428 2016 486 Α
2046 420 2211 487 dicat,
2242 421 2334 492 qui
2367 431 2654 491 utrumque
2680 427 2781 475 est.
2815 418 2953 487 Quid
2982 420 3315 478 interscrere
3344 431 3420 489 te,
3445 424 3633 481 infelix

361 512 588 580 tudinis,
611 526 679 566 an
708 510 996 581 gentibus?
1024 508 1081 565 Si
1110 506 1351 563 Judais:
1380 508 1552 564 Judaei
1578 510 1762 579 utique
1790 510 1947 566 Chri-

365 614 511 667 Stum
551 620 661 658 non
691 611 1083 671 cognoverunt,
1118 601 1412 656 secundum
1447 603 1611 657 illud:
1641 601 1810 658 Israel
1852 620 1949 658 au-

362 703 461 747 rem
493 709 572 747 me
614 709 717 746 non
744 692 1000 765 cegnovit,
1030 703 1075 745 et
1107 692 1328 761 papulas
1371 709 1511 747 meus
1557 709 1659 748 non
1697 694 1948 748 intellexit

361 786 545 855 (Isaia:
574 783 648 855 ι),
680 796 733 839 et
759 784 885 838 illud
916 803 928 837 :
966 784 1031 838 Et
1059 786 1284 839 mundus
1313 803 1403 858 per
1432 786 1601 855 ipsum
1642 791 1811 856 factus
1853 797 1946 854 est,

359 884 408 929 et
441 876 665 929 mundus
696 892 808 927 eum
840 864 1200 948 non’cognorit
1224 891 1244 930 :
1273 877 1328 930 in
1366 878 1577 946 propria
1603 880 1761 946 venit,
1794 885 1844 932 et
1868 879 1951 932 sui

359 979 472 1019 eum
512 979 614 1018 non
660 975 963 1031 receperunt
1007 966 1199 1036 (Joan.
1231 969 1305 1037 ι).
1349 967 1409 1022 Si
1445 977 1624 1024 autem
1656 969 1947 1039 gentibus:

363 1062 539 1127 palam
573 1065 658 1113 est
687 1059 830 1127 quod
878 1059 1150 1113 Christum
1193 1062 1467 1130 gentilitas
1500 1062 1657 1116 idolis
1687 1071 1948 1132 occupata

360 1153 599 1207 nescivit
644 1170 656 1204 :

361 1253 540 1297 tamen
570 1247 781 1299 etiamsi
813 1260 956 1300 nunc
1004 1247 1173 1314 novit,
1226 1262 1332 1301 non
1379 1247 1482 1301 nisi
1535 1263 1631 1317 per
1675 1247 1949 1303 Christum

362 1345 543 1389 tamen
590 1337 757 1390 novit.
800 1337 964 1391 Vides
1006 1352 1136 1407 ergo
1166 1337 1308 1406 quod
1353 1340 1472 1393 sive
1498 1354 1565 1393 ex
1605 1340 1852 1408 gentibus
1882 1342 1953 1395 sit

368 1427 603 1480 credens
634 1427 887 1497 populus,
922 1430 1037 1483 sive
1069 1445 1131 1482 ex
1163 1430 1388 1493 Jndzris,
1419 1430 1559 1484 bene
1590 1446 1687 1499 pro
1716 1444 1775 1484 se
1803 1440 1955 1486 uter-

365 1534 469 1588 que
495 1520 646 1585 dicit,
685 1520 760 1573 Tu
786 1536 841 1574 es
883 1520 1022 1575 Deus
1063 1531 1255 1587 noster,
1302 1532 1349 1575 et
1392 1522 1768 1586 nesciebamus,
1812 1521 1952 1577 Deus

367 1608 536 1664 Israel
576 1611 835 1665 Salva'or.
869 1614 1002 1680 Quia
1033 1624 1080 1667 et
1114 1624 1303 1681 gentes
1332 1615 1572 1669 colentes
1605 1619 1751 1683 prius
1779 1614 1948 1680 idola,

365 1703 689 1772 ignorabant
737 1705 905 1759 Deum
947 1723 959 1759 :
1010 1715 1065 1760 et
1120 1705 1295 1761 Juda-i
1340 1717 1596 1774 negantes
1645 1707 1951 1771 Dominum,

700 1154 946 1222 quamvis
1001 1152 1095 1208 illa
1152 1170 1254 1209 nec
1308 1154 1521 1210 Patrem
1578 1156 1760 1209 scierit
1801 1174 1815 1210 :
1854 1154 1971 1211 sed

2054 512 2221 578 furor,
2239 511 2383 568 inter
2403 511 2573 567 Deum
2602 520 2657 581 et
2683 510 2953 566 Christum
2984 512 3209 569 niteris?
3236 514 3362 583 quid
3384 529 3640 586 separare

2050 615 2250 670 corpus
2270 616 2428 657 suum
2458 616 2485 654 a
2515 601 2654 655 Filio
2679 600 2775 656 Dei
2795 603 3028 672 appetis,
3050 611 3107 658 et
3128 604 3305 672 ipsum
3334 621 3362 659 a
3387 620 3447 661 se
3472 607 3640 663 Deum

2051 693 2299 747 dividere
2327 692 2579 746 conaris?
2603 695 2748 747 unita
2779 693 3060 761 discindis,
3106 705 3162 748 et
3205 696 3490 766 conjuncta
3529 699 3641 754 dis-

2051 783 2253 838 cernis.
2286 782 2465 838 Verbo
2491 783 2585 837 Dei
2619 782 2687 837 de
2719 784 2828 838 Deo
2852 783 3017 839 crede
3046 801 3060 837 :
3092 785 3235 839 nulla
3258 789 3402 841 enim
3433 804 3640 843 reme-

2053 875 2161 930 lius
2181 878 2427 930 conﬁteri
2451 876 2789 930 divinitatem
2816 877 2912 931 Dei
2932 878 3150 931 omnino
3175 881 3402 948 poteris,
3423 889 3450 918 ι
3479 895 3638 950 quam

2052 965 2099 1020 si
2128 981 2188 1020 ea
2221 965 2335 1035 ipsa
2363 966 2429 1020 de
2450 981 2531 1031 se,
2555 967 2697 1020 sicut
2718 966 2979 1020 Divinitas
3001 966 3207 1037 docuit,
3236 984 3369 1024 voce
3398 969 3635 1026 fatearis.

2053 1056 2257 1112 Scitote
2286 1056 2432 1111 enim
2457 1056 2611 1126 juxta
2660 1060 3000 1127 prophetam,
3050 1058 3175 1128 quia
3225 1059 3487 1116 Dominus
3522 1062 3640 1131 ipso

2053 1158 2137 1204 est
2166 1148 2331 1216 Deus,
2365 1149 2457 1219 qui
2484 1149 2690 1204 invenit
2731 1165 2945 1204 omnem
2990 1150 3130 1205 viam
3172 1151 3473 1221 disciplinae
3502 1170 3518 1208 :
3548 1155 3639 1225 qui

2054 1240 2238 1310 utique
2262 1249 2318 1295 et
2350 1242 2401 1293 in
2434 1240 2592 1294 terris
2622 1240 2767 1294 visus
2796 1251 2908 1307 est,
2955 1241 3095 1295 inter
3136 1241 3384 1298 homines
3412 1258 3642 1299 conver-

2054 1348 2203 1388 satus
2232 1343 2337 1388 εει.
2366 1331 2703 1409 Ipsqlumen
2737 1330 2862 1386 fidei
2900 1333 2951 1385 in
2985 1335 3241 1387 mundum
3270 1333 3452 1388 intulit
3479 1352 3493 1389 :
3522 1335 3640 1404 ipse

2055 1429 2225 1481 lucem
2255 1425 2446 1480 salutis
2473 1425 2731 1480 ostendit.
2760 1416 2897 1480 Deus
2919 1426 3061 1480 enim
3090 1426 3366 1493 Dominus,
3392 1436 3445 1482 et
3466 1427 3640 1484 illuxit

2056 1519 2230 1575 nobis.
2265 1520 2419 1574 Ilunc
2439 1533 2567 1587 ergo
2596 1520 2777 1583 crede,
2805 1520 2947 1573 hunc
2976 1521 3158 1588 dilige,
3188 1521 3328 1573 hunc
3353 1522 3637 1575 confitere.

2054 1613 2190 1681 Quia
2218 1611 2245 1651 δ
2268 1614 2483 1682 quando
2513 1612 2585 1676 ei,
2616 1621 2671 1665 ut
2702 1613 2960 1680 scriptum
2990 1620 3094 1672 est,
3127 1629 3274 1667 omne
3301 1630 3436 1686 genu
3466 1615 3640 1685 ﬂeete-

2055 1716 2160 1767 tur.
2207 1704 2486 1760 caelestium
2513 1714 2561 1758 et
2590 1706 2907 1759 terrestrium
2936 1714 2982 1757 et
3011 1706 3353 1777 infernarum,
3398 1716 3445 1760 et
3474 1707 3639 1761 omnis

367 1794 692 1863 ignorabant
718 1794 908 1850 Filium
947 1797 1059 1850 Dei.
1093 1797 1170 1857 Ac
1211 1812 1305 1865 per
1333 1797 1435 1849 hoc
1473 1798 1611 1851 bene
1637 1795 1706 1850 de
1733 1796 1950 1851 Christo
1986 1801 2026 1858 Β
2055 1798 2234 1866 lingua
2276 1795 2621 1864 conﬁtebitur,
2669 1795 2790 1865 quia
2838 1795 3089 1851 Dominus
3135 1796 3289 1851 Iesus
3328 1797 3561 1852 Christus
3584 1797 3639 1851 in

372 1896 479 1939 tam
512 1887 608 1947 illi,
638 1902 799 1957 quam
829 1889 915 1943 isti
945 1878 1131 1943 dicunt
1157 1907 1169 1942 :
1205 1888 1282 1943 Tu
1303 1905 1356 1943 es
1387 1888 1524 1942 Deus
1551 1899 1739 1954 noster,
1766 1899 1813 1942 et
1853 1906 1948 1942 ne-

365 1978 669 2031 sciebamus.
700 1980 835 2044 Quia
869 1989 973 2037 tam
1022 1979 1100 2034 illi
1149 1979 1460 2034 nesciebant
1506 1980 1669 2035 Deum
1720 1981 1808 2048 qui
1840 1996 1947 2034 non

364 2068 679 2129 credebant,
714 2085 871 2139 quam
908 2070 982 2124 illi
1014 2072 1103 2141 qui
1154 2071 1248 2125 Dei
1295 2068 1487 2124 Filium
1537 2069 1824 2138 negabant.
1861 2071 1950 2126 Sic

364 2174 495 2228 ergo
525 2159 770 2214 Christus
799 2161 1108 2217 credendus
1147 2172 1253 2232 est,
1284 2174 1339 2218 ut
1372 2164 1572 2217 veritas
1602 2165 1860 2236 loquitur,
1890 2173 1949 2219 ut

364 2250 622 2307 divinitas
646 2263 1002 2324 protestatus,
1031 2266 1091 2311 ut
1117 2254 1366 2311 Christus
1398 2256 1628 2327 denique
1657 2257 1772 2327 ipse
1814 2274 1952 2326 prm-

2051 1888 2219 1961 gloria
2245 1896 2320 1942 est
2350 1887 2447 1942 Dei
2481 1887 2653 1941 Patris
2676 1887 2902 1958 (Philip.
2930 1889 3030 1955 tt):
3063 1890 3221 1949 velis,
3254 1890 3417 1957 nolis,
3437 1906 3639 1959 negare

2053 1996 2160 2035 non
2196 1980 2433 2048 poteris,
2476 1979 2598 2049 quia
2638 1978 2896 2033 Dominus
2924 1980 3082 2036 Iesus
3109 1980 3353 2034 Christus
3384 1983 3435 2034 in
3465 1979 3638 2051 gloria

2053 2083 2135 2127 est
2166 2071 2259 2126 Dei
2292 2071 2485 2125 Patris.
2520 2070 2646 2125 Iliae
2673 2072 2816 2125 enim
2851 2074 3101 2139 perfecta:
3126 2071 3482 2126 confessionis
3511 2086 3638 2141 per-

2053 2162 2191 2218 lecta
2222 2164 2395 2217 virtus
2425 2171 2528 2227 est,
2555 2162 2723 2216 Deum
2752 2177 2813 2216 ac
2849 2163 3130 2217 Dominum
3153 2161 3333 2217 Iesum
3362 2164 3640 2220 Christum

2054 2270 2269 2325 semper
2299 2254 2351 2308 in
2385 2253 2481 2308 Dei
2512 2255 2685 2309 Patris
2713 2253 2883 2324 gloria
2917 2254 3185 2309 conﬁteri.
3223 2258 3419 2311 Anien.

1439 2399 1473 2449 Λ
1486 2395 1690 2450 [Αῐιοι
1731 2395 1960 2451 ΟΑΖᾸΞΙ
1999 2392 2558 2450 COMMENTARIUS.

364 2508 582 2567 Utrovis
613 2521 786 2564 tamen
822 2509 981 2564 modo
1032 2510 1179 2564 locus
1223 2522 1303 2564 est
1337 2510 1648 2564 manifestus
1677 2520 1729 2566 et
1754 2510 1944 2566 efﬁcax

362 2582 429 2633 ad
462 2586 792 2646 probandam
825 2579 1026 2634 Christi
1059 2584 1312 2634 deitatem
1341 2600 1353 2635 :
1382 2574 1473 2635 sed
1504 2584 1775 2637 efficacior
1797 2583 1946 2636 vide-

366 2661 455 2704 iur
483 2652 538 2706 in
571 2654 775 2712 iulgata
807 2652 1067 2720 editione,
1119 2668 1276 2723 quam
1321 2665 1537 2707 secutus
1589 2656 1650 2705 υ.
1682 2654 1946 2723 Hierony-

362 2737 482 2776 tnus
507 2732 561 2775 et
590 2724 681 2776 alii
717 2724 922 2775 Patres.

436 2800 460 2828 ⁸
495 2792 566 2846 Ita
588 2794 937 2862 emendatum
959 2807 1021 2845 ex
1047 2791 1288 2846 editione
1311 2793 1601 2848 Basileensi
1619 2811 1631 2845 :
1650 2792 1739 2846 ubi
1765 2803 1943 2847 tamen

361 2863 699 2917 desideratur
716 2862 1026 2929 conjunctio
1038 2864 1103 2927 si,
1120 2865 1341 2917 omnino
1364 2866 1688 2917 nercssiiria.
1708 2865 1944 2930 Respicit

362 2930 506 2986 en'im
524 2934 887 3005 praecedentia
915 2935 1074 3005 verba
1101 2977 1114 3001 ,
1151 2950 1364 3003 nempe,
1393 2934 1549 2989 Unita
1575 2944 1621 2987 et
1643 2940 1942 3005 conjuncta,

361 3016 485 3071 puta
518 3004 682 3057 Deum
704 3014 759 3057 et
788 3004 1056 3056 hominem
1088 3005 1138 3057 in
1164 3006 1399 3070 Chiisto,
1427 3021 1543 3074 quit:
1577 3004 1754 3058 tamen
1801 3004 1941 3058 divi-

360 3074 523 3127 debat
547 3084 601 3128 et
621 3075 907 3126 dirimebat
934 3074 1235 3127 Nestorins.

433 3141 550 3216 b‘ln
604 3144 807 3210 judicio
853 3145 1444 3216 SClict’llllltIV/OTSDII,
1499 3144 1713 3208 quando
1768 3160 1945 3199 omnes

362 3212 639 3265 asldbimus
661 3225 780 3265 ante
804 3214 1032 3265 tribunal
1056 3212 1267 3279 Christi,
1290 3225 1342 3268 ul
1366 3217 1577 3281 recipiat
1600 3218 1946 3283 unusquisque

360 3293 513 3357 prout
542 3283 716 3357 gessit,
744 3284 847 3357 sive
868 3283 1079 3357 bonum,
1112 3286 1216 3338 sive
1246 3289 1435 3339 malum
1463 3287 1537 3357 (ll
1568 3284 1687 3340 Cor.
1719 3286 1797 3354 v).
1835 3285 1943 3339 Illis

2052 2508 2274 2570 Christi.
2323 2523 2441 2576 qute
2490 2514 2615 2560 tunc
2665 2506 3009 2575 potissimum
3061 2518 3114 2560 et
3164 2508 3339 2575 palam
3380 2510 3638 2564 omnibus

2053 2581 2374 2641 innotescat,
2406 2578 2619 2646 quando
2645 2580 2691 2629 ei
2727 2577 3036 2630 conabitur
3063 2592 3224 2631 omne
3254 2594 3419 2641 genu,
3467 2589 3524 2631 ut
3553 2589 3640 2636 est

2050 2651 2189 2711 apud
2222 2652 2409 2703 Isaiam
2438 2663 2555 2716 cap.
2596 2661 2724 2710 ην,
2768 2647 2833 2699 ad
2864 2662 3022 2713 quem
3054 2647 3230 2701 locum
3263 2648 3441 2700 allusit
3488 2650 3641 2713 Apo.

2049 2725 2222 2775 stultis
2250 2720 2314 2771 ad
2344 2718 2502 2772 Rom.
2537 2733 2653 2780 xnv;
2683 2727 2793 2770 tum
2832 2716 3116 2785 judiciaria
3152 2726 3391 2782 potestas
3419 2716 3641 2774 Christo

2008 2782 2025 2797 ⁸
2049 2800 2107 2843 ut
2137 2790 2340 2843 homini
2369 2805 2397 2841 a
2431 2788 2588 2842 Patre
2616 2782 2893 2859 tradita,'a
2921 2803 3021 2859 quo
3046 2787 3352 2859 constitutus
3375 2795 3449 2840 est
3465 2788 3641 2859 judets

2046 2862 2278 2915 vivorum
2306 2873 2352 2913 et
2384 2871 2701 2911 marmorum
2731 2857 2867 2927 (Act.
2902 2858 2955 2926 χ)
2982 2873 3000 2911 :
3028 2874 3129 2910 non
3153 2860 3285 2927 enim
3315 2855 3639 2926 Pater'judi-

2046 2942 2129 2985 cal
2151 2928 2581 3000 qiteniquam,sed
2604 2943 2751 2981 omne
2765 2928 3174 3000 judiciumidedit
3200 2926 3362 3000 filio,
3384 2937 3443 2981 ut
3459 2944 3638 3000 ginnas

2067 2994 2411 3069 Itan-oriﬁcent
2431 3003 2641 3074 Filium,
2666 2994 2800 3074 sient
2820 2999 3181 3074 ItoltOl'iﬁCﬂﬂf_
3197 2997 3425 3074 Pqtrem:
3455 2994 3633 3074 Elpei.-

2070 3063 2314 3127 fcstntem
2342 3075 2485 3125 dedit
2514 3076 2558 3126 ei
2588 3072 2842 3139 iudicium
2877 3063 3070 3133 facere,
3095 3070 3215 3134 quin
3243 3066 3384 3139 ﬁlius
3402 3063 3629 3139 hominis

2062 3153 2139 3197 est
2156 3143 2337 3204 (Jonn.
2368 3142 2441 3206 γ),
2466 3142 2518 3195 id
2536 3133 2617 3193 est
2637 3152 2904 3204 quatenus
2921 3141 3083 3190 homo
3098 3133 3202 3191 est.
3229 3148 3288 3187 ιιι
3312 3135 3374 3189 ἰ).
3394 3133 3641 3197 Αιιεζιιεισι

2058 3213 2315 3269 attonuit:
2350 3229 2472 3263 nam
2512 3214 2795 3261 serundum
2812 3209 2953 3271 quod
2983 3208 3076 3262 Dei
3103 3206 3274 3261 Filius
3301 3215 3397 3266 est,
3421 3215 3631 3267 semper

2048 3282 2352 3341 liabuit..ait
2382 3281 2497 3347 ipse
2523 3279 2723 3351 (Tract.
2751 3278 2788 3331 9
2811 3279 2864 3332 in
2892 3278 3053 3330 Joan.
3082 3287 3127 3329 et
3151 3292 3259 3351 ser.
3285 3275 3366 3351 ϐξ.
3380 3276 3442 3328 de
3480 3275 3628 3351 Ve‘_rb.

360 3342 506 3408 cnim
537 3342 715 3408 {rerbis
742 3342 1077 3423 signiﬁcatur
1097 3365 1207 3409 tuin
1243 3342 1604 3410 inanites‘tatio
1644 3342 1939 3409 divinitatis
1968 3348 2011 3409 C
2048 3351 2304 3423 Domini).
2341 3342 2473 3405 Vide
2502 3342 2558 3406 S.
2586 3349 2849 3403 Thomam
2876 3362 2934 3401 tu
2965 3361 3046 3417 p.,
3070 3361 3125 3415 q.
3158 3344 3227 3401 58
3255 3356 3310 3401 et
3336 3346 3424 3410 59,
3455 3360 3508 3400 a.
3536 3342 3594 3398 2.

1346 3603 1824 3713 LIBER
1913 3592 2670 3727 QUINTUS.

868 3906 1092 3963 CAPUT
1141 3904 1426 3962 PRIMUM.

362 3999 619 4061 Acerrime
663 3999 922 4053 invehitur
959 4000 1013 4052 in
1059 4014 1283 4053 errorem
1331 3994 1806 4065 Pelagiauislarum
1849 3993 1939 4065 qui

507 4013 619 4054 time
663 4013 922 4053 invenitur
959 4016 1013 4052 in
1059 4014 1283 4053 errorem
1331 4013 1793 4061 retaiauisiaruui

507 4070 771 4125 Christum
796 4069 1087 4123 solitarium
1114 4068 1370 4121 hominem
1396 4013 1793 4135 «ﬁrmaverunt.

433 4179 677 4235 Diximus
708 4179 844 4235 libro
885 4180 1060 4250 primo
1101 4187 1125 4215 ι
1158 4177 1405 4231 haeresim
1454 4174 1596 4228 illam
1638 4174 1939 4243 Pelagianae

364 4270 638 4326 haereseos
664 4269 982 4339 discipulam
1007 4278 1166 4339 atque
1197 4268 1563 4330 imitatricem,
1603 4264 1653 4318 id
1689 4264 1938 4319 omnibus

365 4364 541 4421 modis
575 4372 812 4418 tentasse
852 4370 1010 4431 atque
1034 4374 1319 4431 pugnasse,
1354 4367 1409 4412 ut
1440 4357 1529 4411 Dei
1562 4356 1726 4410 Filius
1758 4354 1942 4408 Domi-

362 4474 464 4514 nus
493 4457 653 4514 Jesus
672 4456 940 4523 Christus,
971 4465 1129 4511 natus
1158 4470 1222 4509 ex
1247 4453 1474 4524 virgine,
1508 4450 1671 4505 homo
1700 4458 1936 4505 tantum-

2049 3897 2209 3953 modo
2249 3896 2523 3953 solitarius
2564 3892 2910 3956 crederetur;
2942 3902 2995 3949 et
3025 3902 3238 3962 arrepta
3282 3891 3631 3962 postmodum

2048 3984 2263 4047 virtutis
2290 3991 2371 4042 via
2395 4031 2410 4056 ,
2452 3988 2505 4042 id
2544 4002 2666 4042 eum
2701 3987 2787 4056 pie
2829 3985 3184 4063 religioseque
3213 3982 3446 4039 vivendo
3486 3982 3636 4039 obti-

2050 4086 2253 4146 nuisse.
2284 4088 2343 4136 ut
2363 4080 2555 4151 dignus
2578 4070 2673 4148 per
2692 4077 2832 4134 hanc
2860 4079 2984 4133 vita:
3013 4075 3419 4132 sanctimoniam
3450 4074 3632 4142 ﬁeret,

2046 4177 2130 4232 cui
2161 4190 2220 4230 se
2252 4174 2507 4242 majestas
2535 4171 2717 4227 divina
2740 4170 2971 4225 sociarat
2992 4185 3009 4226 :
3033 4182 3095 4224 ac
3115 4168 3194 4223 sic
3217 4166 3436 4223 exclusa
3464 4167 3533 4221 ab
3563 4183 3635 4222 eo

2049 4269 2263 4336 penitus
2291 4280 2459 4320 sacrae
2485 4263 2709 4332 originis
2734 4248 3015 4332 dignitate.
3040 4259 3151 4329 sola
3175 4258 3225 4314 ei
3257 4257 3634 4315 tantummodo

2046 4356 2367 4413 meritorum
2399 4353 2797 4423 relinqueretur
2826 4351 3046 4407 electio.
3078 4350 3135 4405 Id
3172 4350 3479 4406 adnitentes
3523 4348 3632 4403 uti.

2048 4463 2155 4519 que
2183 4463 2247 4504 ac
2274 4447 2600 4512 laborantes,
2627 4452 2686 4500 ut
2711 4458 2780 4500 eo
2820 4443 2976 4513 quasi
3001 4440 3030 4482 ι’
3062 4442 3116 4499 in
3143 4443 3357 4514 plebem
3390 4438 3633 4497 omnium

1422 4586 1681 4643 ALARDI
1717 4584 1945 4643 GAZ/El
1983 4581 2542 4641 COMMENTARIUS.

434 4714 461 4744 ι
493 4703 983 4759 llirresim’scilicet
1012 4703 1409 4767 Nestorianam,
1442 4716 1599 4773 quam
1631 4702 1791 4755 etiam
1834 4698 1935 4773 Pe—
1964 4703 2014 4763 D
2041 4696 2327 4771 Ingratis),
2353 4697 2495 4768 quod
2517 4698 2596 4753 sic
2624 4697 2812 4767 incipit
2837 4712 2851 4751 :

358 4777 587 4847 lagianie
609 4776 878 4847 haereseos
900 4774 1221 4847 discipulam
1250 4786 1302 4828 et
1331 4772 1670 4847 imitatricem
1698 4772 1936 4847 ostendit

358 4842 449 4903 ΙιΙῖ.
481 4863 498 4902 ι
528 4862 649 4912 Cap.
676 4846 732 4905 2.
764 4845 850 4899 tibi
879 4849 976 4912 ait,
1013 4844 1313 4899 Nestorium
1337 4844 1475 4897 idem
1503 4844 1708 4896 omnino
1747 4842 1934 4904 dicere,

355 4920 495 4987 quod
545 4916 911 4989 Pelagianist
940 4916 1325 4989 antedia'crunt
1358 4930 1377 4989 ς
1405 4915 1617 4982 ideoque
1657 4928 1757 4965 non
1796 4926 1938 4965 novat

357 4986 604 5043 liazreseos
652 4986 939 5050 auctorem,
996 4986 1086 5040 sed
1134 4986 1312 5039 veteris
1355 4986 1748 5038 instauratorem
1804 4997 1935 5035 esse.

359 5061 510 5114 Unde
556 5068 610 5113 et
650 5057 782 5112 intra
814 5058 1008 5111 dicitur
1042 5057 1267 5111 haeresis
1311 5055 1542 5109 Nestorii
1576 5068 1766 5107 recens
1795 5061 1933 5116 orta,

351 5129 603 5183 Cassiani
657 5128 915 5182 videlint
964 5136 1261 5190 aetatetet
1311 5126 1606 5197 Pelagiana:
1655 5121 1938 5197 pravitatis

354 5201 507 5266 quasi
534 5199 804 5252 redivivos
828 5200 1041 5252 cineres
1063 5199 1374 5249 suscitasse.
1412 5196 1467 5250 S.
1497 5196 1677 5247 itidem
1706 5193 1942 5258 ProSper

356 5270 411 5323 in
460 5270 731 5324 Chronico
788 5271 856 5323 de
903 5268 1298 5334 conspiratione
1359 5266 1765 5334 Pelagianorum
1820 5278 1939 5334 cum

354 5339 626 5401 Nestorio,
656 5352 713 5392 et
740 5340 900 5393 simili
931 5332 1221 5390 consecuta
1249 5336 1594 5389 damnatione
1618 5335 1714 5387 ista
1747 5332 1938 5386 habet:

352 5410 677 5480 Cougrrgata
720 5412 861 5480 apud
918 5407 1176 5478 Ephesum
1219 5408 1354 5480 plus
1381 5403 1944 5480 ducentorumsyuoda

349 5474 695 5543 sacerdotum,
730 5474 1000 5533 .‘Vcstarius
1029 5494 1143 5531 cum
1169 5474 1305 5529 omni
1337 5478 1518 5530 liceresi
1545 5475 1764 5527 nominis
1790 5474 1869 5526 sui
1895 5483 1943 5526 et

349 5565 469 5603 eum
501 5549 677 5620 multis
704 5547 999 5620 Pelagianis
1029 5550 1117 5617 qui
1147 5559 1419 5618 cognatum
1448 5548 1542 5620 sibi
1582 5547 1767 5616 dogma
1788 5546 1943 5620 juva-

348 5614 1119 5683 θωπί,ἀαηιηαιυνᾘΤεειυίυι·
1172 5614 1225 5671 id
1273 5621 1445 5688 ipsum
1498 5614 1715 5684 elegans
1749 5614 1939 5688 epita-

346 5692 538 5762 pllium
568 5690 636 5744 de
661 5689 1179 5763 h‘mresiPelagiana
1204 5685 1481 5751 damnata,
1511 5697 1566 5763 et
1591 5702 1712 5763 eum
1740 5685 1935 5763 δςδιρ-

344 5754 503 5824 riana
556 5759 791 5831 sepulta,
824 5760 894 5815 ab
938 5754 1127 5817 eodem
1161 5762 1426 5831 Prospero
1459 5759 1662 5814 editum
1690 5755 1843 5828 (Lib.
1873 5754 1936 5810 de

2164 4809 2453 4873 Nestoriana
2476 4809 2586 4858 lues
2607 4809 2822 4859 successi
2842 4809 3140 4873 Pelagianae,

2227 4872 2346 4931 Qum
2369 4879 2532 4919 tamen
2555 4880 2624 4920 est
2646 4879 2792 4921 utero
2816 4872 3143 4933 progenerat:
3165 4881 3294 4920 meo.

2168 4932 2343 4982 Infelix
2370 4934 2563 4981 miserae
2586 4932 2824 4993 genitrix,
2852 4943 2901 4981 et
2920 4932 3013 4980 lilia
3040 4939 3164 4981 nam
3192 4944 3205 4980 τ

2230 4994 2426 5043 Prodivi
2451 5007 2510 5043 ex
2540 4992 2645 5057 ipio
2667 4995 2913 5057 germine,
2940 4994 3068 5056 quod
3094 4992 3287 5056 peperi.

2048 5120 2206 5175 Plura
2238 5118 2304 5174 de
2337 5118 2436 5173 hac
2473 5119 2750 5188 utriusque
2779 5119 3000 5174 haeresis
3040 5118 3301 5173 affinitate
3341 5128 3396 5173 et
3425 5130 3631 5187 cogna-

2044 5195 2194 5244 tione
2220 5191 2457 5245 diximns
2488 5192 2539 5243 in
2572 5190 3028 5259 praet-dentibus.
3059 5190 3123 5243 Et
3149 5191 3353 5244 Auctor
3378 5188 3632 5259 sequenti

2045 5277 2164 5326 cap.
2191 5276 2309 5313 eam
2342 5276 2532 5314 rursus
2561 5261 2818 5315 inculcat.

2119 5331 2144 5369 ι)
2174 5330 2228 5383 Id
2255 5339 2359 5395 est,
2386 5331 2437 5383 in
2480 5346 2820 5384 communem
2853 5329 3131 5384 hominum
3164 5338 3365 5385 sortem
3398 5337 3454 5383 et
3495 5341 3632 5384 con-

2047 5402 2304 5455 ditionem
2330 5401 2570 5469 reilacto,
2591 5400 2839 5455 detracto
2856 5400 3113 5455 videlicet
3131 5402 3445 5461 divinitatis,
3469 5400 3648 5467 quasi,

2051 5472 2349 5526 nobilitatis
2392 5472 2565 5526 titulo.
2621 5472 2822 5525 Alludit
2867 5471 2933 5524 ad
2979 5487 3183 5525 morem
3235 5472 3628 5533 tlomanorum,

2050 5542 2191 5601 ειμιιά
2238 5557 2372 5611 quos
2419 5542 2614 5610 plebeii
2647 5542 2797 5594 inulti
2827 5541 3033 5595 ﬁebant
3072 5557 3136 5595 ex
3169 5540 3439 5610 patriciis,
3463 5540 3627 5593 sicuti

2048 5622 2235 5666 contra
2258 5628 2323 5665 ex
2358 5612 2582 5682 plebeiis
2608 5612 2840 5680 patricii.
2871 5612 2937 5665 Et
2967 5613 3038 5666 illi
3068 5614 3280 5683 quidem
3303 5611 3628 5683 dicebantur

2049 5684 2100 5736 in
2131 5684 2340 5749 plebem
2359 5679 2529 5745 'mitti,
2561 5679 2619 5735 id
2642 5693 2746 5746 est,
2778 5679 3190 5753 inrvnlgus,seu
3222 5682 3405 5738 fascem
3436 5679 3632 5752 populi

2044 5754 2291 5823 relegari,
2321 5752 2390 5809 ob
2420 5754 2685 5825 ignaviam
2719 5755 2799 5810 vel
2833 5752 3116 5826 ﬂagitium.
