4040 6182
276 331 375 392 '97
1320 319 1408 378 DE
1449 317 1964 378 [NCARNATIONE
2007 315 2279 374 CiiRiSTi
2321 317 2448 373 LIB.
2497 317 2558 370 ν.
3531 320 3600 374 93

307 449 500 512 missa,
531 453 581 500 et
624 444 776 500 velut
818 441 874 497 in
924 439 1140 496 turbam
1185 438 1404 494 humani
1451 437 1672 508 generis
1717 450 1906 505 aggre-
1935 438 1980 495 Α
2012 443 2194 488 natum
2247 449 2409 489 esse:
2443 442 2497 487 et
2543 431 2664 485 ideo
2696 430 2722 469 ιι
2753 430 2972 486 Mariam
3023 430 3447 497 Cliristotocon,
3501 448 3606 487 non

307 549 460 613 gata,
485 538 533 592 id
559 553 652 605 per
674 537 947 591 bonorum
977 541 1190 588 actuum
1216 532 1684 586 conversationem
1710 527 1909 582 mereri

309 645 503 688 omnes
545 629 800 684 homines
849 643 1010 698 posse
1040 627 1307 692 dicerent,
1357 623 1616 693 quidquid
1667 623 1802 676 bene
1833 621 1913 676 vi-

309 727 492 783 vendo
536 725 628 779 ille
681 725 992 778 meruisset.
1029 721 1290 776 Pestifera
1329 720 1537 774 scilicet
1583 733 1647 772 ac
1697 719 1911 772 letlialis

308 818 569 880 assertio,
599 831 723 886 qua:
764 825 815 870 et
851 817 962 869 Deo
1003 830 1136 868 vera
1179 814 1474 882 derogans,
1508 821 1563 865 et
1602 811 1913 864 hominibus

311 913 448 965 falsa
483 911 833 980 promittens,
865 907 1178 976 in'ntroqne
1209 904 1422 960 nefandi
1461 913 1604 959 eSSet
1632 903 1917 957 damnabi-

313 1004 381 1057 lis
412 1001 713 1065 mendacii,
756 999 882 1053 duni
911 1009 964 1053 et
995 1000 1262 1068 sacrilegii
1294 998 1487 1065 injuria
1523 998 1693 1050 Deum
1722 995 1912 1060 aflicit,

314 1105 370 1150 et
406 1094 687 1150 hominem
735 1096 786 1147 in
831 1108 982 1162 spem
1018 1093 1167 1146 falsa:
1198 1091 1638 1160 praesumptionis
1685 1090 1911 1144 inducit.

317 1187 745 1243 Perversissima
795 1185 1008 1239 scilicet
1053 1192 1218 1252 atque
1279 1184 1594 1252 impiissima
1647 1185 1916 1243 assertio,

319 1290 346 1317 ⁸
375 1279 699 1335 mortalitati
753 1278 964 1331 donans
1010 1277 1153 1345 quod
1212 1292 1316 1328 non
1345 1284 1455 1328 erat
1484 1316 1499 1338 ,
1557 1274 1670 1328 Deo
1723 1274 1920 1327 tollens

317 1373 464 1441 quod
495 1382 639 1428 erat.
674 1370 843 1439 llnjus
871 1385 1002 1439 ergo
1035 1370 1355 1439 perniciosa:
1387 1351 1456 1422 ac,
1479 1367 1771 1422 mortiferae
1802 1381 1923 1436 pra-

318 1465 506 1517 vitatis
538 1465 656 1515 haec
689 1477 804 1530 quze
831 1476 976 1514 nunc
1006 1468 1123 1511 orta
1153 1471 1236 1511 eSt
1269 1474 1461 1512 recens
1493 1458 1738 1522 lmresis,
1769 1457 1919 1523 quasi

322 1554 605 1611 redivivos
634 1549 1036 1622 quodammodo
1073 1551 1340 1603 suscitans
1371 1551 1603 1613 cineres,
1645 1550 1695 1601 iii
1729 1547 1922 1602 reteri-

323 1647 427 1701 bus
480 1645 682 1699 favillis
735 1659 934 1698 novum
990 1644 1158 1695 movit.
1207 1642 1514 1694 incendium
1550 1659 1562 1693 :
1605 1641 1920 1696 Solitarium

323 1738 524 1806 quippe
551 1735 826 1788 hominem
870 1743 1056 1787 natum
1082 1748 1200 1787 esse
1220 1734 1416 1786 asserit
1436 1732 1717 1786 Dominum
1736 1732 1920 1787 losum

2015 527 2328 581 Theotocon
2379 539 2500 585 esse
2549 523 2948 593 appellandam,
2996 525 3118 592 quia
3167 525 3366 578 Christi
3415 533 3608 589 mater,

2019 634 2125 674 non
2167 618 2280 672 Dei.
2316 617 2480 671 Addit
2510 628 2769 686 prmtei'ea
2801 616 3077 684 sacrilega:
3121 618 3411 671 assertioni
3451 633 3608 686 quam

2019 726 2182 779 prava
2227 719 2566 778 argumenta,
2616 717 2721 760 tant
2755 709 2964 774 frivola,
2999 708 3226 762 dicens:
3263 707 3428 761 Nt‘lllll
3461 720 3614 762 aute-

2019 803 2214 855 riorein
2248 815 2304 854 se
2334 801 2492 869 parit.
2518 799 2678 866 Quasi
2709 814 2837 850 vero
2873 798 3130 866 uoigeuiti
3176 799 3268 852 Dei
3304 798 3556 851 uativiias
3583 815 3613 851 a

2019 893 2301 962 prophetis
2329 893 2609 959 prmdicta,
2646 907 2672 942 a
2709 891 2920 943 sa‘culis
2951 891 3332 959 prtetiuntiata,
3362 890 3615 943 Immanis

2019 987 2088 1040 sit
2137 986 2410 1040 tractanda
2459 995 2552 1037 aut
2599 983 2914 1036 aestimanda
2961 983 3306 1036 rationibus:
3341 994 3442 1036 Aut
3484 999 3617 1036 vero

2023 1079 2160 1144 ipsa,
2207 1080 2451 1146 quisquis
2482 1092 2561 1142 es,
2596 1093 2627 1125 o
2657 1078 2826 1129 lueret
2849 1091 2932 1140 ce,
2961 1076 3048 1144 qui
3097 1076 3163 1128 de
3197 1087 3350 1142 partu
3397 1092 3493 1127 suo
3524 1091 3618 1128 ca-

2025 1167 2331 1230 luinniaris,
2363 1168 2512 1236 virgo
2543 1167 2702 1220 Maria
2735 1167 2966 1236 propriis
3000 1167 3101 1220 hoc
3131 1167 3275 1235 quod
3301 1180 3478 1220 aetum
3509 1177 3614 1231 est,

2024 1262 2195 1328 egerit
2227 1259 2724 1328 consummaritqne
2755 1258 3043 1312 virtutibus
3081 1276 3092 1310 :
3125 1271 3180 1312 ut
3212 1260 3260 1313 ei
3297 1260 3349 1311 in
3386 1266 3532 1312 tanta
3561 1275 3619 1314 re

2025 1369 2086 1407 ac
2135 1363 2282 1407 tinto
2321 1369 2484 1422 opere
2532 1353 2876 1406 imbecillitas
2923 1352 3210 1421 objiciatur
3264 1353 3519 1407 humana.
3562 1351 3619 1407 Si

2027 1445 2151 1515 quid
2187 1450 2365 1516 itaque
2415 1449 2466 1500 in
2500 1446 2599 1499 liae
2630 1462 2687 1498 re
2715 1460 2812 1513 per
2846 1446 3080 1498 hominis
3111 1460 3247 1514 opus
3290 1459 3466 1498 actum
3513 1453 3618 1509 est,

2027 1541 2290 1592 humanas
2315 1555 2493 1607 qua-ge
2511 1539 2748 1592 rationes
2771 1556 2782 1592 :
2803 1539 2846 1592 si
2870 1547 3049 1592 autem
3077 1548 3245 1591 tomm
3275 1539 3416 1608 quod
3440 1547 3620 1593 actum

2027 1640 2135 1696 est,
2175 1633 2262 1685 Dei
2299 1636 2469 1684 virtus
2514 1640 2627 1694 est;
2679 1629 2806 1694 quid
2863 1631 3350 1696 inipossibilitateni
3405 1642 3622 1699 spectas

2031 1724 2345 1789 humanam,
2375 1725 2465 1777 tibi
2494 1723 2837 1776 efficientiam
2871 1725 3022 1776 vides
3054 1737 3173 1775 esse
3205 1722 3482 1776 divinam?
3514 1725 3620 1777 Sed

325 1827 631 1884 Christum.
663 1828 728 1882 Et
757 1827 880 1882 ideo
918 1826 1043 1895 quid
1087 1840 1312 1880 necesse
1341 1833 1426 1879 est
1460 1836 1518 1879 ut
1561 1827 1920 1895 requiramus,
1961 1822 1998 1876 ll
2029 1815 2096 1869 de
2129 1816 2230 1868 lioc
2260 1825 2438 1868 tamen
2469 1814 2676 1884 plenius
2708 1822 2916 1882 postea.
2941 1812 3095 1867 Nunc
3118 1815 3258 1882 quod
3286 1816 3443 1882 paulo
3471 1826 3624 1867 anie-

326 1937 396 1975 an
435 1923 485 1979 in
518 1918 979 1988 consequentibus
1007 1919 1123 1986 ejus
1167 1917 1548 1986 perversitatis
1578 1919 1649 1972 sit
1693 1934 1811 1986 quae
1839 1927 1934 1972 est

335 2013 389 2067 in
417 2014 594 2081 capite
622 2011 742 2080 ipso
771 2011 994 2065 sceleris
1027 2011 1218 2063 unius?
1247 2009 1593 2079 Superﬂuum
1621 2011 1817 2079 quippe
1843 2017 1929 2064 est

333 2112 661 2173 exspectare
679 2107 729 2156 iii
746 2102 1136 2172 posterioribus
1152 2102 1326 2171 qualis
1341 2104 1428 2166 sit,
1446 2103 1926 2170 qumexspectandi

330 2197 557 2246 omnino
593 2208 790 2246 causas
815 2191 928 2260 jam
975 2194 1027 2244 in
1068 2191 1338 2261 principio
1370 2209 1479 2245 non
1511 2194 1765 2261 reliquit:
1796 2193 1926 2260 Qum

331 2289 475 2342 enim
510 2286 653 2339 ratio
687 2295 770 2338 est
799 2286 1110 2353 explorare,
1140 2300 1206 2338 an
1241 2285 1292 2337 in
1331 2284 1738 2337 similituduieui
1767 2299 1926 2352 supe-

332 2379 496 2434 rioris
527 2379 805 2434 haereseos
832 2377 1020 2431 eadem
1073 2378 1353 2444 promittat
1383 2376 1586 2431 homini
1617 2392 1735 2444 qum
1761 2377 1924 2446 (quod

334 2471 790 2524 immanissimum
824 2469 999 2521 scelus
1031 2469 1149 2536 est)
1179 2469 1372 2522 eadem
1417 2469 1555 2537 tpllit
1579 2468 1730 2521 'Deo?
1763 2466 1836 2522 Ita
1870 2477 1927 2522 ut

337 2578 474 2630 pene
504 2563 734 2630 impium
782 2560 872 2623 sit,
919 2575 1039 2614 cum
1082 2561 1360 2613 videamus
1401 2560 1527 2629 quid
1561 2559 1923 2628 prmcesserii,
1969 2598 1973 2600 -

338 2655 614 2723 requirere
646 2652 773 2722 quid
803 2661 1101 2721 sequatur:
1132 2653 1285 2720 quasi
1319 2665 1446 2705 vero
1477 2652 1651 2721 aliqua
1696 2651 1750 2704 in
1797 2667 1928 2705 coii-

336 2745 691 2815 sequentibus
716 2758 878 2798 causa
922 2742 1102 2797 ati'erri
1149 2745 1339 2815 possit,
1371 2758 1475 2813 qua
1506 2758 1566 2797 se
1599 2744 1788 2812 probet
1820 2759 1924 2796 non

317 2850 459 2905 ,esse
491 2837 741 2902 impium,
772 2831 864 2904 qui
895 2845 1113 2902 negaret
1145 2833 1336 2888 Deum.
1370 2835 1457 2887 Ait
1486 2850 1638 2902 ergo,
1685 2843 1740 2887 ut
1782 2850 1927 2903 saepe

335 2930 446 2997 jam
488 2929 752 2994 diximus,
787 2941 930 2982 nova
963 2927 1204 2994 barresis,
1237 2926 1520 2980 Dominum
1549 2925 1734 2981 Jesum
1774 2926 1930 2982 Chri-

335 3032 481 3076 stum
514 3021 804 3092 hominem
855 3019 1231 3074 tantummodo
1275 3018 1595 3083 solitarium,
1630 3034 1694 3073 ex
1725 3021 1931 3090 virgine

2033 1907 2144 1960 rius
2175 1907 2355 1961 direre
2385 1907 2654 1975 empimus
2687 1921 3050 1973 exsequamur
3078 1923 3090 1958 :
3127 1919 3181 1958 ut
3214 1921 3405 1959 omnes
3451 1909 3622 1960 sciant

2035 2001 2084 2051 iii
2116 1997 2418 2065 Pelagianis
2459 1997 2736 2052 cineribus
2832 2000 2982 2065 ignes
3013 2013 3260 2065 qnzerere
3290 2006 3360 2062 te,
3381 2001 3623 2052 'etnovis

2032 2090 2445 2159 szicrilegiorum
2481 2089 2694 2144 ﬂatibus
2729 2089 2938 2143 favillas
2967 2100 3178 2144 veteres
3207 2091 3468 2143 excitare.

2664 2243 2892 2299 CAPUT
2931 2243 2995 2297 li.

2040 2355 2324 2426 Pelagiana
2366 2357 2530 2408 errori
2560 2359 2899 2427 conjunctum
2937 2371 2999 2408 ac
3031 2356 3256 2409 uicinum
3292 2365 3365 2410 est
3399 2355 3625 2411 Nestorii

2728 2429 2938 2496 dogma.

2106 2559 2251 2614 Dicis
2277 2558 2702 2629 ergoCliristum
2729 2558 3004 2612 hominem
3037 2559 3415 2614 tantummodo
3445 2561 3632 2616 solita.

2034 2651 2176 2706 riiim
2211 2661 2394 2705 natum
2427 2665 2572 2705 esse.
2611 2651 2724 2705 lloc
2753 2653 2940 2716 utique
2971 2661 3024 2704 et
3051 2651 3146 2705 illa
3173 2668 3329 2720 quam
3375 2655 3424 2705 iii
3458 2655 3628 2721 primo

2034 2747 2176 2800 libro
2221 2745 2506 2800 evidenter
2559 2744 2937 2811 ostendimus,
2984 2744 3289 2814 Pelagiana:
3341 2747 3631 2814 impietatis

2039 2838 2266 2892 limresis
2285 2836 2626 2906 prmdicavit,
2655 2836 2932 2891 Christum
2965 2836 3236 2890 hominem
3264 2839 3629 2892 tantummodo

2039 2931 2344 2984 solitarium
2403 2939 2588 2982 natum
2636 2943 2779 2982 esse.
2827 2927 3000 2982 Addis
3047 2939 3305 2998 praeterea
3348 2931 3629 2984 Dominum
3709 2913 3717 2918 ⁵

2041 3024 2213 3091 ipsum
2239 3024 2484 3077 omnium
2506 3021 2690 3076 Jesum
2719 3018 2744 3058 ά
2771 3021 3042 3076 Christum
3056 3021 3316 3096 Θεοδόχον
3344 3023 3630 3093 imaginem

1423 3131 1676 3186 AL.\llDl
1717 3133 1944 3188 GAZEI
1987 3134 2546 3190 COMMENTARIUS.

415 3260 441 3286 ⁸
474 3249 530 3304 Id
562 3259 668 3312 est,
696 3247 904 3303 homini
936 3245 1156 3301 mortali
1186 3244 1510 3318 attribuens,
1553 3245 1695 3312 quod
1724 3247 1772 3318 ei
1818 3261 1922 3300 non
1954 3249 1996 3309 C
2033 3249 2166 3301 vivos
2185 3248 2432 3302 suscitare
2448 3247 2659 3318 cineres,
2678 3247 2729 3300 in
2750 3247 2998 3300 veteribus
3012 3247 3206 3318 favillis
3227 3264 3414 3302 novum
3437 3266 3632 3303 movere

341 3321 632 3387 competit,
685 3320 896 3374 scilicet
946 3333 1104 3386 posse
1157 3315 1494 3370 divinitatem
1547 3317 1762 3383 assequi
1816 3318 1931 3370 suis

344 3405 577 3446 Illel'llls.
1300 3419 1304 3422 '

416 3461 444 3500 δ
468 3462 672 3517 Contra
698 3460 756 3517 S.
780 3460 891 3515 Leo
912 3456 1140 3527 epistola
1164 3456 1232 3512 97
1251 3456 1316 3509 ad
1341 3456 1574 3527 Leonem
1603 3455 1931 3522 Augustum:

347 3535 841 3595 Anatheinatizetur,
869 3525 964 3593 ait,
1002 3528 1290 3590 (Vestorius,
1315 3532 1398 3593 qui
1422 3525 1485 3580 Β.
1527 3526 1787 3598 Virginrm
1820 3529 1935 3580 Ma-

347 3607 482 3657 riam
503 3619 611 3657 non
644 3603 758 3664 Dei,
787 3604 875 3656 sed
904 3600 1124 3654 hominis
1152 3601 1504 3650 tantummodo
1544 3599 1756 3651 credidit
1792 3601 1934 3666 geni-

348 3675 556 3733 tricem;
594 3684 653 3726 ut
680 3675 838 3727 aliam
868 3687 1137 3743 personant
1168 3669 1362 3731 carnis,
1393 3671 1549 3720 aliam
1580 3672 1768 3743 faceret
1811 3669 1934 3743 Dei:

347 3748 488 3800 tatis.
537 3745 602 3798 Et
635 3739 931 3809 Gregorius
978 3741 1347 3809 Nazianzenus
1392 3743 1617 3807 epistola
1667 3741 1835 3806 prima
1868 3739 1934 3792 ad

346 3813 717 3869 Cie-domum:
804 3814 865 3869 Si
891 3814 1024 3882 quis.
1056 3812 1250 3880 inquit,
1297 3808 1549 3879 Virginem
1593 3809 1936 3882 Mai-iamne-

347 3902 615 3956 quaquam
650 3879 1068 3956 DeiGeitiiricem
1097 3897 1206 3933 esse
1231 3883 1412 3956 credit,
1441 3882 1484 3956 is
1509 3883 1660 3956 etiam
1682 3897 1712 3932 a
1738 3879 1937 3956 Deitate

349 3952 417 4007 sit
437 3952 729 4017 separatus.
763 3956 1004 4020 Denique
1034 3952 1086 4006 in
1116 3952 1356 4006 concilio
1387 3953 1656 4016 Epliesino
1695 3952 1934 4018 generali

351 4028 468 4080 haec
496 4028 606 4080 duo
632 4029 810 4092 capita
846 4027 1186 4091 potissimum
1223 4021 1371 4074 fuere
1403 4031 1594 4074 contia
1619 4021 1934 4074 Nestorium

350 4096 594 4149 deiinita.
632 4091 895 4160 Primum,
929 4110 1085 4146 unam
1115 4109 1236 4147 esse
1260 4091 1458 4146 Christi
1490 4107 1798 4158 persmiam,
1830 4107 1934 4144 non

351 4169 517 4231 duas;
549 4169 872 4231 secundum,
906 4164 1125 4219 Mariam
1172 4163 1437 4232 Virginem
1483 4180 1606 4215 vere
1635 4173 1690 4216 et
1723 4163 1938 4230 proprie

352 4236 672 4292 Ttieotocon
701 4248 757 4290 et
783 4255 885 4290 non
918 4237 1321 4299 L‘hristotoeon,
1353 4235 1402 4286 id
1435 4244 1542 4297 est,
1579 4233 1857 4300 Dt-iparam
1884 4244 1940 4287 et

355 4325 462 4361 non
490 4310 889 4376 Cliristiparam
932 4322 1053 4360 esse
1081 4305 1484 4373 appellandam,
1520 4319 1628 4356 non
1655 4306 1799 4376 quod
1831 4319 1936 4358 non

355 4391 502 4433 esset
545 4374 888 4444 Christipara
911 4420 924 4442 ,
954 4379 1048 4432 sed
1082 4393 1150 4430 ne
1183 4382 1465 4444 putaretur
1504 4376 1674 4428 solum
1707 4374 1940 4430 Christi-

358 4463 509 4517 para,
532 4463 587 4505 et
619 4466 724 4503 non
757 4450 1006 4516 Deipara,
1033 4449 1172 4515 quod
1201 4446 1416 4500 volebat
1437 4445 1739 4517 Nestorins.
1771 4446 1939 4498 Porro

354 4515 421 4595 de
443 4521 712 4595 vocabulo
726 4515 987 4595 Graecine
1001 4533 1053 4573 et
1076 4515 1644 4595 Xptc‘ro'rérodfgitntts
1665 4518 1937 4584 superius.

354 4591 660 4645 Notandum
692 4606 822 4645 vero
849 4593 1014 4658 quod,
1044 4587 1289 4656 quamvis
1323 4588 1384 4639 Β.
1417 4587 1577 4640 Mai-ia
1606 4601 1729 4658 vera
1753 4596 1814 4658 et
1845 4601 1933 4639 na-

356 4661 544 4716 turalis
577 4662 646 4714 sit
694 4655 877 4715 Mater
915 4663 1042 4724 Dei,
1065 4655 1152 4713 eo
1181 4659 1342 4726 quod’
1367 4658 1614 4728 genuerit
1639 4655 1935 4724 Cliiistum,

353 4735 443 4801 qui
470 4749 577 4786 non
601 4733 774 4785 solum
801 4731 834 4785 li
858 4747 983 4794 uno,
1009 4729 1104 4783 sed
1125 4733 1286 4784 etiam
1314 4729 1462 4782 Deus
1485 4736 1599 4791 est;
1628 4743 1733 4780 non
1761 4736 1939 4782 tamen

355 4815 460 4865 est,
492 4819 596 4857 nec
626 4803 732 4856 diei
768 4813 945 4870 potest
974 4811 1148 4856 mater
1190 4801 1525 4870 divinitatis,
1553 4815 1652 4851 nec
1682 4801 1940 4866 genuisse

354 4875 722 4939 divinitatem,
763 4869 857 4926 aut
888 4875 1168 4934 deitatem,
1216 4883 1272 4924 ut
1316 4874 1471 4924 docet
1507 4869 1563 4922 S.
1594 4870 1830 4922 Thomas
1864 4870 1945 4921 liis

355 4946 535 4998 verbis
563 4961 580 4999 :
618 4945 862 5010 Quamvis
889 4945 1064 4998 Deitas
1092 4953 1142 4996 et
1176 4943 1311 4995 Deus
1351 4958 1450 4993 mm
1472 4939 1712 5002 di/ferant
1738 4958 1812 5005 re,
1840 4942 1946 5011 dif-

359 5015 530 5082 ferunt
554 5028 725 5067 tamen
752 5017 1032 5068 secundum
1057 5014 1266 5065 modum
1288 5012 1614 5080 signiﬁcandi
1637 5027 1655 5063 :
1677 5014 1796 5079 quia
1827 5012 1945 5066 Dei-

360 5098 434 5136 tas
463 5087 727 5153 signiﬁcat
756 5098 998 5138 naturam
1025 5084 1251 5136 divinam
1278 5087 1327 5136 in
1354 5084 1611 5135 abstracto
1634 5098 1652 5134 .'
1675 5085 1812 5135 unde
1840 5098 1942 5137 non

358 5166 519 5223 potest
544 5171 840 5226 supponere
863 5173 956 5226 pro
978 5170 1228 5226 persona;
1261 5153 1396 5206 Deus
1414 5165 1608 5226 autem,
1634 5155 1757 5222 quia
1778 5155 1946 5224 signat

361 5237 596 5278 naturam
627 5224 871 5279 divinam
897 5243 989 5298 per
1019 5225 1225 5298 modum
1267 5224 1508 5298 concreti,
1541 5225 1600 5275 id
1623 5236 1718 5288 est,
1753 5226 1945 5278 [taben-

363 5303 457 5348 tem
491 5298 837 5359 divinitatem,
886 5296 1046 5366 potest
1075 5296 1290 5366 reddere
1318 5296 1624 5348 locutionem
1655 5310 1822 5366 ueram
1847 5312 1949 5366 pro

361 5373 623 5438 supposito
649 5383 669 5422 :
696 5381 742 5422 et
774 5363 894 5421 ideo
918 5370 1038 5439 quia
1079 5365 1143 5420 Β.
1187 5363 1788 5439 Virgorc'strntater‘Fifii
1830 5363 1949 5428 Dei,

366 5435 524 5502 potest
545 5442 650 5493 dici
675 5449 840 5493 mater
863 5435 982 5502 Dei,
1010 5451 1055 5492 et
1081 5455 1183 5491 non
1205 5438 1510 5491 divinitatis.
1537 5435 1610 5490 Ita
1635 5435 1692 5490 S.
1716 5437 1950 5490 Thomas

365 5505 462 5576 tln
490 5525 564 5575 iii,
595 5513 717 5564 dist.
744 5513 799 5573 4,
827 5530 879 5579 q.
905 5511 962 5578 2,
994 5527 1048 5564 α.
1080 5512 1161 5577 2)-

433 5589 456 5617 ⁸
487 5582 603 5635 Non
639 5577 970 5652 quwrerese,
1011 5593 1067 5635 ut
1090 5589 1246 5634 antea
1274 5580 1371 5634 fuit
1399 5578 1739 5646 inipreSstim.
1763 5577 1952 5652 Nesto-

364 5649 501 5705 rium
526 5649 672 5707 enim
700 5657 982 5720 hucusque
1009 5654 1322 5718 alloquitur,
1354 5660 1408 5704 et
1435 5658 1639 5716 spectat
1672 5651 1949 5718 superiora

367 5723 526 5794 verba
545 5740 559 5776 :
578 5725 727 5794 quasi
738 5725 991 5777 redivivos
1003 5725 1254 5794 suscitans
1266 5728 1480 5786 cineres,
1496 5731 1601 5773 etc.
1618 5721 1755 5774 Sunt
1770 5739 1793 5770 a
1805 5731 1948 5774 utcm

367 5791 448 5848 hic
471 5791 746 5865 elegantes
775 5795 1104 5866 metapliorae
1130 5805 1183 5849 et
1206 5793 1430 5864 phrases
1451 5807 1786 5862 synonyinm,
1813 5795 1950 5844 redi.

1967 4627 2018 4685 D

2039 3320 2353 3382 incendium,
2387 3321 2439 3370 in
2473 3316 2774 3389 Pelagianis
2815 3316 3071 3372 cineribus
3102 3321 3243 3390 ignes
3285 3336 3534 3387 τίναξε-ενα,
3581 3331 3631 3374 et

2038 3392 2180 3443 novis
2213 3391 2604 3459 sacrilegiorum
2648 3390 2862 3458 ﬂatibus
2911 3392 3117 3457 favillas
3151 3402 3336 3444 reterns
3381 3397 3626 3446 excitare.

2037 3463 2245 3523 Quibus
2274 3462 2468 3512 afiiiies
2498 3470 2632 3531 stitit
2662 3462 2785 3512 alia:
2827 3463 3076 3526 sequenti
3117 3476 3236 3531 cap.
3283 3461 3627 3531 Pelagimum

2037 3545 2177 3600 virus
2207 3547 2404 3583 vomere
2429 3546 2447 3582 :
2483 3530 2767 3599 Pelagiana
2794 3532 2977 3600 spiritu
3006 3530 3237 3586 sibilare.

2109 3599 2134 3636 ά
2167 3600 2360 3654 Nescio
2387 3616 2452 3674 an
2489 3601 2574 3654 liic
2602 3603 2743 3674 ferat
2772 3599 2967 3674 plector,
3003 3614 3053 3655 et
3087 3618 3274 3655 rursus
3304 3601 3438 3656 inira
3469 3602 3622 3674 (Cap.

2039 3676 2207 3740 τεῳ),
2249 3673 2569 3725 vocabulum
2619 3673 2945 3739 imaginem,
2987 3687 3108 3726 cum
3148 3677 3279 3726 satis
3329 3687 3538 3728 conszet
3565 3693 3630 3729 ex

2038 3743 2270 3813 dictiset
2300 3759 2364 3794 ex
2395 3745 2509 3807 ipso
2543 3749 2690 3793 textu
2717 3757 2838 3813 esse
2866 3741 3252 3802 frustraneum,
3293 3754 3344 3796 et
3375 3759 3442 3796 ex
3482 3747 3630 3813 igno-

2039 3815 2213 3866 rantia
2242 3811 2446 3866 Graec-te
2478 3810 2916 3880 vocisesodézou,
2949 3814 3030 3862 vel
3073 3813 3338 3875 imperitia
3385 3810 3632 3867 libi-tirio-

2041 3899 2178 3946 rum,
2215 3885 2264 3935 in
2307 3891 2511 3934 textum
2543 3881 2834 3933 intrusnm.
2869 3881 3232 3936 Tlteodoclion
3269 3884 3410 3936 enim
3445 3886 3630 3952 legen-

2038 3953 2163 4005 dum
2191 3995 2205 4015 ,
2235 3967 2338 4004 neti
2372 3954 2680 4004 'l'lieoioeon
2707 3991 2722 4014 ,
2770 3953 3018 4016 superius
3067 3954 3280 4006 ostendi
3313 3970 3326 4006 :
3381 3969 3495 4022 qua:
3530 3971 3631 4012 Vox

2040 4024 2422 4084 (l‘beotloclios
2447 4022 2675 4089 scilicet)
2709 4023 2836 4075 nihil
2865 4023 3008 4075 aliud
3043 4025 3313 4089 signzﬁcat
3353 4041 3511 4092 quam
3541 4043 3632 4080 sn-

2039 4095 2358 4162 seepirireui
2391 4095 2504 4154 Dei,
2531 4102 2587 4146 ut
2613 4109 2735 4145 mox
2768 4096 2926 4146 etiam
2953 4096 3020 4146 ab
3049 4095 3286 4148 Anetore
3318 4099 3624 4164 exponitur.

2039 4180 2132 4218 seu
2165 4168 2253 4233 qui
2283 4167 2445 4218 Deum
2481 4166 2712 4236 exciuit,
2753 4168 3098 4236 aot_suscipit
3129 4182 3142 4231 ;
3177 4171 3629 4236 quemadmodum

2037 4245 2094 4289 et
2115 4231 2361 4304 superius
2383 4251 2588 4288 carnem
2609 4231 2805 4288 Christi
2832 4231 3274 4301 Tlieodochmi,'id
3295 4248 3390 4298 est,
3411 4237 3634 4292 Deitatis

2037 4308 2411 4378 suscepti-icturi
2437 4308 2592 4360 dixit.
2632 4307 2696 4358 Et
2721 4322 2905 4378 rursus
2933 4307 3072 4358 intra
3098 4324 3110 4358 :
3144 4310 3210 4358 Et
3237 4325 3329 4378 per
3354 4311 3451 4360 hac
3469 4349 3485 4371 ,
3519 4327 3631 4362 om-

2041 4394 2127 4430 nes
2155 4376 2450 4430 Tlteododti
2468 4387 2607 4439 sunt,
2635 4376 2780 4428 nullo
2804 4377 3051 4444 imaginis
3074 4376 3342 4444 respectu.
3362 4387 3455 4430 aut
3483 4394 3632 4432 nteit-

2044 4449 2209 4513 tione,
2243 4449 2363 4515 quia
2399 4449 2527 4499 niliil
2562 4448 2628 4499 ad
2663 4462 2774 4500 rem
2810 4446 2936 4499 facit
2966 4464 2977 4498 :
3015 4452 3115 4499 nisi
3149 4451 3226 4500 sic
3257 4447 3632 4512 interpreteris

2041 4521 2312 4571 Christum
2365 4518 2703 4587 tlieodoelion
2737 4518 3062 4587 imaginem,
3111 4518 3160 4571 id
3189 4529 3294 4582 est,
3342 4520 3629 4587 imaginem

2042 4588 2138 4642 Dei
2183 4590 2567 4655 susceplricem
2599 4603 2629 4642 a
2655 4586 2902 4642 Nestorio
2945 4588 3272 4656 appellatum
3304 4605 3318 4642 :
3351 4586 3493 4657 quod
3539 4591 3632 4643 lia-

2045 4672 2238 4712 ctcnus
2285 4658 2423 4727 apud
2475 4659 2635 4711 alium
2689 4670 2965 4712 aueiorem
3016 4677 3120 4712 non
3172 4660 3310 4728 legi,
3344 4675 3444 4713 nec
3475 4659 3633 4713 facile

2049 4729 2178 4782 mihi
2225 4742 2574 4798 persuasero,
2610 4731 2747 4782 lianc
2777 4729 3012 4796 phrasim
3048 4731 3115 4780 ab
3159 4731 3250 4782 illo
3277 4742 3626 4797 usurpatam,

2049 4815 2169 4854 citm
2201 4803 2268 4852 de
2303 4802 2533 4868 imagine
2563 4803 2704 4853 nulla
2737 4801 2805 4853 sit
2839 4801 3018 4853 habita
3046 4802 3296 4869 qua-stin.
3329 4803 3424 4855 Sed
3456 4802 3524 4854 de
3549 4801 3634 4855 di-

2050 4872 2294 4940 vinitate.
2340 4875 2473 4934 Quia
2522 4881 2698 4924 tamen
2753 4882 2856 4922 tam
2901 4872 3070 4923 editio
3111 4871 3433 4925 Bisileensis
3471 4886 3631 4940 quam

2051 4939 2382 4994 Plantitiiana
2415 4944 2482 4994 ita
2511 4942 2702 4994 habent
2731 4982 2743 5002 ,
2778 4942 2922 4994 tioliii
2965 4942 3066 4994 hoc
3092 4945 3209 4993 loco
3231 4983 3244 5003 ,
3279 4957 3380 4995 nec
3411 4943 3632 4996 inferius

2049 5015 2496 5079 expungere,5ed
2521 5015 2653 5064 satis
2671 5013 2827 5065 habui
2859 5014 3112 5065 lectorem
3136 5013 3204 5065 de
3233 5013 3313 5064 bis
3337 5017 3627 5074 monuis~e,

2051 5088 2204 5135 suum
2232 5085 2426 5152 cuique
2457 5084 2680 5135 liberum
2711 5086 3017 5151 relinquens
3047 5083 3327 5150 judicibm.
3362 5079 3533 5134 Porro
3565 5100 3633 5136 ne

2051 5156 2168 5222 quis
2191 5154 2769 5208 teiiiei'eTheoduclton
2796 5154 3215 5220 pro'l‘lieotocon
3237 5161 3494 5206 mutatum
3516 5155 3632 5206 exi-

2050 5227 2252 5286 stimet,
2280 5226 2643 5280 revocmidum
2679 5226 2763 5278 hic
2791 5225 2842 5276 in
2876 5225 3190 5278 memoriam
3224 5222 3512 5276 di~Ctimrn
3543 5239 3635 5278 suo

2053 5295 2237 5363 peritis
2278 5297 2600 5357 indieatum,
2639 5294 2780 5348 inter
2812 5296 2924 5348 lia-c
2952 5298 3048 5347 tria
3081 5293 3334 5363 voeabula
3363 5296 3466 5348 sibi
3491 5298 3633 5348 mul-

2057 5360 2166 5418 tum
2190 5368 2392 5430 aitinia,
2415 5367 2744 5429 Tlieotoeos,
2761 5365 3059 5419 Ttieotoeos
3082 5375 3137 5417 et
3162 5360 3541 5428 'l‘beoutocos;
3569 5367 3636 5420 de

2054 5438 2280 5505 singulis
2308 5439 2579 5490 nonnulla:
2615 5437 2961 5490 aucturitates
2993 5435 3348 5502 proferendus.
3383 5438 3477 5489 ESt
3501 5452 3632 5505 ergo

2058 5510 2383 5570 notandum,
2427 5511 2759 5576 composita,
2805 5521 2901 5559 seu
2930 5507 3168 5560 derivata
3220 5521 3248 5558 a
3296 5527 3474 5572 τικτω,
3524 5511 3637 5562 sive

2057 5579 2227 5644 τόκος,
2261 5595 2386 5650 cuin
2416 5581 2624 5646 passive
2672 5589 2954 5650 summitur
2974 5617 2988 5639 ,
3022 5590 3456 5650 proparoxytona
3485 5593 3635 5642 esse;

2059 5653 2174 5703 sive
2219 5649 2392 5702 notari
2442 5651 2492 5702 in
2542 5648 2961 5716 autepenultima
2997 5662 3010 5696 :
3044 5662 3165 5701 cuin
3199 5648 3328 5705 vero
3353 5651 3549 5717 active,
3584 5651 3637 5702 in

2059 5720 2353 5789 penultinia
2393 5738 2404 5772 :
2440 5731 2492 5772 et
2541 5721 2642 5772 hoc
2685 5719 2800 5771 sine
2839 5722 3210 5772 controversia
3263 5720 3401 5788 apud
3452 5735 3638 5772 omnes

2059 5795 2457 5861 grammaticos.
2498 5791 2681 5861 itaque
2729 5789 3032 5846 'flieotocos
3085 5790 3268 5861 (quod
3321 5790 3638 5844 vocabulum
