4040 6182
305 343 406 400 101

1345 334 1436 387 DE
1479 326 1995 386 lNCARNATiONE
2037 323 2309 382 ειιιιιετι
2349 325 2476 379 LIB.
2522 325 2584 378 γ.

3501 329 3596 382 me

307 475 419 517 nou
446 462 663 527 prepter
697 465 756 506 se
783 447 1072 505 colendum
1096 488 1110 512 ,
1136 445 1385 501 videlicet
1423 446 1546 512 quia
1578 443 1719 497 Deus
1742 450 1906 502 esset,
1942 443 1990 500 Α
2090 437 2390 492 Nestoriani
2435 437 2640 493 Christo
2682 437 2940 509 tribuunt,
2982 441 3215 496 omnibus
3264 441 3380 495 viris
3423 445 3611 498 sanctis

307 551 408 605 sed
436 546 560 618 quia
587 545 748 600 bonis
768 557 831 597 ac
861 543 960 612 piis
988 540 1197 594 attihus
1223 539 1388 593 Deum
1420 538 1472 592 in
1498 553 1554 590 se
1578 537 1778 591 habere
1807 549 1918 589 mc-

306 643 532 696 ruisset.
576 639 731 708 Ergo
781 636 936 689 vides
987 633 1336 703 Pelagianam
1383 642 1434 686 te
1475 632 1620 684 virus
1672 644 1918 694 vomere,

305 732 607 804 Pelagiano
640 740 694 785 te
735 728 929 799 spiritu
973 727 1212 780 sibilare.
1246 722 1402 780 Unde
1450 723 1733 788 ei-nvcnit,
1764 731 1820 773 ut
1853 720 1919 772 de

307 837 360 882 te
398 842 512 880 non
546 837 658 879 tam
685 818 1039 890 judicandum
1071 833 1228 888 quam
1257 814 1554 886 judicatum
1591 826 1708 867 esse
1739 812 1922 864 videa—

309 933 399 972 tur
438 937 452 969 :
482 918 611 987 quia
637 931 760 971 cum
785 912 1033 983 ejusdem
1065 909 1269 965 erroris
1295 909 1394 974 sis,
1419 921 1642 961 necesse
1667 915 1748 959 cst
1777 905 1919 973 ejus-

315 1013 442 1064 dem
475 1023 696 1079 quoque
730 1008 893 1062 etiam
920 1003 1278 1059 damnationis
1296 1015 1418 1056 esse
1442 1000 1700 1056 credaris.
1725 999 1789 1054 Ut
1814 1013 1917 1051 non

314 1105 493 1158 dicam
521 1102 653 1155 illud
689 1101 930 1161 interim,
957 1096 1099 1168 quod
1123 1095 1385 1164 imperiali
1412 1102 1601 1147 statua:
1636 1094 1916 1147 Dominum

314 1210 664 1266 comparans,
695 1193 747 1247 in
779 1199 984 1246 tantam
1018 1188 1289 1258 sacrilegii
1337 1188 1671 1257 impietatem
1710 1200 1774 1239 ac
1808 1183 1918 1237 hla.

313 1291 622 1361 sphemiam
652 1283 969 1358 prorupisti,
1002 1292 1059 1337 ut
1087 1291 1231 1337 recte
1255 1281 1544 1335 admodum
1575 1280 1734 1334 etiam
1764 1276 1921 1332 Pela-

313 1387 463 1454 gium
513 1383 691 1452 ipsum
738 1379 826 1449 qui
863 1395 999 1450 pene
1033 1390 1222 1430 omnes
1254 1375 1530 1444 impietate
1563 1373 1786 1437 vicerit,
1821 1371 1919 1426 hac

313 1473 556 1530 amentia
589 1473 784 1526 vicisse
814 1468 1076 1523 videaris.

947 1674 1175 1730 CAPUT
1218 1673 1305 1728 111.

2093 525 2410 564 communem
2439 527 2564 564 8880.

2095 624 2188 679 Ais
2233 639 2360 694 ergo
2388 623 2661 679 Christum
2695 623 2954 698 Θεοδὸχον
2993 623 3281 695 imaginem
3328 627 3606 696 appellan-

2022 715 2173 783 dmn,
2205 717 2255 771 id
2290 727 2368 770 est
2393 757 2406 780 ,
2443 732 2548 770 nou
2584 724 2804 785 propter
2837 733 2894 770 se
2921 733 3041 771 eum
3071 720 3193 788 quia
3221 719 3288 771 sit
3310 718 3477 780 Deos,
3513 721 3606 773 si"!

2024 813 2147 879 quia
2181 811 2344 863 Deum
2380 809 2429 861 in
2463 823 2521 862 sc
2554 811 2857 876 Susceperit
2885 807 3286 863 honorandum.
3320 811 3429 863 lloc
3455 807 3612 864 tundo

2023 919 2150 971 ergo
2186 902 2316 956 nihil
2357 904 2496 955 inter
2539 917 2660 954 eum
2698 911 2750 954 et
2779 916 2967 954 omnes
3004 903 3094 970 qui
3134 900 3350 955 fuerunt
3395 914 3611 956 sanctos

2027 993 2275 1046 homines
2306 1008 2425 1047 esse
2457 995 2684 1059 asseris,
2711 993 2834 1062 quia
2868 1007 3058 1045 omnes
3082 992 3264 1060 utique
3297 1004 3476 1048 sancti
3509 996 3610 1047 ho-

2027 1087 2200 1140 mines
2225 1085 2390 1138 Deum
2417 1086 2467 1138 in
2493 1100 2550 1138 se
2575 1085 2901 1137 habuerunt.
2928 1083 3206 1153 Siquidem
3231 1095 3281 1136 ct
3307 1085 3357 1137 in
3386 1086 3611 1153 patriar-

2025 1179 2142 1231 chis
2178 1178 2341 1231 Deum
2372 1176 2558 1244 fuisse,
2587 1186 2640 1230 ct
2667 1175 2716 1229 in
2745 1177 3024 1246 prophetis
3053 1178 3216 1231 Deum
3249 1177 3480 1230 locutum
3507 1195 3614 1233 non

2026 1273 2360 1341 ignoramus.
2411 1269 2611 1324 Omnes
2669 1269 2903 1338 denique
2957 1284 3065 1322 non
3121 1269 3246 1322 dico
3302 1272 3614 1338 apostolos,

2027 1375 2295 1434 marlyres
2318 1405 2331 1427 ,
2370 1363 2463 1416 sed
2504 1377 2693 1416 omnes
2722 1378 2936 1432 quoque
2967 1372 3185 1416 sanctos
3215 1361 3310 1417 Dei
3344 1373 3394 1416 ct
3423 1379 3616 1417 servos

2026 1457 2120 1510 Dei
2155 1457 2352 1510 habere
2384 1456 2436 1509 iu
2475 1471 2535 1510 se
2563 1455 2816 1525 Spiritum
2861 1453 2950 1508 Dei
2983 1455 3277 1515 credimus,
3314 1455 3611 1509 secundum

2025 1549 2154 1604 illud
2183 1593 2195 1613 ,
2246 1549 2342 1602 Vos
2380 1551 2501 1601 estis
2533 1549 2774 1617 templum
2818 1547 2912 1600 Dei
2951 1548 3078 1612 vivi;
3114 1548 3247 1599 sicut
3278 1546 3415 1601 Deus
3455 1549 3613 1615 dixit,

2023 1646 2142 1709 quia
2173 1643 2412 1697 habitabo
2444 1644 2494 1696 in
2523 1645 2596 1697 eis
2636 1643 2704 1709 (ll
2734 1641 2853 1696 Cor.
2887 1641 2982 1712 γι).
3019 1643 3081 1695 Et
3114 1643 3306 1697 iterum
3345 1662 3355 1696 :
3394 1644 3616 1697 Nescitis

2025 1739 2143 1807 quia
2165 1739 2407 1806 tetnplum
2432 1733 2524 1789 Dei
2557 1736 2675 1789 estis
2700 1745 2743 1788 et
2769 1736 2998 1806 Spiritus
3032 1735 3125 1787 Dei
3157 1735 3353 1789 habitat
3388 1737 3438 1788 in
3477 1737 3616 1789 robis

322 1835 478 1891 Hanc
515 1832 801 1888 divinitatis
849 1829 1296 1902 participationem
1337 1845 1491 1898 quam
1556 1826 1828 1899 Pelagiani
1869 1841 1913 1883 et
1948 1825 1991 1884 Β
2021 1831 2063 1902 (1
2092 1830 2213 1884 Cor.
2238 1829 2359 1900 in)?
2392 1829 2457 1882 Et
2487 1844 2581 1898 per
2611 1827 2714 1882 hoc
2747 1841 2940 1882 omnes
2973 1836 2998 1864 ⁸
3031 1826 3348 1882 Thcodochi
3380 1839 3525 1896 sunt,
3552 1844 3616 1882 ao

1386 1965 1642 2020 ALARDI
1683 1965 1915 2020 GAZASl
1955 1966 2531 2022 COMMENTARIUS.

321 2080 460 2127 ram,
485 2069 778 2128 partesque
805 2059 944 2128 ejus,
979 2072 1174 2126 corpus
1199 2068 1250 2109 et
1281 2059 1540 2118 animam,
1573 2073 1675 2109 non
1701 2058 1914 2111 diversa

323 2137 506 2202 alicula
535 2136 602 2186 ab
667 2135 780 2194 illa,
811 2147 930 2200 quae
953 2130 1143 2202 Narbo
1187 2131 1446 2202 debetur,
1487 2128 1802 2202 adoratione
1829 2147 1920 2202 co-

323 2199 481 2260 Ienda
531 2218 681 2264 esse,
731 2199 1185 2267 quemadmodum
1238 2201 1538 2251 docuerunt
1581 2200 1916 2263 Nestoriani;

323 2276 418 2329 sed
449 2275 638 2328 eadem
674 2287 898 2335 prorsus
927 2286 1044 2323 cum
1077 2285 1161 2326 ea.
1193 2286 1261 2337 qu
1283 2287 1310 2320 ιι
1343 2269 1453 2323 Deo
1485 2269 1788 2323 exhibetur.
1842 2271 1920 2324 Ita

323 2347 523 2399 docent
570 2343 632 2398 D.
677 2343 921 2396 Thomas
955 2343 1043 2409 (ιιι
1078 2357 1128 2403 p.
1161 2355 1210 2403 q.
1253 2341 1325 2393 ‘25
1349 2379 1362 2402 ,
1393 2357 1442 2391 (ι.
1481 2341 1501 2392 1
1536 2352 1581 2393 et
1609 2339 1696 2407 9.).
1731 2352 1782 2392 rt
1832 2343 1920 2394 alii

330 2419 440 2471 DD.
474 2426 601 2482 post
633 2414 942 2481 Magistrum
993 2411 1144 2482 (Lib.
1177 2425 1262 2476 ιιι,
1308 2410 1429 2482 dist.
1471 2411 1558 2479 9).
1615 2411 1782 2475 Cujus
1827 2416 1924 2465 do-

327 2480 517 2540 ctrina:
540 2480 741 2550 dnplei
774 2484 911 2537 ratio
944 2480 1268 2549 asLsignatur.
1307 2480 1458 2535 Prior
1481 2491 1563 2535 cst
1593 2482 1767 2534 llttilus
1802 2500 1922 2548 per-

328 2573 477 2610 some
509 2559 560 2608 in
592 2553 830 2609 Christo.
863 2555 1083 2620 Proprie
1126 2552 1268 2604 enim
1301 2550 1472 2605 honor
1514 2552 1797 2606 exhibetur
1826 2553 1921 2607 ιιιιί

331 2630 409 2680 rei
435 2627 780 2685 sobsistenti,
811 2625 864 2677 id
893 2633 1006 2686 est,
1041 2623 1348 2693 hypostasi,
1381 2637 1472 2676 seu
1505 2638 1768 2689 personas.
1802 2639 1923 2692 qore

331 2715 452 2751 cum
499 2697 570 2750 sit
615 2698 773 2750 unica
816 2696 867 2748 iu
897 2693 1138 2757 Christo,
1169 2708 1308 2746 unus
1345 2708 1557 2761 quoque
1591 2695 1780 2755 honor,
1809 2698 1924 2750 sive

331 2769 577 2820 adoratio
607 2767 705 2818 toti
749 2764 963 2818 Chrzsto
994 2765 1250 2827 debetur,
1279 2780 1340 2816 ea
1369 2765 1619 2818 videlicet
1659 2779 1816 2831 quan:
1851 2767 1926 2818 la-

335 2839 494 2891 ιιί.ιιιι
525 2848 740 2892 νποξιιιι.
776 2838 866 2892 Sic
895 2838 1036 2888 enim
1066 2835 1394 2902 Augus‘tinus
1437 2837 1636 2889 culium
1685 2837 1783 2887 soli
1816 2835 1926 2888 Duo

331 2910 598 2971 ilo-hitum,
650 2924 756 2959 una
788 2922 920 2958 Voce
950 2907 1356 2972 exprimendum
1408 2915 1590 2959 censet
1623 2904 1774 2974 (Lib.
1807 2921 1834 2958 κ
1864 2908 1927 2960 de

328 2981 486 3033 (Sitit.
519 2995 637 3049 cap.
676 2979 762 3046 i).
794 2979 907 3031 Non
939 2993 1067 3049 ergo
1093 2978 1320 3049 seorsim
1354 2974 1405 3028 in
1435 2975 1648 3030 Christo
1675 2985 1922 3030 naturam

332 3048 632 3102 Immanaiu
659 3051 898 3101 venerari
923 3048 1202 3109 debemus,
1232 3048 1324 3100 sed
1351 3059 1615 3112 quatenus
1631 3059 1712 3099 est
1739 3064 1770 3100 ιι
1791 3057 1925 3102 itura

332 3119 507 3175 Verbi
544 3119 679 3172 facta
717 3137 729 3170 :
764 3121 846 3172 cui
891 3119 1111 3187 proinde
1165 3133 1284 3170 cum
1321 3116 1580 3172 honorem
1611 3118 1924 3181 deferimus,

330 3207 409 3245 co
439 3190 559 3257 ipso
592 3189 858 3254 Verbum,
889 3189 1041 3255 cujus
1073 3200 1258 3241 natura
1301 3196 1411 3252 est,
1449 3203 1788 3241 veneramur.
1839 3190 1929 3243 Sic

333 3264 679 3330 Augustinus
707 3275 956 3314 sermone
993 3259 1060 3313 58
1090 3259 1159 3312 de
1183 3259 1360 3311 verbis
1395 3259 1601 3312 Domini
1637 3278 1650 3311 :
1689 3258 1816 3330 Ego.
1849 3264 1926 3312 iu-

333 3328 483 3396 quii,
513 3331 837 3384 Domimcam
871 3347 1102 3392 carnem,
1130 3331 1284 3382 immo
1333 3333 1609 3398 perfectam
1641 3331 1691 3380 in
1723 3328 1929 3383 Christo

337 3405 715 3455 humanitatem
743 3412 1012 3465 propterea
1040 3402 1218 3464 adoro,
1245 3399 1384 3469 quod
1413 3417 1446 3452 a
1468 3401 1728 3453 dirinitate
1755 3417 1929 3453 susce-

335 3480 453 3545 pta,
476 3484 630 3539 atque
659 3470 850 3545 Deitnti
879 3473 1026 3524 unita
1050 3481 1142 3545 est,
1170 3479 1224 3521 ut
1247 3487 1353 3545 ηοη⁸
1375 3470 1534 3545 alium
1565 3483 1714 3545 atque
1743 3471 1928 3545 alium,

336 3539 431 3596 sed
461 3561 645 3606 unum,
676 3542 1010 3612 eamdemque
1058 3539 1219 3593 Deum
1257 3551 1304 3594 et
1334 3541 1587 3594 hominem
1621 3541 1710 3593 Dei
1738 3540 1782 3593 F
1787 3543 1958 3596 ilium.

339 3614 617 3681 confitear,
640 3623 749 3667 etc.
776 3613 833 3667 Et
859 3615 910 3665 in
943 3613 1202 3679 psalmum
1235 3627 1392 3667 xcvm
1423 3613 1489 3666 de
1519 3612 1734 3665 Christo
1761 3629 1930 3680 expo-

341 3686 425 3738 nit
455 3685 549 3738 illa
594 3683 760 3756 verba
803 3700 816 3738 :
866 3683 1091 3756 fiderate
1138 3682 1427 3756 scabellunt
1450 3685 1633 3756 pedum
1665 3686 1796 3756 ejus,
1839 3699 1934 3756 per

340 3756 648 3815 scabellnm,
699 3755 818 3817 ejus
866 3753 1253 3806 humanitatem
1301 3754 1628 3821 intelligens,
1675 3753 1832 3823 quem
1863 3754 1932 3808 ibi

343 3827 704 3879 Cassiodorus
735 3824 994 3878 imitatur.
1028 3824 1288 3879 Similiter
1314 3835 1368 3878 et
1398 3823 1760 3879 Dalnascenus
1789 3824 1929 3893 (Lib.

342 3910 401 3950 tv
423 3894 755 3964 0rthod.ﬁd.
777 3911 896 3963 cap.
921 3895 985 3964 5)
1016 3895 1141 3948 dicit
1169 3909 1384 3950 carnem
1407 3895 1600 3949 Christi
1623 3910 1714 3962 per
1738 3912 1796 3959 se
1814 3911 1935 3950 esse

347 3967 778 4028 inadorabitem;
826 3977 882 4020 ut
929 3973 1108 4018 autem
1146 3964 1328 4034 ‘Yerbo
1369 3967 1729 4034 conjunctam,
1774 3967 1933 4020 simul

346 4037 541 4090 eadem
589 4037 907 4091 adoratione
951 4034 1076 4090 coli.
1127 4032 1252 4089 Non
1302 4037 1432 4089 enim
1454 4032 1481 4102 ,“
1503 4037 1694 4104 inquit,
1727 4053 1935 4090 carnem

347 4107 546 4160 nudam
573 4107 876 4172 adoramus,
903 4108 993 4160 sed
1015 4121 1222 4160 carnem
1253 4106 1368 4172 Dei,
1397 4107 1454 4160 id
1477 4117 1570 4169 est,
1613 4107 1935 4160 incarnatnm

355 4176 607 4232 Verbum.
655 4179 747 4231 llis
772 4177 980 4232 accedit
1004 4177 1288 4231 concilium
1319 4177 1691 4232 Tridentinum
1722 4177 1829 4247 (ss.
1870 4178 1936 4233 15

348 4263 466 4316 cap.
493 4248 590 4302 εει
612 4263 728 4300 ean.
746 4248 828 4315 5),
851 4247 1114 4302 deﬁniens
1140 4247 1492 4303 Eucharistia:
1513 4261 1933 4313 sacramentum,

353 4329 574 4388 propter
591 4320 889 4388 divinitatis
905 4329 956 4373 et
988 4321 1330 4373 humanitatis
1343 4316 1541 4373 Christi
1572 4323 1933 4388 praesentiam,

347 4386 570 4444 adorari
603 4390 757 4442 lati-ia
788 4407 801 4442 :
836 4386 1062 4460 Nullus,
1095 4391 1188 4451 ait,
1214 4389 1484 4442 dubitandi
1514 4390 1654 4444 locus
1683 4386 1936 4460 relinqui-

351 4468 456 4530 tur,
495 4466 622 4530 quin
666 4476 840 4514 omnes
884 4458 1078 4513 Christi
1120 4460 1297 4528 fideles
1326 4477 1416 4527 pro
1442 4476 1578 4513 more
1603 4462 1653 4514 in
1683 4458 1936 4515 cathorica

350 4527 589 4584 Ecclesia
622 4541 844 4598 recepto,
873 4531 1039 4585 (atria:
1066 4527 1262 4584 cultum
1279 4571 1294 4592 ,
1321 4531 1407 4600 qui
1427 4547 1542 4584 vero
1569 4533 1674 4592 Deo
1703 4531 1935 4595 debetur,

349 4600 474 4655 huic
498 4602 823 4654 sanctissimo
849 4611 1173 4655 sacramento
1202 4601 1254 4653 in
1286 4604 1603 4656 veneratione
1627 4603 1894 4655 exhibeant
1917 4618 1938 4656 :

349 4685 515 4738 neque
535 4673 672 4726 enim
718 4671 836 4726 ideo
865 4674 1032 4727 minus
1065 4685 1138 4726 est
1177 4672 1520 4735 adorandum,
1561 4672 1698 4740 quod
1728 4675 1881 4740 fuerit
1906 4690 1937 4726 a

2019 2059 2225 2112 divina:
2275 2058 2605 2126 majestatis,
2655 2059 2813 2125 cujus
2841 2059 3040 2110 cultum
3073 2067 3127 2111 et
3168 2059 3526 2113 reverentiam
3560 2061 3612 2112 in

2019 2131 2137 2197 ejus
2168 2146 2402 2195 corpore
2428 2140 2480 2183 et
2512 2130 2810 2197 sanguine,
2841 2128 3108 2192 SlClilt'gt)
3147 2139 3396 2182 eoiuactu
3429 2141 3484 2183 et
3512 2147 3614 2184 usu

2023 2203 2211 2254 violat.
2247 2203 2428 2252 Altera
2465 2203 2598 2253 ratio
2629 2207 2747 2268 est,
2779 2199 2918 2259 quod
2951 2200 3001 2250 in
3035 2200 3342 2252 deferendis
3391 2202 3614 2254 honori-

2024 2271 2122 2324 bus
2154 2271 2446 2337 reSpicitur
2487 2285 2729 2336 personze
2763 2268 2995 2334 dignitas
3037 2287 3048 2320 :
3087 2268 3200 2321 lucc
3247 2279 3424 2323 autem
3473 2275 3616 2325 aesti-

2024 2352 2201 2394 matur
2229 2359 2292 2395 ex
2322 2356 2417 2398 eo.
2449 2342 2590 2408 quod
2637 2348 2724 2393 est
2765 2341 3000 2392 nobilius
3047 2351 3209 2409 atque
3243 2345 3608 2406 przestantius.

2023 2414 2288 2478 Quoniam
2315 2428 2447 2481 ergo
2474 2412 2672 2465 Christi
2707 2426 2954 2476 personae
2983 2411 3227 2476 dignitas
3258 2415 3308 2463 in
3349 2428 3414 2464 eo
3447 2415 3616 2476 potis-

2025 2485 2216 2536 simum
2247 2486 2497 2536 cons.stit
2526 2482 2666 2549 quod
2701 2482 2841 2534 Deus
2869 2481 2956 2544 sit,
2990 2482 3042 2533 in
3071 2497 3136 2534 co
3165 2481 3483 2535 honorando
3515 2487 3614 2538 hoc

2028 2554 2297 2608 debemus
2323 2554 2626 2617 attendere,
2659 2569 2762 2606 non
2792 2563 2968 2604 autem
2996 2552 3044 2604 id
3069 2552 3266 2610 solum.
3301 2557 3439 2618 quod
3475 2555 3618 2622 igno.

2027 2625 2190 2678 bilius
2222 2635 2304 2677 est
2341 2642 2352 2676 :
2387 2626 2617 2692 ideoque
2657 2624 2747 2688 qui
2777 2622 3054 2674 Christum
3088 2625 3378 2677 honorare!
3410 2636 3615 2678 tantum

2029 2707 2084 2747 ut
2116 2695 2388 2748 hominem
2433 2694 2710 2764 pra-nerito
2743 2693 2862 2758 ejus
2893 2693 3084 2746 divina.-
3114 2696 3409 2764 majestatis
3438 2701 3617 2749 Consi-

2028 2766 2334 2827 deratioiie,
2361 2769 2404 2818 is
2427 2763 2670 2831 dignitati
2698 2779 2943 2830 person?)
2973 2763 3223 2834 iujuriam
3253 2769 3430 2832 potius
3457 2784 3614 2834 quam

2029 2836 2293 2891 honorem
2329 2839 2614 2905 irrogaret,
2634 2835 2857 2902 perinde
2886 2845 3048 2906 atque
3078 2833 3120 2886 si
3149 2836 3269 2906 quis
3299 2838 3613 2906 episcopum

2030 2919 2316 2961 veneretur
2341 2908 2708 2960 taiitumtuodo
2738 2914 2793 2957 ut
2822 2905 3016 2956 artium
3047 2905 3381 2971 magistrum.
3408 2905 3525 2974 Quo
3559 2913 3616 2960 tit

2030 2983 2190 3032 ctiam
2240 2989 2326 3041 ut,
2359 2980 2608 3044 quamvis
2659 2976 2912 3029 Christus
2962 2977 3267 3043 interpellet
3315 2994 3411 3045 pro
3462 2981 3618 3031 nolus

2031 3050 2169 3116 apud
2203 3049 2436 3109 Patrem.
2463 3050 2588 3116 quia
2622 3057 2801 3118 tamen
2843 3047 3116 3118 invocatio
3148 3064 3249 3113 qua
3283 3051 3426 3102 illius
3458 3067 3612 3118 opt-nt

2034 3119 2388 3187 imploramus
2422 3119 2642 3172 honoris
2673 3117 3032 3181 Ofﬁciumest,
3069 3117 3241 3172 honor
3273 3133 3453 3173 autem
3488 3117 3614 3188 spc-

2032 3202 2141 3243 emt
2173 3190 2221 3242 id
2269 3191 2408 3257 quod
2445 3201 2528 3243 est
2569 3190 2621 3241 in
2655 3204 2888 3256 persona
2921 3192 3292 3257 pra'stantitts.
3331 3207 3438 3243 non
3471 3204 3619 3245 recte.

2035 3260 2246 3330 dicatur
2273 3256 2487 3314 Cltri-to
2508 3277 2521 3313 :
2542 3261 2647 3312 Ora
2665 3276 2758 3330 pro
2784 3259 3078 3320 nobis,sed,
3103 3256 3208 3311 Fili
3243 3261 3352 3323 Dei,
3381 3264 3619 3316 miserere

2035 3329 2196 3383 nobis.
2229 3332 2320 3384 Est
2349 3341 2608 3398 praeterea
2644 3329 2959 3397 notandum,
2994 3330 3412 3398 propositionem
3444 3333 3615 3399 illam,

2036 3400 2291 3454 Christum
2314 3419 2412 3455 non
2439 3412 2714 3474 propter-se
2743 3401 3032 3474 colendum,
3060 3416 3182 3455 esse
3223 3403 3620 3471 amphibologi-

2035 3486 2174 3535 eam,
2202 3481 2256 3526 et
2280 3472 2661 3538 posse'habere
2688 3472 2952 3538 duplicem
2980 3485 3194 3524 sensum
3228 3476 3491 3527 :alteruui
3519 3475 3621 3528 Nc-

2033 3545 2329 3596 storiauum
2362 3554 2414 3596 et
2443 3543 2777 3608 haereticutu,
2809 3557 3000 3610 nempe
3031 3540 3306 3596 Christum
3357 3561 3460 3598 non
3495 3561 3621 3613 prn-

2037 3627 2155 3681 pter
2180 3629 2238 3668 se
2261 3616 2571 3677 colendum,
2600 3613 2745 3667 cultu
2770 3613 2978 3666 sciliret
3009 3613 3208 3677 lati-im,
3243 3615 3333 3683 qui
3377 3618 3474 3668 soli
3510 3618 3620 3669 Deo

2035 3685 2283 3750 debetur,
2311 3695 2364 3739 et
2392 3686 2646 3754 quianon
2680 3683 2823 3736 Deus
2856 3683 2989 3749 ipse,
3018 3684 3110 3736 sed
3145 3699 3307 3752 purus
3337 3687 3494 3739 homo
3525 3686 3616 3754 sit,

2034 3756 2170 3808 alius
2201 3771 2227 3808 a
2262 3757 2388 3819 Deo,
2437 3757 2533 3820 ipsi
2588 3768 2764 3806 tamen
2798 3763 2950 3805 arcte
2991 3754 3306 3821 conjunctos
3349 3771 3362 3807 :
3411 3757 3621 3811 ratione

2034 3828 2189 3890 cujus
2215 3825 2610 3894 conjunctiouis
2643 3839 2748 3876 non
2795 3825 3186 3894 substantialis,
3217 3826 3311 3877 sel
3356 3826 3616 3880 acciden-

2035 3898 2180 3959 talis,
2212 3893 2371 3950 simitl
2406 3898 2518 3964 ipse
2546 3897 2707 3949 homo
2742 3908 2861 3945 cum
2898 3893 3004 3946 Deo
3030 3894 3320 3957 Coleretur,
3354 3902 3409 3948 rt
3429 3898 3621 3950 similis

2035 3968 2314 4029 cujusdam
2354 3965 2721 4021 venerationis
2769 3964 3037 4033 particeps
3081 3973 3248 4018 esset.
3294 3968 3468 4033 Atque
3519 3970 3622 4020 hoc.

2036 4050 2198 4089 sensu
2229 4053 2349 4091 eam
2382 4036 2804 4104 prOposilionem
2835 4034 3225 4088 damnaverunt
3254 4035 3464 4101 Patres,
3494 4040 3621 4106 quia

2037 4106 2308 4162 Chrismm
2341 4108 2605 4162 divideret
2634 4116 2686 4161 et
2729 4121 2759 4160 a
2789 4106 2900 4160 Deo
2929 4117 3226 4174 separaret,
3278 4119 3335 4161 ut
3374 4119 3520 4176 patet
3555 4127 3622 4164 ex

2037 4178 2217 4232 dictis.
2265 4180 2418 4238 Alter
2447 4194 2638 4233 sensus
2667 4177 2968 4232 catholicus
3007 4187 3059 4230 et
3087 4193 3252 4231 verus
3289 4197 3300 4232 :
3343 4179 3619 4234 Christum

2037 4249 2314 4304 hominem
2344 4265 2448 4304 non
2492 4258 2709 4319 propter
2739 4265 2796 4303 se
2841 4248 3124 4302 colendum
3159 4257 3214 4302 et
3245 4249 3577 4305 adorandum
3606 4295 3621 4315 ,

2037 4320 2090 4374 id
2135 4328 2244 4384 est,
2273 4321 2482 4374 ratione
2514 4319 2862 4373 humanitatis
2894 4332 3027 4380 sure,
3061 4319 3156 4372 sed
3189 4323 3399 4375 ratione
3427 4322 3624 4376 divina:

2040 4391 2367 4462 hypostasis.
2393 4392 2444 4462 in
2466 4407 2566 4458 qua
2588 4390 2836 4444 subsistit
2858 4392 3090 4448 humana
3117 4399 3328 4462 natura,
3359 4395 3474 4446 sive
3496 4393 3622 4462 quia

2037 4461 2179 4517 idem
2211 4477 2368 4516 verus
2399 4461 2541 4515 Deus
2570 4471 2622 4514 et
2645 4463 2805 4514 homo
2834 4472 2940 4524 est;
2972 4470 3030 4514 ut
3057 4469 3164 4513 tota
3189 4461 3327 4515 ratio
3353 4461 3627 4518 adoratio-

2037 4533 2124 4588 nis
2154 4531 2616 4602 Christodehitaz.
2661 4547 2765 4585 non
2798 4547 2868 4585 ex
2901 4531 3012 4602 ipsa
3043 4532 3396 4596 humanitate,
3431 4535 3526 4588 sed
3559 4552 3626 4588 es

2038 4604 2319 4658 divinitate
2341 4601 2520 4657 eidem
2542 4603 2686 4655 unita
2712 4601 3014 4667 spectetur:
3041 4617 3106 4658 ex
3139 4619 3242 4670 qua
3271 4607 3471 4658 unione
3498 4606 3631 4658 ado~

2042 4676 2179 4728 ratio
2209 4675 2426 4730 Christo
2447 4674 2708 4735 exhibita,
2730 4675 2780 4728 in
2812 4673 2982 4741 ipsam
3016 4673 3402 4729 humanitatem
3431 4676 3631 4730 redun-

351 4724 558 4815 Christo
593 4724 842 4815 D_omin_o,
1285 4724 1592 4796 institutu'm'.
1968 4724 2016 4784 D

351 4814 594 4883 eumdem
625 4811 784 4866 Deum
819 4823 1111 4876 pra'sentem
1139 4814 1192 4866 in
1217 4829 1275 4866 eo
1301 4815 1478 4868 adesse
1497 4814 1770 4877 credimus,
1792 4831 1939 4883 quem

353 4881 516 4937 Pater
543 4893 770 4937 retentus
799 4885 1128 4938 introducens
1171 4884 1223 4937 in
1255 4888 1427 4937 orbem
1465 4894 1737 4947 terrarum,
1769 4881 1889 4938 dicit
1921 4902 1941 4940 :

357 4953 423 5025 ξι
448 4954 668 5025 adorent
691 4970 1000 5025 causamnes
1030 4955 1198 5023 angeli
1225 4954 1317 5007 Dei
1335 4953 1506 5021 (Psal.
1532 4971 1670 5014 xcvi.
1699 4955 1855 5008 IItbi‘.
1879 4959 1940 5025 ι).

355 5023 518 5096 Quem
541 5019 686 5093 Magi
714 5023 1040 5096 procidentes
1070 5019 1443 5090 admoverunt;
1472 5042 1623 5095 quem
1652 5026 1869 5094 denique
1891 5019 1944 5082 in

354 5092 576 5168 Caldam
597 5092 661 5148 ab
681 5092 936 5168 apostolis
963 5098 1232 5168 adoratum
1258 5098 1413 5168 fuisse
1435 5092 1704 5168 Scriptura
1733 5092 1944 5152 tes'att;r

355 5164 544 5239 (Matt.
573 5182 641 5230 lt;
671 5164 824 5221 Matt.
851 5183 1044 5239 sttuit;
1069 5165 1199 5222 Luc.
1226 5164 1345 5220 χιιιν
1365 5165 1405 5239 ).
1437 5164 1563 5222 Ila-ti
1591 5169 1682 5222 ibi.
1715 5169 1790 5221 Ex
1823 5171 1942 5239 qui-

357 5237 456 5292 bus
486 5238 842 5308 intelligimus
889 5238 939 5292 in
983 5251 1323 5292 sacramento
1355 5237 1554 5292 Altaris
1583 5254 1687 5292 non
1726 5237 1936 5294 adorari

354 5309 696 5363 solummodo
723 5308 920 5362 Christi
969 5309 1301 5363 divinitatem
1326 5348 1340 5372 ,
1373 5308 1465 5362 si-d
1495 5314 1656 5362 etiam
1691 5311 1939 5365 humani-

359 5388 539 5441 tatem.
570 5383 714 5434 circa
742 5395 903 5449 quam
936 5383 1177 5447 proxime
1201 5390 1486 5434 exercetur
1508 5382 1752 5434 adorntio
1782 5399 1795 5434 :
1833 5393 1943 5435 tra-

356 5459 464 5520 ctat
482 5450 750 5520 siquidem
778 5451 1033 5505 sacerdos
1063 5450 1274 5505 Domini
1304 5465 1521 5520 corpus.
1557 5467 1662 5505 non
1691 5462 1746 5505 ut
1771 5451 1945 5506 homi-

311 5561 318 5568 .
357 5519 440 5592 nis
468 5519 702 5592 tantum,
749 5521 845 5575 sed
880 5530 936 5576 ut
980 5537 1109 5576 vere
1148 5531 1254 5590 est,
1306 5519 1472 5591 ipsius
1503 5522 1626 5589 Dei;
1659 5526 1943 5592 omnisque

357 5589 444 5644 illa
471 5591 718 5648 adoratio
751 5607 865 5664 non
909 5592 1242 5664 adDuliam,
1271 5589 1366 5647 sed
1407 5592 1474 5647 ad
1511 5593 1749 5664 Latriam
1778 5589 1947 5664 perti-

357 5676 484 5740 nere
521 5663 794 5740 censenda
828 5673 934 5740 est.
963 5663 1118 5720 Unde
1145 5664 1438 5734 Apostolus
1483 5663 1614 5719 dicit
1658 5663 1822 5728 eum.
1851 5667 1940 5740 qui

357 5732 576 5808 indigne
613 5734 811 5808 accipit
837 5736 940 5808 hoc
958 5732 1383 5808 schaméntum,
1411 5751 1552 5790 reum
1578 5751 1690 5808 esse
1716 5732 1947 5808 corporis

357 5813 402 5856 ιι
427 5801 699 5868 sanguinis
731 5801 942 5860 Domini
965 5804 1023 5878 (1
1053 5802 1176 5863 Cor.
1210 5804 1288 5878 si)
1325 5824 1335 5859 :
1378 5821 1528 5862 reum
1561 5807 1772 5862 scilicet
1807 5801 1948 5862 laesa:

2043 4817 2231 4870 dicunt
2286 4816 2496 4878 Patres,
2555 4815 2942 4868 hun'tanitatcm
2998 4831 3092 4869 seu
3149 4831 3367 4872 carnem
3427 4817 3629 4872 Christi

2040 4887 2370 4940 adorandam
2419 4901 2560 4946 e~se.
2593 4902 2700 4939 non
2733 4888 2960 4939 seorsim
2994 4887 3418 4952 consideratam,
3448 4887 3542 4942 sed
3571 4897 3627 4945 ut

2045 4959 2248 5012 auitam
2283 4957 2481 5021 Verbo,
2506 4967 2607 5010 etc.
2641 4957 2867 5010 l'roindc
2887 4971 3007 5010 cum
3033 4959 3111 5010 sic
3137 4973 3356 5011 oramus
3387 4959 3636 5016 oratione.

2045 5029 2322 5086 Ecclesiae.
2350 5029 2532 5080 Anima
2576 5025 2790 5089 Christi,
2821 5028 3090 5096 sanctiﬁca
3119 5045 3217 5094 me,
3253 5044 3360 5083 non
3391 5031 3629 5095 postula-

2047 5116 2164 5153 mus
2191 5117 2217 5150 a
2251 5101 2364 5152 sola
2393 5097 2566 5152 anima
2601 5110 2872 5166 tamquam
2898 5097 2967 5150 ab
2998 5111 3217 5154 auctore
3244 5100 3630 5155 sanctiﬁcatio-

2048 5187 2192 5234 nem,
2222 5186 2338 5238 qua:
2388 5181 2468 5223 cst
2507 5184 2644 5238 opus
2676 5169 2770 5224 Dei
2794 5211 2810 5236 ,
2857 5168 2950 5224 sed
3001 5169 3070 5223 ab
3107 5169 3223 5238 ipso
3247 5169 3486 5235 Christo,
3535 5187 3628 5241 per

2044 5244 2295 5295 meritum
2343 5242 2537 5295 animm
2591 5242 2758 5304 ipsius
2807 5258 2819 5295 :
2881 5241 3021 5294 sicut
3073 5249 3233 5295 etiam
3285 5256 3314 5294 a
3368 5246 3631 5310 sanguine

2043 5313 2211 5380 ipsius
2236 5313 2486 5380 petimus,
2523 5321 2584 5366 ut
2607 5311 2788 5364 abluat
2821 5327 2940 5372 nos.
2975 5311 3076 5365 hoc
3099 5320 3204 5374 est,
3227 5312 3295 5364 ab
3323 5311 3445 5381 ipso
3475 5315 3628 5367 Chriv

2043 5393 2151 5448 sto,
2186 5399 2280 5451 per
2307 5384 2556 5436 meritum
2605 5383 2893 5451 passionis,
2928 5381 2980 5436 in
3013 5398 3114 5451 qua
3149 5386 3462 5451 sanguini-ni
3492 5386 3627 5439 ellu-

2045 5453 2147 5519 dit,
2177 5465 2266 5508 aut
2299 5469 2392 5521 per
2421 5464 2817 5507 sacramentum
2846 5453 3066 5518 Altaris,
3107 5455 3208 5521 sub
3235 5471 3342 5518 quo
3372 5459 3544 5506 anituii
3577 5465 3628 5508 et

2045 5527 2266 5593 sanguis
2291 5520 2504 5595 etjcaro
2530 5524 2648 5592 ejus
2678 5527 3022 5579 continentur
3051 5520 3208 5594 (σιώ,
3251 5524 3478 5595 l’asqms
3500 5543 3548 5578 ιη
3576 5542 3630 5583 ni

2047 5612 2125 5664 p.,
2150 5596 2284 5666 disp.
2311 5594 2401 5663 96,
2435 5610 2488 5666 ᾳ.
2513 5595 2598 5662 5).
2633 5600 2698 5666 At
2724 5595 2792 5647 de
2823 5594 2904 5648 his
2928 5594 3087 5666 satis.

2123 5673 2149 5702 ἰ
2181 5663 2490 5721 'l‘hcodochi
2538 5665 2716 5735 potius
2747 5681 2905 5733 quam
2954 5663 3212 5721 Theotoci
3257 5663 3360 5719 hoc
3393 5667 3508 5718 loco
3554 5667 3629 5719 le-

2053 5737 2284 5806 gendum
2348 5737 2597 5790 admouet
2659 5738 2766 5802 ipsa
2822 5738 2993 5791 series
3035 5747 3338 5792 contextus.
3385 5737 3670 5804 Explicat

2057 5809 2198 5863 enim
2232 5808 2318 5878 qui
2353 5816 2476 5862 sunt
2500 5806 2777 5878 Θιοεόχοι,
2813 5807 3154 5874 Τιιετιάυριιῐ,
3192 5807 3240 5861 id
3265 5820 3367 5871 est,
3402 5823 3556 5860 susce
3599 5832 3623 5848 -
