4040 6182
422 333 515 387 HI

1731 334 2009 391 JOANNIS
2046 335 2356 392 CASSIANI

3579 342 3680 400 ιη

416 445 507 514 qui
558 460 661 501 non
712 454 997 517 utrumque
1054 453 1402 501 memoraret.
1434 443 1589 512 Quod
1625 446 1742 517 ipso
1770 461 1984 517 quoque
2018 448 2067 506 Α
2096 447 2284 502 ortus?
2313 449 2518 503 scilicet
2548 449 2669 516 quia
2699 447 2837 503 idem
2872 449 2927 504 in
2952 449 3165 505 homine
3194 466 3366 522 nuper
3392 462 3563 519 ortus,
3587 458 3681 527 qui

416 540 705 608 Apostolus
733 538 859 594 alibi
889 537 1296 593 evidentissima
1323 555 1335 590 :
1365 546 1388 573 κ
1416 536 1572 592 lesus
1600 539 1766 605 enim,
1795 538 1988 608 inquit,

392 631 650 684 Christus
680 629 791 683 heri
819 638 867 682 et
897 628 1069 696 hodie,
1097 630 1206 697 ipse
1241 637 1287 683 et
1324 630 1376 683 in
1417 628 1608 685 swcula
1630 629 1819 702 (Hebr.
1848 631 1987 698 xut).

398 721 527 775 'ﬂoc
552 730 633 774 est
666 718 797 774 illud
819 718 1003 789 utique
1022 718 1164 788 quod
1189 720 1469 790 superiore
1490 720 1798 777 testimonio
1819 719 1988 774 dixit:

413 812 550 881 quod
603 820 720 865 erat
765 827 796 864 a
844 811 1125 882 principio,
1183 810 1286 867 hoc
1346 829 1530 866 manus
1574 822 1760 868 nostra:
1809 812 1989 885 palpa-

410 915 609 959 t'cruttl.
644 904 759 960 Non
793 905 917 976 quia
953 905 1163 975 palpari
1194 906 1423 975 spiritus
1452 922 1547 976 per
1591 920 1650 962 se
1681 905 1871 974 possit,
1896 903 1991 959 sed

408 997 540 1066 quia
593 996 827 1051 Verbum
852 996 1062 1051 scilicet
1101 1010 1226 1051 caro
1259 994 1457 1051 factum
1490 995 1542 1049 iu
1591 994 1813 1050 homine
1851 1008 1989 1063 quo-

378 1086 696 1142 -'1l.tmmodo
745 1086 834 1141 cui
889 1087 1096 1141 unitum
1156 1086 1332 1142 fuerat
1378 1087 1715 1157 palpzubatur.
1766 1085 1830 1139 Et
1872 1084 1992 1138 ideo

409 1180 549 1236 idem
572 1181 741 1235 Iesus
759 1177 871 1231 heri
892 1186 937 1231 et
967 1177 1141 1245 hodie,
1174 1176 1226 1232 id
1253 1186 1355 1245 est,
1382 1180 1519 1232 idem
1543 1185 1672 1233 ante
1699 1175 1988 1232 exordium

412 1270 594 1325 mundi
625 1270 715 1341 qui
750 1269 1022 1333 incarne;
1056 1266 1195 1323 idem
1233 1270 1283 1322 in
1314 1268 1614 1338 prmterito,
1642 1267 1731 1336 qui
1764 1266 1817 1321 in
1848 1281 1991 1337 prte-

408 1362 580 1427 senti;
615 1360 755 1415 idem
784 1374 999 1430 quoque
1028 1358 1188 1414 etiam
1226 1360 1277 1412 in
1307 1359 1526 1423 sucula,
1551 1358 1673 1427 quia
1708 1356 1846 1412 idem
1891 1372 1986 1426 per

407 1455 608 1517 omnia,
640 1452 731 1523 qui
754 1460 880 1509 ante
910 1451 1211 1507 omnia..Et
1231 1452 1333 1508 hoc
1364 1460 1531 1507 totum
1552 1450 1808 1505 Dominus
1830 1449 1991 1506 Iesus

407 1546 671 1600 tlhristos.

1009 1613 1238 1671 CAPUT
1266 1613 1389 1669 ὛΠ.

388 1708 635 1763 .-liursum
662 1709 884 1762 ostendit
912 1724 974 1762 ea:
1018 1708 1380 1779 conjunctione
1429 1705 1653 1758 duarum
1688 1703 1743 1779 in
1776 1701 1990 1779 Christo

478 1791 776 1832 naturarum
824 1780 875 1831 in
906 1793 1059 1832 unam
1107 1773 1411 1845 personam,
1438 1791 1497 1829 ea
1535 1789 1652 1844 qua:
1679 1773 1872 1845 divina:
1894 1789 1988 1825 na-

476 1861 602 1903 turre
631 1858 944 1915 competunt,
973 1841 1166 1901 homini
1187 1863 1204 1912 ;
1230 1857 1276 1900 et
1296 1841 1410 1917 que
1436 1841 1695 1911 tantum,
1717 1841 1826 1898 Deo
1846 1851 1987 1896 recte

476 1919 872 1971 accommodari.
1702 1968 1707 1971 .

474 1934 872 1972 accommoaart.

477 2008 542 2062 Et
585 2011 853 2079 q':0mudo
880 2008 1020 2063 idem
1066 2016 1187 2061 ante
1219 2006 1400 2061 mundi
1444 2018 1652 2074 ortum,
1686 2005 1777 2076 qui
1811 2018 1981 2073 nuper

2096 550 2220 593 ante
2251 550 2427 599 ortum
2479 540 2718 594 omnium
2753 541 2915 596 Deus.
2962 541 3030 597 Et
3059 542 3178 597 ideo
3205 543 3458 599 Christus
3507 555 3680 601 totum

2097 630 2404 684 nominatur
2431 629 2573 701 quod
2612 631 2783 695 Deus,
2814 630 2938 700 quia
2983 639 3127 685 tanta
3158 644 3241 687 cst
3273 634 3475 689 Christi
3501 647 3554 690 et
3586 637 3679 693 Dei

2094 720 2274 774 unitas
2293 760 2307 786 ,
2331 729 2389 775 ut
2421 734 2577 774 nemo
2606 721 2787 789 utique
2810 721 2920 790 jam
2953 723 3175 778 omnino
3196 726 3370 793 possit
3408 727 3492 782 vel
3521 726 3681 784 Chri-

2096 822 2235 867 stum
2265 812 2453 867 dicens
2478 826 2581 866 non
2612 812 2779 867 Deum
2803 813 2858 868 in
2886 812 3088 869 Chriin
3118 817 3335 871 nomine
3355 818 3560 885 dicere,
3591 822 3676 877 vel

2096 903 2262 958 Deum
2295 903 2483 957 dicens
2516 917 2621 957 non
2662 903 2937 959 Christum
2984 905 3036 959 in
3070 905 3163 960 Dei
3207 907 3424 963 nomine
3473 925 3683 966 nuncu-

2098 1010 2249 1063 pare.
2284 996 2361 1050 Ac
2402 998 2480 1050 sic
2511 996 2665 1050 unito
2710 996 2814 1051 sibi
2860 998 3075 1067 penitus
3104 1013 3200 1068 per
3227 1000 3562 1072 maiestatem
3592 1020 3680 1059 sa-

2094 1102 2200 1142 cra:
2247 1086 2545 1142 nativitatis
2594 1086 2881 1158 utriusque
2933 1088 3249 1145 substantiae
3297 1106 3675 1161 sacramento,

2094 1177 2354 1248 quidquid
2394 1187 2543 1242 erat,
2594 1179 2806 1234 scilicet
2851 1178 3014 1234 homo
3046 1188 3103 1236 et
3141 1181 3316 1250 Deus,
3346 1184 3542 1240 factum
3592 1198 3678 1242 est

2095 1279 2267 1324 telum
2300 1269 2465 1325 Deus.
2494 1268 2644 1326 Unde
2676 1271 2965 1339 Apostolus
2988 1272 3186 1327 Paulus
3210 1275 3402 1331 videns
3426 1278 3677 1334 revelatis

2099 1361 2219 1416 fidei
2248 1361 2422 1415 oculis
2456 1368 2624 1414 totum
2659 1362 2710 1415 in
2741 1359 2957 1417 Christo
2999 1362 3390 1432 inexplicabilis
3421 1367 3673 1437 majesta-

2096 1452 2162 1506 tis
2186 1467 2462 1519 arcanum,
2491 1450 2560 1505 ita
2588 1452 2799 1507 locutus
2829 1460 2944 1517 est,
2968 1452 3204 1508 invitatis
3234 1455 3299 1508 ad
3331 1456 3672 1515 referendam

2094 1544 2207 1598 Deo
2255 1543 2482 1613 gratiam
2511 1584 2525 1608 ,
2555 1554 2917 1613 agnoscentes
2960 1543 3219 1599 beneficia
3268 1547 3359 1601 Dei
3404 1550 3671 1619 populos:

2086 1633 2298 1689 'Gratias
2325 1677 2339 1702 ,
2371 1636 2541 1705 inquit
2567 1678 2581 1703 ,
2612 1647 2820 1705 agentes
2863 1634 3040 1702 Patri,
3073 1638 3162 1707 qui
3193 1638 3381 1710 dignos
3424 1659 3516 1696 nos
3555 1646 3675 1714 fecit

2094 1727 2327 1795 portione
2361 1725 2514 1781 sortis
2544 1736 2838 1781 sanctorum
2883 1729 2937 1780 in
2967 1727 3179 1795 lumine,
3215 1730 3303 1798 qui
3349 1731 3534 1801 eripuit
3577 1749 3672 1789 nos

2022 1823 2060 1882 Β
2092 1818 2153 1872 de
2185 1826 2435 1887 potestate
2463 1815 2808 1883 tenebrarum,
2854 1826 2901 1871 et
2933 1820 3195 1872 transtulit
3222 1820 3277 1872 in
3297 1835 3511 1890 regnum
3538 1818 3673 1877 Filii

2024 1969 2029 1974 _
2093 1910 2382 1964 dilectionis
2417 1924 2559 1977 suae,
2610 1909 2663 1962 in
2704 1924 2804 1979 quo
2852 1907 3097 1963 habemus
3138 1910 3537 1975 redemptionem
3583 1930 3675 1983 per

2088 2001 2393 2072 sanguinem
2418 1999 2615 2069 ipsius,
2647 1998 2999 2053 remissionem
3031 2008 3354 2069 peccatorum
3372 2017 3391 2066 ;
3419 1999 3446 2038 ι)
3480 2003 3569 2072 qui
3598 2011 3672 2057 est

1472 2141 1601 2196 ΑιΑ
1614 2140 1724 2194 RDl
1767 2138 1995 2196 GAZ1EI
2035 2134 2601 2192 COMMENTARIUS.

458 2268 498 2295 4'
528 2256 760 2327 Cyrillns
789 2256 1079 2327 Alexaud.:
1119 2256 1373 2327 Verbum,
1398 2254 1755 2327 inqttit,_quod
1785 2269 1848 2308 ex
1871 2251 1980 2306 Duo

375 2324 650 2398 gignitur,
676 2337 797 2382 tunc
827 2332 1028 2381 demum
1051 2326 1081 2379 J
1089 2343 1177 2379 esu
1208 2324 1398 2398 Christi
1438 2324 1840 2398 appellationem
1867 2339 1974 2376 sor-

384 2394 550 2453 titum
590 2399 950 2466 comperimus,
981 2413 1097 2451 cum
1136 2412 1199 2466 ea:
1224 2396 1439 2466 muliere
1474 2395 1769 2466 factuniest
1802 2394 1973 2466 Immo:

386 2469 512 2524 “Sed
539 2461 791 2533 quomodo
830 2468 959 2520 idem
987 2475 1060 2519 est
1086 2475 1133 2519 et
1162 2465 1292 2530 heri,
1314 2475 1360 2517 et
1397 2461 1572 2528 hodie,
1596 2474 1643 2517 et
1667 2464 1718 2515 in
1745 2461 1977 2518 swcula?

404 2555 504 2591 non
528 2537 634 2590 alia
656 2538 828 2605 utique
846 2537 1068 2599 ratione,
1098 2550 1255 2605 quam
1276 2535 1469 2599 carnis,
1501 2550 1654 2604 quam
1670 2533 1974 2605 assumpsit,

403 2624 518 2660 eum
546 2600 826 2661 Deiii’erbo
854 2600 1209 2677 conjunctione
1225 2647 1239 2671 ,
1261 2600 1589 2677 ejusdemque
1606 2604 1676 2657 ad
1704 2619 1863 2677 unum
1885 2600 1953 2677 _Fi
1968 2636 1971 2639 ι

392 2680 529 2731 lium
553 2676 813 2731 relatione.
842 2673 958 2731 Hac
981 2691 1198 2744 namque
1225 2673 1639 2728 consideratione
1656 2715 1670 2736 ,
1703 2673 1900 2727 etiamsi
1925 2682 1981 2724 ut

404 2764 555 2802 carne
575 2749 785 2801 indutus
808 2756 879 2800 est
900 2748 1070 2801 animo
1097 2746 1437 2816 concipiatur,
1469 2762 1616 2799 suam
1643 2745 1979 2816 nihilominus

394 2818 686 2871 naturalem
714 2816 1044 2871 stabilitatem
1068 2814 1316 2885 integram
1340 2831 1538 2881 semper
1562 2817 1763 2868 retinet.
1792 2814 1977 2885 Plures

403 2891 536 2941 alias
551 2887 921 2957 expositiones
939 2886 1099 2956 hujus
1121 2881 1403 2957 sententia:
1432 2883 1889 2957 \idereext‘apud
1917 2881 1976 2936 [α’.

406 2954 659 3030 ltiheram
681 2999 697 3024 ,
713 2959 797 3013 ab
819 2974 881 3013 ea
902 2954 1024 3027 quas
1045 2957 1131 3011 hic
1153 2956 1434 3025 subjicitur
1454 2954 1693 3030 nonnihil
1713 2954 1975 3030 diversas.

407 3025 540 3083 Iluic
569 3038 746 3080 tamen
784 3025 1147 3082 censentanea
1178 3036 1263 3080 est
1299 3034 1391 3078 ant
1419 3035 1566 3081 certe
1593 3025 1772 3079 affinis
1806 3038 1975 3090 expo-

406 3098 529 3150 sitio
556 3098 622 3151 D.
654 3096 929 3161 Ausa-lini,
960 3112 1118 3163 quam
1151 3096 1291 3150 idem
1332 3098 1503 3149 refert
1542 3095 1625 3148 his
1656 3095 1834 3149 verbis
1879 3092 1979 3161 (In

406 3166 979 3235 tittmmrntario-Epist.
1009 3165 1078 3217 ad
1106 3163 1401 3230 Hebrazos):
1423 3164 1546 3220 Heri
1563 3205 1576 3228 ,
1599 3165 1803 3235 inquit.
1832 3180 1979 3218 omne

406 3239 716 3308 pra’teritunt
763 3234 959 3308 tempus
983 3244 1031 3289 et
1076 3251 1222 3308 eunte
1246 3237 1469 3308 spatium
1489 3234 1815 3308 Awternilatis
1842 3234 1980 3303 quod

406 3305 525 3361 ante
554 3305 732 3360 mundi
759 3305 1013 3373 originem
1029 3306 1125 3376 fuit
1151 3306 1447 3374 signiﬁcat;
1477 3306 1650 3376 hodie,
1677 3320 1823 3357 onme
1852 3319 1981 3372 prte-

407 3394 522 3431 sens
553 3386 747 3447 tempus
763 3392 781 3440 ;
800 3376 936 3447 illud
952 3373 1121 3447 autem
1140 3415 1165 3447 ,ν
1186 3373 1294 3442 ipse
1313 3376 1434 3447 etin
1454 3373 1662 3439 Saecula,
1696 3390 1841 3447 omne
1864 3390 1983 3443 spa-

409 3450 539 3526 tium
563 3440 806 3526 temporis
835 3440 1216 3526 enin/initatis
1235 3445 1372 3525 quod
1388 3444 1632 3526 futurum
1660 3451 1768 3526 est;
1801 3440 1984 3526 Itaque

410 3516 564 3572 Jesus
583 3511 816 3572 Christus
834 3516 932 3587 fuit
958 3516 1064 3568 heri
1075 3556 1086 3587 τ
1112 3511 1305 3583 quia-in
1327 3511 1699 3587 principiocrat
1733 3511 1950 3587 Verbum
1967 3554 1980 3574 ,

398 3597 458 3640 .et
487 3588 551 3642 ab
588 3596 777 3642 aeterno
822 3582 983 3655 usque
1019 3584 1087 3638 ad
1116 3582 1291 3638 nostra
1326 3582 1687 3652 tempo'ra‘ipse
1710 3593 1806 3655 est;
1830 3582 1986 3655 hodie

411 3673 633 3727 quoque,
657 3657 711 3710 id
722 3667 819 3719 est,
836 3654 1086 3727 ianosth
1112 3665 1336 3727 tempore
1356 3657 1527 3727 erit_et
1548 3654 1834 3727 inmerita.
1862 3654 1987 3727 quia

413 3723 722 3782 carnaliter
748 3742 879 3781 mana
897 3725 986 3779 bit.
1019 3723 1166 3780 Unde
1194 3723 1241 3778 et
1274 3725 1613 3795 Apocalypsis
1643 3724 1809 3792 primo
1837 3725 1901 3775 de
1926 3738 1984 3795 eo

412 3799 635 3853 dicitur:
666 3799 766 3862 Qui
804 3806 948 3858 erat,
978 3805 1025 3849 et
1051 3795 1138 3866 qui
1167 3805 1273 3861 est,
1318 3804 1364 3849 et
1405 3793 1493 3865 qui
1509 3793 1755 3866 uenturus
1794 3803 1899 3866 est,
1933 3793 1986 3845 id

408 3878 484 3923 est
502 3911 517 3936 ,
548 3869 634 3938 qui
665 3867 871 3939 futurus
892 3876 963 3921 est
992 3863 1081 3937 per
1111 3868 1282 3939 omnia
1310 3863 1517 3939 saecula.
1562 3864 1651 3939 Sig
1674 3863 1984 3939 Aufelmus,

409 3934 570 4007 cujus
593 3934 1001 4007 expositionem
1040 3937 1319 4007 amplexus
1341 4006 1345 4007 ί
1365 3935 1579 4007 videtur
1608 3934 1948 4007 ADLThqmas
1968 3978 1982 3997 ,

407 4001 530 4061 cuin
555 4007 609 4061 in
635 4001 1029 4061 commentario
1067 4001 1225 4072 hujus
1252 4006 1351 4058 lnci
1375 4005 1446 4057 ita
1469 4004 1775 4058 concludit:
1804 4001 1868 4057 In
1892 4004 1985 4056 hoc

409 4091 531 4147 ergo
548 4077 767 4147 ostendit
791 4074 1067 4147 Apostolus
1084 4072 1913 4147 aitet-nitatem_Cltristi.Cagncus
1932 4074 1985 4126 in

409 4141 657 4198 eumdem
676 4141 851 4198 locum
870 4159 881 4195 :
903 4141 1054 4196 Jesus
1073 4143 1305 4213 Christus
1328 4142 1440 4196 heri
1467 4153 1515 4197 et
1539 4144 1708 4213 hodie,
1724 4144 1859 4213 idem
1883 4142 1991 4213 ipse

409 4215 719 4284 permanebit
745 4215 796 4267 in
816 4215 1045 4284 sacula,
1072 4212 1121 4266 id
1151 4221 1231 4265 est
1253 4253 1266 4275 ,
1294 4212 1434 4284 idem
1458 4221 1541 4266 est
1564 4212 1663 4284 qui_
1684 4212 1753 4264 ab
1778 4212 1988 4284 aiterno

413 4280 537 4346 fuit,
571 4286 674 4338 hoc
719 4284 987 4350 signiﬁcat
1025 4282 1173 4351 heri;
1200 4282 1305 4351 qui
1340 4291 1614 4351 nunccst,
1651 4280 1754 4335 hoc
1781 4281 1988 4350 signifi-

407 4362 496 4407 cat
516 4351 690 4412 hodie,
719 4349 855 4405 etin
882 4349 1099 4415 saecula,
1117 4350 1209 4418 qui
1232 4349 1577 4419 permanebit
1600 4350 1653 4405 in
1682 4349 1971 4410 aeternum.

408 4421 778 4493 Bellarmiuus
804 4421 964 4487 paulo
990 4418 1400 4493 _brCVltl8;(le.
1444 4435 1458 4473 ι
1501 4421 1582 4493 Διίιε
1615 4420 1822 4493 Christo
1855 4439 1973 4493 cap.

408 4493 460 4559 8)
492 4489 682 4544 :Jesus
716 4489 954 4543 Christus
979 4489 1111 4552 heri,
1144 4498 1192 4541 et
1228 4489 1378 4542 hodie
1406 4496 1455 4542 et
1488 4490 1545 4543 in
1567 4492 1785 4548 saecula.
1820 4493 1868 4546 id
1892 4489 1978 4549 est

347 4594 351 4599 .
410 4574 629 4625 semper
680 4559 802 4620 fttit,
857 4568 1234 4628 setnper__est,
1270 4568 1322 4628 et
1349 4573 1571 4628 semper
1607 4562 1736 4616 erit.
1767 4560 1975 4620 Similis

424 4639 496 4685 ,st
520 4629 673 4683 locus
696 4627 862 4681 llebr.
891 4642 961 4680 vn
1006 4641 1023 4682 :

413 4700 570 4771 ﬁnem
592 4701 708 4752 vita:
721 4698 940 4771 habens,
964 4694 1026 4748 Et
1055 4695 1336 4771 Joannnisv
1363 4711 1378 4750 :
1411 4695 1506 4751 llic
1523 4706 1600 4751 est
1626 4714 1776 4752 uerus
1812 4694 1982 4771 Deus,

412 4763 461 4823 et
506 4769 611 4821 vita
643 4776 861 4820 interna.
899 4763 1030 4818 Nam
1065 4766 1111 4819 si
1174 4764 1428 4819 Christus
1467 4771 1576 4820 vita
1609 4777 1811 4824 :eterna
1864 4763 1976 4836 est,

414 4852 523 4892 non
562 4847 740 4907 potest
767 4851 872 4907 non
911 4836 1079 4888 fuisse
1109 4845 1292 4907 atque
1318 4848 1444 4907 esse
1478 4836 1786 4907 etiamipse
1813 4851 1973 4895 atter-

412 4922 537 4970 nus,
564 4904 631 4961 ac
656 4906 882 4977 proinde
918 4920 1080 4957 verus
1108 4904 1271 4966 Deus,
1303 4904 1447 4970 quod
1477 4904 1714 4961 intendit
1738 4908 1970 4967 Auctor.

478 4982 506 5053 ιν
538 4982 764 5053 Propter
787 4980 1176 5053 omnimodam_,
1198 4979 1282 5053 ait
1318 4979 1740 5052 Chrysostomus
1760 5023 1773 5043 ,
1802 4981 1986 5053 simili-

406 5052 637 5108 tudinem
652 5050 708 5109 ἐι
727 5053 1091 5122 aqualitatem,
1118 5050 1317 5122 Filium
1335 5050 1480 5104 vocat
1503 5052 1799 5122 imaginem.
1828 5052 1986 5106 Chri-

405 5133 523 5177 stus
552 5125 694 5179 enim
731 5120 791 5178 ut
829 5124 919 5177 Dei
950 5121 1150 5186 Filius,
1181 5120 1379 5192 dicitur
1418 5122 1593 5192 imago
1614 5120 1830 5184 Patris,
1860 5124 1982 5192 quia

410 5192 556 5247 Patri
590 5209 685 5261 per
727 5194 907 5248 omnia
937 5192 1080 5245 simil
1106 5206 1163 5251 s.
1212 5190 1423 5245 Patrem
1467 5190 1987 5261 perfectissimam-

410 5258 743 5328 ,trmsentatts
771 5262 933 5330 (Vide
965 5262 1025 5317 S.
1047 5262 1230 5315 'I'Iwm.
1257 5277 1270 5315 t
1297 5278 1371 5327 p.,
1396 5277 1446 5330 q.
1480 5258 1569 5327 57,
1589 5271 1693 5330 art:
1718 5260 1783 5326 2)
1803 5300 1817 5325 ,
1847 5263 1988 5316 sicut

408 5332 523 5403 ipse
555 5334 686 5387 dicit
710 5352 723 5387 :
758 5329 860 5398 Qui
885 5334 1014 5387 uidet
1042 5348 1139 5403 tne,
1166 5331 1303 5385 videt
1331 5340 1377 5403 et
1408 5329 1614 5384 Patrem
1637 5329 1979 5403 (Joananv).

408 5400 509 5455 Est
537 5412 715 5457 autem
759 5402 1030 5457 invisibilis
1058 5402 1143 5457 hic
1183 5402 1402 5470 genitivi
1445 5400 1726 5464 casus,'et
1756 5400 1987 5455 refertur

408 5486 516 5525 non
546 5471 613 5527 ad
646 5474 964 5539 imaginem,
1000 5472 1092 5528 sed
1141 5473 1205 5525 ad
1246 5471 1413 5525 Deum
1464 5471 1711 5535 Patrem,
1755 5483 1812 5524 ιιι
1843 5483 1986 5540 patet

406 5557 472 5618 ex
515 5540 703 5618 Grajco
750 5545 993 5618 ἆορᾲτον.
1046 5543 1197 5598 Unde
1224 5540 1985 5618 abutebantur__A!iani_ltoe

406 5611 550 5677 loco,
582 5609 828 5667 dicentes
860 5616 959 5666 hoc
993 5628 1186 5667 nomen
1216 5609 1484 5665 invisibilis
1506 5653 1520 5679 ,
1550 5611 1651 5665 soli
1682 5611 1792 5665 Deo
1839 5610 1981 5666 Patri

404 5683 734 5747 convenire,
763 5697 869 5736 non
901 5682 1070 5744 Εἰιὶο.
1115 5682 1343 5749 proinde
1375 5681 1570 5736 Filium
1602 5695 1706 5736 non
1738 5696 1860 5736 esse
1893 5697 1984 5736 ve-

403 5757 520 5808 rum
550 5754 750 5811 Deum.
783 5766 905 5806 cum
946 5753 1248 5821 invisibilis,
1280 5752 1419 5809 inter
1445 5751 1572 5821 alia,
1602 5752 1673 5808 sit
1703 5751 1978 5821 proprium

2090 2265 2287 2305 nomen
2316 2249 2445 2319 Dei,
2473 2248 2625 2317 juxta
2672 2248 2805 2303 illud
2836 2248 3114 2314 Apostoli:
3150 2250 3461 2319 lmmortali,
3493 2253 3671 2308 invisi-

2089 2321 2199 2385 bili,
2231 2318 2474 2393 soli__Deo
2490 2318 2656 2393 honor
2675 2329 2722 2372 et
2751 2319 2920 2393 gloria
2941 2321 2982 2389 (Ι
3017 2319 3239 2374 Timoth.
3265 2322 3420 2393 1).,At
3449 2318 3670 2393 respon-

2088 2394 2284 2445 derunt
2327 2388 2922 2459 PatresFilium’dici,
2950 2388 3021 2444 et
3050 2405 3172 2445 esse
3219 2388 3666 2459 perfectissimam

2089 2460 2375 2534 imaginem
2407 2457 2502 2513 Dei
2532 2458 2852 2534 invisibilis,
2876 2459 3009 2534 quia
3040 2457 3349 2534 etiam‘ipsa
3377 2462 3554 2534 imago
3583 2473 3668 2519 est

2089 2527 2414 2595 invisibilis;
2448 2538 2532 2583 est
2578 2529 2721 2599 enim
2769 2527 3040 2582 simillima
3094 2530 3194 2595 ipsi
3235 2527 3564 2599 exemplari,
3612 2544 3671 2589 et

2092 2601 2323 2669 proinde
2346 2599 2567 2654 omnino
2591 2598 2714 2651 talis
2737 2599 2894 2662 quale
2925 2599 3121 2666 ipsum.
3141 2599 3298 2654 Unde
3318 2602 3384 2654 ad
3410 2598 3670 2659 Hebraeos

2085 2668 2322 2743 tdicitur
2340 2668 2847 2743 _sple_ndo_r_glorite,
2878 2676 2949 2743 et_
2969 2670 3137 2743 ﬁgura
3165 2669 3467 2743 substantia
3517 2675 3666 2743 ejus,

2084 2742 2307 2810 supple,
2339 2738 2551 2803 Patris;
2583 2737 3114 2810 idest,omuimhda
3145 2740 3461 2810 similitudo,
3495 2737 3554 2796 et
3570 2737 3672 2798 ex;

2085 2809 2269 2879 pressa
2293 2852 2308 2875 ,
2355 2824 2524 2879 eaque
2556 2824 2661 2879 non
2693 2809 3084 2879 accidentaria,
3130 2809 3225 2863 s'ed
3256 2812 3661 2879 substantialis;

2084 2878 2191 2935 non
2222 2880 2530 2953 imitatoria,
2564 2878 3290 2953 sed‘naturalis:_itttitat0ria
3321 2883 3465 2935 enim
3491 2878 3669 2953 imago

2086 2965 2192 3006 non
2225 2961 2310 3006 est
2334 2949 2575 3021 ejusdem
2606 2963 2731 3021 eum
2780 2949 3079 3021 exeniplari
3107 2964 3205 3021 suo
3231 2953 3507 3017 essentia;
3544 2949 3669 3021 pr'o-

2085 3020 2211 3077 inde
2236 3022 2309 3075 sic
2334 3018 2410 3074 est
2432 3018 2662 3092 Christus
2685 3018 2983 3092 imagoADei
2994 3020 3269 3092 invisibilis
3285 3062 3298 3081 ,
3323 3033 3376 3075 ut
3392 3022 3460 3075 sit
3484 3018 3668 3092 et'ipsc

2086 3092 2378 3155 invisibilis,
2399 3091 2529 3144 sicut
2555 3089 2728 3153 Pater,
2758 3089 2833 3143 ait
2853 3089 2910 3142 S.
2943 3089 3196 3143 Thomas.
3227 3093 3381 3157 Quod
3411 3091 3554 3146 enim
3579 3089 3668 3147 in-

2087 3161 2314 3217 visibilis
2340 3160 2503 3215 etiam
2537 3159 2674 3232 Filio
2708 3159 3014 3232 perindeque
3045 3158 3187 3214 Patri
3210 3161 3516 3232 conveniat,
3542 3165 3666 3232 quia

2087 3233 2338 3285 nimirum
2362 3230 2656 3301 secundum
2679 3244 2739 3283 su
2761 3245 2829 3283 um
2858 3229 3309 3301 Deitatemvideri
3334 3246 3437 3286 non
3462 3229 3661 3301 potest,

2087 3302 2188 3355 nisi
2222 3317 2281 3355 se
2308 3304 2424 3369 ipse
2445 3300 2777 3371 manifeSIet,
2807 3300 2946 3371 quod
2972 3301 3075 3371 soli
3109 3300 3219 3354 Deo
3234 3300 3529 3371 Apri-prium
3557 3313 3663 3369 est,

2088 3379 2233 3439 patet
2261 3368 2493 3425 blatthazi
2517 3370 2820 3439 undecimo,
2847 3370 2936 3424 ubi
2962 3368 3192 3439 dicitur:
3221 3368 3383 3425 Nemo
3411 3373 3546 3439 novit
3570 3368 3666 3427 Fié

2086 3436 2212 3495 lium
2239 3442 2338 3495 nisi
2360 3439 2539 3509 Pater;
2561 3456 2722 3509 neque
2742 3437 2953 3493 Patrem
2977 3436 3093 3509 quis
3114 3442 3270 3505 novit,
3292 3443 3391 3495 nisi
3402 3437 3453 3493 F
3455 3443 3593 3507 ilius,
3619 3454 3667 3498 et

2085 3513 2166 3565 cui
2186 3511 2407 3565 voluerit
2448 3507 2620 3563 Filius
2638 3507 2888 3563 reuelare.
2915 3507 2997 3563 Et
3027 3511 3381 3580 Apocalypsis
3429 3527 3522 3568 nx
3550 3530 3562 3565 :
3592 3510 3665 3568 Et

2087 3597 2272 3635 nomen
2295 3580 2446 3634 habet
2471 3581 2749 3649 scriptum,
2776 3582 2912 3649 quod
2940 3595 3084 3649 nemo
3117 3582 3287 3647 novit,
3319 3582 3420 3635 nisi
3448 3582 3586 3647 ipse,
3616 3591 3667 3638 et
3712 3613 3725 3621 ς

2088 3667 2273 3723 nomen
2299 3654 2412 3723 ejus
2440 3659 2517 3723 est
2543 3648 2778 3723 Verbum
2792 3648 2916 3703 Dei.
2949 3648 3101 3723 Unde
3128 3650 3400 3723 colligitur
3427 3650 3664 3708 Verbum

2081 3721 2185 3774 Dei
2215 3719 2336 3776 esse
2364 3720 2493 3788 quid
2543 3719 2849 3790 invisibile,
2884 3719 3099 3788 quando
3127 3720 3277 3774 solus
3301 3720 3430 3786 ille,
3464 3723 3556 3790 qui
3583 3733 3669 3779 est

2087 3790 2325 3844 Verbum
2369 3790 2489 3855 Dei,
2542 3789 2690 3843 novit
2729 3788 2854 3857 quid
2886 3790 2989 3844 hoc
3018 3790 3115 3854 sit;
3148 3805 3246 3844 nec
3274 3799 3452 3844 tamen
3481 3788 3668 3847 exclu-

2086 3860 2288 3914 duntur
2319 3859 2479 3915 Pater
2507 3869 2561 3913 et
2591 3858 2826 3928 Spiritus
2870 3868 3117 3924 sanctus,
3142 3860 3233 3929 qui
3267 3862 3511 3916 eamdem
3543 3878 3668 3919 cum

2083 3930 2585 4001 ‘Verboesgentiam
2611 3930 2966 4001 et_sci_entiam
2994 3929 3210 4001 habent.
3237 3930 3503 3986 Observat
3529 3949 3667 4001 prte-

2089 4010 2235 4071 tcrea
2254 3999 2588 4071 ‘S._T’ltomas
2629 3997 2720 4069 (In
2745 3998 3027 4071 Comment.
3071 4001 3139 4054 ad
3165 3999 3363 4054 Coloss.
3394 4002 3437 4071 I)
3470 3997 3541 4056 int
3562 4004 3669 4059 illis

2080 4070 2271 4125 verbis
2313 4068 2590 4135 Apostoli,
2614 4068 2732 4139 qua:
2763 4068 2851 4123 hic
2879 4070 3131 4133 citantur,
3165 4071 3365 4138 triplici
3391 4068 3459 4126 ex
3489 4072 3668 4139 capite
3709 4085 3716 4095 '

2090 4156 2185 4195 seu
2215 4141 2410 4211 triplici
2450 4142 2857 4211 comparatione
2895 4139 3260 4211 commendari
3290 4156 3352 4195 ac
3381 4142 3668 4211 praedicari

2089 4210 2289 4266 Christi
2331 4209 2647 4279 dignitatem
2695 4219 2749 4264 et
2779 4210 3153 4265 excellentiam
3174 4251 3190 4275 ,
3219 4210 3361 4279 quod
3386 4209 3550 4266 etiam
3598 4213 3668 4269 ad

2092 4281 2234 4335 hunc
2261 4279 2446 4350 locum,
2480 4289 2536 4335 et
2563 4294 2783 4349 scopum
2819 4280 3068 4336 Auctoris
3108 4291 3337 4350 spectat.
3369 4282 3548 4336 Primo
3578 4298 3671 4338 re-

2090 4359 2275 4419 spectu
2302 4348 2479 4404 Patris
2494 4394 2519 4421 ,ί
2539 4364 2634 4404 seu
2664 4348 3083 4420 comparatione
3122 4348 3187 4405 ad
3230 4349 3479 4417 Patrem,
3513 4355 3670 4421 cujus

2090 4432 2173 4476 est
2200 4423 2374 4491 imago
2402 4420 2812 4488 perfectissima,
2847 4421 3034 4491 sicque
3064 4421 3129 4475 ad
3165 4424 3344 4475 vivum
3375 4420 3667 4491 cxpresSa,

2091 4500 2149 4545 ut
2175 4491 2417 4544 eamdem
2466 4506 2691 4544 numero
2720 4500 2777 4545 et
2804 4498 2967 4544 totam
3015 4491 3130 4559 ejus
3161 4493 3553 4560 rontplectatur
3581 4507 3674 4547 es-

2091 4563 2322 4615 sentiam
2353 4570 2409 4615 et
2439 4570 2704 4613 naturam.
2737 4561 2986 4615 Secundo
3019 4572 3267 4623 resnectu
3294 4573 3668 4618 creaturarum

1071 4625 1248 4703 Neque
1272 4625 1486 4703 initium
1524 4630 1750 4694 dierum,
1813 4648 1978 4703 neque
2013 4636 2065 4695 D
2093 4632 2146 4703 in
2168 4644 2398 4701 genere,
2416 4645 2538 4685 cum
2562 4631 2778 4695 dicitur,
2805 4628 3184 4703 Primogenitus
3208 4633 3371 4703 omnis
3390 4641 3666 4703 creatures,

2092 4702 2144 4755 id
2169 4700 2270 4773 est,
2297 4710 2420 4755 ante
2446 4715 2658 4754 omnem
2683 4711 2985 4773 creaturam
3007 4702 3240 4773 genitus,
3265 4712 3320 4754 ut
3339 4700 3672 4773 Chrysostu-

2094 4786 2213 4826 mus
2236 4770 2654 4841 interpretatur:
2687 4772 2950 4841 nonquia
2982 4770 3049 4825 sit
3081 4771 3251 4841 prima
3283 4770 3536 4827 creatura
3558 4815 3573 4839 ,
3610 4780 3678 4829 ut

2092 4841 2311 4896 volebat
2333 4840 2522 4905 Arius,
2556 4842 2641 4896 vel
2671 4840 2814 4911 quod
2842 4840 3143 4896 creaturam
3173 4842 3238 4896 de
3266 4855 3326 4896 se
3355 4852 3539 4911 postea
3569 4842 3678 4899 Pa-

2095 4922 2178 4968 ter
2205 4913 2482 4981 genuerit,
2511 4912 2771 4982 sedsieut
2798 4912 3095 4967 secundum
3126 4912 3519 4982 humanitatem
3552 4913 3675 4982 pri—

2093 4982 2396 5052 tnngenitus
2416 4981 2602 5037 Maria:
2621 4981 2838 5049 dicitur,
2864 4996 2967 5036 non
2991 4981 3133 5051 quod
3151 4982 3288 5037 alios
3315 4981 3382 5037 de
3403 4998 3462 5038 se
3482 4981 3675 5051 postea

2095 5051 2258 5121 Virgo
2287 5052 2564 5121 genuerit,
2593 5052 2685 5105 sed
2717 5052 2838 5121 quia
2872 5067 2977 5106 non
3009 5052 3171 5105 alium
3203 5063 3326 5107 ante
3360 5054 3532 5121 ipsum
3568 5067 3673 5123 ge-

2092 5125 2237 5188 nuit;
2260 5133 2314 5174 et
2345 5124 2467 5195 quia
2495 5138 2610 5195 mos
2643 5133 2725 5177 est
2746 5123 3048 5195 Scriptura:
3071 5125 3299 5195 primum
3331 5136 3427 5195 pro
3449 5137 3554 5177 uno
3577 5138 3677 5177 su-

2094 5209 2271 5255 mere,
2303 5201 2359 5263 ut
2384 5193 2525 5246 idem
2556 5194 2637 5263 sit
2670 5193 3061 5263 primogenitus
3090 5207 3153 5263 ac
3194 5193 3532 5263 unigenitus;
3561 5208 3675 5263 qua

2091 5267 2157 5334 tle
2188 5278 2249 5334 re
2278 5261 2413 5316 intra
2439 5264 2595 5317 latius
2620 5262 2722 5333 (Ad
2749 5262 2837 5316 tib.
2864 5278 2915 5317 γι
2937 5280 3051 5331 cap.
3082 5261 3193 5334 l8).
3218 5261 3336 5327 Vel,
3369 5261 3676 5334 secundum

2092 5333 2149 5389 S.
2187 5332 2481 5395 Thomam,
2532 5332 2895 5403 primogenitae
2943 5334 3117 5403 omnis,
3152 5332 3404 5387 creatura!
3438 5333 3676 5401 dicitur,

2088 5405 2213 5471 quia
2264 5404 2343 5457 sic
2374 5419 2400 5455 a
2448 5401 2605 5458 Patre
2635 5404 2877 5473 genitus,
2910 5412 2968 5456 ut
3001 5401 3230 5457 Verbum
3265 5415 3443 5458 mente
3471 5417 3682 5459 conce-

2091 5482 2236 5542 ptum
2272 5483 2665 5541 reprresentans
2714 5487 2929 5544 omnem
2956 5480 3310 5544 creaturam,
3342 5485 3397 5529 et
3428 5485 3487 5528 ut
3514 5473 3676 5544 prin~

2089 5541 2508 5616 eipiumhomnis
2532 5541 3005 5616 creaturae.AUnd_e
3054 5545 3344 5616 Apostolus
3389 5541 3676 5616 explicans

2085 5615 2233 5683 quod
2263 5614 2502 5680 dixerat,
2536 5627 2656 5686 mox
2680 5612 2901 5686 subdit;
2938 5613 3193 5680 Quoniam
3215 5615 3266 5668 in
3298 5616 3410 5686 ipso
3456 5612 3680 5686 condita

2089 5681 2205 5753 sunt
2228 5687 2419 5748 omnia,
2444 5693 2553 5739 etc.
2582 5681 2647 5753 In
2673 5684 2807 5753 ipso,
2840 5683 2891 5738 id
2916 5693 3027 5751 est,
3053 5701 3142 5753 per
3167 5681 3362 5753 ipsum,
3390 5695 3445 5739 ut
3473 5685 3681 5753 dicitur

2088 5748 2312 5809 Joannis
2344 5755 2518 5827 primo
2544 5772 2556 5808 :
2594 5748 2784 5808 Omnia
2810 5770 2900 5827 per
2930 5748 3095 5823 ipsum
3136 5748 3277 5826 [acta
3307 5748 3455 5823 sunt,
3485 5752 3585 5810 Vel
3613 5754 3680 5808 in
