4040 6182
413 350 513 406 Ηῗ)

1431 346 1517 411 DE
1556 355 2065 413 IXCARNATIONE
2108 358 2373 415 CIIRiSTI
2418 360 2543 417 LIB.
2594 362 2652 415 V.

3585 370 3683 424 ιιι

407 468 569 535 imago
596 466 695 521 Dei
716 467 1007 538 invisibilis,
1038 471 1405 542 primogenitus
1438 472 1692 524 universis
1714 481 1995 535 creatura';
2028 479 2071 532 Α
2101 471 2220 540 quia
2251 473 2300 525 in
2336 473 2446 540 ipsa
2470 474 2781 545 complacuit
2808 491 3007 528 omnem
3030 477 3402 547 plenitudinem
3433 478 3681 548 habitare,

403 559 519 627 quia
550 558 602 610 in
628 558 741 626 ipso
765 561 971 614 condita
1006 568 1123 613 sunt
1153 562 1393 613 universa
1420 562 1470 614 in
1499 563 1634 615 cretis
1665 572 1711 613 et
1743 562 1794 613 in
1828 571 1990 626 terra,

401 649 631 702 visibilia
662 658 711 703 et
739 650 1018 704 invisibilia
1036 692 1050 713 ,
1079 652 1183 705 sive
1210 651 1413 717 throni,
1456 653 1559 705 sive
1583 652 1959 727 dominationes
1980 692 1994 716 ,

396 742 505 792 sive
526 749 839 809 potestates:
860 744 1033 795 omnia
1060 760 1150 811 per
1179 745 1344 813 ipsum
1371 753 1417 796 et
1445 744 1497 795 in
1527 744 1637 813 ipso
1667 752 1835 796 creata
1853 750 1992 806 sunt,

396 840 447 883 et
473 832 585 902 ipse
608 842 688 885 est
719 842 837 886 ante
864 851 1067 899 ontnes,
1101 845 1150 887 et
1179 836 1349 888 omnia
1377 835 1428 888 in
1468 836 1580 902 ipso
1622 843 1882 887 constant.
1928 832 1992 886 Et

397 922 512 988 ipse
540 932 615 973 est
647 932 804 988 caput
853 925 1078 993 corporis
1112 922 1359 976 Ecclesia:
1386 969 1399 991 ,
1431 924 1518 993 qui
1548 934 1621 977 est
1646 924 1989 993 principium,

397 1001 777 1084 primogenitus
822 1030 885 1067 es:
917 1018 1127 1067 mortuis
1150 1056 1163 1078 ,
1194 1029 1248 1068 ut
1278 1018 1341 1068 sit
1383 1018 1434 1068 in
1466 1016 1697 1069 omnibus
1728 1017 1836 1085 ipse
1879 1016 1989 1085 pri-

399 1118 597 1160 matum
624 1118 833 1173 tenens;
860 1110 978 1175 quia
1007 1110 1058 1161 in
1082 1112 1191 1179 ipso
1221 1111 1529 1177 complacuit
1550 1126 1749 1163 omnem
1773 1111 1993 1178 plenitu-

397 1200 576 1253 dinem
625 1200 887 1263 habitare,
921 1213 967 1254 et
1008 1218 1097 1270 per
1144 1204 1310 1269 ipsunt
1355 1201 1686 1255 reconciliare
1717 1203 1889 1255 omnia
1938 1205 1989 1253 in

396 1293 599 1361 ipsum,
629 1291 911 1360 paciﬁcans
933 1308 1025 1363 per
1049 1294 1352 1363 sanguinem
1381 1294 1549 1346 crucis
1576 1296 1722 1365 ejus,
1756 1294 1859 1346 sire
1878 1309 1993 1360 qua:

394 1383 453 1434 in
476 1383 616 1436 cretis
642 1423 657 1446 ,
684 1383 787 1435 sive
814 1399 928 1452 qua:
956 1384 1010 1437 in
1041 1385 1192 1438 terris
1217 1393 1338 1437 sunt
1368 1383 1591 1454 (Coloss.
1625 1384 1685 1455 ι).
1720 1383 1987 1452 Numquid

394 1484 455 1527 et
505 1474 608 1527 Inc
659 1474 838 1541 aliqua
884 1475 1347 1544 interpretationis
1392 1476 1698 1545 atljectione
1747 1475 1983 1544 indiget,

396 1581 523 1620 cum
558 1565 626 1618 ita
660 1565 882 1633 ςορίιιερ
905 1577 956 1620 et
985 1567 1267 1623 evidenter
1296 1582 1621 1637 expressum
1648 1569 1736 1634 sit,
1768 1577 1824 1620 ut
1851 1569 1901 1622 in
1930 1583 1989 1622 se

396 1669 509 1708 non
545 1655 722 1708 solum
756 1672 932 1710 rerum
969 1658 1127 1711 [idem
1148 1702 1162 1725 ,
1194 1658 1287 1712 sed
1318 1660 1484 1714 etiam
1510 1658 1863 1727 expositionis
1894 1660 1987 1712 ha-

396 1747 527 1800 beat
548 1748 890 1801 claritatem?
913 1748 1130 1803 Gratias
1155 1751 1297 1805 enim
1328 1765 1492 1821 agere
1524 1767 1623 1805 nos
1653 1753 1793 1806 Patri
1813 1753 1984 1821 jubet,

2099 570 2146 613 et
2193 579 2280 627 per
2320 564 2486 629 ipsum
2529 566 2861 620 reconciliare
2892 569 3062 620 omnia
3092 569 3142 620 in
3172 569 3369 640 ipsum,
3400 571 3683 642 paciﬁcans

2098 671 2189 722 per
2212 657 2514 726 sanguinem
2537 658 2703 711 crucis
2732 661 2864 729 ejus,
2894 659 2997 713 sive
3024 676 3140 730 qua:
3161 661 3213 713 in
3241 663 3407 724 caelis,
3441 664 3543 716 sive
3572 679 3684 733 qua:

2098 743 2151 795 in
2184 753 2324 798 terra
2353 754 2494 799 sunt.
2522 746 2787 815 Numquid
2817 749 3019 818 indiget
3050 753 3277 818 primatu
3310 753 3683 807 universorum

2099 834 2318 890 Creator
2341 837 2621 890 omnium?
2653 848 2744 891 aut
2773 839 3003 908 primatu
3027 857 3212 895 eorum
3244 858 3363 910 mite
3392 857 3420 896 a
3448 858 3507 898 se
3536 844 3683 898 facta

2098 936 2251 989 sont,
2282 929 2395 997 ipse
2416 929 2505 997 qui
2537 928 2698 983 fecit?
2729 933 2833 983 Aut
2866 932 3121 999 numquid
3151 932 3256 986 dici
3283 933 3351 987 de
3378 933 3556 988 Verbo
3588 948 3682 1002 μου

2100 1027 2207 1072 test
2254 1018 2395 1088 quod
2430 1019 2480 1072 in
2529 1034 2595 1074 eo
2644 1021 2733 1089 qui
2786 1019 2859 1073 sit
2903 1021 3292 1089 primogenitus
3340 1037 3403 1075 ex
3453 1025 3682 1077 mortuis

2097 1109 2486 1177 complacuetit
2508 1124 2724 1163 omnem
2756 1109 3145 1178 plenitudinem
3169 1110 3436 1174 habitare,
3460 1112 3562 1180 qui
3580 1115 3682 1193 uti-

2097 1215 2202 1270 que
2243 1201 2554 1271 unigenitus
2606 1202 2776 1257 Filius
2806 1203 2936 1268 Dei,
2974 1201 3208 1257 Vri-bum
3266 1203 3358 1257 Dei
3408 1214 3540 1259 ante
3562 1208 3679 1259 uni-

2097 1306 2251 1345 versa
2283 1307 2459 1346 rerum
2491 1293 2753 1357 exordia,
2789 1293 3003 1348 Patrem
3040 1294 3364 1348 hn'isibiletn
3402 1295 3452 1347 in
3484 1309 3543 1350 se
3581 1295 3678 1347 ha-

2096 1381 2229 1436 bens
2252 1425 2265 1449 ,
2321 1383 2393 1437 ita
2429 1383 2575 1452 prius
2602 1398 2819 1439 omnem
2870 1384 3255 1453 plenitudinem
3286 1384 3338 1439 in
3370 1399 3428 1439 se
3461 1385 3641 1440 habuit
3664 1428 3677 1446 ,

2098 1480 2319 1527 utesset
2347 1473 2463 1541 ipse
2493 1475 2734 1528 omnium
2768 1475 3087 1543 plenitudo?
3117 1476 3184 1531 Et
3213 1476 3339 1546 quid
3373 1478 3680 1545 postremo?

2098 1562 2307 1631 Omnia,
2341 1564 2546 1634 inquit,
2591 1567 2871 1636 paciﬁcans
2900 1583 2990 1636 per
3019 1568 3320 1638 sanguinem
3349 1568 3516 1622 crucis
3564 1572 3678 1640 ejus

2093 1654 2197 1707 sive
2222 1668 2335 1723 qua:
2360 1654 2414 1707 in
2441 1663 2574 1707 terra
2596 1697 2609 1719 ,
2643 1656 2750 1710 sive
2775 1672 2887 1723 quce
2916 1659 2968 1710 in
2992 1656 3131 1711 catis
3154 1668 3289 1712 sunt.
3322 1658 3680 1713 Manifestatit

2095 1744 2277 1813 utique
2318 1744 2659 1812 apertissime
2687 1744 2753 1799 de
2796 1759 2901 1815 quo
2946 1746 3185 1813 diceret,
3219 1761 3375 1816 quem
3406 1747 3675 1818 primoge-

398 1853 594 1907 magna
645 1841 829 1906 utique
870 1855 1030 1894 causa
1078 1841 1300 1909 agenda:
1344 1844 1528 1912 gratire
1561 1844 1808 1912 adjecta,
1855 1845 1979 1912 quia
2018 1851 2060 1909 Β
2096 1836 2267 1889 nilum
2310 1852 2374 1892 ex
2418 1838 2646 1892 mortuis
2696 1839 3043 1894 nominasset.
3080 1838 3346 1909 Numquid
3391 1840 3532 1894 enim
3584 1857 3678 1910 pt‘l‘

395 1929 596 1999 dignos
626 1945 725 1983 nos
778 1930 967 1984 iecerit
1008 1933 1256 1999 portione
1308 1944 1618 1987 sanctorum
1640 1976 1653 1998 ,
1687 1944 1741 1988 et
1771 1943 1987 1999 ereptos

390 2022 463 2077 de
494 2032 765 2091 poteSIate
794 2025 1141 2077 tenebrarum
1179 2026 1514 2079 transtulerit
1543 2027 1594 2079 in
1618 2041 1843 2095 regnum
1870 2024 1988 2079 Filii

393 2114 704 2170 dilectioitis
734 2132 877 2180 sure,
912 2118 960 2169 itt
998 2134 1103 2185 quo
1131 2117 1425 2171 habeamus
1471 2118 1900 2188 redemptionem
1934 2127 1989 2171 et

392 2209 783 2262 remissionem
840 2219 1221 2276 peccatorum;
1257 2209 1347 2285 qui
1378 2209 1449 2262 sit
1477 2211 1653 2278 imago
1678 2210 1770 2263 Dei
1804 2209 1987 2262 invisi-

392 2299 551 2361 bilis,
580 2300 975 2369 pritnogenitus
1006 2302 1277 2354 universa:
1300 2310 1600 2363 creatum;
1630 2301 1759 2370 quia
1787 2300 1839 2354 iu
1870 2300 1987 2368 ipso

390 2407 456 2445 ac
488 2406 585 2461 per
606 2392 781 2460 ipsum
809 2402 991 2445 creata
1021 2393 1130 2445 sint
1156 2393 1358 2453 omnia,
1385 2406 1612 2461 quorum
1641 2393 1821 2459 utique
1850 2393 1989 2447 sicut

393 2483 573 2537 factor
621 2484 757 2551 ipse,
795 2484 866 2538 ita
912 2486 1077 2538 etiam
1106 2485 1440 2553 gubernator
1486 2486 1577 2539 sit.
1614 2486 1680 2539 Et
1709 2484 1834 2555 quid
1870 2492 1990 2554 post

395 2574 552 2631 haec?
583 2573 706 2643 Ipse
729 2586 817 2641 est,
846 2576 1036 2646 inquit,
1072 2585 1221 2647 caput
1249 2580 1476 2647 corporis
1505 2576 1767 2643 Ecclesia,
1801 2578 1887 2649 qui
1916 2587 1989 2631 est

395 2668 738 2735 principium,
762 2669 1134 2737 primogenitus
1162 2685 1225 2721 ex
1248 2670 1477 2722 mortuis.
1510 2670 1759 2725 Resurte
1782 2671 1986 2726 tionem

392 2758 550 2825 (μιλςί
594 2762 1006 2828 generationem
1060 2760 1339 2828 Scriptura
1372 2760 1641 2825 nominat;
1673 2761 1797 2830 quia
1849 2763 1989 2816 sicut

394 2849 682 2918 generatio
713 2848 873 2902 vitam
905 2857 1073 2913 creat,
1107 2851 1177 2904 ita
1208 2851 1539 2905 resurrectio
1567 2861 1785 2920 generat
1814 2852 1877 2905 ad
1912 2853 1987 2905 vi-

397 2949 531 2993 tam.
563 2939 714 2995 Unde
745 2943 905 2995 etiam
932 2951 952 2976 ⁸
981 2942 1301 2994 resurrectio
1336 2943 1447 3011 ipsa
1479 2944 1819 3011 regeneratio
1850 2960 1986 2998 nun-

394 3043 647 3101 cupatur,
672 3035 1126 3089 secundum-illud
1150 3036 1359 3090 Domini
1390 3038 1790 3091 testimonium:
1825 3039 1987 3092 Amen

396 3125 517 3179 dico
558 3126 719 3189 vobis,
745 3128 883 3197 quod
914 3144 997 3182 vos
1024 3130 1108 3197 qui
1147 3131 1308 3182 secuti
1337 3129 1461 3183 estis
1503 3145 1612 3196 me,
1639 3130 1688 3182 in
1716 3146 1987 3201 regenera-

2098 1926 2256 1981 Verbi
2291 1937 2383 1982 aut
2415 1929 2651 1998 Spiritus
2689 1931 3006 1999 sanguinem
3053 1932 3396 1985 reconciliata
3437 1946 3499 1985 ac
3528 1933 3675 2000 paci-

2092 2017 2250 2073 ﬁcata
2283 2029 2405 2075 sunt
2439 2021 2658 2075 omnia?
2687 2021 2800 2076 Non
2835 2023 3038 2092 utique.
3083 2023 3268 2091 Neque
3295 2023 3438 2078 enim
3481 2026 3533 2078 in
3582 2041 3672 2079 nr

2094 2119 2268 2164 turam
2294 2112 2487 2169 cadere
2513 2112 2903 2183 impassibilem
2938 2129 3024 2169 res
3056 2116 3157 2168 ulla
3186 2115 3359 2185 potuit
3388 2116 3672 2182 pas-iouis,

2093 2211 2180 2253 aut
2216 2202 2359 2255 fundi
2388 2206 2609 2273 sanguis
2637 2206 2799 2259 valuit
2829 2207 2930 2259 nisi
2959 2207 3194 2261 hominis
3218 2249 3230 2272 ,
3262 2217 3355 2261 aut
3380 2210 3516 2262 ttori
3540 2208 3681 2262 alter

2092 2308 2252 2362 quam
2277 2293 2459 2358 homo;
2485 2306 2535 2349 et
2560 2304 2739 2350 tamen
2769 2297 2907 2350 idem
2936 2298 3023 2367 qui
3059 2298 3114 2350 in
3145 2290 3500 2366 sequentibus
3533 2314 3674 2353 mor-

2095 2394 2214 2442 tuus
2239 2386 2456 2453 dicitur,
2488 2388 2735 2457 superius
2768 2389 2948 2459 imago
2978 2390 3069 2443 Dei
3095 2390 3377 2444 iIIVislbiiiS
3408 2391 3672 2458 praedira-

2093 2486 2197 2531 tur.
2243 2479 2527 2544 Quomodo
2575 2495 2704 2549 ergo
2749 2490 2802 2535 et
2846 2480 2981 2535 hoc?
3012 2482 3221 2536 scilicet
3267 2482 3392 2551 quia
3427 2483 3476 2537 id
3528 2488 3674 2539 omni

2091 2570 2252 2624 modo
2282 2570 2349 2625 ab
2386 2573 2645 2640 aposmlis
2692 2582 2909 2627 cautum
2955 2582 3072 2637 est,
3106 2588 3173 2628 ne
3195 2573 3375 2642 aliqua
3405 2572 3676 2629 videretur

2091 2665 2142 2719 in
2170 2665 2385 2719 Christo
2405 2680 2525 2721 esse
2548 2665 2771 2731 divisio,
2802 2674 2855 2720 et
2881 2666 3065 2719 unitos
3094 2666 3145 2719 in
3177 2665 3288 2719 lilio
3320 2664 3691 2721 hominisﬁ.-.

2090 2756 2193 2810 lius
2219 2757 2308 2810 Dei
2341 2756 2603 2825 inciperet
2634 2772 2727 2826 per
2754 2759 3011 2811 erraticas
3046 2757 3523 2825 interpretationes
3539 2759 3683 2812 duas

2091 2849 2288 2905 habere
2311 2864 2599 2919 personas,
2625 2864 2686 2903 ac
2714 2864 2808 2918 per
2833 2863 3024 2919 pravas
3051 2857 3215 2919 atque
3242 2848 3435 2917 impias
3467 2850 3675 2919 opinio-

2090 2959 2185 2997 nes
2215 2942 2303 3011 qui
2333 2951 2476 2996 esset
2509 2941 2720 2996 scilicet
2742 2942 2799 2995 in
2835 2956 2895 2996 se
2926 2955 3065 2995 unus
3090 2939 3287 3010 duplex
3314 2941 3463 2995 ﬁeret
3497 2941 3548 2995 iu
3579 2958 3677 2996 no-

2090 3036 2194 3088 bis.
2231 3035 2296 3088 Et
2321 3034 2443 3088 ideo
2474 3034 2697 3103 pulchre
2727 3048 2789 3086 ac
2817 3034 3142 3088 mirabiliter
3164 3034 3231 3085 ab
3257 3034 3375 3102 ipso
3397 3033 3675 3103 unigenito

2090 3128 2224 3182 Fi'io
2250 3127 2345 3181 Dei
2391 3141 2560 3196 usque
2593 3126 2658 3179 ad
2692 3126 2896 3180 unitum
2941 3125 3080 3180 Filio
3113 3125 3204 3179 Dei
3248 3126 3410 3178 tilium
3443 3127 3675 3180 hominis

396 3217 535 3272 tione
558 3233 671 3271 cum
693 3220 881 3272 sederit
899 3218 1063 3273 Filius
1082 3220 1302 3274 hominis
1329 3222 1379 3273 in
1401 3222 1520 3274 sede
1548 3222 1830 3293 majestatis
1852 3238 1977 3287 sua,
2014 3228 2060 3289 C
2094 3220 2401 3289 pracdiCatio
2428 3219 2726 3290 apostolica
2763 3217 3074 3283 descendit;
3104 3216 3317 3271 utsicut
3355 3219 3466 3287 ipse
3494 3234 3672 3273 rerum

396 3310 635 3365 sedebitis
656 3321 699 3364 et
738 3328 821 3366 ros
846 3330 1002 3382 super
1039 3314 1185 3367 sedes
1212 3314 1485 3367 duodecim
1513 3314 1816 3385 judicantes
1849 3315 1981 3368 duo-

396 3403 562 3456 decim
587 3404 749 3458 tribus
782 3404 949 3459 Israel
976 3405 1190 3478 (Matth.
1228 3403 1367 3477 xtx’).
1396 3408 1537 3477 Ergo
1561 3407 1980 3477 primogenitum

396 3508 464 3548 es
492 3497 721 3549 mortuis
745 3511 865 3551 eum
889 3498 1048 3566 dicit,
1076 3513 1233 3568 quem
1260 3500 1510 3568 superius
1534 3498 1861 3555 invisibilem
1888 3498 1982 3555 Dei

398 3586 595 3642 Filium
615 3596 777 3657 atque
800 3591 1082 3660 imaginem
1108 3593 1441 3661 praadicavit.
1460 3592 1591 3657 Quis
1608 3600 1786 3647 autem
1805 3593 1983 3661 imago

397 3679 687 3736 invisibilis
718 3681 840 3744 Dei.
873 3684 975 3737 nisi
1000 3682 1326 3753 unigenitns,
1357 3684 1593 3740 Verbum
1620 3685 1750 3740 Dei?
1772 3694 1826 3740 et
1852 3701 1985 3752 quo-

397 3770 559 3823 modo
588 3771 633 3823 is
674 3774 1044 3828 resurrexisse
1071 3788 1135 3827 ex
1187 3777 1413 3830 mortuis
1443 3775 1659 3842 dicitur,
1686 3778 1775 3845 qui
1808 3778 1984 3845 imago

394 3875 458 3913 ac
490 3860 722 3915 Verbum
752 3863 841 3915 Dei
872 3864 1156 3919 invisibilis
1189 3866 1533 3921 nominatur?
1561 3868 1625 3921 Et
1653 3867 1780 3937 quid
1806 3877 1987 3920 tamen

393 3953 570 4008 adhuc
596 3955 847 4009 additur?
873 3955 938 4010 Ut
962 3959 1026 4010 sit
1039 3959 1283 4028 ,.inquit,
1320 3960 1431 4028 ipse
1472 3960 1749 4030 primatum
1775 3969 1976 4022 tenens,

2090 3314 2245 3377 ordo,
2266 3315 2336 3367 ita
2360 3315 2521 3367 etiam
2544 3313 2805 3367 doctrina:
2824 3314 3362 3366 sermodecurreret.
3388 3311 3460 3364 Ita
3486 3321 3677 3365 cuncta

2089 3406 2436 3474 inseparabili
2466 3407 2805 3461 connexione
2827 3414 2881 3460 et
2909 3404 3059 3474 (μιηεὶ
3092 3404 3320 3475 quodam
3356 3414 3518 3473 ponte
3540 3421 3672 3462 con-

2091 3500 2304 3553 tinuans
2328 3540 2343 3564 ,
2377 3506 2436 3553 ut
2465 3500 2583 3554 sine
2617 3500 2717 3552 ulla
2754 3499 2971 3569 penitus
2999 3497 3264 3551 divisione
3295 3506 3350 3550 et
3383 3496 3675 3550 intervallo

2088 3609 2212 3648 eum
2228 3609 2387 3662 quem
2407 3594 2456 3647 in
2474 3593 2734 3662 principio
2754 3592 2939 3646 mundi
2966 3590 3194 3658 iegeres,
3214 3590 3264 3642 in
3289 3588 3394 3643 ﬂoe
3415 3591 3675 3658 temporis

2091 3687 2571 3754 invenires,neque
2595 3686 2696 3739 ulla
2736 3685 2954 3738 omnino
2977 3684 3326 3738 distractione
3349 3682 3527 3752 impiae
3559 3683 3673 3736 riis-

2088 3778 2348 3832 cessionis
2374 3777 2603 3830 admissa
2622 3792 2781 3828 tmtun
2802 3776 2853 3829 in
2871 3790 3034 3828 carne
3051 3785 3210 3841 atque
3231 3775 3395 3827 alium
3412 3773 3463 3826 in
3481 3771 3673 3840 spiritu

2092 3867 2284 3920 Filium
2325 3866 2419 3921 Dei
2451 3865 2737 3927 crederes;
2772 3879 2891 3918 cum
2926 3864 2994 3916 ita
3036 3863 3389 3931 apostolicum
3422 3862 3674 3929 magistra-

2090 3957 2249 4023 rium,
2270 3957 2431 4011 Deum
2452 3955 2653 4026 pariter
2672 3965 2834 4025 atque
2859 3954 3129 4012 hominem
3156 3968 3249 4022 per
3271 3961 3676 4009 sacramentum

1465 4091 1725 4145 ALARDI
1763 4091 1998 4147 GAZzEl
2038 4091 2591 4148 COMMI'ZN'FARIUS.

393 4200 529 4251 ipso,
565 4191 836 4249 tamquam
875 4181 929 4236 in
956 4182 1286 4249 exemplari,
1320 4180 1616 4253 archetypo
1647 4190 1702 4237 et
1730 4191 1972 4253 protnty-

394 4270 485 4323 po.
508 4254 691 4308 Tertio
713 4269 780 4307 ex
803 4255 1207 4323 comparatione
1230 4253 1295 4306 ad
1316 4252 1969 4323 Ecclesiatn_ttttiversam,

390 4320 513 4379 cum
541 4324 773 4378 dicitur:
810 4322 874 4376 Et
897 4324 1005 4393 ipse
1031 4332 1105 4375 est
1136 4333 1289 4393 caput
1329 4320 1861 4393 corporisiEcclesire,
1888 4325 1975 4393 qui

392 4339 513 4379 cum
541 4339 773 4378 (llClltIl':
810 4339 874 4376 ut
897 4339 1004 4393 ipse
1031 4339 1105 4375 est
1136 4339 1289 4445 caput
1329 4339 1557 4393 corporis
1600 4339 1861 4387 nectesue,
1888 4341 1974 4393 qui

392 4406 465 4448 est
490 4396 826 4465 principium,
851 4402 960 4447 etc.
987 4392 1075 4465 S_ic
1099 4393 1162 4465 ad
1192 4464 1195 4465 ν
1218 4393 1455 4458 'phcsios
1478 4410 1521 4447 I:
1555 4392 1622 4446 Et
1643 4395 1811 4464 ipsum
1836 4395 1974 4446 dedit

392 4462 543 4536 caput
574 4462 733 4528 supra
764 4480 961 4536 omnem
998 4462 1284 4516 Ecclesiam
1306 4507 1320 4531 ,
1349 4481 1463 4532 qua:
1489 4476 1567 4536 est
1602 4462 1785 4534 corpus
1814 4465 1974 4535 ipsius

389 4548 437 4589 et
456 4534 731 4607 plenitudo
759 4536 891 4605 ejus.
920 4534 1089 4607 supra
1120 4549 1334 4607 omnem
1365 4535 1661 4607 Ecclesium
1683 4578 1697 4600 ,
1734 4536 1974 4588 militan-

2080 4192 2204 4246 tur,
2257 4183 2665 4257 duterationes
2723 4183 3038 4257 atteruntur.
3095 4186 3306 4252 Prima,
3361 4188 3504 4257 quia:
3547 4198 3678 4245 tune

2079 4261 2222 4306 totus
2251 4253 2480 4325 mundus
2514 4255 2849 4325 rruovandus
2886 4264 2997 4322 est,
3045 4265 3099 4309 et
3134 4253 3537 4325 quodaminodo
3581 4275 3670 4313 re-

2077 4323 2439 4397 generandus,
2471 4330 2529 4376 ut
2555 4324 2627 4376 ait
2658 4322 2895 4377 Joannes
2938 4325 2987 4377 in
3037 4322 3507 4397 Apol-alypsi-Cnp.
3543 4344 3669 4383 xu:

2090 4392 2205 4447 Vidi
2249 4393 2431 4446 caelum
2479 4409 2693 4459 novum,
2735 4404 2781 4446 et
2823 4403 3013 4447 terram
3061 4392 3365 4460 novam'fet
3416 4392 3555 4450 vers.
3594 4399 3665 4451 5:

2079 4462 2211 4517 Ecce
2257 4480 2386 4517 nova
2430 4464 2566 4533 facio
2612 4464 2811 4533 omnia.
2870 4463 2935 4516 Et
2992 4464 3051 4516 D.
3106 4464 3296 4519 Petrus
3338 4468 3389 4519 in
3434 4468 3667 4520 secunda

2084 4534 2315 4599 Epistola
2367 4531 2439 4588 c.'
2468 4549 2564 4587 tlt:
2599 4531 2772 4586 Novas
2802 4549 2914 4587 vero
2954 4534 3136 4596 ctelos,
3171 4545 3218 4587 et
3262 4552 3439 4589 noram
3479 4546 3670 4591 terram

394 4604 499 4661 tem
528 4607 742 4660 scilicet
766 4604 816 4659 in
848 4605 1029 4669 terris,
1059 4614 1110 4657 et
1135 4604 1187 4674 in
1210 4605 1363 4674 caelis
1388 4606 1829 4674 triumphantem.
1855 4621 1973 4673 qua:
2001 4613 2051 4672 1)
2076 4604 2359 4658 secundum
2407 4606 2671 4674 promissa
2725 4606 2886 4672 ipsius
2941 4616 3313 4674 exspectamus.
3380 4607 3444 4659 Et
3505 4605 3669 4659 Laius

390 4677 688 4731 secundum
721 4675 1070 4745 Augustinum
1106 4673 1195 4733 (In
1227 4673 1719 4745 Enchirid.)etiam
1749 4675 1971 4744 angelos

391 4749 795 4809 complectitur.
815 4743 981 4800 Unde
1008 4745 1282 4800 concludit
1309 4746 1597 4812 Apostolus
1619 4743 1891 4797 Christum
1921 4749 1971 4799 in

392 4817 654 4869 omnibus
703 4819 988 4883 primatum
1045 4826 1229 4869 tenere
1260 4834 1271 4869 :
1306 4819 1420 4869 sive
1470 4827 1524 4868 ιιι
1564 4815 1704 4869 Deus
1728 4856 1742 4880 ,
1776 4820 1885 4868 sive
1919 4825 1977 4870 ιιι

393 4886 555 4940 homo
582 4887 975 4940 consideretur.

466 4966 490 4993 ⁸
523 4958 887 5025 Regem-ratio
930 4957 1128 5021 duplex
1179 4957 1230 5009 in
1283 4954 1578 5024 Sr'riptnris
1621 4956 1973 5022 exprimitur:

392 5028 563 5082 altera
595 5037 681 5080 est
714 5028 1043 5092 baptismus,
1072 5028 1138 5079 de
1169 5044 1269 5094 qua
1296 5027 1449 5080 toan.
1484 5041 1575 5079 III:
1610 5025 1731 5093 Nisi
1758 5029 1870 5093 quis
1898 5043 1977 5079 re-

392 5110 543 5151 natus
579 5098 739 5155 fuerit
770 5114 831 5149 ea:
861 5114 993 5165 aqua
1025 5112 1068 5151 et
1094 5097 1291 5166 Spiritu
1323 5107 1521 5157 sancto,
1545 5106 1676 5161 etc.;
1703 5098 1764 5149 ad
1797 5097 1976 5151 Titum

395 5183 486 5222 III:
518 5169 705 5223 Salvos
736 5184 828 5219 nos
861 5170 942 5231 {ac
980 5184 1069 5233 per
1101 5169 1361 5220 lavacrum
1392 5168 1788 5238 regenerationis
1818 5177 1865 5220 et
1898 5184 1979 5219 re-

395 5240 686 5293 novationis
730 5238 960 5305 Spiritus
994 5242 1200 5302 sancti;
1230 5252 1280 5291 et
1332 5240 1344 5291 I
1374 5236 1519 5291 Peiri
1560 5253 1612 5291 I:
1644 5236 1979 5306 Regeneravit

395 5326 483 5363 nos
507 5312 558 5363 in
581 5326 723 5373 spem
757 5310 940 5361 vivam.
966 5309 1170 5369 Alteta,
1204 5308 1528 5363 resurrectio
1557 5320 1889 5361 mortuorum
1923 5310 1974 5361 in

397 5378 499 5434 ﬁne
525 5382 734 5438 seculi.
760 5378 827 5432 (Ιοτ
849 5396 951 5446 qua
981 5380 1120 5446 apud
1154 5379 1457 5433 Matth-xum
1479 5422 1491 5443 ,
1522 5378 1574 5430 in
1598 5380 1978 5445 regeneratione

395 5466 507 5524 tum
528 5452 718 5504 sederit
744 5448 911 5502 Filius
933 5449 1151 5524 hominis
1169 5448 1415 5524 {GI-aece,
1440 5451 1493 5524 iw
1517 5457 1577 5522 τῇ
1594 5450 1973 5524 παλιγγξνεσίᾳ.

395 5518 518 5576 Ihec
548 5526 693 5574 enim
724 5523 1053 5573 resurrectio
1073 5565 1085 5585 ,
1121 5523 1269 5572 velut.
1296 5518 1842 5587 qum-damgeneratio
1875 5518 1978 5572 erit

395 5592 689 5645 Secundino
737 5604 966 5656 corpus,
1011 5589 1461 5657 quemadmodum
1501 5592 1551 5641 itt
1594 5588 1858 5657 baptismo
1895 5599 1977 5641 est

397 5664 628 5715 seennda
662 5660 897 5713 hominis
930 5661 1225 5714 secundum
1249 5662 1481 5713 animum
1510 5663 1784 5729 generatio
1813 5659 1977 5728 (Mal-

400 5733 617 5786 donatus
646 5733 696 5783 in
728 5748 845 5795 cap.
874 5745 956 5783 χιχ
991 5729 1267 5799 Martium).
1299 5730 1408 5782 Cur
1439 5745 1616 5794 autem
1650 5744 1977 5783 resurrectio

393 5802 533 5873 ipsa,
564 5804 680 5857 sive
708 5813 1011 5856 extremum
1041 5802 1304 5871 judicium
1339 5800 1674 5871 regeneratio
1701 5815 1974 5870 nuncupe-

2083 4689 2204 4743 cap.
2240 4689 2361 4735 va,
2400 4672 2503 4727 i7:
2540 4673 2674 4727 Ecce
2712 4691 2803 4743 ego
2833 4691 2946 4728 creo
2989 4672 3139 4728 ctelos
3172 4692 3343 4738 novos,
3381 4688 3424 4728 et
3475 4685 3666 4730 terram

2083 4760 2284 4798 novam.
2314 4746 2380 4797 Et
2417 4759 2533 4810 cap.
2563 4760 2681 4798 LXVI
2710 4762 2721 4795 :
2754 4744 2903 4798 Sicut
2939 4747 3052 4798 ctuti
3092 4748 3243 4809 nari,
3274 4755 3318 4797 ct
3343 4756 3475 4798 terra
3500 4764 3629 4800 nova
3652 4788 3666 4809 ,

2083 4831 2198 4875 quae
2243 4832 2335 4884 ego
2360 4815 2495 4885 facio
2514 4824 2649 4867 stare
2679 4831 2851 4867 coram
2875 4831 2978 4879 me,
3005 4814 3129 4868 dicit
3156 4816 3425 4877 Dominus,
3460 4818 3532 4869 sic
3560 4827 3664 4869 sta-

2085 4887 2154 4938 bit
2181 4903 2347 4940 semen
2381 4896 2598 4938 vestrum
2621 4895 2670 4937 et
2698 4902 2879 4938 nomen
2911 4898 3161 4943 vestrum.
3186 4886 3251 4940 Et
3280 4888 3341 4941 D.
3375 4887 3566 4941 l’aulus
3599 4890 3666 4940 ad

2084 4957 2357 5012 Romanos
2405 4970 2537 5009 VIII:
2569 4954 2695 5024 Ipsa
2744 4967 2975 5009 creatura
3024 4958 3317 5012 liberabitur
3356 4975 3386 5009 a
3427 4958 3667 5011 servitute

2084 5028 2427 5097 corruptionis
2450 5027 2504 5078 in
2534 5026 2813 5079 libertatem
2840 5028 3020 5096 giorite
3047 5030 3271 5093 ﬁliorum
3301 5026 3414 5078 Dei.
3449 5029 3629 5080 Altera
3655 5072 3669 5093 ,

2087 5100 2212 5167 quia
2244 5107 2369 5151 tunc
2400 5098 2782 5150 mortalitatem
2817 5098 2960 5150 exuti
2986 5140 2998 5163 ,
3035 5098 3204 5167 induti
3231 5112 3357 5148 vero
3388 5098 3675 5151 immorta-

2081 5168 2314 5226 litatem,
2348 5168 2701 5235 regenerandi
2730 5167 3125 5235 quodammodo
3156 5166 3413 5235 homines
3442 5180 3634 5220 sumus
3657 5208 3672 5231 ,

2082 5250 2139 5292 ttt
2171 5241 2230 5291 Ι).
2260 5233 2457 5291 Paulus
2508 5237 2582 5290 ait
2613 5238 2652 5291 ll
2683 5233 2760 5290 ad
2780 5237 3085 5289 Corinthios
3108 5233 3175 5288 v':
3233 5234 3377 5307 Nam
3400 5246 3445 5288 et
3471 5237 3559 5307 qui
3587 5253 3676 5289 sua

2082 5326 2192 5361 mus
2221 5310 2272 5361 in
2296 5310 2390 5360 hoc
2414 5308 2763 5373 tabernaculo,
2788 5308 3159 5377 ingemiscimus
3182 5306 3412 5377 gravati,
3444 5306 3503 5360 eo
3536 5308 3680 5377 quod

2081 5384 2315 5432 nolumus
2333 5378 2626 5445 exspoliari,
2646 5379 2733 5431 sed
2750 5375 3094 5445 supervrstiri,
3110 5386 3160 5428 ut
3182 5375 3511 5429 absorbeatur
3537 5375 3678 5445 quod

2079 5452 2294 5503 mortale
2318 5456 2396 5501 est
2424 5465 2455 5500 a
2496 5450 2619 5501 vita.
2653 5450 2716 5501 Et
2746 5451 2809 5499 ad
2840 5447 3065 5513 Philipp.
3095 5461 3179 5511 III,
3203 5447 3264 5500 21
3291 5464 3302 5499 :
3348 5446 3670 5516 Rcformabit

2078 5537 2261 5591 corpus
2294 5521 2598 5591 humilitatis
2628 5529 2817 5591 nostra:
2870 5518 3240 5591 con/iguratnm
3268 5515 3470 5587 corpori
3511 5515 3668 5591 clari-

2077 5588 2191 5643 tatis
2217 5606 2339 5643 sum.
2361 5590 2449 5643 Sic
2472 5589 2532 5641 D.
2560 5590 2890 5659 Augustinus
2911 5589 3005 5659 lih:
3030 5603 3087 5639 ιιι
3112 5599 3296 5642 contra
3321 5591 3450 5639 duas
3468 5588 3668 5659 episttw

2078 5660 2156 5713 las
2179 5660 2585 5727 Pelagianorum
2610 5701 2620 5713 .
2644 5657 2763 5723 cap.
2793 5660 2844 5722 5;
2880 5658 2939 5711 D.
2969 5657 3258 5728 Gregorius
3290 5659 3382 5710 lib.
3403 5673 3453 5710 tv
3485 5657 3663 5709 Mora-

2078 5732 2227 5791 lium,
2257 5744 2373 5798 cap.
2403 5731 2493 5783 €16:
2522 5740 2572 5781 et
2598 5729 2654 5781 D.
2691 5728 2989 5798 Bernartius
3018 5732 3067 5783 iit
3091 5728 3481 5784 declamatione
3505 5738 3665 5798 uitam

2077 5802 2129 5856 in
2188 5802 2301 5858 lttec
2325 5795 2507 5859 'vcrba
2552 5800 2765 5870 scripsit
2800 5817 2810 5853 :
2847 5797 2976 5855 Ecce
3004 5816 3094 5855 nos
3136 5800 3439 5872 reliquimus
3471 5795 3661 5848 omnia.
