4040 6182
458 288 560 350 HS

1771 280 2054 339 tOtNNts
2092 279 2398 336 C.\‘.;Sl\.\'l

3635 285 3740 341 lib

456 416 502 461 et
523 423 555 462 a
581 403 895 477 serpentibus
921 399 1220 474 perierunt?
1245 411 1432 452 omnes
1464 411 1676 466 quoque
1705 405 1921 451 sanctos
1942 397 2035 465 qui
2070 400 2119 458 Α
2147 411 2260 450 rem
2298 410 2368 449 ex
2419 393 2648 466 Egypto
2689 393 2999 450 Israeliticae.
3031 394 3204 465 plebis
3243 409 3366 452 esse
3403 396 3638 464 dicebat,
3676 412 3735 458 ut

460 501 710 554 vixerunt
735 496 834 551 sub
865 494 982 562 lege
1004 490 1202 545 veteris
1222 488 1576 552 'l'estamenti,
1612 487 1797 542 beatus
1824 495 2044 558 aposto-

461 592 544 645 lus
575 590 769 644 Petrus
816 601 913 655 per
955 583 1180 654 gratiam
1225 580 1432 636 Domini
1484 581 1657 636 nostri
1687 581 1812 636 Iesu
1843 579 2042 636 Chriin

463 682 721 753 pra‘dicat
749 693 868 734 esse
913 675 1180 731 salvatus?
1211 674 1309 730 Exi
1355 675 1557 743 itaque,
1600 673 1776 743 ell'uge
1820 673 1965 736 hinc,
1998 675 2042 726 si

465 780 636 842 potes,
681 776 736 824 tu
778 767 1022 839 quisquis
1053 767 1146 822 ille
1191 783 1250 822 es
1299 767 1410 836 qui,
1455 766 1644 820 rabido
1688 780 1781 821 ore
1829 780 1891 819 ac
1937 764 2048 817 bla-

464 863 688 933 spheme
717 862 909 932 spiritu
940 859 1146 925 furens,
1177 860 1310 914 nihil
1353 861 1614 914 interc-sse
1642 859 1931 914 admodum
1967 859 2047 912 in-

465 963 547 1009 ter
574 955 739 1008 Adam
782 963 836 1008 et
861 953 1134 1008 Christum
1167 961 1342 1022 putas,
1383 961 1434 1005 et
1463 953 1552 1022 qui
1585 968 1706 1007 eum
1731 951 1895 1006 etiam
1927 960 2047 1018 post

470 1052 677 1113 partum
737 1043 972 1117 Virginis
1021 1043 1186 1098 Deum
1241 1042 1498 1112 denegas,
1566 1042 1790 1096 ostende
1835 1041 2048 1111 penitus

469 1133 920 1205 quemadmodum
963 1134 1123 1188 etiam
1172 1143 1296 1188 ante
1353 1144 1529 1188 ortum
1586 1133 1828 1200 corporis
1879 1133 2047 1187 Deum

469 1243 574 1281 non
605 1227 768 1282 fuisse
796 1228 1109 1282 convincas.
1147 1228 1284 1282 Ecce
1321 1229 1462 1281 enim
1495 1229 1785 1296 Apestnlus
1811 1227 2051 1282 clamitat

471 1319 730 1388 pepulum
757 1319 824 1374 de
851 1329 992 1373 terra
1027 1318 1242 1390 Egypti
1277 1321 1344 1372 ab
1365 1319 1490 1373 Iesu
1531 1333 1649 1372 esse
1679 1319 1963 1385 salvatum,
1996 1317 2048 1372 in

470 1411 686 1466 deserto
727 1411 794 1466 ab
834 1411 1140 1466 inlldclihus
1170 1410 1442 1464 Christum
1479 1425 1600 1466 esse
1632 1419 1929 1475 tentatum;
1961 1425 2054 1479 pa-

471 1512 581 1558 tres
607 1519 819 1573 qttoque
865 1514 1099 1568 nostros,
1130 1502 1182 1558 id
1230 1512 1334 1569 est,
1370 1502 1702 1572 patriarchas
1739 1511 1898 1572 atque
1931 1517 2053 1571 pro-

471 1594 663 1663 phetas
692 1611 786 1664 per
830 1596 1056 1665 gratiam
1100 1595 1308 1649 Domini
1343 1595 1513 1649 nostri
1542 1594 1668 1649 Iesu
1708 1593 1909 1648 Christi
1947 1593 2054 1648 sal-

471 1695 654 1749 vatus;
685 1700 816 1755 nega
847 1692 898 1738 tu
921 1684 1055 1747 h;r.c,
1086 1685 1128 1740 si
1162 1694 1335 1752 potes.
1364 1683 1471 1738 Nec
1500 1683 1744 1738 mirabor
1764 1683 1808 1738 si
1837 1683 2052 1748 leceris,

2147 502 2271 543 eum
2295 489 2477 558 utique
2500 487 2668 557 quies
2695 487 2908 557 Virgine
2924 497 3079 540 natus
3097 496 3180 542 est
3201 486 3502 555 hominem,
3520 505 3740 561 semper

2148 596 2245 646 per
2286 579 2615 634 sacramenti
2667 579 2924 633 unitatem
2984 578 3039 632 in
3093 579 3205 634 Deo
3252 578 3418 634 fuisse
3469 583 3734 650 sentiret;

2149 672 2408 742 alioquin,
2456 671 2557 724 nisi
2599 671 2668 724 ita
2701 669 2963 738 creditur,
2994 679 3087 723 aut
3121 684 3240 725 cum
3270 669 3542 726 hmreticis
3571 673 3735 728 Chri-

2148 775 2264 817 stus
2296 777 2399 816 non
2435 763 2600 826 Deus,
2642 772 2734 815 aut
2772 771 2922 817 certe
2961 771 3144 816 contra
3178 760 3507 831 Prophetam
3544 779 3737 821 recens

2149 867 2267 908 esse
2294 853 2546 906 creditur.
2581 852 2685 907 Sed
2729 852 2868 906 absit
2910 851 3014 906 hoc
3043 867 3072 904 a
3105 852 3372 907 catholica
3413 853 3504 908 Dei
3549 855 3730 923 plebe,

2151 955 2205 998 ut
2229 951 2366 998 auta
2398 942 2663 1011 Propheta
2691 943 3001 1008 d.ssentire,
3035 952 3126 996 aut
3158 959 3279 997 cum
3307 943 3577 1000 hznreticis
3607 961 3734 1000 sen-

2151 1039 2254 1091 tire
2295 1037 2567 1103 videatur;
2615 1046 2671 1092 et
2709 1038 2760 1090 in
2803 1037 3150 1092 maledictum
3195 1037 3420 1093 forsitan
3468 1039 3598 1094 illud
3639 1055 3735 1110 po-

2150 1129 2306 1198 pulus
2338 1127 2726 1198 benedictionis
2769 1129 3032 1194 incurrat,
3064 1138 3121 1183 ut
3161 1144 3312 1198 spem
3349 1144 3500 1184 suam
3539 1130 3594 1186 in
3632 1131 3732 1186 ho-

2153 1221 2296 1275 mine
2323 1221 2565 1290 posuisse
2588 1221 2817 1274 dicatur.
2844 1220 2977 1288 Quia
3002 1224 3146 1275 enim
3174 1222 3457 1275 Dominum
3484 1231 3726 1277 nostrum

2151 1311 2337 1366 Iesum
2360 1311 2631 1366 Christum
2665 1309 2962 1364 solitarium
3000 1311 3271 1364 hominem
3298 1321 3482 1365 uatum
3513 1314 3729 1381 asserit,

2153 1401 2438 1470 dupliciter
2480 1400 2843 1454 maledic-lieni
2904 1401 3172 1454 obnoxius
3217 1401 3290 1455 sit
3340 1415 3561 1456 necesse
3611 1411 3728 1468 est,

2153 1492 2268 1546 sive
2296 1493 2346 1545 in
2380 1507 2501 1547 eum
2526 1491 2732 1554 credat,
2767 1493 2880 1546 sive
2912 1507 3019 1547 non
3047 1490 3255 1546 credat.
3288 1491 3343 1548 Si
3374 1493 3516 1547 enim
3539 1493 3734 1558 credit,

2153 1584 2181 1624 ι’
2210 1585 2518 1639 Maledictus
2549 1585 2637 1662 qui
2665 1601 2805 1655 spem
2849 1601 2997 1639 suam
3026 1585 3170 1656 ponit
3200 1584 3254 1638 in
3283 1584 3488 1638 homine
3517 1581 3734 1656 (Iercm.

2157 1679 2313 1747 xvn).
2346 1677 2402 1733 Si
2435 1688 2612 1732 autem
2646 1692 2752 1731 non
2790 1676 2982 1742 credit,
3015 1675 3340 1731 maledictus
3365 1676 3550 1744 utique
3581 1675 3740 1730 nihil-

473 1785 532 1830 ut
562 1791 726 1845 neges
750 1791 868 1846 qua:
898 1790 1088 1830 omnes
1119 1775 1367 1846 legimus,
1401 1775 1489 1844 qui
1515 1790 1630 1844 qua:
1663 1790 1851 1829 omnes
1880 1774 2054 1829 credi-
2088 1763 2132 1822 B
2161 1773 2371 1825 mninus
2397 1810 2413 1837 ,
2477 1770 2600 1840 quia
2652 1770 2777 1824 licet
2821 1764 2872 1824 id
2923 1768 3195 1824 hominem
3256 1783 3362 1823 non
3405 1767 3735 1833 crediderit,

473 1882 593 1921 mus
619 1867 918 1936 denegasti.
963 1866 1203 1937 lntellige
1238 1882 1366 1936 ergo
1397 1866 1609 1920 tandem
1641 1867 1763 1934 quia
1786 1864 1895 1935 jam
1924 1871 2054 1919 tunc

473 1968 529 2012 et
555 1974 618 2012 ex
645 1957 877 2027 tEgypto
907 1958 1161 2028 populum
1191 1959 1242 2012 in
1274 1958 1384 2011 Deo
1411 1956 1658 2012 Christus
1683 1956 1886 2022 eduxit,
1919 1965 1972 2010 et
1999 1955 2053 2010 in

475 2048 585 2103 Deo
610 2049 855 2103 Christus
887 2065 916 2102 a
951 2049 1146 2118 populo
1174 2056 1440 2102 tcntatore
1463 2056 1696 2101 tentatus
1721 2057 1826 2111 est,
1857 2057 1910 2100 ct
1939 2062 2055 2101 om-

475 2139 773 2209 ncsjnstos
822 2140 876 2192 in
910 2139 1020 2194 Deo
1061 2139 1306 2194 Christus
1347 2139 1533 2208 gratia:
1578 2154 1688 2192 sun
1737 2137 2057 2192 liberalitate

475 2230 735 2294 salvavit;
767 2230 892 2300 quia
934 2245 1026 2299 per
1069 2231 1391 2285 sacramenti
1428 2230 1686 2284 unitatem
1721 2229 1793 2283 ita
1831 2240 1883 2282 et
1915 2229 2056 2284 Deus

476 2323 530 2376 in
572 2320 848 2376 Christum
900 2331 956 2378 ct
1006 2323 1254 2378 Christus
1293 2323 1347 2377 in
1390 2323 1554 2377 Deum
1607 2321 1845 2387 tran~iit,
1897 2333 1954 2376 ut
2002 2333 2058 2378 et

478 2411 734 2481 quidquid
767 2412 904 2467 Deus
931 2412 1078 2479 fecit,
1111 2412 1361 2469 Christus
1398 2413 1451 2468 id
1488 2415 1810 2483 perfecisse;
1837 2424 1891 2469 et
1914 2415 2056 2484 quod

480 2511 666 2568 postea
707 2501 955 2558 Christus
987 2505 1227 2572 pertulit,
1257 2505 1396 2560 Deus
1416 2505 1466 2558 id
1508 2507 1794 2574 pertulisse
1823 2505 2054 2560 dicatur.

485 2591 548 2644 Et
577 2591 698 2646 ideo
727 2592 915 2648 dicens
962 2593 1252 2664 Propheta,
1287 2604 1312 2632 ι
1335 2594 1459 2650 Νοη
1499 2597 1593 2648 erit
1627 2597 1679 2648 in
1712 2604 1760 2649 te
1799 2593 1939 2649 Deus
1979 2611 2060 2650 re-

479 2696 616 2746 cens,
669 2699 760 2735 nec
798 2683 1038 2738 adorabis
1073 2685 1235 2738 Deum
1265 2684 1523 2751 alienum;
1557 2685 1658 2740 hoc
1688 2701 1846 2741 sensu
1875 2695 1925 2741 et
1957 2685 2061 2740 hoc

479 2771 670 2840 spiritu
714 2775 1042 2844 praedicabat
1079 2791 1185 2846 quo
1214 2776 1491 2847 apostolus
1537 2777 1809 2832 Christum
1839 2779 2061 2833 educto-

2166 1864 2328 1916 Deum
2353 1869 2531 1917 tamen
2558 1859 2775 1932 penitus
2803 1859 3111 1930 denegavit.

2783 1951 3010 2008 CAPUT
3049 1951 3114 2006 Χ.

2240 2045 2475 2118 Explicat
2495 2045 2618 2116 quid
2639 2046 2705 2098 sit
2734 2043 2988 2113 conﬁteri,
3013 2053 3061 2098 et
3091 2044 3214 2114 quid
3249 2045 3444 2099 solvere
3461 2043 3646 2098 Iesum

2235 2138 2347 2193 Hoc
2380 2139 2522 2193 enim
2554 2137 2682 2191 illud
2713 2148 2796 2192 est
2827 2135 2992 2207 quod,
3036 2137 3310 2191 revelante
3358 2137 3459 2191 sibi
3490 2135 3741 2199 Domino,

2161 2229 2511 2284 charissimus
2543 2227 2634 2283 ille
2670 2227 2764 2282 Dei
2818 2228 3055 2283 Joannes
3115 2226 3443 2296 praevidens,
3500 2227 3550 2280 id
3582 2227 3648 2280 de
3679 2243 3746 2282 eo

2166 2320 2284 2389 ipso
2312 2320 2524 2374 locutus
2554 2327 2637 2373 est
2665 2317 2751 2386 qui
2780 2318 2832 2372 in
2855 2320 2920 2372 se‘
2947 2318 3288 2388 loquebatur.
3317 2316 3517 2382 Omnis,
3552 2316 3743 2386 inquit,

2157 2411 2369 2481 spiritus
2395 2411 2482 2480 qui
2505 2410 2780 2478 conﬁtetur
2814 2408 2995 2462 Iesum
3024 2409 3076 2463 in
3112 2426 3262 2463 carne
3293 2409 3507 2476 venisse,
3533 2424 3598 2462 ea:
3640 2408 3748 2462 Deo

2163 2511 2269 2564 est;
2295 2511 2340 2553 et
2361 2511 2383 2539 ε
2403 2500 2566 2554 onmis
2587 2500 2676 2571 qui
2697 2500 2847 2553 solvit
2866 2497 3068 2562 Iesum,
3096 2516 3158 2553 ea:
3181 2499 3289 2552 Deo
3316 2511 3503 2555 nonest
3519 2518 3537 2566 ;
3552 2497 3578 2536 δ
3593 2501 3748 2554 ethoc

2161 2610 2236 2648 est
2255 2593 2574 2658 Antichristi,
2607 2594 2743 2663 quod
2768 2593 2986 2647 audistis
3028 2594 3147 2662 quia
3189 2595 3346 2658 venit,
3389 2601 3438 2646 et
3475 2611 3610 2648 nunc
3631 2595 3748 2664 jam

2161 2685 2215 2738 in
2244 2683 2436 2738 mundo
2460 2693 2534 2738 est
2559 2682 2600 2755 (1
2620 2682 2777 2736 Ioan.
2810 2683 2910 2754 tv).
2938 2683 3362 2738 Oadmirabifem
3392 2683 3485 2738 Dei
3508 2685 3749 2754 singula-

2164 2791 2385 2847 remque
2422 2777 2695 2846 pietatem,
2728 2777 2818 2847 qui
2860 2775 3006 2832 velut
3035 2777 3378 2831 cautissimus
3422 2791 3485 2831 ac
3515 2777 3750 2846 pruden-

1552 2883 1804 2966 Αι.ιῖι[›ι
1841 2909 2070 2968 Galil
2111 2909 2675 2966 COMMENTARIUS.

556 3013 580 3041 ⁸
604 3004 745 3060 Deus
783 3018 995 3068 recens,
1029 3004 1081 3059 id
1119 3014 1224 3067 est,
1259 3005 1401 3060 Deus
1431 3021 1588 3071 quem
1640 3020 1744 3058 non
1785 3005 2056 3058 coluerint

485 3084 664 3143 patres
694 3076 788 3129 tui.
830 3075 921 3130 Sic
959 3078 1098 3128 enim
1131 3075 1233 3130 hoc
1260 3076 1563 3143 explicatur
1593 3075 1644 3128 in
1674 3077 1883 3129 cantico
1912 3075 2055 3144 Moy-

485 3145 579 3205 sis.
613 3145 764 3200 Deut.
795 3161 963 3199 xxx".
1013 3145 1150 3200 Vere
1196 3156 1372 3198 tamen
1410 3145 1599 3199 scrib‘t
1640 3145 1697 3199 S.
1733 3147 2058 3212 AuguSIinus

2165 3002 2216 3056 Ν
2223 3004 2436 3057 estorius
2469 3005 2661 3057 nescire
2688 3020 2741 3058 se
2763 3003 2911 3070 prod.’
2914 3003 2987 3058 dit
3017 3005 3147 3057 hanc
3166 3004 3472 3058 authenticis
3493 3004 3751 3070 exempla-

2162 3074 2302 3126 ribus
2321 3074 2534 3144 inditam
2565 3075 2718 3142 fuisse
2739 3077 3056 3138 sententiam,
3089 3087 3236 3144 atque
3275 3075 3390 3128 ideo
3429 3075 3619 3128 solvere
3649 3092 3750 3144 non

2165 3145 2332 3216 timuit
2359 3143 2556 3216 Iesum,
2583 3145 2754 3198 dicens
2781 3144 2978 3216 beatam
3002 3143 3219 3197 Mariam
3245 3145 3608 3216 virginemne"
3632 3143 3748 3206 Dei,

484 3229 674 3269 omnes
721 3215 881 3268 falsos
923 3216 1074 3279 deos,
1135 3231 1255 3270 esse
1299 3216 1428 3270 deos
1467 3228 1728 3277 recentes,
1775 3218 1900 3284 quia
1950 3232 2058 3268 non
2088 3216 2131 3278 ω
2165 3214 2253 3268 sed
2279 3213 2500 3267 hominis
2533 3223 2727 3267 tantum
2750 3215 2998 3268 exstitisse
3026 3213 3337 3283 genitricem,
3364 3224 3419 3268 ut
3445 3215 3600 3268 aliam
3633 3232 3750 3278 per-

485 3296 604 3338 stmt
643 3286 984 3354 sempiterni,
1020 3300 1118 3339 nec
1155 3297 1338 3339 carent
1370 3286 1655 3354 principio,
1687 3286 1778 3338 sed
1811 3301 1980 3352 nuper
2009 3287 2060 3340 in

487 3356 704 3408 ollicina
738 3357 1046 3424 sculpturis,
1077 3357 1158 3409 vel
1198 3357 1247 3408 in
1278 3358 1501 3409 enrehro
1533 3358 1781 3409 humana:
1809 3357 2063 3408 vanitatis

491 3425 736 3489 furtiiati;
789 3428 929 3480 unde
970 3426 1238 3492 sculptilia
1275 3436 1328 3479 et
1369 3426 1507 3478 idola
1543 3437 1821 3480 vocantur.
1866 3425 2065 3480 Redar-

489 3505 655 3564 guunt
681 3496 832 3548 etiam
868 3497 986 3558 ista,
1019 3497 1090 3548 ait
1115 3496 1175 3549 Ι).
1203 3496 1432 3550 Basilius
1455 3494 1543 3566 (In
1564 3498 1784 3550 Scholiis
1813 3495 2061 3566 Psalm.),

489 3575 535 3617 et
562 3565 670 3618 Arii
695 3576 738 3617 e.‘
769 3567 1002 3637 Ennomii
1025 3567 1294 3619 insaniant.
1330 3566 1390 3620 Si
1416 3569 1553 3618 enim
1586 3566 1888 3637 Unigenitus
1919 3565 2064 3620 Pnlri

492 3647 682 3686 nonest
709 3636 1050 3698 Itoutoousios,
1091 3640 1261 3698 utique
1299 3645 1429 3688 recte
1458 3636 1715 3689 vocabitur
1744 3636 1960 3689 alienus.
1997 3637 2063 3689 Et

443 3771 454 3776 Α
490 3705 535 3755 si
573 3705 669 3771 fuit
713 3715 906 3766 tempus
932 3706 1143 3776 aliqucd
1171 3707 1376 3776 quando
1407 3723 1504 3758 non
1549 3718 1678 3768 erat,
1726 3723 1848 3774 ergo
1893 3724 2062 3760 recms

491 3781 654 3845 est,_et
690 3790 789 3826 non
818 3775 1325 3839 scr'piternus.’ll1‘c
1371 3777 1619 3841 mitius,
1663 3777 1750 3845 qni
1778 3792 1897 3829 cum
1937 3781 2064 3830 Atio

488 3853 546 3895 et
591 3843 856 3910 Eanumio
902 3847 1204 3902 Nestorium
1245 3847 1428 3916 utique
1470 3843 1819 3914 nominasset,
1861 3849 1904 3902 si
1943 3865 2063 3902 eum

489 3928 598 3965 n0n
631 3917 1008 3978 przecessisset.

566 3983 590 4020 δ
631 3985 876 4057 Sicetb.
908 3987 1266 4057 Hieronymus
1287 4003 1348 4040 es
1375 3987 1475 4040 hoc
1499 3988 2062 4057 locoargumentatur:

494 4053 554 4104 δί
579 4053 876 4124 maledictus
899 4067 971 4108 est
1002 4053 1150 4107 homo
1175 4059 1260 4121 qui
1283 4057 1494 4124 conﬁdit
1522 4059 1573 4108 in
1602 4053 1836 4119 homine,
1868 4057 2066 4111 Paulus

492 4131 661 4192 autem
689 4121 1055 4176 Samosatenus
1084 4134 1129 4177 et
1160 4121 1430 4188 Photinus,
1469 4127 1695 4192 quamvis
1741 4137 1971 4180 sanctum
2018 4137 2064 4181 et

492 4191 684 4265 cunctis
723 4193 975 4265 excelsum
1003 4194 1270 4265 uirtutibus
1315 4197 1590 4265 prwa'icent
1623 4197 1958 4260 Salvatorem,
1991 4208 2067 4250 ta-

497 4277 608 4346 men
630 4262 881 4346 hominem
913 4262 1399 4346 conﬁtenturaerqa
1434 4265 1691 4345 maledicti
1727 4277 1877 4346 erant
1925 4283 2066 4335 spem

492 4332 733 4408 .‘mben_t_es
759 4333 810 4385 in
835 4333 1052 4408 homine.
1101 4334 1201 4390 Ubi
1233 4332 1485 4408 similiter
1510 4335 1778 4403 posuisset
1807 4332 2067 4408 llieruny-

495 4417 614 4454 tuus
645 4400 972 4468 Nestorium,
1007 4406 1049 4457 si
1085 4422 1204 4460 eum
1237 4406 1494 4460 novisset.

568 4482 590 4510 ο
629 4472 804 4527 Solvit
827 4472 1009 4528 Iesum
1042 4480 1277 4544 pr0prie,
1311 4477 1401 4544 qui
1431 4476 1622 4530 dividit
1647 4475 1982 4531 Salvatorem
2013 4479 2064 4532 in

493 4541 649 4609 duos,
691 4558 787 4597 seu
837 4546 927 4612 qui
971 4541 1103 4599 duas
1130 4541 1180 4600 in
1217 4541 1433 4602 Christo
1485 4561 1742 4613 pers0nas
1769 4549 1975 4606 statuit.
2011 4559 2066 4602 ut

492 4613 816 4681 Cerymhus,
858 4614 1133 4669 Nestor-ins
1161 4627 1214 4669 et
1256 4617 1346 4670 alii
1385 4618 1708 4671 statuebant.
1747 4616 1837 4670 Vel
1886 4618 2061 4681 latius,

495 4690 556 4736 υι
582 4687 801 4750 expetiit
836 4685 974 4737 lleda
1007 4703 1018 4738 :
1057 4687 1154 4740 lle
1198 4687 1345 4740 solvit
1392 4685 1588 4747 Iesum,
1639 4687 1727 4755 qui
1769 4688 1844 4740 rel
1881 4690 2068 4741 divini-

494 4763 663 4826 tatem
695 4757 805 4825 ejus
858 4757 938 4823 (ut
982 4757 1186 4824 Arius),
1237 4757 1312 4811 uel
1360 4762 1584 4810 animam
1633 4773 1690 4809 ra
1714 4757 1934 4810 iunalem
1992 4761 2072 4826 (ut

493 4824 840 4893 Apollinaris)
869 4866 882 4885 ,
932 4829 1008 4879 vel
1059 4845 1264 4881 carnem
1313 4838 1461 4898 negat
1502 4829 1596 4898 r(n_t
1660 4824 2022 4898 M:llthll:BUS)
2053 4872 2066 4890 ,

491 4910 746 4967 quintium
777 4898 1020 4949 ueraciter
1043 4898 1226 4951 habere
1251 4896 1388 4967 ﬁdes
1406 4896 1658 4967 catholica
1694 4898 1858 4950 docet.
1905 4896 2068 4952 Solin't

491 4975 538 5016 et
560 4965 646 5017 ille
670 4962 872 5035 Iesun,
900 4969 991 5034 qui
1027 4962 1268 5022 mandata
1314 4980 1361 5022 et
1391 4968 1535 5022 verba
1574 4965 1696 5020 Iesu
1737 4968 1814 5020 rel
1843 4985 2070 5034 perverse

491 5035 731 5107 rivi-udo.
761 5035 836 5088 vel
869 5039 1149 5101 perversius
1189 5039 1572 5107 interpretando
1619 5042 1918 5104 corrumpit.
1961 5041 2067 5093 Sed

493 5114 539 5156 ct
564 5104 661 5177 itle
687 5107 776 5174 qui
803 5109 1046 5161 unitatem
1075 5120 1266 5162 sancta:
1298 5104 1558 5171 li'cclesire,
1590 5125 1742 5177 quam
1769 5107 1920 5162 Iesus
1936 5111 2068 5163 venit

491 5175 748 5247 colligere,
780 5180 970 5241 turbat,
997 5178 1174 5231 Iesum
1196 5190 1439 5247 quantum
1468 5181 1522 5232 in
1554 5175 1610 5230 se
1632 5189 1702 5232 est
1729 5180 1924 5232 soluere
1950 5182 2068 5232 niti-

493 5253 596 5298 tur.
625 5244 733 5298 Nec
757 5247 940 5319 mirum
967 5250 1010 5301 si
1041 5251 1170 5302 tales
1198 5244 1259 5306 ex
1283 5251 1386 5302 Deo
1413 5267 1514 5302 non
1542 5259 1682 5319 sunt,
1714 5250 1804 5319 qui
1837 5248 1930 5302 Dei
1951 5266 2069 5319 ope-

491 5328 572 5372 ra,
619 5319 695 5369 uel
725 5317 890 5382 verba,
941 5320 1019 5372 uel
1049 5331 1367 5373 sacramenta
1418 5317 1730 5373 rescindunt.
1773 5316 1840 5371 In
1873 5316 2071 5373 tantum

495 5399 711 5461 namque
737 5402 799 5439 ea:
823 5388 931 5441 Deo
960 5406 1062 5444 non
1087 5402 1224 5461 sunt,
1257 5399 1311 5443 ut
1335 5392 1542 5461 quidam
1577 5405 1774 5455 eorum,
1805 5390 1892 5458 qui
1914 5407 2070 5461 pravo

496 5451 733 5535 dogmate
774 5473 1029 5535 sepna‘ra‘re‘
1050 5451 1284 5535 uolebant
1332 5451 1394 5515 ab
1439 5460 1672 5535 hominis
1693 5451 2071 5535 dispensatione

497 5522 811 5600 diuinitatem
833 5522 1051 5600 Christi,
1086 5530 1221 5586 hunc
1240 5550 1436 5600 quoque
1457 5522 1787 5594 versiculum,
1815 5547 1918 5600 quo
1945 5530 2075 5584 dici-

499 5604 585 5645 tur
613 5609 631 5646 :
664 5593 728 5670 Et
757 5599 919 5670 Otii-lii!
947 5602 1157 5665 spiritus
1197 5593 1283 5670 qui
1322 5593 1472 5657 solvit
1500 5603 1676 5653 Iesum
1706 5593 1777 5654 exi
1815 5593 1922 5654 Deo
1970 5618 2072 5656 non

500 5675 596 5728 est,
619 5680 680 5739 es:
703 5663 1057 5739 hac_lt'pistola
1085 5663 1348 5735 eraserim,
1377 5693 1437 5728 ne
1462 5671 1653 5726 scilicet
1692 5689 1777 5739 per
1797 5675 2075 5726 auctorita-

505 5743 601 5790 tem
628 5735 758 5790 beati
797 5733 1014 5792 Ioannis
1055 5733 1429 5800 cant-iaceretur
1458 5761 1598 5800 error
1622 5733 1816 5798 eorum.
1849 5742 2076 5814 Denique

2097 4589 2146 4647 D

2169 3299 2345 3354 sonam
2385 3286 2621 3348 hominis,
2656 3285 2812 3338 aliam
2837 3290 3020 3354 faceret
3054 3285 3284 3349 Dcilatis,
3318 3296 3422 3340 etc.
3458 3286 3579 3339 llaec
3613 3285 3747 3338 Ven.

2168 3353 2332 3417 Beda,
2361 3355 2450 3422 qui
2476 3357 2618 3424 quod
2653 3359 2719 3408 de
2751 3353 3000 3408 erasione
3031 3356 3185 3409 istius
3215 3355 3501 3410 sententiae
3537 3355 3608 3410 ab
3642 3357 3752 3408 hae-

2168 3425 2352 3478 retit-is
2379 3437 2725 3492 praesumpta,
2753 3434 2808 3478 et
2833 3426 2900 3479 de
2933 3425 3164 3480 Nestorii
3197 3427 3428 3490 illSt'ilia,
3461 3441 3491 3478 a
3523 3427 3752 3483 Sacrate

2169 3497 2445 3562 acet-pisse
2477 3495 2711 3559 videtur,
2742 3496 2830 3564 qui
2866 3495 2978 3549 hrcc
3009 3496 3194 3550 eadem
3240 3497 3395 3550 larius
3423 3510 3753 3550 commentae

2169 3574 2251 3618 rat
2281 3565 2363 3618 his
2393 3566 2574 3619 verbis
2603 3564 2742 3634 (Lib.
2769 3581 2835 3618 vlt
2871 3565 3010 3620 Hist.
3030 3583 3147 3634 cap.
3193 3567 3286 3632 39.)
3317 3583 3328 3618 :
3369 3565 3535 3618 Porro
3579 3577 3750 3618 autem

2167 3635 2413 3703 ignorauit
2441 3635 2764 3706 (Nestorius)
2782 3638 2916 3706 quod
2936 3639 3177 3706 scriptum
3199 3639 3260 3689 sit
3281 3638 3332 3690 in
3356 3637 3558 3690 vetustis
3583 3653 3753 3690 exem-

2170 3706 2394 3772 plaribus
2429 3705 2675 3775 Epistula:
2703 3705 2971 3758 catholicis
2994 3707 3097 3759 divi
3123 3705 3342 3759 Ioannis
3372 3721 3392 3760 .'
3425 3706 3606 3760 Omnis
3640 3710 3751 3775 spi-

2167 3777 2296 3829 ritus
2322 3777 2406 3839 qui
2433 3774 2768 3828 solt-itIesum
2796 3792 2859 3830 ea:
2891 3775 2996 3829 Deo
3019 3794 3118 3830 non
3145 3789 3233 3829 est.
3266 3778 3467 3843 Quippe
3491 3780 3622 3828 hanc
3639 3774 3754 3830 se».

2167 3845 2577 3899 tentiam'omnes
2626 3848 2709 3907 qui
2741 3847 3053 3899 divinitatem
3104 3851 3166 3899 ab
3210 3847 3527 3899 hanmnitale
3565 3844 3753 3899 Christi

2168 3917 2431 3985 sejungere
2451 3915 2720 3969 studebant
2743 3933 2805 3969 ex
2829 3919 3032 3970 vetustis
3062 3917 3437 3984 exerrtplas‘ibns
3463 3919 3629 3969 delere
3653 3916 3728 3968 tul
3738 3947 3752 3955 -

2170 3988 2368 4054 lereque
2396 4003 2496 4039 non
2526 3986 2846 4039 dubitarunt.
2875 3988 3200 4055 Quapropter
3233 3997 3420 4040 ueteres
3451 3987 3754 4055 inttrpretes

2169 4057 2494 4127 idemipsutn
2515 4057 3153 4127 signi/iCarunt,quostlam
3191 4058 3286 4110 rid.
3305 4059 3418 4110 lcet
3441 4073 3550 4110 esse
3570 4059 3656 4126 qui
3682 4060 3752 4108 il-

2170 4127 2274 4178 lam
2300 4125 2582 4193 Epistolam
2609 4127 2987 4186 deprauasseut.
3013 4143 3114 4195 quo
3144 4128 3197 4180 in
3229 4127 3430 4180 Christo
3451 4125 3754 4180 hominema

2171 4195 2218 4248 ι)
2251 4213 2281 4248 o
2307 4205 2618 4264 separarent.
2653 4196 2743 4249 Est
2775 4209 2940 4249 autem
2968 4198 3078 4267 ejus
3108 4200 3399 4250 humanitas
3427 4213 3541 4250 cum
3568 4197 3754 4248 divini-

2170 4276 2270 4318 tate
2298 4270 2594 4336 eonjuncta.
2617 4277 2662 4320 et
2683 4283 2784 4320 non
2805 4277 2922 4320 sunt
2943 4269 3066 4329 duo,
3091 4267 3178 4321 sed
3209 4283 3385 4320 unum.
3421 4268 3533 4334 Qua
3555 4268 3755 4320 ratione

2170 4337 2281 4407 nixi
2305 4346 2508 4398 veteres,
2542 4336 2763 4390 Marium
2783 4337 3054 4406 Deiparam
3076 4338 3336 4407 appellare
3356 4355 3456 4390 non
3486 4347 3600 4389 sunt
3623 4339 3754 4407 ueri-

2170 4408 2208 4458 ti
2253 4403 2337 4457 Ita
2354 4408 2505 4460 etiam
2537 4407 2786 4459 Eusebius
2827 4403 3117 4474 Pamphili
3144 4403 3215 4460 'in
3247 4409 3394 4460 tertio
3437 4409 3564 4461 libro
3598 4406 3749 4474 (Cap.

2170 4476 2260 4537 4‘2)
2294 4477 2356 4530 de
2394 4475 2512 4529 Vita
2540 4475 2865 4530 Constantini
2903 4479 3157 4546 loquitur:
3189 4477 3470 4530 Nobiscum
3499 4475 3636 4530 Deus
3659 4493 3753 4545 pro

2174 4546 2318 4599 nobis
2340 4548 2479 4600 nasci
2502 4548 2771 4616 sustinuit,
2791 4553 2837 4599 et
2867 4548 3006 4599 locus
3045 4547 3185 4601 illius
3224 4549 3501 4601 natiuitatis
3542 4564 3701 4616 propr
3724 4563 3753 4598 ο

2172 4618 2374 4668 nomine
2400 4617 2539 4682 apud
2587 4615 2824 4670 llebra'os
2855 4616 3109 4670 Bethleem
3144 4616 3457 4682 appellatur.
3499 4617 3754 4680 Quocirca

2171 4687 2468 4756 imperatrix
2493 4687 2813 4739 sanctissima
2841 4686 3056 4749 Helena,
3081 4688 3138 4739 De
3157 4687 3316 4753 iparw
3337 4701 3538 4756 partum
3554 4687 3754 4740 eximiis

2173 4757 2509 4810 monumentis
2545 4758 2820 4818 decorauit,
2859 4773 3164 4826 sacrumque
3199 4759 3328 4810 illud
3367 4769 3567 4810 antrum
3597 4758 3752 4809 uariis

2171 4832 2413 4899 cujusque.
2439 4829 2639 4899 generis
2660 4827 2932 4899 illustrapit
2956 4829 3261 4895 insignibus.
3295 4829 3428 4894 Quin
3453 4829 3605 4899 etiam
3631 4827 3755 4899 Ori-

2169 4896 2319 4968 qenes
2363 4898 2416 4950 in
2441 4896 2626 4968 primo
2671 4913 2804 4950 tumo
2842 4896 3332 4951 Commentariorum
3363 4900 3414 4950 in
3465 4896 3752 4968 Epistulam

2179 4966 2329 5020 Pauli
2373 4968 2444 5020 ad
2480 4966 2738 5020 Romanos
2763 4969 3184 5037 conscriptorum,
3217 4968 3351 5021 hanc
3378 4984 3482 5021 rem
3514 4966 3750 5037 pluribus

2171 5037 2394 5108 discutit,
2425 5038 2548 5090 dum
2570 5037 3014 5102 explicatcausam
3037 5054 3126 5090 cur
3155 5037 3325 5092 Maria
3354 5037 3581 5108 Deipara
3612 5037 3748 5088 dicta

2169 5109 2253 5159 sit.
2287 5107 2466 5176 Itaque
2495 5108 2763 5160 Nestorius
2793 5108 2988 5162 videtur
3015 5119 3236 5161 ueterum
3259 5107 3634 5161 lucubrationes
3664 5124 3753 5172 pe-

2169 5179 2306 5230 nitus
2334 5180 2591 5246 ignorare,
2616 5187 2662 5230 et
2686 5178 2747 5230 ob
2766 5195 2875 5232 eam
2901 5195 3108 5232 causam
3138 5181 3265 5231 lianc
3283 5195 3452 5232 vocem
3471 5178 3750 5247 Deipmam

2169 5247 2469 5300 insectatur.
2518 5248 2800 5316 llucusque
2845 5248 3116 5315 Socrates,
3168 5266 3286 5317 qua:
3334 5265 3456 5302 cum
3502 5247 3750 5302 Cassiani

2168 5331 2487 5385 acgumento
2523 5318 2660 5373 bene
2687 5319 3039 5373 concordant.

2243 5386 2270 5424 ά
2308 5387 2384 5442 lta
2413 5405 2477 5443 ex
2502 5387 2692 5443 Grieco
2724 5397 2868 5444 textu
2899 5405 2914 5444 :
2946 5393 3027 5444 καὶ
3057 5389 3212 5444 τοῦτό
3237 5386 3357 5446 ἔστι
3381 5395 3473 5444 τοῦ
3493 5387 3753 5446 ’Δντιγρῖ-

2174 5480 2298 5514 στου
2328 5458 2354 5514 ὁ
2381 5459 2650 5519 ἀκηκόατε.
2687 5462 2753 5514 At
2778 5460 2966 5515 Latina
2998 5471 3053 5515 et.
3084 5459 3307 5527 Vulgata
3333 5460 3518 5514 versio
3546 5458 3707 5511 habet
3735 5473 3750 5510 :

2175 5529 2240 5581 Et
2271 5530 2352 5581 hic
2375 5540 2445 5583 est
2477 5530 2836 5596 Antichristus,
2869 5531 2933 5583 de
2954 5547 3056 5600 quo
3077 5532 3316 5593 audistis,
3343 5540 3450 5600 etc.
3479 5527 3753 5600 Antichri-

2173 5611 2416 5672 stus_non
2439 5601 2749 5672 inpersona,
2783 5601 2871 5655 sed
2901 5597 3176 5672 in'ﬁgura,
3205 5603 3336 5654 sicut
3367 5597 3754 5672 Ioannesdid-

2171 5679 2254 5722 tur
2283 5667 2444 5734 Elius,
2478 5667 2664 5724 Matth.
2693 5687 2765 5725 XI.
2811 5667 3172 5737 Antichristus,
3205 5673 3258 5724 id
3286 5680 3378 5733 est,
3402 5667 3752 5740 prtrambulus

2173 5740 2500 5811 Antichristi,
2530 5745 2601 5796 ait
2625 5740 2682 5798 S.
2706 5741 2941 5800 Thomas
2974 5741 3061 5816 (In
3085 5739 3501 5812 Commentario).
