4040 6182
250 273 349 326 {'25

1282 264 1369 320 DE
1413 266 1923 323 INCARNATIONE
1962 268 2229 325 CHRISTI
2273 269 2400 323 LIB.
2447 268 2509 323 V.

3406 277 3510 330 126

247 384 480 437 ti~siznns
508 379 747 434 medicus
782 388 1034 433 venturos
1081 378 1398 448 quandoque
1431 380 1481 433 in
1528 381 1824 435 Ecclesium
1856 391 1900 448 Α
1931 388 2016 451 qui
2044 384 2191 439 solvit
2217 382 2416 452 Iesum,
2452 402 2515 441 ea:
2556 383 2663 439 Deo
2693 403 2793 439 non
2834 396 2926 441 est.
2951 385 3169 442 Solvere
3205 395 3379 443 autem
3410 390 3509 443 hoc

242 490 393 529 suam
420 474 636 527 morbos
664 482 791 525 ante
820 470 1066 540 pradixit
1088 474 1099 524 !
1125 479 1180 525 et
1206 486 1325 524 cum
1350 472 1729 540 prtenuntiatet
1754 475 1831 527 in-

240 566 568 632 firmitatem,
592 562 743 617 dedit
774 577 844 617 ex
874 564 985 632 ipsa
1013 562 1464 632 prrenuntiatione
1482 566 1829 632 medicinam,

241 669 295 713 ut
310 673 526 724 omnes,
548 658 756 712 scilicet
770 668 1127 728 agnoscentes
1142 660 1451 729 languorem
1467 660 1824 730 ingruentem,

239 751 417 820 procul
443 751 559 819 jam
592 759 754 819 atque
784 750 943 819 longe
974 751 1143 804 vitare
1166 751 1471 820 inciperent
1502 767 1619 821 quae
1652 751 1828 805 immi—

241 859 367 899 nere
413 843 760 897 didicissent.
796 842 865 896 Et
896 842 1016 897 ideo
1056 853 1274 898 sanctus
1304 844 1534 897 Joannes
1564 859 1579 896 :
1622 844 1821 906 Omnis,

240 936 430 1004 inquit,
460 934 551 1002 qui
579 934 728 986 soltit
761 932 962 997 Jesum,
995 950 1056 987 ca:
1089 933 1195 986 Deo
1233 950 1335 987 non
1383 944 1478 996 est,
1517 942 1563 987 et
1606 933 1703 987 hoc
1750 943 1822 987 est

229 1025 554 1079 Antichristi.
594 1025 933 1094 Agnoscisne
960 1040 1110 1090 eum,
1145 1024 1435 1080 haeretice?
1466 1026 1728 1095 Agnoscis
1755 1025 1821 1079 de

231 1128 282 1171 te
302 1118 417 1185 jam
451 1116 630 1185 palam
657 1127 711 1169 et
734 1113 1078 1185 designanter
1108 1116 1349 1170 dixis<ei
1378 1116 1544 1170 Nemo
1581 1116 1725 1171 enim
1750 1117 1818 1169 ita

229 1210 388 1260 solvit
427 1207 617 1262 Jesum
650 1223 809 1277 quam
856 1208 944 1277 qui
992 1222 1095 1260 non
1127 1208 1413 1261 conlitetur
1457 1207 1640 1261 Deum.
1684 1207 1817 1260 Cum

227 1300 366 1353 enim
402 1301 450 1352 in
481 1299 584 1353 hoc
607 1300 785 1354 omnis
814 1300 1066 1354 Ecclesiae
1093 1300 1226 1354 fides
1251 1310 1305 1353 et
1330 1300 1504 1354 onmis
1525 1300 1697 1353 cultus
1721 1299 1813 1362 sit,

224 1390 409 1442 lesrun
445 1392 612 1443 Deum
644 1406 831 1445 verum
858 1391 1031 1458 lateri,
1062 1394 1185 1459 quis
1217 1392 1387 1460 magis
1419 1391 1815 1446 venerationem

225 1484 341 1549 ejus
374 1492 428 1536 et
457 1484 660 1535 cuILum
692 1484 911 1537 salvere
943 1482 1138 1550 potuit,
1171 1497 1331 1551 quam
1365 1483 1453 1551 qui
1488 1492 1653 1535 totum
1678 1482 1729 1535 in
1755 1496 1817 1536 co

223 1572 365 1640 qun!
398 1588 590 1626 omnes
625 1572 851 1627 colimus
891 1572 1215 1642 denegavit?
1244 1572 1446 1628 Caveas
1476 1588 1625 1643 ergo,
1656 1573 1814 1628 obse-

222 1680 341 1727 cro,
369 1678 565 1719 caveas
589 1680 656 1718 ne
680 1666 800 1734 quis
819 1665 979 1719 etiam
1006 1665 1392 1719 Antichristth
1418 1664 1599 1719 dicere
1630 1673 1811 1733 queat.

1933 484 2037 540 est,
2069 476 2213 546 quod
2241 477 2445 530 unitum
2470 488 2553 532 est
2582 476 2633 530 in
2653 476 2778 531 lesu
2805 478 2941 531 velle
2974 493 3257 546 rumpere,
3289 489 3343 534 et
3365 482 3507 550 quod

1932 569 2259 623 individuum
2292 584 2565 638 separare.
2595 570 2732 637 Quid
2764 581 2943 623 autem
2978 570 3029 623 in
3062 569 3188 624 .lesu
3220 572 3422 625 unitum
3455 578 3508 627 et

1929 662 2306 716 individuum?
2336 662 2504 716 Homo
2550 664 2729 732 otique
2760 670 2815 715 et
2846 661 3006 715 Deus.
3041 662 3176 729 Ergo
3202 662 3290 715 ille
3320 662 3504 718 Jesum

1928 752 2105 818 solvit,
2139 752 2228 821 qui
2255 751 2369 805 hrec
2390 753 2717 819 separaverit
2738 761 2898 819 atque
2919 755 3225 822 disruperit.
3253 755 3504 825 Alioquin

1926 844 1967 897 si
1999 858 2102 897 non
2133 840 2440 911 disrumpit,
2474 858 2535 897 ac
2566 854 2797 912 separat,
2833 860 2963 913 ergo
2995 860 3093 899 nec
3125 847 3305 900 solvit.
3336 847 3390 902 Si
3412 864 3503 901 au-

1927 944 2034 987 tem
2062 942 2276 1003 separat
2300 944 2460 1004 atque
2489 934 2793 1003 disrumpit,
2824 936 2915 989 ille
2957 935 3136 1004 utique
3166 937 3345 992 solvit.

2532 1046 2757 1103 CAPUT
2800 1046 2890 1103 Χῐ.

1923 1139 2207 1193 υοηιὶιιὶοω
2237 1136 2617 1191 lucarnntiouis
2660 1150 3037 1193 sacramentum
3080 1139 3271 1196 Christi
3309 1140 3501 1194 ditini-

2348 1219 2448 1261 late
2470 1227 2497 1259 ιι
2528 1211 2793 1279 manifeste
2828 1212 3075 1280 cvnrguit.

1995 1299 2065 1353 Et
2092 1298 2211 1353 ideo
2245 1300 2389 1353 omni
2436 1298 2639 1352 hon‘ini
2672 1302 2719 1352 in
2750 1300 2885 1354 hanc
2929 1300 3310 1371 blasphemiam
3340 1311 3500 1368 atque

1923 1393 2185 1447 insaniam
2218 1394 2607 1460 prorumpenti,
2646 1392 2757 1459 ipse
2789 1407 2882 1460 pro
2906 1406 2963 1445 se
2994 1392 3045 1444 in
3077 1391 3362 1461 Evangelio
3395 1392 3499 1443 Do-

1920 1483 2094 1537 minus
2140 1481 2298 1536 Jestts
2344 1481 2474 1535 illud
2524 1482 2666 1551 quod
2717 1483 2782 1534 ad
2825 1483 3121 1535 l’harismos
3169 1482 3377 1536 locutus
3416 1490 3497 1535 est

1918 1576 2114 1629 clamat
2142 1588 2203 1627 ac
2231 1582 2556 1642 protestatur
2581 1590 2594 1625 :
2628 1572 2654 1610 ιι
2688 1574 2835 1637 Quod
2861 1574 2995 1627 Deus
3025 1574 3311 1643 conjunxit,
3342 1572 3495 1625 homo

1919 1681 2020 1719 non
2045 1672 2242 1736 separet
2270 1664 2485 1734 (Matth.
2515 1663 2647 1734 xix).
2691 1665 2841 1731 Quod
2890 1665 3018 1718 licet
3044 1664 3152 1719 illic
3196 1664 3285 1717 ubi
3326 1679 3354 1717 a
3387 1664 3495 1718 Deo

222 1753 533 1808 Comiciari
564 1769 652 1809 me
683 1765 775 1808 aut
799 1754 1121 1808 maledicere
1152 1756 1350 1825 putas?
1382 1756 1495 1809 Non
1530 1770 1705 1808 meum
1728 1766 1805 1808 est
1844 1760 1887 1818 Β
1916 1758 2116 1812 dietutu
2136 1765 2240 1821 est,
2277 1767 2299 1795 ο
2327 1756 2393 1809 ad
2410 1771 2625 1811 causam
2655 1757 2811 1808 aliam
2840 1770 3153 1824 responsqu
3178 1769 3296 1808 esse
3314 1753 3497 1808 videa-

221 1848 366 1915 qaod
400 1848 616 1915 loquor,
653 1861 783 1901 ecce
814 1848 1139 1915 evangelista
1178 1846 1304 1901 dicit
1332 1865 1343 1899 :
1378 1846 1556 1900 Omnis
1585 1848 1671 1913 qui
1710 1847 1813 1899 sol-

220 1940 287 1988 vit
311 1935 524 2002 Iesum,
555 1952 620 1990 ea:
642 1934 751 1990 Deo
791 1952 894 1990 non
934 1946 1027 2001 est,
1052 1945 1099 1989 et
1138 1936 1221 1989 Ιιέ
1258 1946 1330 1989 est
1362 1936 1723 1989 Antichristus.
1757 1936 1811 1989 Si

220 2044 327 2083 non
360 2029 533 2083 solvis
567 2029 751 2084 Iesum
779 2038 835 2083 et
871 2028 1038 2082 Deum
1068 2043 1175 2083 non
1208 2043 1390 2098 negas,
1422 2028 1810 2083 Antichristum

218 2131 271 2175 te
303 2123 485 2176 nullas
512 2122 689 2175 dicere
719 2131 912 2190 potest.
942 2120 1000 2177 Si
1027 2129 1204 2175 autem
1230 2136 1329 2191 ueg
1348 2137 1413 2188 ts,
1439 2120 1565 2190 quid
1592 2134 1811 2173 accusas

217 2214 362 2281 quod
391 2212 791 2267 Antichristum
828 2223 879 2266 te
906 2212 1186 2282 quisquam
1222 2227 1341 2266 esse
1388 2212 1566 2265 dicat?
1601 2212 1681 2266 Tu
1710 2211 1810 2267 hoc

217 2304 284 2355 de
319 2314 394 2365 te,
426 2312 512 2367 tu,
541 2302 915 2372 inquam,dum
958 2318 1140 2372 negas,
1176 2303 1287 2371 ipse
1317 2302 1519 2356 dixisti.
1551 2301 1643 2355 Vis
1672 2303 1811 2357 scire

218 2393 319 2447 hoc
348 2410 537 2447 verum
568 2395 727 2448 esse?
758 2395 848 2448 Dic
876 2395 1005 2448 mihi
1026 2393 1208 2448 .lcsum
1242 2408 1362 2448 cum
1381 2408 1446 2447 ex
1473 2393 1688 2464 Virgine
1709 2409 1807 2447 na-

214 2497 493 2551 sceretur,
537 2488 663 2557 quid
698 2488 847 2553 velis,
891 2488 1161 2543 hominem
1206 2488 1307 2541 luis
1341 2502 1370 2542 e
1407 2503 1473 2541 an
1499 2488 1711 2542 Deum?
1752 2489 1806 2544 Si

217 2580 386 2632 Deum
420 2588 652 2646 tantum,
682 2579 847 2633 solvis
877 2580 1067 2649 utique
1107 2580 1311 2644 Jesum,
1345 2580 1432 2648 qui
1466 2581 1517 2634 in
1547 2595 1611 2635 eo
1636 2582 1806 2635 homi-

216 2684 338 2723 nem
370 2671 582 2721 un'tum
608 2669 717 2723 Deo
742 2669 905 2723 ruisse
935 2670 1191 2739 deneges.
1218 2671 1272 2723 Si
1304 2680 1479 2725 autem
1510 2672 1803 2735 hominem,

214 2760 389 2813 solvis
421 2760 614 2830 utique
645 2761 1020 2828 nihilominus,
1068 2763 1156 2832 qui
1191 2763 1362 2817 solum
1411 2765 1803 2828 tantummodo,

211 2862 260 2905 ut
297 2851 461 2918 facis,
493 2851 765 2906 hominem
797 2864 977 2905 natum
1010 2868 1129 2907 esse
1148 2852 1639 2922 blaSpItcntes.Nisi
1670 2854 1805 2910 forte

208 2944 499 2997 existimas
537 2944 681 3013 quod
723 2960 828 2998 non
876 2945 1056 2999 solvas
1102 2946 1309 3009 .Icsum,
1362 2947 1451 3016 qui
1486 2948 1649 3003 fuisse
1680 2966 1800 3003 cum

212 3033 381 3088 Deum
413 3048 602 3104 negas,
633 3034 720 3104 qui
752 3034 990 3089 solveres
1011 3036 1193 3105 utique
1213 3037 1375 3091 etiam
1402 3038 1446 3092 si
1474 3048 1652 3093 natum
1679 3056 1797 3095 cum

1919 1857 2023 1915 tur,
2057 1859 2233 1905 tamen
2266 1849 2598 1917 profunditas
2625 1848 2740 1915 Dei,
2774 1864 2891 1917 quae
2929 1863 3033 1901 non
3077 1847 3245 1916 magis
3274 1847 3340 1901 de
3371 1862 3492 1899 car-

1918 1941 2127 1994 nalibus
2151 1955 2309 2008 quam
2330 1939 2394 1994 de
2416 1939 2784 2008 spiritualtbus
2810 1940 3147 2007 loquebatur,
3167 1953 3285 1991 cum
3310 1936 3376 1990 de
3402 1934 3491 1990 illo

1918 2032 2041 2097 hoc,
2078 2040 2187 2085 tum
2220 2032 2391 2100 magis
2416 2032 2481 2086 de
2511 2032 2611 2085 hoc
2641 2031 2803 2083 voluit
2832 2030 3083 2099 intelligi;
3114 2030 3236 2095 quia
3263 2027 3493 2082 creden-

1916 2123 2055 2178 tibus
2086 2130 2212 2178 tunc
2232 2122 2432 2178 Judaeis
2454 2122 2505 2177 id
2535 2123 2673 2191 quod
2700 2131 2753 2174 tu
2777 2121 2932 2184 dicis,
2960 2120 3228 2173 hominem
3259 2128 3492 2172 tantum-

1914 2216 2072 2270 modo
2093 2213 2278 2269 Jesum
2304 2215 2419 2268 sine
2449 2214 2561 2268 Deo
2592 2228 2732 2278 esse,
2767 2228 2885 2266 cum
2912 2212 2981 2266 de
3007 2212 3269 2266 societate
3297 2210 3488 2279 conju~

1911 2306 1983 2375 gii
2010 2306 2263 2360 Dominus
2294 2305 2738 2372 interrogaretur,
2769 2318 2873 2355 non
2902 2301 2969 2355 de
3013 2316 3078 2355 eo
3123 2310 3348 2361 tantum,
3393 2300 3489 2353 sed

1911 2399 2070 2452 etiam
2102 2396 2169 2451 de
2198 2396 2299 2451 hoc
2344 2394 2583 2460 edocuit,
2632 2402 2688 2449 et
2728 2393 2795 2449 de
2842 2392 3141 2447 minoribus
3189 2392 3487 2456 consultus,

1911 2487 2074 2543 etiam
2106 2487 2172 2541 de
2204 2486 2487 2541 altioribus
2516 2484 2914 2553 majoribusque
2952 2468 3248 2552 respondit,
3279 2482 3488 2543 dicens,

1916 2579 2066 2646 Quod
2096 2575 2235 2630 Deus
2256 2577 2542 2647 conjunxit,
2564 2576 2715 2629 homo
2736 2592 2835 2628 non
2854 2582 3072 2645 separet.
3101 2572 3212 2626 lloc
3238 2582 3319 2626 est
3343 2589 3357 2625 :
3383 2570 3489 2624 Νυ-

1913 2670 2005 2723 lite
2026 2669 2078 2723 id
2109 2682 2364 2737 separare
2393 2666 2535 2736 quod
2567 2667 2617 2719 in
2661 2680 2745 2719 me
2777 2666 2914 2718 Deus
2935 2663 3149 2733 junxit;
3194 2677 3301 2716 non
3330 2676 3486 2730 sepao

1909 2773 1993 2818 ret
2021 2763 2250 2815 humana
2284 2761 2529 2829 impietas
2555 2759 2695 2828 quod
2726 2758 2777 2811 in
2804 2771 2889 2811 me
2915 2756 3085 2809 univit
3109 2754 3285 2808 divina
3318 2756 3486 2820 maje-

1907 2864 2041 2911 stas.
2078 2853 2167 2909 Vis
2196 2862 2374 2908 atttem
2408 2853 2615 2921 plenius
2640 2852 2778 2905 scire
2807 2852 2906 2904 hoc
2936 2849 3006 2902 ita
3027 2862 3168 2910 esse,
3199 2847 3321 2900 audi
3351 2853 3486 2914 Apo-

1909 2946 2104 3000 stolum
2133 2946 2199 3000 de
2229 2944 2313 2997 his
2345 2944 2473 3012 ipsis
2516 2944 2585 2997 de
2628 2942 2818 3011 quibus
2850 2949 2974 2994 tunc
3005 2938 3256 2995 Salvator
3300 2938 3486 2992 docuit

1910 3018 2299 3091 disserentem?
2326 3035 2413 3105 qui
2448 3035 2636 3101 utique
2659 3041 2848 3101 utpote
2871 3031 3128 3100 magister
3156 3044 3182 3082 a
3214 3029 3328 3084 Deo
3355 3028 3485 3083 mis-

212 3122 323 3175 Deo
356 3122 633 3177 hominem
661 3124 979 3194 denegares.
1010 3126 1116 3180 Sed
1161 3128 1427 3196 exemplis
1469 3127 1651 3184 forsan
1698 3132 1799 3186 hoc
1829 3124 1874 3186 C
1907 3143 2020 3192 sus,
2051 3136 2111 3182 ut
2137 3142 2327 3195 capere
2376 3133 2507 3180 tunc
2546 3124 2851 3179 auditorum
2880 3120 3224 3178 imbecillitas
3252 3128 3483 3191 poterat,

213 3213 559 3268 manifestius
600 3215 737 3269 velis
769 3215 917 3280 lteri;
958 3216 1140 3285 accipe
1167 3215 1234 3271 de
1276 3227 1523 3288 utroque.
1558 3228 1581 3256 ⁸
1636 3221 1801 3275 Mani-

210 3307 393 3361 ch-xus
421 3316 576 3361 extra
612 3306 904 3361 Ecclesiam
928 3316 1029 3375 est,
1061 3309 1149 3377 qui
1181 3309 1365 3363 Jesum
1399 3311 1560 3363 Deum
1590 3319 1797 3365 tantum

214 3399 377 3453 fuisse
400 3398 629 3459 asserit;
665 3399 886 3464 llebion,
918 3400 1037 3468 quia
1069 3399 1357 3455 hominem.
1390 3399 1626 3472 Uterque
1655 3403 1798 3457 enim

217 3489 397 3546 leum
429 3490 646 3561 negavit
674 3504 735 3544 ac
762 3491 946 3555 solvit,
986 3492 1122 3546 alter
1156 3493 1328 3546 solum
1371 3493 1598 3548 dicendo
1630 3493 1800 3548 homi-

218 3602 355 3647 ιιιειιι,
382 3586 525 3638 al:er
567 3584 939 3637 tantummodo
970 3584 1143 3637 solum
1178 3584 1366 3638 Deum.
1401 3586 1535 3652 Quia
1560 3588 1687 3641 licet
1718 3587 1801 3640 di-

216 3693 360 3730 tersa
394 3677 660 3739 dixerint,
689 3692 781 3744 par
812 3686 986 3731 tamen
1030 3677 1196 3742 ipsius
1229 3678 1560 3731 diversitatis
1606 3679 1797 3747 impie-

217 3774 309 3819 tas.
348 3764 465 3821 Nisi
496 3767 642 3835 quod
688 3766 733 3819 si
766 3766 871 3820 ulla
913 3766 1055 3821 inter
1086 3768 1346 3819 maiorum
1380 3767 1795 3837 magnitudinem

216 3867 384 3923 potest
407 3872 533 3910 esse
559 3856 833 3920 discretio,
863 3855 1171 3925 injuriosior
1203 3856 1532 3926 blaSphemia
1567 3869 1655 3913 tua
1688 3870 1795 3923 est,

214 3960 324 4014 qua:
356 3946 535 3999 solum
570 3946 839 4001 hominem
870 3948 1090 4012 asserit,
1140 3963 1295 4017 quam
1333 3949 1415 4002 illa
1460 3966 1578 4019 quae
1623 3951 1793 4005 solum

214 4036 415 4101 Deum;
451 4038 577 4105 quia
613 4037 740 4091 licet
771 4048 1054 4107 utrumque
1087 4040 1283 4092 malum
1318 4040 1410 4107 sit,
1444 4043 1798 4096 contumelio-

212 4131 316 4181 εἴης
343 4141 523 4183 tamen
556 4130 829 4183 estdivina
847 4131 1072 4186 Domino
1098 4148 1257 4201 quam
1274 4133 1505 4189 humana
1526 4138 1791 4205 rapuisse.

215 4220 368 4273 Fides
392 4236 526 4290 ergo
559 4221 673 4275 hmc
703 4232 905 4276 tantum
938 4225 1219 4287 catholica,
1257 4224 1373 4279 haec
1414 4234 1617 4280 tantum
1668 4243 1794 4282 vera

213 4322 313 4375 est,
344 4312 635 4367 Dominum
662 4315 845 4369 Iesum
860 4314 1130 4370 Christum
1164 4316 1304 4370 sicut
1330 4317 1517 4383 Deum,
1542 4318 1612 4372 ita
1633 4322 1797 4374 etho-

212 4406 501 4468 minent,et
523 4408 659 4461 sicut
687 4408 980 4474 hominem,
997 4410 1069 4462 ita
1092 4418 1143 4463 et
1163 4409 1325 4464 Deum
1349 4412 1594 4466 credere.
1617 4412 1796 4467 Omnis

1904 3232 1966 3273 ea
2000 3218 2117 3287 ipsa
2148 3234 2265 3287 quze
2310 3217 2448 3271 Deus
2476 3216 2529 3270 in
2566 3215 2825 3288 mysterio
2867 3213 3189 3284 prredicarat
3212 3212 3484 3281 exposuit.

1904 3312 2036 3365 Cum
2066 3313 2205 3366 enim
2237 3314 2305 3365 de
2327 3310 2578 3379 conjugio
2601 3309 2827 3372 carnali,
2860 3306 3002 3361 unde
3036 3305 3395 3374 interrogatus
3428 3304 3479 3357 in

1906 3404 2200 3474 Evangelio
2230 3404 2478 3459 Salvator
2505 3402 2701 3469 fuerat,
2745 3400 3072 3469 disputaret,
3112 3396 3393 3467 replicavit
3421 3409 3483 3449 ea

1904 3496 2039 3565 ipse,
2076 3495 2268 3565 quibus
2300 3495 2389 3549 ille
2420 3508 2547 3547 usus
2577 3502 2706 3546 tunc
2730 3490 2923 3556 fuerat,
2958 3490 3088 3559 legis
3111 3487 3311 3544 veteris
3344 3487 3484 3540 Iesti~

1904 3587 2102 3652 monia,
2138 3585 2341 3639 sellicet
2372 3594 2431 3639 ut
2462 3582 2856 3651 intelligeretur
2899 3580 3040 3648 quod
3084 3577 3329 3632 eamdem
3365 3591 3479 3629 rem

1903 3684 2197 3746 exponeret
2227 3675 2317 3745 qui
2350 3673 2537 3728 iisdem
2573 3670 2897 3725 testimoniis
2921 3676 3183 3722 uteretur.
3208 3665 3482 3734 Adjicit-ns

1904 3778 2189 3835 prmtereu,
2225 3780 2290 3819 ne
2312 3764 2505 3818 deesse
2536 3776 2717 3816 causa:
2757 3757 2958 3827 aliquid
2995 3757 3285 3821 videretur,
3318 3755 3481 3809 etiam

1900 3858 2112 3913 Carnale
2140 3856 2467 3925 conjugium,
2515 3851 2756 3905 mulieris
2781 3863 2997 3919 quoque
3031 3863 3096 3901 ac
3132 3847 3234 3901 viri
3259 3861 3479 3903 nomen.

1900 3965 2033 4018 quos
2061 3949 2125 4002 ad
2170 3954 2409 4001 mutuum
2442 3942 2831 3998 adhortabatur
2856 3940 3129 4005 all'cctum,
3162 3937 3232 3991 ita
3262 3936 3433 4007 posuit
3466 3953 3480 3990 :

1906 4040 2039 4103 Viri,
2065 4038 2262 4108 diligite
2282 4052 2467 4091 uxores
2498 4043 2706 4099 vestras,
2726 4034 2853 4086 sicut
2872 4042 2916 4084 et
2946 4028 3176 4083 Christus
3203 4027 3480 4081 Ecclesium

1901 4133 2118 4205 (Ephes.
2153 4132 2227 4202 v).
2252 4131 2317 4186 Et
2343 4130 2533 4185 iterum
2561 4146 2574 4181 :
2607 4125 2691 4180 Ita
2722 4126 2875 4179 ett'iri
2904 4123 3082 4177 debent
3112 4122 3325 4191 dilfgerc
3354 4138 3481 4174 uxo-

1897 4246 1980 4283 res
2009 4245 2149 4293 suas,
2179 4236 2231 4280 ut
2254 4241 2469 4293 corpora
2498 4239 2610 4276 sua.
2649 4221 2749 4286 Qui
2778 4233 2986 4271 uxorem
3009 4232 3154 4269 suam
3183 4215 3377 4284 diligit,
3402 4230 3479 4266 sc-

1897 4320 2065 4391 ipsum
2088 4317 2273 4387 dilig't.
2294 4314 2458 4368 Nemo
2481 4327 2720 4381 umquam
2743 4324 2948 4361 carnem
2971 4323 3115 4359 sttam
3145 4306 3262 4357 odio
3281 4304 3474 4366 habuit,

1898 4414 1985 4467 sed
2014 4410 2172 4465 nutrit
2201 4418 2247 4462 et
2289 4408 2419 4475 {ovet
2464 4422 2594 4469 eam,
2635 4403 2761 4455 sicut
2807 4410 2853 4453 et
2898 4398 3128 4451 Christus
3170 4395 3473 4457 Ecclesium,

1269 4568 1523 4624 ALUlDl
1562 4569 1786 4625 (ML-El
1826 4561 2399 4625 CORlllENTARiUS.

280 4714 298 4739 ³
340 4702 952 4758 SlaniclurnsChristum
978 4718 1157 4756 veram
1186 4718 1427 4761 rarnem,
1450 4703 1653 4755 scilicet
1683 4701 1777 4753 hu-
1808 4703 1854 4760 D
1887 4701 2120 4753 litteram
2149 4698 2349 4749 dictum
2377 4703 2458 4749 est
2486 4708 2513 4745 a
2543 4691 2792 4756 Domi-0,
2829 4690 3121 4757 allegorice
3160 4703 3466 4761 accommo-

213 4791 438 4837 manam,
469 4789 669 4833 assum;
692 4776 828 4825 sisse
862 4774 1111 4837 negabat,
1143 4774 1233 4824 sed
1278 4774 1589 4841 phantatna
1625 4774 1781 4823 dum-

212 4855 349 4897 taxat
377 4856 469 4895 aut
505 4845 663 4896 inane
686 4854 955 4908 Spectrum
991 4845 1263 4895 hominum
1293 4844 1600 4910 aspectibus
1632 4842 1781 4910 obje-

211 4918 251 4967 ci
282 4932 340 4967 se
360 4933 375 4978 ;
398 4924 791 4981 promet-eaque
817 4915 1083 4966 Christum
1110 4924 1160 4964 ut
1192 4914 1353 4964 Deum
1382 4921 1585 4964 tantum
1619 4928 1781 4979 agno-

210 4988 411 5045 sm-lmt,
475 5000 583 5037 non
638 4984 799 5035 etiam
851 4984 1147 5036 hominem.
1218 4984 1533 5035 Econlrario
1586 4982 1776 5044 Ebion,

220 5054 526 5115 Cerinthus,
573 5065 629 5107 et
665 5057 854 5105 horum
898 5061 1132 5107 sectator
1162 5051 1460 5113 Nestorins,
1511 5052 1779 5104 hominem

207 5138 403 5177 tantum
436 5126 809 5184 ohlatraliant,
854 5132 908 5174 ut
945 5138 1089 5186 srepe
1133 5123 1332 5174 dictum
1380 5129 1479 5172 est.
1534 5121 1669 5175 llinc
1717 5123 1776 5174 I).

208 5194 561 5265 Hieronymus
595 5197 647 5245 in
695 5210 814 5259 cap.
850 5192 967 5265 tad
1013 5192 1231 5245 Galatas
1264 5209 1277 5241 :
1341 5191 1582 5265 Ecclesia!
1631 5191 1777 5265 ﬁdes,

203 5265 383 5331 inquit,
403 5262 547 5318 inter
573 5265 830 5332 falsorum
862 5264 1157 5330 dogmatum
1186 5262 1469 5332 naufragiq
1487 5262 1779 5332 constituta,

198 5335 238 5385 si
278 5337 537 5389 tlhristum
574 5330 807 5400 linteatur
850 5332 1106 5383 hominem
1135 5373 1148 5391 ,
1199 5330 1391 5390 Ebion;
1436 5330 1783 5399 Photinusque

198 5408 489 5471 subrepunt.
541 5408 601 5459 Si
639 5406 805 5456 Deum
851 5418 961 5455 csse
1003 5402 1340 5465 contenderit,
1376 5400 1687 5471 Manicha'us
1736 5410 1785 5452 et

200 5473 443 5540 Marcion,
477 5488 525 5531 et
558 5475 752 5529 novitii
790 5474 1044 5543 dogmatis
1084 5472 1580 5543 auctor__ebulliunt_._
1604 5470 1671 5543 Et
1718 5471 1778 5522 D.

196 5544 516 5611 Augustinus
552 5548 651 5599 lib.
714 5544 783 5598 de
836 5540 1186 5597 Hmresibus:
1249 5540 1476 5594 Ebionwi
1521 5540 1780 5593 Christum

195 5618 334 5668 etiam
369 5617 735 5671 tantummodo
761 5615 1015 5667 hominem
1046 5614 1243 5666 dicunt.

255 5685 281 5723 δ
320 5690 467 5755 Quod
503 5690 574 5742 de
606 5686 998 5755 conjunctione
1030 5684 1130 5737 viri
1168 5693 1218 5736 et
1256 5682 1447 5735 uxoris
1477 5678 1774 5735 secundum

1888 4772 1980 4824 dat.
2010 4776 2208 4822 Auctor
2246 4767 2310 4819 ad
2346 4763 2657 4834 mysterium
2694 4761 3242 4834 lnearnattnnis,‘quo
3273 4760 3466 4811 divini-

1892 4855 1970 4893 tas
1993 4850 2047 4893 et
2071 4837 2378 4891 humanitas
2398 4830 2478 4888 sic
2504 4835 2554 4886 in
2580 4847 2680 4885 una
2712 4830 2982 4902 hypostasi
3001 4830 3301 4902 eoniuneta:
3314 4839 3461 4886 sunt,

1890 4910 2113 4963 utnulla
2145 4909 2354 4959 ratione
2375 4904 2614 4972 separari
2641 4917 2701 4955 ac
2728 4900 2903 4972 dirimi
2933 4909 3152 4969 queant.
3184 4900 3467 4972 Etgnotan-

1888 4982 2015 5034 dtnn
2046 4978 2183 5044 quod
2215 4992 2318 5030 non
2350 4970 2485 5028 dixit
2512 4974 2787 5036 Dominus,
2820 4971 2961 5037 Quo<
2993 4972 3128 5022 Deus
3148 4970 3457 5044 coniunxit,

1891 5051 1981 5103 sed
2008 5068 2019 5102 :
2056 5039 2202 5113 Quod
2230 5047 2365 5098 Deus
2392 5044 2768 5113 conjunxit;ut
2797 5058 2899 5093 non
2931 5050 3197 5113 tamquam
3222 5040 3295 5113 de
3323 5039 3430 5089 duo

1892 5065 1981 5103 seu
2008 5068 2019 5102 ε
2056 5065 2200 5113 υιιοίι
2230 5065 2365 5098 Heus
2392 5065 2483 5097 con
2516 5065 2768 5109 "unum
2797 5065 2899 5093 Ittm
2931 5065 3197 5107 lilllllltl‘dlll
3231 5065 3295 5089 uc
3323 5065 3430 5089 UIIU

1892 5122 2014 5183 lius,
2044 5120 2136 5173 Setl
2172 5128 2439 5185 tamquam
2471 5065 2536 5167 de
2567 5129 2673 5166 uno
2696 5126 2931 5185 corpore
2963 5110 3104 5177 loqui
3146 5109 3423 5185 videret-ur
3451 5125 3461 5158 :

1888 5178 2011 5259 quia
2042 5189 2198 5252 paulo
2228 5178 2365 5259 auie
2402 5184 2608 5259 dixerat
2642 5200 2655 5236 :
2688 5178 2869 5259 itaque
2886 5184 2999 5259 jam
3047 5195 3146 5259 non
3177 5187 3293 5230 sunt
3325 5178 3459 5259 duo,

1886 5250 1977 5312 scd
2009 5250 2111 5312 una
2149 5273 2292 5310 curo.
2333 5255 2481 5321 Quod
2509 5254 2742 5307 etiamin
2776 5250 3086 5321 mysterium
3131 5250 3461 5321 Incarnatio-

1884 5331 1966 5382 nis
1997 5329 2242 5395 quadrat,
2271 5320 2369 5379 ubi
2390 5325 2523 5377 Deus
2550 5332 2598 5395 et
2619 5324 2766 5375 homo
2795 5320 2893 5375 non
2922 5323 3042 5381 duo,
3090 5320 3177 5395 scd
3227 5332 3356 5369 unus
3389 5326 3463 5395 est

1884 5386 2137 5460 Chriitns,
2185 5386 2287 5450 una
2321 5394 2656 5466 hypostasis,
2700 5408 2860 5446 unum
2908 5388 3265 5458 suppositum,
3315 5386 3458 5455 quod

1884 5470 2107 5523 dissolvi
2140 5483 2200 5521 ac
2228 5461 2467 5534 separari
2500 5461 2703 5531 nequit.

1957 5550 1980 5577 ι’
2030 5539 2229 5605 Nempe
2286 5528 2351 5588 ad
2403 5528 2886 5605 interrogatioaem
2943 5528 3333 5605 l‘ltarismorum
3389 5528 3457 5581 de

1882 5610 2083 5661 carnali
2111 5601 2359 5676 conjugio
2390 5607 2483 5658 viri
2511 5616 2565 5657 et
2602 5603 2862 5666 mulieris,
2896 5610 2950 5654 ct
2981 5603 3157 5654 causis
3183 5601 3452 5655 dimitten-

1882 5680 1961 5732 da:
1994 5676 2201 5733 uxoris.
