4040 6182
267 343 365 398 ιξι

1299 339 1390 394 Dii
1435 336 1938 394 INCARNATLHE
1979 335 2247 393 CHRISTI
2287 336 2414 391 LIB.
2460 337 2521 388 γ.

3444 340 3542 396 150

263 472 401 524 tum,
422 459 611 528 inquit,
647 457 744 511 hoc
779 475 1015 529 magnum
1048 469 1142 513 est.
1174 457 1425 512 Removit
1449 459 1629 527 utique
1659 457 1725 511 de
1759 456 1858 508 hac
1891 455 1936 513 Α
1968 463 2069 508 tem
2098 453 2335 507 faciliora
2373 463 2719 520 cognoscant,
2753 461 2808 506 ut
2832 467 2950 507 Cum
2975 452 3358 523 motiiptiorem
3390 454 3545 527 inLel-

269 551 492 606 omnino
530 559 584 602 et
622 551 927 618 amputavit
955 552 1228 604 carnalem
1265 551 1618 606 intellectum,
1657 548 1746 601 ubi
1777 565 1859 600 sa.

271 652 604 698 crameutum
637 643 860 710 penitus
890 641 1022 694 dixit
1059 655 1177 695 esse
1209 641 1470 692 divinum.
1520 642 1579 691 Et
1619 638 1744 704 quid
1777 647 1857 690 ta-

271 747 392 788 men
421 745 540 800 post
572 731 676 786 ista
703 732 978 786 subdidit?
1005 741 1029 768 σι
1056 731 1168 803 Ego
1187 741 1353 786 autem
1372 731 1486 784 dico
1508 731 1558 783 in
1586 730 1785 782 Christo
1817 739 1863 782 et

273 821 327 872 in
346 818 586 872 Ecclesia
623 819 759 870 Cum
781 817 1030 878 dixisset,
1050 821 1454 874 sacrauieutmu
1478 814 1578 865 hoc
1602 827 1855 879 maguum

272 921 396 966 est:
432 926 537 964 non
571 911 732 974 dixit,
769 912 881 962 lucc
933 917 1015 960 est
1060 907 1326 974 espositio
1355 901 1706 959 sacramenti.
1751 904 1855 956 Sed

277 1005 447 1074 quid?
479 1004 593 1071 Ego
648 1012 826 1069 autem
869 1001 1004 1064 di:o,
1035 1001 1086 1052 in
1121 1000 1328 1054 Christo
1361 1011 1411 1052 et
1475 1000 1528 1051 in
1591 995 1858 1050 Ecclesia.

274 1091 384 1147 lloc
413 1101 501 1146 est
551 1094 785 1147 dicere:
827 1091 960 1146 lllud
991 1092 1209 1161 quidem
1260 1108 1510 1162 magnum
1558 1105 1642 1147 est
1689 1108 1866 1146 sacra-

273 1192 537 1242 mentum,
567 1183 663 1234 sed
691 1197 792 1251 ego
815 1182 867 1235 in
898 1181 1111 1236 Christo
1141 1182 1264 1236 dico
1296 1190 1352 1237 et
1383 1184 1432 1236 in
1457 1182 1716 1236 Ecclesia.
1756 1183 1865 1236 lloc

275 1285 376 1338 est,
411 1285 468 1326 ιιι
491 1274 518 1310 ι’
554 1273 676 1340 quia
697 1289 893 1340 capere
914 1272 1047 1327 illud
1073 1273 1138 1326 ad
1169 1288 1410 1342 prmscns
1429 1274 1648 1327 forsitan
1677 1288 1864 1327 omnes

274 1379 379 1416 non
400 1375 634 1432 queunt,
661 1365 747 1418 vel
773 1363 877 1417 hoc
899 1365 1135 1432 capiant,
1169 1363 1311 1434 quod
1344 1373 1521 1419 tamen
1553 1364 1735 1418 abillo
1759 1379 1864 1416 non

275 1456 574 1520 discrepat,
593 1469 693 1506 nec
714 1454 988 1507 diversum
1005 1463 1106 1519 est,
1126 1454 1249 1522 quia
1266 1463 1556 1522 utrumque
1570 1455 1635 1507 de
1653 1452 1869 1507 Christo

273 1552 381 1597 est.
412 1544 520 1598 Sed
559 1546 652 1612 qui
685 1545 1035 1607 profundiore
1070 1546 1158 1598 illa
1191 1560 1295 1599 nou
1339 1547 1580 1614 capiunt,
1614 1549 1726 1600 haec
1762 1547 1868 1599 sal-

1965 546 2156 599 lectum
2185 547 2448 612 eruperint
2475 561 2687 615 capere,
2725 547 2788 598 ad
2826 547 3072 600 altiorem
3113 549 3324 600 valeant
3360 562 3548 615 perveo

1963 639 2102 700 nire,
2146 648 2199 692 et
2232 639 2492 706 planioris
2534 653 2674 693 nunc
2727 640 2801 693 rei
2851 638 3200 707 adipiscentia
3241 641 3314 694 sit
3364 650 3546 700 postea

1967 727 2334 796 profundioris
2367 727 2471 781 via.

2567 816 2793 871 CAPUT
2834 818 2949 872 ΧΠ.

1969 907 2145 960 Latius
2177 908 2384 982 exponit
2425 908 2683 982 quodnam
2725 908 2859 982 illud
2882 918 3266 982 sacramentum
3306 913 3370 963 sit
3420 918 3557 982 quod

2172 978 2265 1029 sub
2294 979 2384 1029 viri
2413 987 2457 1030 et
2488 979 2665 1030 uxoris
2698 979 2987 1031 nominibus
3017 980 3341 1048 designatur.

2037 1090 2190 1156 Quod
2231 1106 2359 1160 ergo
2387 1106 2638 1159 magnum
2671 1092 2798 1144 illud
2839 1102 2918 1146 est
2951 1101 3372 1160 sacramentum,
3411 1095 3554 1162 quod

1971 1181 2070 1234 sub
2100 1181 2200 1234 viri
2229 1191 2388 1250 atque
2413 1183 2596 1236 uxoris
2619 1183 2833 1235 nomine
2860 1183 3209 1253 designatur?
3232 1185 3553 1252 Apostolum

1969 1274 2140 1339 ipsum
2173 1274 2586 1342 interrogemus,
2620 1275 2711 1343 qui
2742 1275 2804 1328 ad
2837 1275 3129 1331 docendam
3161 1277 3405 1331 eamdem
3435 1293 3549 1332 rem

1968 1365 2095 1418 alibi
2117 1365 2294 1419 verbis
2323 1366 2398 1419 rei
2432 1366 2597 1434 ipsius
2620 1383 2750 1422 usus
2779 1378 2860 1422 est
2888 1369 3072 1423 dicens
3101 1388 3112 1422 :
3143 1381 3164 1408 ο
3193 1369 3261 1422 Et
3287 1371 3555 1439 manifeste

1972 1472 2210 1523 magnum
2239 1466 2314 1508 est
2352 1457 2551 1524 pie'atis
2580 1447 2980 1521 sacramentum,
3007 1461 3142 1527 quod
3170 1461 3552 1529 manifestatum

1974 1547 2119 1599 estin
2145 1563 2319 1614 carne,
2337 1547 2684 1615 justiﬁcatum
2707 1558 2778 1602 est
2811 1550 2860 1602 in
2888 1550 3093 1620 spiritu,
3119 1552 3362 1620 apparuit
3393 1567 3552 1622 ange-

1348 1681 1606 1736 ALARDI
1643 1679 1877 1736 (ΞΑΖᾹΞΙ
1916 1679 2484 1738 COMMENTARIUS.

280 1795 442 1852 nem;
475 1788 532 1834 et
563 1790 1177 1852 matremsynagogam,
1216 1779 1299 1834 cui
1332 1789 1597 1848 quatenus
1628 1778 1864 1852 Jndcens,
1900 1783 1944 1841 Β
1975 1778 2141 1852 nium,
2187 1776 2841 1852 rationesigniﬁcationis,
2881 1777 3001 1846 quia
3041 1779 3299 1848 signiﬁcat
3339 1796 3554 1852 conjun-

280 1849 523 1911 snbcrat,
556 1848 872 1916 dereliquit,
896 1860 950 1901 ut
975 1850 1124 1903 uxori
1155 1867 1249 1903 seu
1275 1865 1486 1918 sponsm
1515 1865 1648 1914 sum,
1678 1849 1728 1902 id
1762 1858 1860 1911 est,

281 1920 543 1972 Ecclesiae
570 1918 806 1987 gentium
835 1920 1154 1972 adhaereret.
1195 1922 1237 1974 Α
1279 1935 1380 1986 qua
1413 1921 1746 1988 CXpositione
1771 1934 1866 1988 γοα

279 1999 455 2059 terum
490 1989 706 2042 Patrum
742 1989 982 2042 nonnihil
1025 1989 1262 2043 deﬂectit
1292 1987 1492 2043 Auctor
1535 1990 1683 2059 (Cap.
1713 1987 1864 2057 seq.),

280 2069 339 2112 ut
373 2058 529 2112 hunc
565 2059 740 2111 locum
781 2061 1017 2125 Apostoli
1064 2060 1128 2111 ad
1177 2075 1330 2112 suum
1362 2058 1660 2112 institutum
1693 2062 1870 2112 trahat

283 2139 335 2183 et
360 2128 757 2184 accommodet.
789 2127 920 2183 Nam
951 2130 1090 2196 quod
1121 2130 1195 2182 illi
1227 2130 1292 2182 de
1321 2129 1695 2197 conjunctione
1723 2128 1870 2182 Chri-

283 2202 318 2252 ti
351 2215 474 2252 cum
509 2199 771 2264 Ecclesia,
814 2209 868 2252 ut
897 2203 1055 2253 verba
1092 2201 1327 2268 Apostoli
1367 2215 1474 2267 pra:
1517 2215 1576 2253 se
1612 2199 1785 2252 ferunt
1817 2209 1869 2253 et

281 2271 526 2339 exigunt,
576 2271 677 2322 hoc
723 2271 836 2338 ipse
878 2269 945 2322 de
989 2271 1371 2337 eniijuuctioue
1413 2271 1706 2324 divinitatis
1748 2284 1866 2322 cum

280 2341 463 2393 anima
514 2340 570 2393 in
618 2339 1016 2410 carneChristi
1071 2341 1478 2410 interpretatur,
1526 2347 1583 2410 ιιι
1626 2340 1866 2410 sequenti

280 2425 402 2477 cap.
434 2411 640 2463 clarius
673 2409 892 2476 patebit.
927 2409 1096 2471 Porro
1141 2409 1277 2464 solet
1323 2411 1480 2464 etiam
1529 2409 1615 2463 hic
1658 2409 1802 2462 locus
1839 2424 1864 2460 a

281 2480 537 2534 Patrihus
567 2479 761 2532 adduci
794 2480 858 2532 ad
897 2482 1355 2532 confirmationem
1392 2479 1741 2533 ecclesiastici
1775 2481 1870 2530 do-

277 2551 502 2617 ginatis,
531 2549 670 2618 quod
698 2551 1075 2602 matrimonium
1100 2551 1164 2602 sit
1189 2558 1578 2603 sacramentum.
1612 2550 1699 2604 Sic
1726 2549 1866 2603 enim

281 2623 380 2689 ipsi
421 2619 584 2673 verba
618 2619 861 2686 Apostnli
905 2619 1302 2681 intellexerunt,
1347 2630 1402 2674 ut
1443 2634 1734 2689 pronomen
1763 2619 1869 2689 hoc

283 2687 392 2743 nun
432 2691 608 2744 solum
657 2690 854 2760 referat
896 2692 1210 2760 mysterium
1257 2687 1517 2744 lateus‘in
1552 2689 1729 2760 verbis
1759 2687 1865 2760 illis

253 2761 502 2819 ..Λύδιηῂ
538 2775 732 2826 nempe
773 2759 1243 2822 desiionsatioucm
1286 2775 1348 2814 ac
1388 2760 1638 2812 unionem
1671 2759 1868 2811 Chriin

275 2847 405 2882 cum
435 2831 698 2893 Ecclesia,
729 2840 785 2882 ut
807 2830 1003 2882 dictum
1027 2840 1137 2893 est;
1171 2847 1354 2883 verum
1379 2833 1538 2882 etiam
1564 2845 1675 2882 rem
1703 2829 1870 2892 primo

276 2901 640 2968 significatam
672 2900 855 2952 iisdem
889 2900 1091 2967 verbis,
1139 2913 1259 2966 puta
1294 2899 1652 2954 arctissimum
1687 2899 1869 2951 matri-

274 2971 452 3023 monii
483 2969 754 3022 vinculum
788 2979 842 3024 et
881 2970 1316 3034 conjunctiouem
1354 2968 1688 3036 conjugalem
1733 2970 1871 3020 inter

278 3044 466 3092 virum
501 3052 550 3091 et
579 3053 798 3092 uxorem
833 3054 993 3107 :qua:
1033 3039 1338 3106 conjuncuo
1372 3039 1492 3093 licet
1533 3049 1636 3090 tam
1672 3039 1718 3088 in
1754 3037 1868 3105 lege

277 3121 518 3171 natura),
551 3123 710 3172 quam
737 3109 981 3167 Mosaica,
1016 3124 1118 3161 nou
1154 3110 1204 3161 ui
1240 3109 1254 3162 i
1287 3108 1543 3162 naturalis
1565 3115 1868 3161 contractus

277 3181 447 3233 fuerit
481 3181 532 3231 in
565 3178 802 3231 ofticium
833 3183 1044 3246 quidem
1085 3189 1288 3232 natum
1329 3188 1452 3233 ante
1485 3187 1780 3244 peccatum,
1816 3179 1865 3230 in

280 3249 590 3302 remedium
639 3257 816 3301 aut-em
865 3249 1314 3314 concupiscentice
1371 3261 1487 3315 ροςι
1540 3258 1813 3311 peccatum
1853 3265 1864 3299 :

281 3317 449 3372 tuodo
481 3328 681 3380 tamen,
718 3317 816 3369 hoc
846 3328 947 3382 Bai,
988 3320 1040 3370 in
1082 3317 1308 3380 Chris’o,
1351 3320 1466 3372 sive
1495 3317 1594 3370 sub
1631 3318 1865 3381 Christo,

283 3401 340 3442 et
367 3390 417 3441 in
443 3385 677 3440 Ecclesia
701 3405 939 3457 magnum
963 3399 1037 3441 est
1062 3398 1453 3450 sacramentum,
1481 3387 1652 3448 idest,
1681 3403 1867 3441 verum

282 3469 339 3511 et
371 3463 591 3522 proiirie
611 3459 811 3510 dictaui
841 3473 991 3510 nova:
1019 3459 1147 3526 legis
1182 3467 1600 3522 Sacramcutum,
1628 3458 1765 3519 quod
1790 3473 1818 3511 e
1852 3466 1870 3510 t

283 3528 578 3581 invisibilis
605 3528 788 3592 gratiae
827 3529 1036 3595 signum
1084 3529 1270 3581 efficax
1318 3543 1345 3579 a
1393 3526 1610 3580 Christo
1649 3527 1872 3581 Domino

287 3597 782 3667 iustitutnmltilag.
805 3598 948 3652 Sent.
972 3602 1020 3650 in
1048 3614 1094 3650 iv
1122 3600 1242 3650 dist.
1261 3599 1357 3657 26;
1389 3597 1448 3651 S.
1474 3596 1657 3648 Thom.
1677 3612 1695 3659 ;
1718 3597 1872 3667 Sotus

287 3681 333 3722 et
373 3670 469 3721 alii
525 3668 703 3733 ibid.).
736 3665 803 3720 ‘ld
863 3677 1004 3734 patet
1062 3685 1122 3720 cx
1164 3667 1390 3722 C-‘IliCil:0
1419 3667 1730 3720 Florentino
1766 3665 1871 3736 (In

288 3741 494 3792 decreto
525 3738 759 3791 Armenia
791 3741 953 3799 dato),
1001 3737 1088 3791 ubi
1137 3739 1274 3792 inter
1303 3750 1506 3805 septem
1539 3750 1871 3789 sacramenta

288 3825 440 3862 nova:
466 3809 601 3876 legis
625 3817 1013 3860 annumeratur
1034 3809 1429 3861 matrimonium
1448 3825 1461 3865 ;
1489 3816 1542 3860 et
1561 3808 1871 3871 expressius

287 3896 350 3929 ex
407 3875 646 3932 cutttzilio
701 3878 1013 3931 Tridetilino
1071 3875 1226 3944 (Cap.
1285 3877 1371 3930 Ad
1416 3877 1758 3942 abolendam,
1808 3877 1872 3929 de

287 3948 492 4002 Havet.
523 3966 592 4000 ss.
611 3947 702 4008 24,
728 3950 778 4001 ia
808 3951 972 4001 doctr.
1002 3948 1064 3998 de
1087 3948 1321 4002 Sacrum.
1351 3945 1623 4015 matrim.),
1655 3946 1741 3999 tibi
1773 3948 1872 4001 hoc

287 4020 468 4082 ipsum
496 4017 750 4072 delinitur
788 4018 870 4071 his
905 4017 1086 4072 verbis
1135 4036 1147 4072 :
1191 4017 1424 4071 Gratiam
1451 4033 1586 4080 vero,
1627 4032 1742 4083 qum
1781 4033 1873 4069 na-

286 4091 514 4140 turalem
557 4088 708 4140 illum
756 4105 979 4141 amorem
1023 4089 1316 4154 perliceret,
1368 4098 1413 4139 et
1469 4085 1871 4138 indissolttbilent

287 4160 543 4229 unitatem
586 4157 930 4225 confirmaret,
977 4162 1317 4229 conjugesqtte
1357 4157 1722 4229 sanctiﬁcaret,
1765 4157 1872 4221 ipse

289 4227 528 4280 Christus
565 4229 928 4280 uenerabilium
965 4227 1396 4280 sacramentorum
1431 4228 1686 4279 institutor
1722 4235 1873 4294 atque

289 4301 571 4366 perfector,
600 4313 694 4349 sua
733 4299 876 4349 nobis
911 4299 1145 4367 passione
1175 4300 1471 4364 promeruit,
1504 4296 1646 4362 quod
1675 4295 1871 4348 Paulus

290 4367 558 4433 apostolus
598 4369 766 4418 innuit
801 4369 1011 4419 dicens:
1045 4367 1176 4428 Vtri,
1221 4369 1416 4435 diligite
1446 4383 1627 4420 uxores
1655 4377 1868 4428 vestras,

287 4441 416 4490 sicut
463 4437 698 4490 Christus
745 4439 916 4491 dilexit
958 4436 1261 4496 Ecclesium,
1308 4449 1356 4489 et
1394 4437 1612 4503 seipsum
1655 4436 1868 4488 tradidit

1972 1849 2191 1900 ctionem
2223 1846 2411 1897 Christi
2443 1846 2487 1898 et
2523 1847 2784 1900 licclesite.

2045 1926 2076 1987 αν
2112 1917 2399 1987 Αιιιιρῒὶινίῑ
2445 1917 2501 1968 1).
2549 1916 2922 1987 Hieronymus,
2956 1927 3005 1987 et
3040 1926 3162 1972 ante
3207 1918 3376 1984 ipsmn
3423 1921 3555 1976 Gre-

1968 1986 2149 2058 gorius
2201 1985 2568 2058 Naz‘anzenus
2621 1985 2934 2058 particulam
2995 1986 3163 2058 illam.
3217 1989 3329 2058 Ego
3381 2003 3551 2043 autem

1970 2056 2107 2119 dico,
2143 2056 2417 2125 mollescat:
2448 2065 2502 2108 et
2534 2056 2848 2109 humilitatis
2874 2072 3029 2108 cans:-
3066 2057 3132 2108 ah
3171 2056 3429 2125 Αιιιῖεεοιυ
3457 2063 3552 2113 ad-

1971 2127 2134 2177 ditam
2166 2144 2176 2176 :
2214 2124 2549 2187 Ilumililatis,
2581 2127 2770 2194 inquit,
2800 2129 2910 2196 ejus
2937 2127 3184 2178 indicium
3213 2124 3305 2188 est,
3332 2129 3551 2250 ﬁgeren-

1971 2196 2036 2247 tis
2070 2211 2087 2248 :
2117 2193 2230 2250 an
2265 2204 2432 2246 autent
2463 2194 2578 2246 dico
2605 2197 2652 2246 in
2683 2194 2886 2249 Christo
2914 2205 2959 2246 et
2989 2196 3042 2246 in
3075 2193 3324 2250 Ecclesia.
3408 2216 3551 2250 reuo-

1971 2196 2036 2247 lis
2070 2211 2087 2248 :
2117 2193 2230 2267 Ego
2265 2204 2432 2246 autem
2463 2194 2578 2267 dico
2605 2193 2886 2267 in’ChxiSto
2914 2205 2959 2246 et
2989 2196 3042 2246 in
3075 2193 3324 2250 Ecclesia.
3358 2193 3554 2267 Grego-

1972 2267 2078 2316 rius
2115 2263 2476 2316 Nazianzenus
2516 2264 2593 2317 uir
2634 2266 2781 2318 valde
2822 2270 3060 2332 eloquens
3091 2276 3135 2317 et
3170 2268 3222 2319 in
3270 2263 3554 2334 Scriptaris

1972 2336 2203 2402 apprime
2230 2335 2479 2387 eruditus.
2526 2350 2640 2386 cum
2681 2337 2742 2387 de
2773 2335 2866 2386 hoc
2903 2351 3098 2386 mecum
3136 2347 3376 2390 tractaret
3418 2340 3552 2402 loco,

1971 2403 2162 2457 solebat
2204 2403 2371 2456 dicere
2403 2419 2420 2455 :
2465 2403 2595 2456 Vide
2638 2416 2888 2471 quantum
2927 2405 3074 2456 istius
3120 2406 3336 2466 capituli
3382 2425 3556 2462 sacra-

1972 2484 2194 2525 mentum
2213 2475 2304 2538 sit,
2339 2480 2393 2525 ut
2426 2473 2702 2543 Apostolus
2738 2476 2788 2525 in
2826 2473 3031 2526 Christo
3057 2474 3188 2526 illud
3215 2485 3259 2527 et
3292 2479 3343 2528 in
3373 2475 3557 2531 Eccle-

1970 2543 2048 2614 sia
2074 2544 2436 2614 interpretans,
2463 2560 2562 2596 non
2584 2559 2637 2596 se
2663 2545 2730 2597 ita
2760 2555 2973 2607 asserat,
3003 2553 3054 2596 ut
3078 2547 3352 2598 testimonii
3377 2558 3556 2614 postu-

1972 2611 2110 2664 labat
2131 2611 2380 2682 dignitas,
2410 2629 2662 2683 ea‘presse,
2693 2614 2781 2666 scd
2811 2615 3186 2683 quodammodo
3213 2611 3421 2680 dixerit;
3448 2621 3554 2670 scio

1971 2683 2091 2752 quia
2131 2683 2272 2736 locus
2312 2685 2406 2736 iste
2446 2682 2790 2748 ineffabilibus
2829 2686 3006 2753 plenus
3046 2685 3112 2736 sit
3141 2689 3470 2740 sacramentis
3507 2697 3556 2740 et

1972 2754 2198 2805 divinum
2224 2767 2312 2804 cor
2338 2763 2534 2824 quierat
2553 2751 2870 2824 interpretis.
2906 2751 3020 2824 Ego
3041 2763 3210 2824 autem
3239 2770 3331 2820 pro
3354 2757 3556 2824 pusilli-

1974 2831 2074 2876 tate
2098 2839 2274 2874 sensus
2307 2824 2422 2886 mei,
2458 2823 2508 2874 in
2539 2823 2739 2875 Christo
2771 2823 2974 2874 interim
3006 2823 3140 2874 illud
3166 2832 3214 2876 et
3239 2825 3291 2876 in
3325 2825 3557 2879 Ecclesia

1973 2892 2357 2960 intelligendum
2379 2902 2501 2962 puto
2532 2907 2548 2959 ς
2571 2910 2669 2944 non
2693 2909 2790 2960 quo
2813 2892 3008 2958 aliquid
3031 2891 3230 2946 Christo
3252 2904 3298 2944 et
3323 2892 3408 2945 Ec.
3428 2895 3557 2948 lesia

1974 2963 2234 3030 majussit.
2261 2964 2349 3013 sed
2372 2961 2511 3029 quod
2534 2973 2715 3026 totum,
2737 2965 2871 3025 quod
2893 2965 2954 3013 de
2972 2963 3138 3014 Adam
3162 2974 3206 3014 et
3227 2963 3290 3014 de
3313 2961 3422 3015 Eua
3436 2966 3558 3016 dici-

1974 3029 2058 3101 tur
2068 3034 2123 3101 in
2139 3029 2340 3083 Christo
2361 3042 2404 3083 et
2427 3033 2475 3083 in
2495 3030 2724 3085 Ecclesia
2745 3033 3068 3099 interpretari
3091 3048 3237 3099 posse
3253 3034 3454 3101 difficile
3466 3037 3555 3090 sit.

2044 3099 2070 3138 δ
2104 3099 2282 3154 Locus
2312 3102 2575 3156 obscurus
2615 3111 2667 3155 et
2707 3102 3010 3169 ainb‘guus.
3044 3101 3182 3167 Quid
3215 3099 3358 3156 enim
3393 3105 3559 3159 refert

1973 3169 2104 3223 illud
2142 3170 2282 3238 quod
2327 3171 2390 3222 nd
2435 3185 2673 3239 pra-sem
2715 3172 2942 3226 forsitan
2982 3187 3174 3226 omnes
3215 3187 3411 3241 capere
3448 3191 3556 3228 non

1973 3251 2199 3308 queant,
2230 3251 2284 3294 et
2312 3241 2408 3293 hoc
2435 3242 2574 3310 quod
2609 3243 2818 3296 facilius
2848 3243 3102 3310 capiant?
3132 3243 3392 3310 Speczare
3424 3245 3558 3298 mihi

1972 3311 2188 3364 videtur
2216 3309 2380 3364 verba
2419 3309 2776 3377 prteredentia
2800 3324 2830 3364 ':
2875 3309 3268 3366 sacramentum
3313 3315 3408 3366 hoc
3447 3331 3559 3367 ma-

1973 3397 2130 3449 gnum
2173 3390 2266 3443 est,
2309 3397 2410 3434 non
2453 3381 2581 3434 dixit
2624 3398 2642 3434 :
2674 3383 2780 3434 ha'c
2822 3393 2894 3435 est
2938 3384 3187 3451 expositio
3231 3387 3554 3439 sacramenti.

1973 3453 2384 3504 Sacramentum
2433 3465 2561 3517 ergo
2604 3465 2758 3506 vocat
2802 3452 2944 3518 quod
2994 3469 3059 3504 ex
3105 3453 3225 3520 ipso
3267 3453 3556 3508 verborum

1973 3535 2108 3574 sono
2150 3523 2330 3574 statim
2366 3522 2672 3592 concipitur
2713 3537 2837 3578 esse
2874 3521 3006 3575 illud
3049 3538 3300 3592 magnum
3343 3525 3559 3590 pietatis

1973 3601 2370 3662 sacramentum
2424 3591 2491 3644 ab
2539 3593 2802 3660 Apostolo
2851 3591 3382 3662 commemoratum,
3415 3595 3556 3662 quod

1975 3661 2356 3728 manifestatum
2392 3671 2465 3714 est
2502 3663 2554 3712 in
2594 3679 2766 3722 carne.
2803 3664 2852 3716 id
2882 3673 2964 3714 est
2990 3663 3207 3715 verbum
3249 3663 3338 3715 Dei
3372 3661 3558 3717 inear-

1973 3740 2154 3784 natum
2209 3731 2353 3799 quod
2409 3731 2564 3785 initi»
2611 3733 2804 3797 capitis
2849 3733 3125 3795 sequentis
3185 3733 3440 3798 proponit
3483 3749 3554 3787 ex

1975 3801 2251 3866 Apostolo.
2299 3810 2348 3853 et
2395 3799 2535 3853 hunc
2577 3809 2734 3853 Vocat
2773 3803 2930 3860 paulo
2971 3814 3112 3867 post,
3162 3805 3552 3867 promptiorem

1975 3872 2328 3923 intellccmm.
2357 3869 2764 3935 Εψοείιίιιιιθιιι
2789 3884 2967 3922 autem
2995 3873 3316 3923 saczamenti
3343 3874 3553 3926 videtur

1974 3940 2272 4008 intelligere
2297 3938 2700 4008 profundiorem
2724 3948 2777 3993 et
2796 3940 3213 3993 reconditiorem
3238 3941 3554 4008 allegoriam
3635 3997 3640 4000 _

1973 4010 2038 4062 de
2070 4010 2271 4062 Christi
2305 4007 2683 4080 conjunctione
2721 4026 2840 4063 eum
2889 4009 3150 4075 Ecclesia,
3186 4007 3557 4080 velut’capitis

1973 4093 2091 4131 cum
2123 4093 2368 4143 corpore,
2405 4079 2588 4141 sponsi
2619 4095 2738 4131 cum
2772 4094 2969 4148 sponsa
3003 4097 3014 4131 :
3051 4096 3171 4146 (Γιςὲ
3223 4095 3327 4133 non
3363 4079 3441 4134 ita
3467 4081 3550 4136 fa-

1972 4149 2097 4210 cile,
2127 4149 2262 4202 etin
2296 4159 2544 4214 promptu
2574 4166 2642 4202 ex
2671 4151 2814 4202 illius
2837 4150 3165 4204 sacramenti
3198 4151 3384 4204 auditu
3416 4167 3555 4206 con-

1971 4221 2187 4286 cipitur,
2222 4219 2336 4270 licet
2366 4227 2633 4287 utrumque
2658 4222 2722 4272 de
2753 4219 2955 4274 Christo
2989 4223 3073 4280 sit,
3118 4232 3174 4274 ut
3208 4223 3283 4274 ait
3312 4221 3474 4286 infra,
3503 4232 3558 4278 et

1972 4289 2038 4342 ad
2083 4289 2357 4342 Christum
2401 4288 2688 4342 referatur.
2742 4291 2972 4344 Facilius
3014 4293 3178 4352 enim,
3223 4301 3278 4344 ut
3317 4300 3371 4345 et
3402 4293 3556 4359 prius

1974 4371 2184 4422 natura,
2217 4359 2338 4425 quis
2377 4360 2613 4424 concipit
2650 4359 2923 4414 Christum
2957 4375 3076 4413 esse
3111 4360 3275 4412 Deum
3309 4364 3556 4415 incarna-

1973 4439 2107 4492 tum,
2152 4443 2307 4496 quam
2347 4442 2465 4481 esse
2508 4437 2667 4500 caput
2706 4439 2758 4482 et
2799 4444 3053 4500 Sponsum
3096 4428 3356 4500 Ειιοιεεὶω
3396 4447 3410 4482 :
3443 4445 3554 4500 quo

287 4524 379 4576 pro
406 4524 504 4571 ea;
537 4522 658 4559 mox
675 4507 985 4575 subiungens
1017 4523 1034 4558 :
1066 4499 1590 4576 Sacramentum'hoc
1629 4522 1868 4576 magnum
1900 4504 1946 4561 D
1975 4501 2190 4576 propt‘ie
2219 4507 2463 4576 spectant
2492 4499 2648 4576 verba
2680 4499 2927 4576 Apostoli
2954 4499 3017 4576 ad
3052 4499 3314 4576 Ephesios
3340 4515 3391 4550 ν.

288 4573 358 4629 est
380 4593 398 4638 ;
423 4595 516 4644 ego
543 4588 715 4628 autem
736 4578 848 4628 dico
867 4573 925 4629 in
949 4575 1150 4629 Christo
1175 4588 1221 4630 et
1253 4579 1302 4628 in
1336 4575 1588 4628 Ecclesia.
1618 4573 1744 4628 Cum
1772 4576 1870 4644 igi-

290 4657 370 4698 tur
392 4650 446 4698 in
470 4650 584 4714 lege
609 4648 895 4715 evangelica
925 4647 1172 4700 veteribus
1201 4646 1462 4699 connubiis
1490 4662 1579 4711 per
1611 4644 1870 4697 Christum

289 4719 458 4784 gratia
502 4727 744 4787 praestet;
794 4719 969 4770 nierito
1016 4718 1147 4768 inter
1196 4733 1335 4771 noro!
1381 4716 1505 4785 legis
1551 4725 1871 4787 sacramenta

291 4786 737 4839 aiiuumerandnm
765 4788 928 4839 sancti
965 4787 1140 4839 Patres
1177 4789 1356 4847 nostri,
1391 4786 1629 4847 concilia,
1673 4795 1720 4836 et
1757 4786 1872 4836 uni-

291 4858 498 4909 uersalis
542 4855 790 4908 Ecclesia:
826 4859 1034 4925 traditio
1072 4872 1271 4926 semper
1311 4859 1614 4916 docuerunt,
1655 4862 1758 4908 etc.
1806 4855 1872 4907 Et

292 4941 497 4981 αιηιιιιο
530 4932 702 4994 primo
732 4928 799 4977 de
828 4930 1015 4980 eadem
1046 4942 1102 4980 re
1127 4928 1270 4979 edito
1300 4944 1311 4977 :
1343 4927 1535 4992 Siquis
1557 4927 1739 4978 dixerit
1765 4940 1872 4975 ma-

295 4999 587 5048 trimonium
628 5013 730 5047 non
774 5013 879 5048 esse
918 5013 1027 5049 vere
1054 5007 1100 5048 et
1132 4997 1340 5062 praprie
1379 5011 1537 5048 unum
1577 5010 1641 5047 ea:
1681 5005 1871 5059 septem

295 5069 416 5134 legis
439 5065 746 5135 erangelica:
767 5068 1113 5127 sacramentis,
1131 5083 1174 5135 7a
1202 5067 1403 5118 Christo
1430 5065 1646 5117 Domino
1668 5064 1870 5116 institu-

295 5143 418 5200 tum,
459 5134 652 5190 sed'ab
692 5135 983 5188 hominibus
1021 5137 1074 5188 in
1115 5134 1350 5189 Ecclesia
1392 5137 1682 5193 inventum;
1713 5150 1872 5202 neque

295 5209 511 5274 gratiam
538 5205 790 5271 conferre,
821 5207 1094 5258 anathema
1124 5207 1210 5258 sit.
1247 5207 1370 5259 llwc
1403 5207 1492 5258 ibi.
1527 5204 1640 5256 Non
1669 5211 1752 5256 est
1780 5205 1871 5274 de-

299 5273 451 5345 nique
479 5278 934 5345 prmtereumlum,
967 5276 1105 5342 quod
1149 5275 1234 5330 hic
1272 5288 1528 5341 prmterea
1558 5283 1776 5327 annotat
1807 5273 1862 5328 S.

296 5344 523 5401 Themas
551 5345 640 5415 (In
668 5347 1055 5416 commentario)
1073 5388 1086 5408 ,
1121 5347 1259 5413 quod
1292 5357 1520 5415 quatuor
1543 5355 1666 5396 sunt
1690 5358 1869 5416 sacra-

297 5427 465 5485 menta
519 5413 639 5485 qua:
678 5416 930 5471 dicuntur
973 5413 1193 5485 magna,
1234 5413 1325 5470 sed
1372 5417 1579 5471 diversa
1613 5413 1818 5468 ratione
1854 5431 1867 5465 :

295 5484 600 5554 Baptismus,
632 5488 822 5553 inquit.
855 5484 1313 5553 rationee/fectus,
1355 5488 1478 5554 quia
1507 5485 1639 5538 delet
1673 5499 1871 5536 onmem

293 5560 512 5625 culpam,
537 5568 583 5611 et
607 5561 769 5627 aperit
792 5558 1023 5628 paradisi
1039 5560 1276 5628 jauuam.
1302 5555 1874 5628 Conﬁrma_tio,_ratione

298 5627 528 5697 ministri,
559 5625 681 5697 quia
709 5625 879 5680 solum
910 5645 940 5679 a
971 5625 1292 5694 pontiﬁcibus
1327 5637 1368 5679 et
1396 5644 1495 5678 non
1518 5626 1586 5697 ab
1610 5625 1727 5697 aliis
1753 5640 1876 5697 conf

295 5696 470 5760 fertur.
521 5694 882 5764 Eucharistia,
927 5700 1125 5749 ratione
1168 5697 1490 5750 continentia:
1533 5695 1625 5760 (id
1666 5704 1760 5760 est,
1803 5694 1874 5746 rei

294 5772 584 5840 contente},
613 5771 732 5840 quia
762 5778 924 5823 totum
955 5767 1213 5821 Christum
1242 5768 1483 5821 continet.
1516 5764 1584 5821 Et
1612 5766 1876 5820 matrimo-

2049 4567 2996 4641 ﬁ_Manifesle,apolo'youpivme,quo’d
3034 4569 3257 4641 perinde
3286 4578 3464 4641 sonat,
3493 4584 3557 4624 ac

1973 4641 2015 4692 si
2047 4638 2214 4696 dicas.
2245 4635 2508 4703 conlesse,
2534 4635 2616 4691 vel
2651 4635 2700 4692 in
2729 4635 2980 4691 (εινιιιθςςιι
3004 4647 3106 4692 est.
3141 4639 3291 4693 Unde
3326 4639 3557 4693 Ambro-

1973 4710 2082 4760 sius
2111 4706 2411 4774 periphrasi
2443 4706 2672 4761 reddidit
2706 4727 2717 4760 :
2761 4708 2821 4761 Et
2847 4710 3069 4773 quidem,
3103 4710 3266 4776 inquit
3300 4708 3451 4770 (Lib.
3487 4709 3557 4761 ad

1978 4776 2274 4844 lmperat.),
2322 4777 2544 4829 omnium
2585 4783 2920 4850 confessione,
2961 4796 3202 4850 magnum
3243 4791 3316 4833 est
3355 4782 3557 4845 pietatis

1974 4859 2364 4909 sacramentum,
2428 4856 2534 4900 etc.
2589 4847 2823 4917 Cyrillus
2880 4847 3319 4902 liunc'emndem
3378 4850 3554 4902 locum

1975 4928 2161 4972 eontra
2189 4916 2496 4970 Nestorium
2535 4916 2772 4985 allegatis
2807 4938 2818 4970 :
2859 4920 2985 4982 Quis
3017 4922 3077 4978 is,
3120 4935 3312 4988 quiusa,
3348 4927 3440 4981 est,
3473 4919 3558 4970 iu-

1977 4989 2111 5056 quit,
2157 4989 2243 5055 qui
2286 4988 2338 5039 in
2387 5003 2540 5039 carne
2578 4991 2932 5057 manifestatus
2973 4991 3087 5043 est?
3132 4987 3210 5040 Aa
3249 5005 3349 5040 non
3387 4987 3558 5040 modis

1977 5059 2206 5110 omnibus
2236 5057 2562 5124 perspicuum
2588 5067 2683 5123 est,
2716 5077 2814 5112 non
2837 5062 2992 5112 alium
3023 5077 3149 5122 esse,
3178 5074 3332 5124 quam
3362 5059 3554 5122 ipsaru-

1976 5137 2075 5200 met
2118 5125 2278 5177 Deum
2319 5124 2577 5200 Verbum?
2603 5128 2743 5200 Hinc
2766 5146 2982 5200 namque
3015 5144 3255 5200 magnum
3285 5127 3417 5200 illud
3452 5129 3558 5200 pie-

1976 5199 2093 5249 tatis
2122 5195 2416 5269 mysterium
2441 5199 2766 5269 perspicitur.
2799 5195 2906 5253 Hio
2925 5195 3176 5269 autenfab
3203 5199 3398 5269 angelis
3423 5199 3557 5250 uisus

1976 5281 2069 5330 est,
2105 5283 2220 5318 cum
2258 5267 2538 5318 in'cwlum
2580 5282 2843 5335 susceptus
2893 5281 2982 5322 est.
3034 5267 3358 5320 Prwdicaius
3402 5284 3557 5337 patro

1975 5339 2212 5409 gentibus
2233 5346 2424 5409 est_per
2457 5348 2659 5391 sanctos
2698 5341 2974 5405 apostolos.
3008 5337 3244 5392 Creditus
3281 5348 3450 5390 autem
3483 5347 3555 5390 est

1952 5405 2026 5460 lin
2057 5407 2266 5459 mundo.
2298 5405 2404 5459 Sed
2433 5411 2680 5476 numquid
2705 5421 2760 5462 ut
2792 5414 2942 5462 homo
2972 5409 3197 5461 absolute
3225 5411 3382 5460 nostri
3405 5409 3555 5459 simi-

1975 5480 2076 5532 lis?
2099 5477 2441 5546 Nequaquam
2471 5491 2488 5527 :
2518 5493 2692 5531 rerum
2716 5491 2766 5531 ut
2794 5481 2928 5532 Deus
2959 5479 3109 5530 homo
3139 5483 3324 5546 factus,
3349 5488 3552 5530 nostro-

1974 5565 2067 5618 que
2094 5545 2312 5601 sinulent
2347 5553 2516 5618 ortum
2558 5552 2785 5602 sortitus.
2821 5553 3120 5618 Assumptus
3141 5545 3354 5601 tandem
3390 5559 3462 5601 est
3501 5549 3554 5601 iis

1976 5614 2196 5690 gloriam
2232 5632 2248 5668 :
2291 5631 2390 5690 quo
2431 5614 2638 5670 Patrem
2667 5619 2916 5690 dicentem
2947 5614 3130 5671 audiat
3160 5635 3178 5690 ς
3212 5618 3345 5690 Sede
3369 5635 3400 5671 a
3430 5619 3555 5670 dex-

1978 5687 2069 5743 tris
2101 5687 2430 5760 meis,_donec
2455 5701 2638 5752 ponam
2665 5688 2897 5741 inimicos
2927 5699 3036 5741 tuos
3065 5688 3341 5742 scabellum
3368 5694 3556 5760 pedum

1979 5772 2176 5814 tuorum
2211 5756 2382 5821 (l’sal.
2411 5768 2540 5826 CIX).
