4040 6182
449 309 548 367 ﬁl

1761 298 2042 359 JOANNIS
2080 297 2389 356 CASSIANI

3619 296 3727 352 1'51

445 416 531 478 lis,
563 411 896 482 pradicatum
941 418 1016 466 est
1053 409 1308 482 gentibus,
1344 406 1587 461 creditum
1615 418 1688 461 est
1726 408 1777 462 in
1815 408 2027 472 mundo,
2061 415 2104 472 Α
2138 409 2293 463 haesit
2337 408 2583 464 humante
2619 408 2792 475 carui,
2832 408 2984 479 quasi
3027 407 3180 463 uxori
3224 423 3357 465 sure.
3407 408 3472 465 Et
3518 408 3724 469 idcirco

446 518 763 567 assumptum
797 516 870 558 est
897 505 951 558 in
978 502 1145 571 gloria
1177 501 1221 573 (ι
1276 500 1411 553 Tim.
1446 500 1548 567 ut).
1577 499 1727 566 Quod
1755 515 1886 570 ergo
1918 516 2030 554 ma-

445 615 610 669 gnum
642 608 725 651 est
755 596 883 649 illud
914 602 1313 648 sacramentum
1346 591 1490 661 quod
1524 590 1926 647 manifestatum
1951 600 2032 645 est

445 693 497 747 in
526 689 727 745 carne?
758 688 895 740 Dens
926 686 1134 740 scilicet
1165 693 1321 739 natus
1352 700 1383 740 e
1408 700 1594 754 carne,
1626 684 1767 739 Deus
1797 685 1945 740 visus
1977 685 2030 740 in

444 794 671 849 corpore
701 796 713 831 :
745 777 834 848 qui
870 778 1053 845 utique
1081 775 1220 830 sicut
1255 776 1428 844 palam
1461 785 1544 830 est
1574 776 1947 830 manifestatus
1978 778 2029 830 in

445 886 634 933 carne,
669 871 738 923 ita
782 870 955 938 palam
990 874 1075 921 est
1105 875 1415 936 assumptus
1453 867 1503 921 in
1533 867 1730 937 gloria.
1765 868 1875 922 lloc
1901 882 2032 938 ergo

443 979 695 1033 magnum
715 973 792 1015 est
827 970 1251 1025 sacramentum,
1272 961 1341 1014 de
1369 973 1475 1028 quo
1501 958 1618 1028 ipse
1641 959 1717 1014 ait
1741 977 1753 1013 :
1783 958 2032 1032 Propter-

442 1070 504 1108 ea
532 1052 783 1122 relinquet
813 1051 964 1104 homo
994 1059 1190 1120 patrem
1220 1066 1369 1103 suum
1399 1056 1447 1104 et
1483 1061 1731 1117 matrem,
1781 1062 1828 1105 et
1856 1049 2036 1105 adhic-

443 1146 571 1199 rebit
594 1145 742 1198 uxori
760 1159 867 1197 sua:
887 1160 906 1196 :
928 1152 976 1196 et
995 1151 1144 1196 erunt
1166 1144 1267 1195 dno
1285 1143 1334 1194 in
1358 1157 1513 1197 carne
1531 1159 1633 1196 una
1653 1140 1873 1207 (Matth.
1896 1144 2030 1211 ιιι).

444 1237 545 1303 Qui
585 1235 803 1289 fuerunt
840 1249 971 1304 ergo
1015 1233 1122 1289 duo
1165 1234 1217 1288 in
1265 1247 1427 1288 carne
1467 1233 1600 1286 una?
1643 1235 1783 1288 Deus
1828 1234 1926 1289 scil
1950 1245 2033 1288 cet

446 1336 606 1397 atque
652 1325 851 1380 anima.
891 1333 914 1361 ι
949 1326 1002 1378 In
1051 1340 1152 1379 una
1205 1324 1367 1391 enim,
1414 1340 1533 1395 qua:
1579 1326 1688 1380 Deo
1733 1327 1882 1378 unita
1927 1333 2030 1389 e~t,

445 1432 608 1473 carne
638 1416 867 1473 hominis
900 1416 1039 1471 Deus
1060 1426 1145 1471 est
1171 1427 1332 1485 atque
1355 1418 1555 1484 anima,
1582 1416 1874 1472 secundum
1903 1417 2033 1472 illud

451 1510 624 1579 ip-ius
662 1510 910 1575 Domini,
964 1509 1125 1563 Nemo
1179 1518 1344 1578 potest
1386 1525 1419 1561 a
1466 1525 1547 1562 me
1585 1509 1764 1564 tollere
1804 1511 2034 1564 animam

448 1618 649 1668 meam;
678 1602 766 1655 sed
788 1618 880 1672 ego
912 1618 1045 1670 pono
1069 1618 1180 1655 eam
1208 1618 1240 1654 a
1264 1618 1343 1655 me
1365 1602 1501 1670 ipso.
1530 1599 1849 1656 Potestatem
1875 1602 2034 1655 habeo

450 1692 671 1762 ponendi
696 1708 830 1757 eam,
866 1704 912 1746 et
939 1701 1241 1765 potestatem
1265 1692 1422 1746 habeo
1453 1693 1637 1746 iterum
1663 1694 1894 1747 sumendi
1924 1710 2036 1746 eam

2135 500 2200 555 de
2242 503 2402 557 Patre
2457 514 2712 571 expresse
2762 499 2920 565 dixit,
2977 500 3247 569 relinquet
3300 500 3463 556 homo
3514 510 3721 571 patrem

2132 604 2288 644 suum
2324 607 2338 643 :
2369 600 2392 629 ε
2417 590 2486 646 de
2515 602 2686 645 matre
2714 600 2896 647 autem
2925 604 3029 645 non
3061 589 3217 656 dixit,
3258 605 3435 656 suam,
3473 591 3568 647 se-J
3600 601 3723 647 tau-

2136 681 2412 736 tummodo
2442 689 2670 737 matrem
2703 681 2902 751 posuit,
2943 681 3067 750 quia
3104 696 3211 735 non
3249 691 3357 736 tam
3396 683 3565 752 ipsius
3604 692 3726 739 erat

2135 781 2326 839 mater,
2362 788 2521 843 quam
2552 775 2928 830 universorum
2969 773 3333 839 credentium,
3377 776 3428 828 id
3457 786 3562 838 est,
3606 793 3726 831 0m-

2135 868 2281 921 nium
2330 881 2590 922 nostrum.
2645 869 2709 920 Et
2753 866 3043 935 adjunctus
3086 877 3170 922 est
3214 867 3373 922 uxori
3417 884 3552 932 sum,
3599 871 3724 935 quia

2133 966 2274 1021 sicut
2299 959 2380 1012 vir
2413 967 2469 1015 et
2509 958 2702 1012 mulier
2732 973 2901 1012 unum
2944 972 3143 1026 corpus
3186 968 3331 1026 sunt,
3371 959 3443 1011 ita
3472 959 3724 1027 tnajo-stas

2134 1050 2434 1103 divinitatis
2479 1059 2532 1103 et
2575 1063 2702 1103 caro
2734 1046 2967 1103 hominis
3012 1049 3293 1113 uniuntur,
3335 1057 3391 1103 et
3434 1048 3559 1103 facti
3599 1062 3727 1105 sunt

2135 1142 2262 1205 duo,
2314 1141 2364 1196 id
2410 1151 2513 1208 est,
2560 1140 2702 1196 Deus
2734 1152 2893 1211 atque
2923 1140 3101 1220 anima
3144 1142 3194 1195 in
3237 1156 3401 1196 carne
3434 1158 3558 1197 una.
3586 1143 3631 1209 ρ
3677 1145 3722 1199 ia

2136 1234 2280 1288 sicut
2307 1248 2436 1288 caro
2467 1232 2553 1287 illa
2595 1232 2949 1287 habitatorem
2987 1232 3039 1286 iu
3082 1248 3144 1288 se
3181 1232 3370 1288 habuit
3416 1235 3603 1301 Deum,
3652 1237 3723 1290 ita

2134 1324 2368 1378 animam
2398 1338 2614 1393 quoque
2654 1323 2708 1378 in
2753 1338 2813 1379 se
2858 1323 3256 1378 eohabitantem
3292 1324 3423 1380 Deo.
3454 1324 3563 1379 Hoc
3594 1340 3729 1395 ergo

2139 1431 2389 1486 magnum
2419 1426 2502 1470 est
2531 1415 2661 1471 illud
2693 1425 3115 1479 sacramentum,
3159 1414 3225 1469 ad
3269 1415 3412 1485 quod
3451 1416 3728 1485 inquireno

2136 1506 2263 1561 dum
2294 1520 2396 1561 nos
2422 1506 2712 1561 admiratio
2741 1507 2984 1575 Apostoli
3011 1514 3167 1561 vocat
3206 1514 3263 1560 et
3302 1505 3607 1561 adhortatio
3638 1506 3726 1560 Di-

2136 1598 2378 1654 vinitatis
2409 1598 2596 1653 invitat
2635 1616 2649 1651 :
2693 1614 2798 1653 non
2829 1599 3065 1654 alienum
3105 1598 3288 1668 utique
3317 1599 3477 1654 etiam
3508 1614 3538 1652 a
3567 1599 3726 1653 Chri—

2139 1699 2223 1745 sto
2266 1700 2323 1745 et
2368 1689 2435 1745 ah
2474 1688 2743 1755 Ecclesia,
2785 1696 2844 1743 ut
2890 1690 3005 1759 ipse
3033 1689 3129 1756 ait,
3173 1703 3274 1759 ego
3310 1699 3487 1743 autem
3518 1687 3639 1742 dico
3671 1688 3723 1742 iu

450 1787 634 1857 (Joan.
667 1784 743 1858 ι).
774 1787 897 1840 Tria
928 1800 1057 1855 ergo
1086 1798 1228 1840 nunc
1258 1785 1309 1838 in
1342 1783 1445 1839 huc
1475 1784 1644 1847 vides,
1685 1785 1870 1846 Deum,
1908 1800 2030 1839 car-
2065 1786 2109 1845 Β
2136 1781 2354 1839 Christo
2393 1788 2450 1836 et
2486 1781 2544 1835 in
2583 1780 2845 1835 Ecclesia.
2888 1780 3021 1848 Quia
3061 1789 3115 1834 et
3154 1795 3281 1835 caro
3313 1778 3568 1835 Ecclesia:
3596 1794 3727 1834 caro

449 1895 596 1945 nem,
628 1881 862 1933 animam
897 1897 911 1933 :
947 1878 1086 1932 Deus
1114 1884 1222 1945 est,
1252 1880 1341 1946 qui
1375 1876 1647 1945 loquitur;
1676 1892 1825 1945 caro,
1853 1878 2033 1945 inqua

446 1970 720 2037 loquitur;
767 1971 970 2036 anima,
1011 1969 1079 2024 de
1123 1983 1226 2036 qua
1269 1968 1528 2036 loquitur.
1578 1969 1864 2037 Propterea
1906 1983 2036 2038 ergo

449 2065 612 2115 homo
644 2061 732 2114 illc
768 2060 836 2115 de
866 2074 972 2129 quo
1003 2057 1264 2128 propheta
1296 2057 1446 2124 dicit,
1481 2056 1507 2095 δ
1540 2055 1722 2111 Frater
1753 2075 1855 2111 non
1894 2059 2035 2111 redi-

450 2154 562 2218 mit,
605 2153 818 2207 redimet
859 2152 1011 2204 homo
1035 2157 1054 2221 ί
1077 2150 1279 2205 Psalm.
1320 2165 1485 2204 xLuu
1507 2150 1559 2219 )2?
1590 2151 1711 2216 Qui,
1744 2160 1802 2204 ut
1831 2152 2033 2205 dictum

447 2256 552 2313 est,
585 2244 818 2299 ascendit
848 2243 932 2296 ubi
960 2252 1067 2296 erat
1092 2242 1237 2314 prius
1261 2238 1441 2310 (Joan.
1466 2240 1565 2312 Vl),
1590 2250 1645 2295 et
1672 2243 1740 2296 de
1766 2258 1871 2311 quo
1903 2244 2032 2311 legi-

448 2349 591 2399 mus,
627 2336 791 2387 Nemo
820 2333 1051 2386 ascendit
1091 2334 1143 2385 in
1185 2332 1397 2399 caelum,
1432 2332 1529 2385 nisi
1570 2333 1658 2403 qui
1691 2334 1754 2386 de
1788 2334 1912 2387 caelo
1940 2332 2029 2388 de-

448 2424 647 2478 scendit
669 2419 843 2476 Filius
869 2422 1215 2492 hominis,qui
1234 2430 1309 2476 est
1340 2421 1391 2473 in
1421 2421 1739 2491 caelo(.loan.
1767 2425 1870 2492 tu).
1900 2424 2033 2479 Pro-

450 2529 571 2584 pter
614 2513 737 2579 hoc,
781 2513 1019 2584 inquam,
1069 2512 1288 2582 reliquit
1333 2512 1494 2567 Immo
1539 2524 1746 2582 patrem
1785 2530 1939 2568 suum
1980 2526 2036 2571 et

449 2615 701 2671 matrem,
750 2604 801 2658 id
838 2611 943 2667 est,
986 2603 1152 2657 Deum
1185 2618 1251 2657 ex
1281 2617 1389 2671 quo
1419 2614 1578 2657 natus
1604 2612 1707 2667 est,
1739 2612 1793 2657 et
1822 2605 2040 2659 Jerusa-

449 2696 553 2753 lem
583 2696 725 2751 illam
756 2710 877 2767 (μω
914 2704 997 2751 est
1039 2702 1210 2749 mater
1250 2695 1491 2752 omnium
1543 2705 1824 2760 nostrum;
1861 2705 1916 2751 ct
1946 2697 2040 2751 ad-

2136 1872 2340 1929 Christi
2361 1880 2467 1941 est,
2491 1872 2622 1928 etin
2646 1885 2809 1927 carne
2832 1870 3033 1927 Christi
3062 1871 3203 1926 Deus
3223 1879 3306 1925 est
3329 1879 3486 1939 atque
3510 1870 3725 1934 anima;

2137 1983 2199 2021 ac
2227 1967 2296 2023 sit
2325 1965 2467 2021 idem
2499 1967 2551 2020 in
2582 1964 2798 2021 Christo
2828 1966 2973 2035 quod
3007 1965 3058 2018 in
3096 1963 3355 2029 Ecclesia,
3389 1964 3509 2032 quia
3539 1977 3728 2016 sacru-

2140 2065 2377 2112 mentum
2419 2055 2561 2126 quod
2606 2056 2658 2110 in
2700 2054 2899 2109 Christi
2948 2069 3111 2109 carne
3138 2053 3393 2118 creditur,
3427 2054 3585 2107 etiam
3622 2052 3731 2108 ﬁde

2140 2149 2192 2203 in
2224 2147 2462 2203 Ecclesia
2493 2147 2826 2202 continetur.

2727 2237 2959 2294 CAPUT
2999 2237 3141 2292 XIII.

2145 2331 2351 2397 Quanto
2383 2331 2636 2385 des'derio
2680 2338 2870 2384 veteres
2904 2328 3212 2398 patriarchae
3241 2326 3544 2381 sacramenti
3579 2326 3730 2380 istius

2475 2422 2833 2476 reuelationem
2860 2420 3032 2473 videre
3053 2428 3381 2491 exaptarnnt.

2219 2516 2331 2570 Hoc
2362 2531 2489 2584 ergo
2512 2522 2935 2581 sacramentum,
2968 2511 3109 2581 quod
3141 2522 3192 2564 et
3223 2509 3614 2564 manifestatum
3645 2519 3731 2566 est

2146 2608 2197 2661 in
2224 2623 2406 2675 carne,
2432 2618 2485 2662 et
2514 2607 2761 2676 apparuit
2791 2606 2845 2659 in
2873 2604 3096 2670 mundo,
3123 2611 3177 2658 ct
3196 2604 3447 2674 gentibus
3470 2604 3731 2672 praedica-

2148 2708 2254 2764 tur,
2298 2698 2323 2736 ά
2359 2700 2511 2754 inulti
2554 2707 2864 2754 sanctorum
2909 2705 3149 2752 veterum
3191 2696 3330 2750 sicut
3361 2694 3731 2765 praesidebant

1536 2829 1791 2885 ALARDI
1830 2830 2063 2887 ΟᾹΖᾸΞΙ
2101 2832 2659 2892 (IOMMENTARlUS.

520 2956 548 2985 ι
575 2944 876 3016 Singularis
900 2944 1031 2999 mihi
1054 2943 1265 3016 videtur
1292 2944 1578 2998 Cassianus
1609 2944 1661 2998 in
1688 2944 1789 2999 hac
1817 2958 1912 2999 sua
1943 2945 2028 3000 in-

450 3014 836 3085 terpretatione
865 3031 983 3084 quae
1011 3014 1144 3069 nulli
1167 3023 1412 3069 veterum
1438 3016 1583 3070 venit
1606 3017 1654 3068 in
1687 3025 1940 3078 mentem,
1973 3023 2033 3070 ut

489 3097 598 3141 atet
636 3101 700 3139 ει
745 3086 900 3139 dictis
936 3101 951 3138 :
993 3100 1092 3140 nec
1131 3086 1261 3138 satis
1293 3088 1523 3153 quadrat
1560 3085 1718 3139 dictis
1760 3086 2028 3152 Apostoli.

500 3172 567 3210 on
610 3158 755 3236 enim
799 3158 873 3235 ait
912 3154 1305 3236 §ucramentum
1342 3154 1439 3208 hoc
1486 3170 1728 3236 magnum
1763 3163 1836 3236 est
1878 3171 1897 3208 :
1939 3172 2032 3236 ego

452 3237 621 3279 autent
663 3225 780 3278 dico
817 3225 874 3277 in
906 3222 1110 3277 Christo
1147 3235 1374 3288 tantum,
1408 3225 1527 3290 sed,
1572 3222 1625 3277 in
1666 3224 1872 3277 Christo
1901 3234 1949 3278 et
1971 3222 2032 3278 in

457 3296 710 3351 Ecclesia.
744 3294 1010 3361 Quorsum
1059 3294 1201 3349 enim
1241 3295 1462 3348 adderet
1501 3305 1548 3347 et
1589 3296 1642 3346 in
1681 3292 1936 3359 Ecclesia,
1989 3296 2034 3350 si

454 3365 827 3419 tantummodo
863 3363 1137 3437 Christum
1175 3372 1467 3437 spectaret,
1503 3365 1606 3437 hoc
1641 3366 2032 3437 est,unionem
2062 3366 2106 3425 C
2141 3377 2264 3432 ater,
2299 3366 2396 3421 hoc
2435 3370 2797 3437 manifestatur
2824 3370 2874 3420 in
2909 3366 3073 3437 nobis.

457 3437 615 3490 Vcrhi
657 3450 778 3487 cum
819 3435 999 3488 anima
1045 3435 1098 3487 in
1147 3448 1309 3487 carne
1345 3435 1566 3496 Christi,
1604 3444 1665 3488 ut
1711 3436 1797 3489 hic
1828 3438 2035 3489 Auctor

454 3506 706 3572 exponit?
734 3505 979 3574 quamvis
1001 3518 1125 3559 vera
1154 3504 1281 3567 sint,
1305 3518 1425 3572 quin
1449 3505 1517 3558 de
1542 3504 1642 3558 hac
1664 3507 1862 3560 unione
1884 3505 2034 3560 dicit.

458 3576 731 3632 Praeterea
755 3573 851 3628 illa
885 3575 1273 3644 commentatio
1304 3576 1389 3627 hic
1419 3575 1669 3644 adjuncta
1699 3592 1712 3627 :
1755 3573 1918 3628 flama
1949 3576 2039 3629 ille

457 3648 520 3718 de
557 3663 655 3716 quo
692 3646 940 3718 propheta
968 3646 1042 3718 ait
1069 3660 1093 3718 :_
1125 3643 1310 3699 Frater
1336 3660 1440 3697 non
1466 3646 1851 3718 redintit_,etc.;i
1886 3649 2037 3699 homo

457 3713 702 3780 inquam,
722 3716 810 3769 ille
829 3716 1047 3771 adhtzsit
1073 3713 1314 3768 humana:
1341 3714 1503 3780 carni,
1534 3715 1684 3783 quasi
1706 3717 1854 3768 uxori
1881 3731 1991 3768 suat
2014 3731 2035 3769 :

456 3802 616 3861 quam
636 3788 773 3861 dura
796 3788 886 3851 sit,
910 3796 964 3841 et
987 3800 1016 3861 a
1045 3784 1532 3861 sensu_Scripturae
1561 3793 2038 3861 extranea,_nemo

458 3854 564 3912 rion
596 3858 764 3919 videt,
795 3857 1040 3924 quamvis
1068 3869 1188 3910 eam
1221 3854 1447 3909 inferius
1477 3869 1738 3909 excusare
1758 3869 1822 3909 ac
1843 3854 2039 3910 defen-

457 3930 586 3984 dere
617 3934 836 3982 nitatur.
873 3933 938 3980 At
980 3931 1066 3980 hic
1104 3927 1265 3980 liceat
1308 3926 1411 3994 ipsi
1454 3925 1739 3980 abundare
1780 3926 1831 3979 in
1876 3940 2038 3981 sensu

458 4014 582 4061 suo,
607 3998 696 4052 ubi
727 4013 824 4066 pro
855 3997 980 4058 fide,
1017 4011 1123 4049 non
1153 4006 1366 4061 contra,
1395 3997 1633 4049 abundat
1655 4004 1708 4049 et
1733 3996 1963 4050 laborat.

530 4066 558 4106 ιι
595 4068 900 4120 \‘ersiculus
932 4067 1019 4119 hic
1067 4066 1215 4118 varie
1261 4081 1291 4116 a
1335 4066 1585 4118 Patribus
1614 4068 1922 4133 exponitur.
1972 4068 2035 4122 D.

460 4136 784 4197 Ambrosius
808 4150 930 4188 cum
959 4134 1219 4188 Cassiano
1245 4134 1516 4187 conscrrtit
1566 4134 1669 4187 hoc
1710 4147 2043 4190 commenta-

459 4208 542 4261 rio
574 4223 589 4261 :
624 4205 785 4271 Quem
813 4204 973 4274 frater
1001 4205 1176 4257 eodem
1198 4203 1375 4256 matris
1407 4213 1550 4256 utero
1576 4203 1766 4270 effusus
1789 4206 1841 4257 in
1872 4205 2039 4261 lucem

461 4278 709 4331 redimere
739 4290 837 4327 non
862 4283 1043 4343 potest.
1070 4276 1188 4339 quia
1221 4274 1623 4343 parilisnatura:
1649 4274 1945 4339 infirmitate
1964 4294 2042 4329 re—

461 4347 673 4419 tinetur,
702 4341 1112 4419 redimetltomo,
1142 4345 1231 4419 sed
1278 4343 1369 4419 ille
1398 4341 1552 4419 homo
1577 4343 1641 4397 de
1663 4346 2042 4419 quoscriptum

458 4418 672 4488 estquia
699 4416 858 4488 mittet
886 4414 990 4488 illis
1025 4414 1287 4488 Dominus”
1302 4412 1555 4488 hominem
1586 4415 1673 4488 qui
1701 4412 1921 4488 salvahitr
1952 4431 2049 4488 eos

466 4484 649 4560 (Isaiae
673 4484 929 4560 xtx),_qui
959 4486 1022 4560 de
1048 4485 1214 4560 seipso
1237 4484 1364 4536 dixit
1393 4498 1410 4536 :
1448 4484 1796 4560 Qateritis‘nte
1818 4484 2044 4560 occidere

462 4553 716 4627 hominem
746 4553 1130 4627 qtti'ueritgtem'
1156 4553 1359 4627 locutus
1381 4568 1494 4627 sum
1524 4554 1665 4627 uobis
1693 4553 1871 4624 (Ioan.
1902 4557 2039 4623 vui).

462 4627 532 4690 Et
559 4626 697 4680 infra
732 4622 768 4679 ε’
799 4625 956 4680 Solus
980 4622 1290 4693 Redemptor
1331 4623 1671 4694 intelﬁgitur,
1704 4622 1806 4694 qui
1837 4622 2045 4694 peccato

2141 2946 2255 3001 haec
2284 2949 2447 3019 verba
2474 2966 2505 3019 :7
2524 2947 2803 3019 Exspectas
2830 2957 2887 3000 ut
2910 2947 3059 3019 homo
3088 2954 3137 3000 te
3155 2947 3374 3000 redimat
3410 2947 3473 3019 alt
3502 2947 3583 3001 ira
3608 2964 3732 3002 eam

2139 3018 2381 3071 tura?Si
2414 3027 2460 3071 te
2483 3017 2641 3087 frater
2665 3033 2767 3071 non
2806 3018 3040 3079 redimet,
3074 3019 3227 3070 homo
3277 3028 3325 3069 te
3372 3017 3733 3088 redempturus

2139 3088 2262 3142 est?
2294 3089 2421 3151 Quis
2450 3085 2519 3140 est
2549 3089 2730 3157 frater,
2752 3088 2839 3154 qui
2856 3089 2900 3141 si
2921 3104 3023 3141 non
3051 3088 3341 3152 redemerit,
3371 3085 3554 3141 nullus
3572 3087 3727 3142 homo

2140 3158 2500 3229 redempturus
2528 3156 2651 3229 est?
2682 3156 2782 3223 Qui
2813 3158 3369 3229 post_resu_rrectionem
3393 3173 3541 3229 suam
3562 3159 3732 3215 dixit:

2155 3224 2695 3296 [adm'dic‘fratribus
2724 3229 2846 3280 meis
2875 3229 2893 3296 (
2919 3225 3108 3280 Matth.
3147 3241 3314 3280 xsvnt
3341 3242 3356 3290 ;
3387 3224 3545 3279 Joan.
3588 3243 3661 3281 xx
3689 3232 3728 3294 ).

2145 3295 2333 3350 Frater
2356 3308 2525 3351 noster
2554 3298 2710 3351 roluit
2752 3295 2891 3364 esse,
2910 3307 2957 3351 et
2988 3313 3104 3349 cum
3135 3298 3352 3350 dicimus
3380 3313 3398 3349 :
3439 3295 3597 3350 Pater
3633 3315 3733 3350 no-

3129 3365 3230 3433 Qui
3263 3368 3396 3420 enim
3422 3367 3546 3419 dicit
3577 3366 3685 3420 Deo
3711 3385 3731 3423 .°

2141 3439 2300 3491 Pater
2327 3448 2519 3496 noster.
2552 3434 2755 3491 Christo
2795 3438 2919 3490 dicit
2951 3453 2969 3490 :
3010 3434 3215 3490 Frater.
3248 3435 3385 3507 Ergo
3411 3437 3456 3489 si
3485 3441 3595 3503 ipse
3624 3454 3731 3507 πίονι

2139 3508 2371 3574 redimet,
2416 3507 2630 3561 redimet
2660 3508 2858 3561 homo?
2886 3506 3084 3577 Aliquis
3114 3507 3265 3577 homo
3291 3506 3527 3572 redimet,
3556 3508 3601 3559 si
3632 3506 3732 3560 Fi-

2138 3576 2241 3631 lius
2288 3578 2510 3631 hominis
2554 3594 2656 3631 non
2690 3578 2940 3631 redim't?
2986 3577 3047 3632 Si
3090 3576 3325 3631 Christus
3367 3592 3467 3629 non
3496 3577 3728 3643 redimit,

2141 3648 2306 3700 Adam
2336 3648 2594 3718 redimet?
2633 3647 2723 3701 Sic
2769 3648 3117 3718 Augustinus.
3151 3648 3568 3718 Chrysostomus
3598 3662 3732 3703 vero

2141 3726 2196 3772 et
2225 3718 2314 3771 alii
2349 3726 2520 3771 totum
2551 3717 2619 3771 de
2645 3717 2858 3771 Christo
2889 3716 3332 3784 interpretantur,
3355 3718 3407 3770 in
3438 3716 3579 3776 hunc
3610 3733 3726 3775 mo-

2141 3789 2268 3858 dum
2298 3804 2311 3839 :
2347 3788 2461 3858 Non
2493 3787 2731 3858 redimet
2753 3785 2999 3858 Christus
3029 3786 3048 3858 (
3080 3786 3339 3845 mundum
3381 3787 3632 3858 scilicet)
3673 3798 3733 3842 ut

2139 3855 2328 3920 frater,
2360 3857 2463 3913 hoc
2492 3868 2597 3918 est,
2628 3867 2680 3909 ut
2705 3856 2947 3922 Judaeus,
2971 3855 3087 3911 sire
3119 3872 3216 3926 per
3235 3859 3404 3926 legem
3426 3855 3726 3925 Iudaicam,

2140 3926 2235 3980 sed
2270 3936 2329 3983 ut
2358 3928 2519 3980 homo
2548 3926 2743 3982 factus.
2794 3928 2978 3995 Neque
3014 3942 3112 3996 pro
3135 3926 3216 3981 sui
3246 3927 3618 3994 redemptione
3647 3926 3732 3980 of-

2143 3996 2282 4061 feret
2327 3998 2588 4067 seipsum.
2644 4011 2744 4052 nec
2787 3997 2933 4051 dabit
2961 3996 3071 4051 Deo
3103 3998 3455 4066 placationem
3487 4012 3641 4051 suam
3673 4006 3731 4052 et

2143 4069 2374 4135 pretium
2399 4066 2791 4135 redemptionis
2821 4069 3013 4120 anima:
3043 4083 3175 4129 suae,
3219 4067 3313 4122 sed
3344 4082 3440 4135 pro
3465 4069 3585 4122 aliis
3611 4081 3730 4121 om-

2142 4138 2320 4192 nibus.
2344 4138 2592 4192 Christus
2614 4152 2718 4192 uon
2737 4152 2831 4193 sua
2855 4139 2997 4192 enim
3016 4151 3203 4204 causa,
3231 4137 3326 4192 sed
3352 4149 3557 4203 nostra,
3584 4152 3732 4191 more

2142 4213 2264 4260 tuus
2290 4218 2391 4262 est.

2220 4287 2242 4315 ο
2266 4276 2465 4347 Arguta
2488 4277 2815 4345 observatio,
2832 4277 2981 4347 quasi
3006 4291 3109 4347 non
3134 4277 3726 4343 suhamliretur,suam,

2143 4345 2285 4419 sicut
2313 4345 2440 4403 ante
2469 4349 2809 4419 exprimitur,
2842 4345 3011 4402 suum.
3054 4346 3220 4419 Certe
3252 4349 3313 4419 D.
3362 4347 3727 4419 Hieronymus

2143 4417 2199 4470 in
2250 4418 2655 4489 Commentario
2706 4420 2974 4489 Epistolas,
3002 4418 3068 4471 ad
3117 4418 3413 4489 Ephesius,
3467 4417 3625 4489 habet
3673 4429 3732 4473 et

2142 4503 2292 4539 suum
2320 4497 2377 4542 et
2416 4503 2584 4554 suam,
2618 4488 2843 4557 licet’ihi
2873 4488 3081 4541 omittat
3110 4503 3276 4541 suam.
3329 4488 3467 4554 Quin
3514 4496 3570 4541 et
3611 4488 3732 4557 ipse

2143 4556 2439 4630 Cassianus
2457 4559 2708 4624 superius
2735 4555 2882 4630 (Cap.
2918 4557 3009 4627 1'2)
3044 4559 3112 4610 ita
3140 4560 3326 4615 citavit
3350 4575 3363 4610 :
3391 4556 3611 4625 Prap'er
3633 4555 3734 4611 hac

2144 4628 2391 4695 relinquet
2419 4625 2569 4680 homo
2595 4640 2791 4698 patrem
2830 4625 2998 4681 "suum
3034 4637 3083 4682 et
3125 4638 3338 4698 matrem
3379 4643 3549 4689 suam,
3578 4631 3725 4696 quod

466 4698 620 4787 ueteri
648 4696 899 4787 obnot'cius
925 4708 1032 4776 esse
1059 4690 1184 4787 mpii
1223 4695 1402 4765 possit.
1454 4690 1591 4774 Ergo
1639 4690 2031 4787 per'hopiinem,
2068 4728 2118 4787 υ
2149 4690 2343 4787 marino
2374 4706 2458 4752 est
2484 4690 2907 4787 ipsi'exlcidis‘se,
2934 4697 3037 4787 nisi
3067 4705 3245 4787 t'estus
3269 4690 3604 4787 sitrtluiatus‘l

463 4767 741 4825 Dominum
772 4764 955 4836 Iesum
996 4764 1344 4836 intelligamus
1371 4804 1386 4828 ,
1430 4764 1778 4833 quisuscepit
1811 4766 2057 4819 hominis.

462 4837 822 4898 conditionem,
857 4845 911 4888 ut
939 4834 992 4887 in
1013 4834 1280 4905 carne‘sua
1306 4845 1567 4903 peccatum
1590 4836 1811 4886 omnium
1830 4836 2040 4905 cruciﬁ-

500 4918 622 4967 eret,
654 4919 702 4960 et
730 4903 1125 4977 chirographum
1147 4906 1493 4977 uniuersorum
1516 4920 1609 4957 suo
1621 4919 1800 4977 cruore
1824 4903 2034 4977 deleret.

489 4992 540 5032 ta
567 4974 907 5032 Ambrosius.
951 4974 1017 5029 At
1042 4975 1126 5044 D.
1157 4975 1512 5044 Hieronymus
1537 4988 1632 5043 per
1651 4974 2047 5044 interrogatio--

463 5064 586 5103 nem
624 5048 752 5117 legit
799 5047 900 5100 hoc
928 5043 1132 5099 modo:
1164 5040 1375 5117 Frater
1418 5040 2043 5117 non'_redemit,‘redimet

463 5118 656 5177 Itonia?
680 5113 762 5172 Έι
790 5116 861 5171 du
879 5132 924 5171 is
964 5115 1200 5184 suggerit
1243 5115 1757 5184 interpretationes:
1803 5113 1864 5169 Si
1892 5113 2043 5169 Chri-

462 5198 596 5259 stus,
628 5188 821 5259 inquit,
847 5203 947 5241 non
975 5183 1183 5259 redemit
1222 5185 1242 5255 (
1271 5183 1395 5259 illos
1423 5184 1630 5259 scilicet
1648 5183 1736 5252 qui
1762 5184 2041 5259 conliduut

464 5258 517 5311 in
548 5253 743 5313 virtute
772 5253 891 5322 sua,
910 5255 1063 5326 etc.),
1093 5254 1179 5325 qui
1202 5253 1257 5308 se
1278 5255 1485 5326 fratrem
1502 5254 1637 5326 dixit
1663 5253 2035 5326 apostolorum,

462 5338 508 5381 et
552 5328 863 5400 resurgendo
901 5324 1069 5397 factus
1110 5324 1186 5400 est
1228 5324 1594 5400 primogenitae
1637 5324 2040 5393 resurgentium;

464 5412 566 5450 non
589 5393 798 5451 redimet
825 5393 1015 5454 Adam.
1044 5397 1164 5462 quia
1187 5393 1383 5465 primus
1401 5393 1563 5465 homo
1594 5404 1818 5465 mortuus
1840 5409 1941 5446 non
1960 5411 2044 5465 re-

463 5468 705 5521 surrexit.
763 5465 903 5521 Nam
932 5461 1095 5536 frater
1124 5461 1295 5517 noster
1320 5462 1552 5536 Christus
1581 5473 1676 5528 est,
1707 5461 1917 5536 Deuset
1948 5463 2043 5517 ho-

465 5552 573 5599 mo,
601 5538 689 5603 qui
730 5553 824 5589 nos
863 5531 1109 5601 redemit;
1151 5536 1250 5596 uel,
1290 5532 1426 5603 quod
1449 5550 1550 5587 non
1578 5534 1791 5586 redemit
1816 5531 2039 5603 Moyses,

463 5606 677 5661 redemit
723 5605 973 5659 Christus.
1017 5608 1139 5667 llaec
1173 5604 1549 5673 Hieronymus,
1580 5618 1677 5658 seu
1710 5604 1830 5672 quis
1855 5614 2043 5658 auctor

464 5679 583 5744 ejus
613 5676 1022 5731 Commentarii.
1043 5674 1161 5743 Cui,
1196 5673 1369 5745 quoad
1393 5674 1625 5743 priorem
1653 5674 2040 5745 expositionem

465 5743 522 5811 et
570 5747 1043 5818 interrogationem
1086 5743 1252 5827 illam,
1300 5744 1572 5800 consentit
1615 5743 1945 5824 Augustinus
1988 5744 2042 5798 in

2209 4763 2238 4807 ά
2265 4763 2639 4822 Consentanee
2674 4768 2797 4822 huic
2829 4768 2948 4821 loco
2980 4767 3038 4821 Β.
3076 4768 3309 4823 Ιιειιαιιιε
3337 4767 3434 4822 lih.
3457 4782 3508 4820 ιν
3535 4768 3735 4821 adrer-

2139 4852 2233 4891 sns
2283 4837 2516 4892 haereses
2532 4851 2660 4907 cap.
2703 4838 2794 4893 ει.
2849 4837 3142 4907 Quoniam,
3176 4838 3383 4907 inquit,
3416 4853 3519 4907 non
3561 4838 3732 4890 solum

2142 4908 2422 4977 prophetae,
2451 4906 2539 4960 sed
2565 4916 2616 4960 et
2632 4908 2768 4978 justi
2810 4906 2957 4960 multi
2986 4905 3305 4976 prtescientes
3348 4923 3437 4974 per
3469 4905 3731 4978 Spiritum

2140 4978 2410 5032 adventant
2437 4992 2571 5048 ejus.
2620 4977 2891 5032 orauerunt
2930 4979 2984 5030 in
3013 4977 3157 5048 illud
3199 4984 3399 5048 tempus
3440 4977 3645 5041 uenire,
3676 4982 3731 5029 in

2140 5062 2243 5116 quo
2279 5048 2410 5116 facie
2439 5047 2506 5099 ad
2535 5048 2718 5118 faciem
2743 5049 2971 5118 viderent
3000 5047 3274 5101 Dominum
3303 5047 3483 5112 suum,
3539 5059 3730 5118 etaer-

2143 5118 2460 5188 monesejus
2487 5116 2745 5188 audirent,
2781 5116 3031 5188 Dominus
3060 5118 3177 5188 fecit
3207 5118 3540 5187 manifestum
3570 5116 3729 5170 disci-

2146 5186 2285 5256 pulis
2306 5187 2482 5260 dicens
2503 5201 2523 5240 :
2552 5185 2605 5239 Μ
2614 5187 2710 5240 ulti
2737 5186 2997 5260 prop/cette
3037 5185 3085 5240 et
3105 5189 3239 5260 justi
3264 5185 3729 5260 cupieruntttidere

2143 5272 2260 5327 quae
2282 5257 2482 5321 uidetis,
2513 5266 2561 5309 et
2590 5273 2691 5327 non
2720 5258 2973 5318 uiderunt.
2998 5267 3047 5327 et
3073 5256 3259 5327 audire
3291 5256 3407 5325 quia
3435 5258 3650 5322 auditis,
3681 5265 3731 5310 et

2145 5325 2250 5397 non
2275 5327 2551 5381 audierunt
2581 5325 2796 5397 (Matth.
2823 5341 2938 5390 stu,
2986 5326 3110 5380 Luc.
3150 5325 3232 5397 ι).
3289 5328 3737 5392 Quemadmodum

2145 5396 2308 5467 igitur
2335 5396 2703 5466 concupierunt
2722 5406 2768 5452 et
2792 5399 2976 5451 audire
2997 5396 3255 5461 stridere,
3282 5397 3384 5451 nisi
3412 5398 3737 5467 precscissent

2149 5413 2163 5449 ι
2203 5413 2308 5450 itur
2335 5413 2703 5466 concupierunt
2722 5413 2768 5452 et
2792 5413 2976 5451 auatre
2997 5413 3255 5461 statuere,
3282 5413 3384 5451 nisi
3412 5413 3736 5467 praesenserit

2149 5413 2378 5537 {iturum
2401 5469 2522 5540 ejus
2544 5468 2854 5540 adventum?
2885 5467 3153 5540 Quomodo
3181 5476 3352 5522 autem
3380 5466 3618 5540 prcseire
3639 5483 3736 5540 μοτ

2148 5545 2373 5608 tuerunt,
2423 5537 2524 5590 nisi
2554 5538 2619 5590 ah
2646 5538 2758 5604 ipso
2798 5539 3174 5605 prtescientiam
3220 5548 3342 5591 ante
3377 5537 3740 5608 accepissent?

2148 5616 2256 5661 etc.
2291 5607 2383 5661 Est
2415 5617 2593 5661 autem
2626 5609 2679 5661 in
2710 5609 2818 5661 illis
2848 5608 3059 5662 Domini
3085 5610 3264 5663 verbis
3292 5607 3731 5671 observandum,

2149 5676 2292 5744 quod
2326 5677 2609 5731 Matthaeus
2640 5677 2930 5746 prophetas
2953 5688 3008 5731 et
3028 5679 3224 5746 iustos,
3252 5679 3423 5733 Lucas
3448 5692 3578 5731 vero
3608 5693 3741 5742 pro-

2154 5746 2342 5816 phetas
2370 5754 2423 5801 et
2452 5759 2608 5817 reges
2639 5745 2952 5807 nominavit.
2989 5745 3054 5803 Et
3081 5748 3340 5805 credibile
3362 5756 3466 5815 est,
3499 5748 3574 5802 ait
3607 5748 3742 5801 ιιι-
