4040 6182
286 306 385 365 1³53

1314 306 1401 360 DE
1444 306 1956 363 INCARNATIONH
1997 308 2267 365 CliIilSTl
2310 309 2435 366 LIB.
2484 313 2545 368 ν.

3458 322 3556 380 132

281 414 337 470 in
358 413 571 484 Spiritu,
610 411 683 467 ita
716 411 898 467 videre
926 413 1085 468 etiam
1118 411 1168 467 in
1201 427 1361 469 Carne
1384 416 1692 472 voluerunt.
1714 420 1872 473 Amen
1902 423 1949 483 Α
1978 420 2107 487 dixi,
2153 422 2241 492 qui
2271 422 2558 480 adventum
2591 426 2756 496 ipsius
2801 429 3155 497 precabantur
3181 475 3193 497 ,
3226 432 3305 489 sic
3338 416 3452 492 erat
3495 455 3559 496 ac

278 510 446 573 enim,
475 507 647 575 inquit
673 505 958 571 Dominus,
988 507 1103 560 dico
1123 507 1259 561 vobis
1292 510 1411 577 quia
1445 510 1590 563 multi
1613 511 1874 584 propheta:

277 612 322 654 et
345 599 478 673 justi
507 600 783 667 cupierunt
813 599 984 652 videre
1011 616 1126 669 qua:
1164 615 1248 655 vos
1278 602 1499 667 vidistis,
1528 611 1699 657 etnon
1737 605 1876 658 vide-

274 700 395 743 runt
414 733 427 751 ,
455 699 503 743 et
531 689 720 744 audire
742 705 859 759 qua:
887 689 1105 745 audistis
1145 702 1193 746 et
1221 709 1322 746 non
1355 694 1629 749 audierunt
1656 695 1870 765 (Matth.

275 782 417 851 xm).
457 781 526 836 Et
553 781 683 835 ideo
708 782 875 837 lsaias
904 784 1191 852 propheta,
1220 793 1244 821 ⁸
1277 784 1508 853 Utinam,
1542 786 1735 857 inquit,
1765 786 1873 841 Do-

268 873 444 937 mine,
486 873 840 943 disrumpere:
868 874 1044 941 ctzlos,
1088 884 1136 929 ct
1173 876 1502 931 descenderes
1532 877 1663 949 (lsa.
1699 880 1867 950 LXIV).

270 965 381 1019 Sed
418 974 473 1019 et
516 965 727 1019 David:
770 963 992 1020 Domine
1020 1012 1033 1035 ,
1073 967 1266 1023 inclina
1306 971 1476 1043 caelos,
1532 982 1578 1025 et
1625 972 1872 1027 descende

271 1056 447 1126 (Psal.
473 1056 684 1127 cxuu).
712 1058 885 1113 Moses
908 1073 1122 1130 quoque
1151 1079 1164 1116 :
1190 1061 1213 1098 δ
1245 1062 1490 1127 Ostende,
1523 1062 1718 1132 inquit,
1744 1067 1872 1121 milii

270 1151 515 1219 teipsum,
553 1159 609 1201 ut
632 1150 903 1221 manifeste
933 1151 1133 1205 uideam
1157 1162 1204 1207 te
1229 1152 1425 1225 (Exod.
1455 1157 1665 1225 xxxtu).
1700 1158 1868 1213 Nemo

268 1238 565 1292 admodum
590 1240 817 1308 propius
861 1254 1020 1309 quam
1054 1242 1233 1296 Moses
1263 1243 1437 1313 legem
1470 1246 1706 1316 capiens,
1735 1248 1869 1303 allo-

268 1336 531 1395 quentetn
565 1343 597 1383 e
624 1328 861 1383 nubibus
884 1330 1076 1396 Deum,
1104 1342 1265 1402 atque
1288 1333 1352 1387 ad
1378 1333 1549 1404 ipsam
1578 1336 1864 1393 admodum

266 1419 623 1489 ptmsemiam
670 1420 970 1490 majestatis
1025 1427 1273 1478 accessit.
1327 1425 1387 1480 Et
1428 1428 1700 1496 quomodo
1744 1445 1862 1484 cum

264 1523 427 1562 nemo
461 1509 714 1578 propiora
746 1525 906 1580 quam
938 1510 1031 1565 ille
1076 1511 1145 1567 de
1194 1513 1305 1569 Deo
1354 1526 1638 1581 cerneret,
1690 1519 1866 1573 adhuc

262 1600 643 1656 manifestiora
689 1602 948 1669 poscebat
977 1602 1203 1658 dicens:
1239 1605 1460 1660 Ostende
1496 1607 1642 1673 mihi,
1670 1610 1861 1678 inquit,

262 1692 510 1759 teipsum,
540 1702 596 1745 ut
623 1694 891 1765 manifeste
917 1695 1113 1749 videam
1147 1706 1195 1749 te
1214 1738 1229 1762 ,
1255 1696 1466 1752 scilicet
1490 1699 1612 1768 quia
1641 1699 1739 1753 hoc
1768 1701 1862 1757 ille

266 1783 390 1838 fieri
433 1784 763 1855 precabatur
797 1786 941 1855 quod
974 1787 1166 1843 iisdem
1196 1788 1482 1844 admodum
1512 1792 1691 1847 verbis
1720 1796 1865 1862 Apo-

261 1874 448 1929 stolus
473 1875 672 1930 factum
702 1891 824 1933 esse
849 1877 1086 1945 dicebat,
1118 1879 1168 1933 id
1201 1888 1301 1946 est,
1325 1889 1381 1934 ut
1400 1881 1575 1951 palam
1600 1882 1861 1940 Dominus

262 1968 714 2025 manifestaretur
759 1972 810 2026 in
843 1986 1040 2041 carne,
1084 1974 1259 2042 palam
1302 1982 1591 2043 appareret
1634 1978 1858 2043 mundo,

263 2061 448 2130 palam
496 2073 869 2119 assumeretur
898 2065 951 2119 in
989 2066 1198 2136 gloria;
1232 2074 1285 2120 et
1326 2066 1502 2119 omnia
1535 2068 1706 2122 oculis
1737 2078 1858 2124 tan-

260 2150 388 2205 dem
438 2153 749 2208 carnalibus
798 2153 975 2209 sancti
1012 2165 1334 2221 cernerent,
1368 2171 1489 2226 quae
1527 2158 1860 2225 Spiritalibus

260 2245 665 2313 prmvidebant.

854 2338 1083 2395 CAPUT
1125 2339 1265 2393 XIV.

259 2426 492 2499 Impiam
515 2441 561 2482 et
590 2430 937 2496 blaspltemam
966 2430 1324 2484 hazreticorum
1346 2435 1652 2485 sententiam
1681 2433 1858 2485 redar-

334 2503 469 2573 guit,
492 2501 584 2569 qui
610 2499 773 2553 Deum
801 2502 853 2552 in
881 2501 1080 2553 Christo
1106 2502 1236 2573 velut
1269 2504 1318 2554 in
1346 2520 1538 2573 organo
1562 2506 1669 2557 sive
1690 2515 1856 2557 statua

342 2571 597 2624 habitasse
623 2582 671 2624 et
713 2573 941 2623 locutum
966 2588 1074 2624 esse
1096 2572 1357 2625 dixerunt.

337 2706 590 2773 Alioquin
621 2704 689 2767 si,
719 2715 770 2758 ut
798 2703 1088 2758 hmreticus
1128 2704 1225 2768 ait,
1261 2705 1398 2759 Deus
1428 2705 1637 2760 futurus
1668 2706 1720 2759 in
1754 2707 1859 2761 Do-

257 2798 416 2853 mino
458 2796 589 2851 Jesu
620 2795 835 2851 Christo
863 2802 1001 2859 erat,
1035 2805 1056 2833 ε
1092 2795 1244 2851 velut
1275 2797 1325 2849 in
1358 2804 1531 2850 statua
1563 2808 1655 2850 aut
1686 2798 1736 2851 in
1761 2813 1854 2851 or-

258 2906 427 2961 gano,
453 2889 505 2943 id
531 2897 636 2957 est,
666 2897 723 2942 ut
755 2887 1024 2942 habitaret
1057 2896 1262 2942 tantum
1288 2890 1439 2959 quasi
1462 2888 1516 2942 in
1542 2888 1779 2953 homine,
1802 2898 1858 2944 et

258 2983 582 3051 loqueretur
605 2981 757 3050 quasi
788 2994 885 3049 per
912 2979 1207 3045 hominem,
1239 2995 1343 3034 non
1372 2990 1424 3033 ut
1451 2981 1564 3048 ipse
1589 2987 1733 3034 esset
1760 2981 1850 3049 qui

260 3071 562 3135 habitaret,
594 3080 754 3140 atque
793 3084 859 3123 ex
887 3083 946 3123 se
988 3078 1038 3124 et
1064 3083 1127 3123 ex
1160 3084 1257 3124 suo
1284 3084 1512 3139 corpore
1541 3070 1855 3139 loqueretur

1978 514 2317 581 laquebatur.
2348 518 2414 572 Et
2454 519 2581 588 quid
2609 535 2833 577 necesse
2874 534 2992 578 erat
3022 534 3079 579 ut
3106 525 3205 581 hoc
3241 544 3431 586 omnes
3462 546 3560 601 po-

1974 618 2186 663 scerent
2229 610 2372 679 quod
2430 611 2724 679 habebant,
2759 614 2802 668 si
2841 616 2943 670 hoc
2992 619 3247 687 petebant
3274 623 3414 691 quod
3442 624 3554 694 jam

1973 712 2292 771 acceperant
2324 704 2345 757 ?
2377 706 2480 759 Aut
2510 706 2636 775 quid
2683 706 2865 763 videre
2892 711 3061 766 oculis
3092 726 3379 783 cuperent,
3411 720 3553 786 quod

1972 795 2136 848 corde
2176 794 2514 861 retinebant,
2549 802 2847 866 prmsertlm
2879 816 2999 856 cum
3052 803 3169 871 plus
3208 807 3279 858 sit
3306 808 3553 863 eamdem

1973 898 2087 937 rem
2118 883 2319 940 habere
2354 887 2664 955 quempiam
2701 889 2842 943 intra
2870 906 2951 955 se,
2984 908 3142 961 quam
3186 896 3369 950 videre
3400 908 3550 952 ριιεσλ

1974 974 2069 1027 sei
2100 972 2207 1029 Aut
2234 975 2278 1029 si
2309 976 2387 1030 sic
2416 977 2751 1034 habitaturus
2783 989 2901 1035 erat
2930 982 2981 1036 in
3007 983 3218 1038 Christo
3245 987 3381 1041 Deus
3413 989 3554 1044 sicut

1970 1065 2023 1120 in
2040 1068 2236 1122 sanctis
2254 1069 2525 1134 omnibus,
2553 1086 2647 1126 cur
2670 1074 2835 1141 magis
2858 1074 3129 1130 Christum
3158 1079 3340 1134 videre
3365 1098 3552 1137 omnes

1970 1160 2139 1214 sancti
2184 1172 2443 1230 cuperent
2484 1179 2643 1232 quam
2692 1166 2936 1234 scipsos?
2981 1168 3047 1222 Et
3086 1169 3130 1223 si
3161 1173 3403 1226 eamdem
3436 1190 3550 1229 rem

1970 1252 2137 1306 visuri
2172 1252 2222 1306 in
2255 1252 2480 1308 Domino
2524 1255 2651 1309 Jesu
2696 1268 2850 1311 crant
2900 1275 3056 1327 quam
3088 1261 3137 1314 in
3170 1278 3228 1316 se
3261 1262 3549 1326 habebant,

1969 1357 2065 1395 cur
2095 1359 2199 1396 non
2228 1344 2343 1411 plus
2375 1346 2544 1400 multo
2575 1347 2970 1404 arbitrarentur
2997 1351 3240 1406 eamdem
3270 1369 3383 1408 rem
3411 1355 3460 1408 in
3492 1372 3553 1411 se

1971 1431 2169 1487 habere
2197 1450 2356 1504 quam
2392 1436 2445 1489 in
2470 1437 2641 1492 altero
2670 1439 2899 1495 videre?
2926 1442 3028 1496 Sed
3054 1458 3223 1508 erras,
3255 1445 3441 1500 infelix
3474 1449 3552 1501 fu-

1968 1540 2081 1589 ror,
2109 1542 2209 1580 non
2237 1527 2549 1599 intelligens,
2577 1540 2632 1584 ut
2658 1531 2949 1600 Apostolus
2977 1535 3071 1597 ait,
3104 1544 3158 1589 et
3183 1554 3298 1607 qua!
3326 1538 3549 1610 loquaris

1966 1622 2013 1670 et
2040 1616 2102 1669 de
2123 1616 2308 1687 quibus
2331 1620 2549 1688 aﬂirntes
2580 1620 2619 1691 (l
2645 1621 2780 1677 Tim.
2801 1624 2863 1691 ι).
2880 1624 3083 1680 Omnes
3106 1628 3248 1681 enim
3274 1630 3549 1699 prophctre

1966 1717 2021 1763 ct
2048 1724 2238 1764 omnes
2261 1713 2428 1766 sancti
2450 1718 2752 1781 portiOnem
2782 1717 3069 1785 quamdam
3100 1720 3263 1775 divini
3290 1722 3543 1791 Spiritus,

1894 1801 1939 1859 B
1969 1810 2126 1869 prout
2148 1816 2343 1870 capere
2369 1814 2636 1872 pateram,
2667 1821 2695 1859 a
2732 1806 2840 1861 Deo
2867 1820 3213 1878 acceperunt.
3242 1810 3307 1866 In
3330 1813 3545 1870 Christo

1962 1904 2139 1946 autem
2170 1893 2334 1946 ontnis
2361 1895 2630 1964 plenitudo
2662 1898 2945 1952 dirinitatis
2970 1900 3231 1957 habitavit
3260 1913 3421 1973 atque
3452 1905 3543 1958 Ita.

1962 1981 2088 2035 bitat
2118 1984 2455 2054 corporaliter
2484 1986 2683 2055 (Colos.
2721 1990 2801 2056 ιι).
2836 1989 2903 2043 Ει
2951 1992 3070 2046 ideo
3116 1993 3274 2064 longe
3320 1996 3387 2050 de
3425 1998 3542 2065 ejus

1962 2074 2295 2143 plenitudine
2326 2090 2515 2131 omnes
2538 2088 2682 2144 sunt,
2711 2093 2773 2132 ex
2801 2079 2956 2148 cujus
2985 2081 3315 2150 plenitudine
3342 2086 3541 2154 aliquid

1959 2165 2226 2235 accipiunt
2258 2165 2435 2237 (Joan.
2474 2169 2548 2237 1);
2596 2185 2827 2237 quorum
2859 2172 3171 2242 adimpletio
3193 2175 3394 2231 Christi
3423 2194 3537 2232 mu.

1960 2274 2093 2326 nus,
2129 2262 2255 2331 quia
2285 2262 2438 2318 vacui
2468 2266 2651 2335 utique
2678 2281 2867 2322 omnes
2892 2278 3070 2336 erant,
3104 2271 3218 2328 nisi.
3253 2274 3369 2343 ipse
3398 2285 3540 2331 esset

1958 2351 2195 2407 omnium
2222 2353 2515 2422 plenitudo.

2558 2465 2786 2522 CAPUT
2827 2468 2940 2525 XV.

1959 2577 2269 2633 Sanctorum
2308 2578 2371 2631 de
2394 2578 2614 2653 Messire
2638 2581 2855 2634 adventu
2886 2591 3000 2635 rota
3039 2584 3162 2653 quid
3199 2586 3538 2652 continebant,

2258 2657 2348 2702 aut
2377 2654 2529 2721 quale
2556 2651 2690 2704 illud
2715 2655 2870 2722 fuerit
2901 2651 3227 2710 desiderium.

2031 2784 2141 2838 Hoc
2162 2800 2291 2855 ergo
2314 2786 2482 2839 sancti
2508 2802 2697 2841 omnes
2723 2787 2999 2856 optabant,
3028 2788 3130 2844 hoc
3153 2791 3536 2860 precabantur,

1958 2878 2059 2932 hoc
2105 2878 2183 2932 sic
2229 2878 2411 2933 videre
2461 2878 2634 2932 oculis
2680 2878 3057 2933 desiderabant
3101 2881 3445 2936 sicutanimo
3477 2901 3541 2938 ae

1959 2975 2142 3023 mente
2184 2969 2488 3036 sapiebant.
2521 2969 2586 3023 Et
2627 2969 2747 3023 ideo
2772 2966 2938 3023 lsaias
2972 2968 3231 3038 propheta
3260 2988 3272 3022 :
3308 2969 3537 3038 Utinam,

1959 3062 2153 3130 inquit,
2179 3060 2525 3131 disrumperes
2556 3060 2726 3124 cmlos,
2747 3069 2793 3112 et
2819 3059 3144 3113 descenderes
3164 3060 3343 3133 (Isaia?
3368 3066 3515 3133 utr)

255 3162 445 3225 Deus;
475 3163 588 3230 jam
617 3162 802 3231 utique
825 3160 904 3215 sic
933 3169 986 3216 et
1011 3160 1283 3215 habitarat
1314 3160 1363 3215 in
1395 3162 1684 3227 sanctis,et
1710 3161 1855 3215 locu-
1885 3172 1927 3233 (ς
1963 3153 2068 3209 Sed
2100 3161 2153 3206 et
2185 3151 2438 3206 llabacuc
2480 3150 2619 3205 idem
2662 3151 2987 3204 annuntians
3023 3151 3164 3221 quod
3206 3152 3295 3207 ille
3325 3166 3537 3222 Optatts,

259 3264 349 3310 tus
381 3254 560 3309 fuerat
584 3269 614 3310 e
635 3253 856 3311 sanctis.
891 3253 946 3309 ln
980 3253 1066 3309 his
1091 3268 1303 3325 quoque
1333 3253 1487 3324 ipsis,
1521 3268 1657 3323 quos
1687 3267 1847 3322 supra

2005 3248 2137 3301 Dum
2158 3246 2489 3319 apprOpiaut,
2530 3244 2725 3315 inquit,
2751 3244 2897 3312 anni,
2925 3243 3539 3313 ostenderisdﬁuadventu

1339 3368 1376 3419 Α
1389 3364 1523 3419 LAR
1537 3364 1596 3417 Dl
1635 3364 1863 3419 GAZAZI
1905 3359 2282 3417 COMMENTA
2294 3358 2470 3414 RIUS.

256 3463 503 3516 donatus
534 3458 623 3530 (In
651 3475 765 3524 cap.
793 3473 887 3512 xm
922 3455 1465 3530 Matth.),»Christum
1499 3469 1561 3530 ea
1596 3453 1692 3508 tria
1729 3470 1848 3522 pcr-

258 3547 521 3587 srtnarutn
544 3526 1359 3599 praestantissimanominasse,
1403 3526 1723 3599 prophetas,
1773 3542 1856 3576 re-

260 3619 357 3674 gcs
402 3616 456 3656 et
503 3596 715 3674 ju’stos;
749 3597 843 3652 scd
875 3598 1181 3651 Matthmum
1216 3611 1373 3665 reges
1400 3638 1413 3661 ,
1447 3597 1639 3649 Lucium
1677 3596 1852 3664 justos

266 3671 703 3743 prmtcrmisisse.

335 3753 359 3779 ⁸
398 3742 468 3798 Ut
493 3741 690 3794 ardens
718 3753 905 3793 eorum
928 3737 1255 3808 desiderium
1280 3736 1591 3808 ostenderet
1622 3739 1853 3808 prophe-

264 3823 335 3877 ta,
369 3828 477 3866 non
520 3812 597 3864 ait
629 3827 643 3862 :
679 3809 895 3865 Utinam
920 3807 1029 3876 jam
1076 3808 1311 3872 venires,
1343 3808 1438 3862 sed
1484 3826 1495 3860 :
1536 3807 1743 3862 Utinam
1775 3812 1854 3863 di-

263 3898 532 3949 rumperes
555 3880 729 3945 cmlos,
757 3888 803 3933 et
826 3879 1174 3949 descenderes.
1196 3879 1356 3946 Quasi
1384 3879 1618 3932 diceret:
1638 3878 1849 3934 Utinam

264 3964 371 4006 tam
388 3948 511 4006 fcito
541 3953 755 4005 venires
789 3958 842 4004 et
885 3957 991 4003 tam
1040 3948 1348 4002 vehementi
1379 3949 1603 4015 impetu,
1659 3960 1712 4003 ut
1746 3967 1849 4004 non

261 4038 542 4092 qnmrcres
572 4022 792 4087 ostium,
823 4020 916 4092 sed
949 4018 1128 4072 subito
1154 4018 1320 4092 caelos
1369 4031 1727 4092 rutnpereset
1759 4022 1854 4074 de-

264 4088 581 4149 sr'enderes:
600 4110 705 4146 non
721 4090 859 4158 quod
876 4103 1097 4143 necesse
1110 4099 1253 4143 esset
1264 4088 1429 4143 Deum
1445 4089 1610 4142 caelos
1624 4090 1850 4143 disrum-

264 4180 394 4234 pere
416 4162 811 4234 autinl’ringere
840 4170 896 4213 ut
918 4161 1128 4234 veniret
1150 4161 1300 4234 ;_se:_l
1332 4160 1566 4234 loquitur
1588 4161 1847 4234 propheta

260 4229 415 4289 inure
429 4229 1029 4299 humano,ittl'ervorem
1044 4229 1432 4299 desiderii,quo
1446 4230 1645 4298 antiqui
1661 4229 1848 4285 Patres

260 4308 558 4359 adventum
581 4303 779 4356 Christi
814 4300 1160 4369 exuptabant,
1185 4301 1599 4354 demonstraret.
1642 4302 1846 4356 Eodem

263 4376 422 4429 modo
445 4375 611 4428 David
638 4391 651 4429 :
684 4371 922 4438 Domine,
954 4371 1146 4439 inquit,
1170 4371 1360 4423 inclina
1381 4373 1533 4424 cce/os
1559 4378 1674 4424 tuos
1696 4382 1741 4425 et
1762 4373 1851 4426 de-

258 4447 443 4500 scende
471 4443 593 4513 (Ps.
622 4444 787 4510 cur).
816 4441 913 4513 Ubi
946 4442 1134 4513 ingens
1159 4440 1481 4513 exprimitur
1505 4441 1689 4513 eximii
1723 4457 1849 4513 pro-

260 4517 437 4585 phetae
462 4510 815 4585 desiderium,
857 4511 983 4565 dum
1016 4510 1084 4565 ne
1120 4510 1256 4585 lteus
1295 4512 1346 4565 in
1389 4512 1696 4585 aperiendis
1724 4510 1846 4568 cmli

260 4581 465 4639 toribus
511 4600 717 4637 moram
759 4584 990 4648 taceret,
1043 4583 1170 4651 petit
1202 4593 1259 4636 ut
1303 4581 1497 4636 cmlum
1536 4581 1757 4637 inclinet
1795 4593 1848 4639 et

259 4657 569 4711 descendat.

330 4726 357 4763 δ
390 4726 558 4779 Divus
584 4723 941 4793 Hieronymus
986 4722 1039 4776 in
1070 4738 1120 4779 c.
1147 4739 1245 4777 va
1270 4722 1418 4793 Isaiae
1453 4739 1465 4774 :
1521 4720 1697 4786 Hunc,
1745 4722 1840 4786 ait,

260 4797 515 4863 quarebat
561 4804 608 4846 et
638 4791 841 4863 Moyses
891 4796 1101 4863 loquens
1150 4793 1292 4849 Deo:
1323 4791 1602 4863 Siiinveni
1626 4795 1844 4861 gratiam

261 4862 399 4932 apud
444 4874 512 4931 te,
547 4864 757 4925 ostende
785 4873 832 4916 te
856 4862 980 4932 mihi
1024 4863 1307 4931 manifeste.
1360 4862 1588 4930 Jlajores
1639 4863 1843 4932 divitias

263 4930 511 4988 thesauris
558 4933 821 5003 xlz'gypti.
854 4930 1062 5003 Christi
1112 4930 1444 5001 opprobrium
1498 4931 1840 5001 prastolans,

262 5003 383 5057 dum
411 5004 800 5058 retributionem
828 5002 1084 5056 desiderat
1116 5003 1430 5071 futurorum,
1458 5012 1504 5054 et
1542 5002 1841 5056 inuisibilem

264 5073 446 5137 Deum,
476 5075 629 5143 quasi
650 5073 861 5137 videret,
886 5074 1073 5143 animo
1101 5073 1491 5141 contemplatur.
1546 5072 1622 5125 De
1668 5089 1764 5141 quo
1794 5084 1842 5127 et

261 5147 313 5199 in
344 5141 570 5198 Psalmis
613 5144 801 5211 legitur
824 5157 845 5197 :
872 5141 1003 5213 Spes
1032 5144 1258 5196 omnium
1288 5143 1466 5213 ﬁnitth
1494 5152 1641 5195 terra!
1666 5184 1679 5206 ,
1710 5155 1757 5196 et
1787 5145 1841 5197 in

264 5218 391 5269 mari
422 5217 579 5285 longe
609 5210 728 5287 (Ps.
758 5210 925 5287 thv).
954 5214 1019 5267 Et
1047 5214 1103 5287 in
1130 5213 1325 5287 Genesi
1352 5228 1367 5266 :
1400 5210 1468 5265 Et
1506 5214 1613 5282 ipse
1638 5216 1729 5287 erit
1752 5230 1843 5287 es:-

262 5280 757 5354 spectatio'gen'tium
788 5280 945 5354 (Gen.
968 5285 1135 5351 XLIX).
1165 5284 1236 5337 Ita
1267 5280 1840 5354 llieronymussiguiti-

264 5353 388 5426 cans
418 5353 639 5426 Moysen
672 5354 779 5407 illis
800 5353 979 5426 verbis
1005 5356 1293 5426 expetiisse
1322 5354 1609 5426 adventum
1630 5353 1837 5426 Messias

264 5424 314 5478 in
343 5423 532 5489 carne,
566 5426 621 5478 in
670 5439 773 5493 qua
806 5425 1085 5478 manilesre
1115 5424 1407 5493 videretur.
1456 5424 1527 5477 At
1553 5423 1616 5478 D.
1663 5424 1843 5492 Angu-

262 5498 427 5551 stinus
457 5500 475 5559 (
494 5492 699 5562 Qutest.’
722 5496 817 5549 lSl
852 5495 906 5547 in
938 5492 1133 5563 Exod.)
1160 5506 1213 5549 et
1238 5495 1327 5548 alii
1357 5495 1667 5549 existimant
1695 5494 1841 5565 Moy-

260 5586 351 5626 sen
378 5572 722 5642 emanasse
741 5565 1231 5642 visionequivina:
1248 5565 1519 5642 essentiae.

326 5652 350 5682 ¢
380 5634 667 5711 Quomodo
696 5641 971 5695 dammae:
1007 5640 1061 5693 in
1109 5641 1299 5694 statuis
1342 5647 1399 5693 et
1437 5636 1596 5711 idolis
1633 5634 1841 5711 habita-

257 5707 492 5778 bantJet
524 5714 757 5769 subinde
788 5712 1159 5778 loquebantur,
1191 5719 1244 5765 et
1274 5709 1487 5763 oracula
1518 5723 1613 5778 sua
1646 5707 1837 5761 redde-

256 5777 405 5850 b‘nt;
449 5789 529 5840 sic
582 5784 777 5851 impius
821 5777 1102 5835 Ncstorius
1150 5780 1554 5849 blasphemabat
1584 5777 1750 5834 Deum
1785 5779 1836 5832 in

1874 4760 1923 4819 D

1962 3452 2181 3507 homine
2208 3451 2418 3504 Christo
2451 3447 2757 3515 habitasse,
2789 3454 2843 3502 et
2881 3462 2976 3517 per
3017 3462 3076 3502 os
3120 3448 3354 3503 hominis
3397 3451 3537 3504 illius

1957 3524 2191 3576 locutum
2225 3522 2389 3575 fuisse
2414 3538 2425 3572 :
2455 3520 2618 3575 Sicuti
2646 3522 2796 3573 etiam
2820 3518 3021 3572 locutus
3044 3529 3117 3572 est
3141 3536 3230 3585 per
3258 3535 3310 3571 os
3333 3537 3537 3573 sanc'o-

1959 3609 2069 3646 rum
2099 3596 2187 3663 qui
2215 3609 2245 3643 a
2274 3592 2458 3663 alecula
2479 3598 2651 3663 (sunt,
2685 3590 3051 3663 prophetarum
3098 3593 3209 3663 ejus
3247 3588 3405 3657 (Luc.
3456 3597 3535 3655 t),

1958 3658 2157 3717 nullam
2177 3677 2306 3717 vero
2332 3660 2584 3714 habuisse
2603 3675 2721 3712 cum
2749 3674 2814 3712 eo
2838 3660 3088 3712 unionem
3113 3658 3533 3728 hypostaticaut.

1958 3736 2063 3787 Aut
2096 3745 2363 3799 tamquam
2392 3732 2443 3785 in
2472 3745 2677 3796 organo
2706 3728 2863 3781 verba
2887 3728 3141 3791 edidisse,
3174 3732 3312 3782 sicut
3346 3742 3535 3787 Ventus

1957 3814 2048 3857 aut
2080 3804 2301 3870 spiritus
2328 3816 2517 3855 scrtum
2546 3800 2650 3852 edit
2683 3799 2734 3851 in
2768 3812 2970 3870 organo
2990 3840 3003 3860 ,
3030 3809 3083 3851 ct
3107 3814 3207 3870 per
3238 3814 3536 3870 organum,

1955 3867 2160 3927 scilicet
2193 3874 2602 3925 inxtrurnentum
2643 3869 2940 3931 musicum;
2973 3877 3066 3919 aut
3105 3867 3156 3919 in
3204 3883 3405 3935 organo
3436 3867 3535 3935 gr»?

1956 3944 2207 4003 neratitn,
2246 3942 2294 3995 id
2321 3948 2432 4004 est,
2470 3947 2740 4006 tamquam
2779 3937 2830 4015 in
2862 3939 3243 4015 instrumgtto.
3276 3939 3403 3991 Nam
3443 3939 3537 4015 _6"p~

1989 4035 2105 4067 ανῡν
2127 4023 2208 4066 est
2231 4005 2648 4065 instrumentum
2673 4007 3065 4077 quodcumque.
3098 4005 3266 4061 Porro
3296 4025 3416 4064 esse
3443 4005 3533 4068 Ue.

1975 4084 2314 4136 tabitacutum
2366 4088 2420 4134 et
2469 4080 2559 4132 Dei
2612 4080 3059 4142 instrumentum,
3110 4092 3397 4133 commune
3453 4092 3533 4136 est

1953 4168 2077 4209 cum
2121 4154 2240 4207 aliis
2286 4151 2488 4205 sanctis
2534 4148 2862 4202 hominibus.
2912 4150 3061 4214 Quod
3105 4150 3247 4202 enim
3294 4150 3437 4204 Deus
3482 4155 3532 4207 in

1952 4224 2152 4279 sanctis
2182 4224 2325 4290 suis,
2352 4230 2409 4274 ut
2437 4219 2752 4290 indtemplis
2780 4218 3014 4282 habitet,
3044 4229 3274 4273 testatur
3305 4226 3534 4290 Aposto-

1955 4296 2037 4348 lus
2068 4288 2344 4347 ICorinth.
2369 4308 2457 4346 III:
2487 4288 2709 4342 Nescitis
2729 4290 2969 4357 quoniam
2995 4292 3236 4357 templum
3255 4288 3374 4343 estis
3401 4292 3534 4345 Dei?

1951 4372 2007 4420 et
2045 4366 2062 4419 l
2094 4364 2342 4418 Corinth.
2373 4378 2422 4414 vt
2453 4378 2466 4413 :
2516 4359 2742 4413 Nescitis
2789 4361 2912 4427 quia
2962 4362 3184 4411 membra
3214 4371 3376 4412 ucstra
3404 4371 3532 4413 tem-

1948 4434 2093 4506 plum
2121 4446 2237 4487 sunt
2264 4434 2491 4506 Spiritus
2522 4429 2703 4491 sancti,
2736 4446 2821 4498 qut
2855 4430 2906 4481 in
2937 4429 3072 4506 vobis
3102 4436 3195 4506 est.
3237 4427 3534 4501 Gloriﬁcate

1948 4498 1999 4559 et
2042 4513 2243 4572 portate
2272 4498 2434 4557 Deum
2458 4502 2509 4553 in
2537 4514 2747 4571 corpore
2782 4509 2962 4552 uestro.
3010 4498 3159 4565 Quoi
3208 4498 3390 4552 autem
3436 4517 3532 4565 per

1952 4575 2221 4637 homines,
2242 4583 2299 4627 ut
2322 4588 2414 4642 per
2444 4586 2641 4642 organa
2669 4583 2720 4623 ot
2751 4572 3103 4642 instrumenta
3134 4579 3531 4642 sua-anpcretur

1950 4646 2114 4708 Deus,
2149 4646 2286 4698 idem
2312 4637 2599 4711 Apostolus
2630 4640 2863 4694 inculcat
2892 4641 3045 4693 lium.
3078 4656 3179 4711 xv:
3214 4637 3334 4692 Non
3362 4641 3530 4694 audeo

1947 4716 2149 4797 aliquid
2173 4716 2309 4797 loqui
2330 4710 2502 4796 earum
2528 4728 2642 4793 qua:
2664 4728 2751 4779 per
2781 4727 2857 4797 me
2881 4710 3306 4797 refecit-Christus
3333 4752 3346 4771 ,
3380 4728 3449 4797 re:
3466 4712 3528 4764 bo

1951 4797 1998 4839 et
2026 4781 2195 4853 lactis,
2227 4781 2279 4839 in
2303 4787 2484 4838 virtute
2512 4786 2771 4853 signorum
2794 4790 2840 4834 et
2867 4782 3236 4853 prodigiorum,
3267 4781 3317 4832 in
3344 4782 3529 4838 t'irtuta

1954 4852 2181 4921 Spiritus
2208 4857 2392 4909 sancti.
2421 4857 2487 4909 Et
2512 4852 2785 4907 lCorinth.
2810 4868 2886 4907 xtl
2917 4870 2929 4904 :
2963 4852 3244 4903 Divisioues
3274 4853 3526 4917 operatio-

1951 4943 2072 4980 num
2098 4936 2236 4989 sunt,
2261 4928 2396 4979 idem
2418 4940 2532 4978 vero
2561 4924 2692 4975 Deus
2716 4922 2801 4993 qui
2825 4935 3068 4993 operatur
3090 4922 3331 4993 omniain
3365 4923 3526 4973 omni-

1950 4999 2059 5050 bus.
2106 4997 2233 5051 Haac
2274 4998 2454 5065 igitur,
2503 5003 2557 5048 et
2582 4994 2683 5065 alia
2718 4990 2799 5045 his
2828 4992 3045 5065 similia,
3079 5008 3196 5065 qua:
3244 4990 3527 5065 Nestrtrius

1950 5068 2218 5123 tribuebat
2245 5060 2494 5128 Christo,
2522 5074 2577 5117 et
2608 5064 2657 5116 in
2689 5064 2899 5117 caeteris
2932 5064 3129 5116 sanctis
3160 5060 3521 5114 inVcttiunlttr.

1947 5140 2019 5193 At
2046 5148 2256 5192 certum
2287 5145 2367 5190 est
2399 5136 2557 5203 longe
2586 5135 2743 5187 aliter
2772 5133 3003 5187 Verbum
3055 5135 3386 5185 incarnatum
3426 5130 3525 5203 ha.

1949 5211 2147 5263 bitasse
2175 5211 2226 5261 in
2260 5198 2577 5280 hominefid
2607 5214 2708 5267 est,
2739 5205 2790 5257 in
2825 5204 3259 5280 ltutnauitale,_et
3297 5215 3393 5268 per
3423 5198 3525 5280 hu-

1947 5274 2265 5333 manitatem'
2287 5278 2441 5332 nobis
2466 5276 2707 5352 locutum
2728 5289 2871 5336 esse,
2896 5288 3057 5352 quam
3077 5272 3128 5352 in
3157 5271 3276 5351 aliis
3298 5272 3520 5352 sanctis,

1945 5366 2065 5404 cum
2091 5350 2233 5405 dicat
2262 5348 2545 5418 Apostolus
2570 5365 2583 5401 :
2609 5360 2851 5418 magnum
2872 5360 2978 5396 esse
3004 5343 3205 5418 pietatis
3229 5343 3524 5418 mysteg'um

1945 5430 1990 5474 et
2014 5409 2401 5480 sacramentum.
2430 5419 2566 5488 quod
2599 5409 2732 5468 0er
2762 5409 3054 5493 apparuerit
3084 5413 3135 5464 in
3161 5409 3520 5493 carne_(lTim.

1944 5492 2049 5561 ιιι).
2084 5492 2220 5558 Quid
2246 5492 2388 5543 enim
2420 5482 2669 5561 ritaguum
2698 5495 2750 5539 et
2778 5484 3049 5553 singulare
3075 5482 3217 5552 quod
3256 5483 3376 5535 aliis
3408 5498 3520 5537 om—

1946 5560 2102 5615 nibus
2126 5573 2202 5615 est
2230 5560 2552 5614 commune?

2017 5630 2044 5669 ἀ
2079 5631 2132 5686 ld
2182 5641 2303 5693 est,
2358 5625 2801 5683 manifestabcris.
2853 5623 3073 5693 Vulgata
3122 5621 3287 5679 editio
3316 5621 3518 5688 habet;

1946 5703 2013 5756 In
2056 5704 2225 5757 medio
2251 5716 2502 5754 annorum
2552 5708 2727 5773 notum
2756 5694 2930 5773 facies“.
2966 5696 3029 5748 1).
3070 5694 3427 5773 llieronymns
3457 5706 3519 5747 es

1946 5774 2292 5843 Septuaginta
2330 5771 2489 5824 vertit
2516 5787 2529 5823 :
2557 5767 2680 5822 Cum
2706 5765 3225 5836 appropinquarcrint
3265 5765 3410 5829 anni,
3438 5775 3519 5813 co-
