4040 6182
355 268 446 326 ιιι
1345 256 1434 312 DE
1472 252 1986 310 INCARNATIONE
2023 253 2297 310 CHRISTI
2334 255 2465 309 LIB.
2509 253 2592 309 \‘l.

3524 261 3628 317 “‘2

343 378 659 436 Antiocheni
692 375 931 447 sytnboli
960 376 1325 440 virtutemque
1349 372 1652 427 veniamus.
1684 382 1709 407 α
1739 371 1797 426 In
1827 387 1930 442 qua
1967 382 2014 438 Α
2043 382 2123 425 cst
2153 390 2165 423 :
2198 371 2375 426 Credo
2398 372 2452 427 in
2483 387 2647 426 unum
2675 381 2728 426 et
2753 372 2927 427 solum
2956 388 3142 428 verum
3175 374 3367 444 Deum,
3411 376 3626 438 Patrem

338 489 461 528 cum
485 473 600 540 ipse
629 468 939 538 baptizatus
966 466 1038 519 sit
1072 479 1135 520 ac
1155 474 1395 531 renatus,
1429 463 1544 517 suis
1571 477 1697 518 eum
1723 463 1933 532 proles-

334 569 581 624 sionibus
629 566 809 635 argui,
859 562 973 617 suis
1002 560 1104 632 (ut
1150 561 1222 614 ita
1265 557 1477 627 dicam)
1525 558 1694 612 armis
1718 557 1929 612 conteri

333 668 549 726 Oportet
577 674 592 710 :
625 656 720 710 hic
743 655 888 709 enim
915 652 1051 708 ordo
1075 662 1182 716 est,
1219 661 1277 705 ut
1303 658 1588 720 superatus
1631 649 1744 719 jam
1779 648 1932 703 testi-

336 751 537 804 moniis
570 747 769 815 sacris,
804 746 966 800 etiam
1014 745 1196 808 seipso
1219 743 1304 812 (ut
1333 744 1406 798 ita
1431 742 1631 813 dicam)
1665 750 1801 798 teste
1837 757 1932 796 su-

337 853 579 911 peretur.
617 840 805 909 Neque
827 838 974 894 enim
1003 835 1124 891 aliis
1151 836 1263 905 jam
1295 836 1459 891 rebus
1488 847 1676 890 contra
1703 850 1827 888 eum
1851 835 1935 903 agi

337 947 566 987 necesse
607 931 741 995 erit,
785 943 906 982 cum
938 926 1112 997 palam
1145 943 1204 980 se
1232 936 1286 979 et
1310 925 1590 980 evidenter
1615 928 1730 993 ipse
1751 927 1938 978 convi-

334 1025 496 1080 cerit.
519 1021 546 1060 δ
570 1022 782 1076 Textus
807 1033 937 1089 ergo
962 1033 1025 1073 ac
1049 1016 1179 1072 tides
1209 1015 1533 1070 Antiocheui
1565 1016 1794 1086 symboli
1821 1016 1938 1071 haec

2040 464 2495 533 omnipotentem,
2527 474 2829 520 creatorem
2858 466 3098 519 omnium
3129 467 3420 524 visibilium
3452 481 3502 525 et
3543 471 3630 526 in-

2040 555 2332 610 visibilium
2360 565 2768 621 creaturarum;
2796 565 2850 611 et
2877 556 2929 610 in
2958 557 3245 612 Dominum
3275 569 3516 616 nostrum
3540 565 3630 618 Je-

2041 665 2164 705 sum
2188 648 2501 716 Christum,
2529 648 2725 704 Filium
2755 649 2873 718 ejus
2905 650 3241 719 unigenitum
3270 661 3324 706 et
3351 655 3626 725 primoge~

2045 745 2214 800 nilum
2266 745 2431 799 totius
2468 752 2748 807 creaturae,
2799 757 2865 797 ex
2921 756 2989 797 eo
3034 754 3218 798 natum
3276 754 3404 801 ante
3445 749 3625 807 omnia

2043 835 2236 890 secula
2284 845 2342 890 et
2386 851 2492 889 non
2539 835 2761 899 factum,
2813 832 2981 887 Deum
3023 848 3208 890 verum
3233 850 3298 890 ex
3329 836 3441 892 Deo
3468 855 3630 904 vero,

2047 939 2068 964 ε
2106 926 2462 982 homoousion
2493 927 2638 980 Patri
2671 943 2685 978 :
2716 941 2812 995 per
2840 939 3000 994 quem
3031 932 3087 980 et
3114 927 3308 980 stecula
3350 933 3628 1002 compagi-

2045 1027 2168 1074 nata
2198 1029 2344 1086 sunt,
2376 1027 2431 1074 et
2461 1017 2644 1072 omnia
2671 1017 2810 1071 facta
2830 1032 2845 1082 ;
2869 1015 2961 1086 qui
2985 1024 3210 1087 propter
3237 1033 3335 1074 nos
3361 1022 3542 1088 venit;
3574 1032 3626 1078 et

1421 1130 1677 1186 ALAltDl
1717 1131 1948 1186 GAZ/EI
1987 1130 2552 1188 COMMENTARIUS.

341 1231 726 1285 conﬁrmatum
759 1237 843 1280 cst
871 1238 923 1280 ct
951 1224 1300 1293 approbatum
1329 1222 1546 1292 (Barou.
1575 1233 1698 1276 tom.
1735 1223 1822 1282 lli.
1841 1241 1928 1276 an.

341 1302 498 1365 39.5).
542 1300 667 1354 Haec
701 1298 846 1351 enim
890 1307 967 1349 est
1000 1309 1152 1348 saera
1203 1294 1324 1346 ﬁdei
1358 1293 1588 1365 l'ormuta
1639 1294 1714 1365 in“
1743 1310 1935 1359 magno

343 1363 578 1425 concilio
598 1367 820 1422 Nicmno
845 1375 1124 1430 concepta,
1143 1377 1300 1430 quam
1324 1364 1630 1431 symbolum
1657 1363 1932 1416 Nicmnnm

345 1442 628 1509 appellare
654 1439 837 1492 ﬁdeles
866 1445 1293 1509 consucveiunt;
1337 1449 1457 1509 qui}:
1493 1448 1614 1509 cum
1662 1433 1799 1509 apud
1827 1434 1934 1509 .di-

344 1503 543 1564 veisos
587 1509 910 1574 scriptores,
960 1505 1137 1557 verbis
1169 1503 1436 1574 nonnihil
1477 1503 1706 1574 diversis
1735 1504 1934 1574 scripta

344 1583 683 1649 reperiatur,
709 1569 746 1631 ’τι
771 1579 830 1649 l_).
848 1577 1148 1649 Athanasio
1166 1573 1217 1627 in
1249 1571 1473 1649 epistola
1491 1574 1568 1649 ad
1642 1569 1930 1649 Iovianum

348 1643 993 1715 iuiperatoreinﬂiuucin
1028 1645 1244 1697 modum
1276 1643 1596 1715 exprimitur
1631 1661 1642 1694 :
1669 1643 1938 1715 Credimus

344 1723 401 1773 in
434 1712 631 1772 ‘Deum
679 1717 909 1779 Patrem,
939 1716 1165 1768 omnium
1216 1712 1492 1766 visibilium
1531 1723 1577 1766 et
1606 1713 1937 1766 invisibiliutn

348 1801 677 1851 creatorem;
735 1797 780 1840 et
833 1787 886 1839 in
932 1785 1213 1838 Dominum
1247 1783 1424 1836 Iesum
1453 1783 1711 1835 Christum
1742 1780 1939 1836 Filium

2043 1226 2223 1279 lemne
2253 1225 2435 1278 itidem
2467 1224 2592 1278 olim
2627 1222 2794 1277 fuisse
2823 1231 2880 1276 ut
2910 1223 3158 1277 catholici
3194 1239 3314 1276 cum
3363 1225 3630 1283 haereticis

2043 1305 2282 1363 agentes.
2299 1302 2588 1348 autcontra
2604 1308 2696 1347 eos
2710 1293 2906 1362 aliquid
2941 1294 3283 1356 deﬁnientes,
3305 1294 3460 1350 ﬁdem
3477 1312 3629 1352 suam

2045 1365 2096 1418 in
2129 1380 2230 1432 qua
2258 1366 2515 1432 baptizati
2549 1365 2792 1422 fuissent.
2812 1365 2918 1418 illis
2947 1364 3369 1418 obtendercntet
3395 1367 3631 1432 objecta.

2045 1445 2185 1498 rent,
2214 1443 2271 1488 ut
2301 1435 2402 1489 hoc
2429 1435 2590 1488 veluti
2621 1435 2813 1503 clypeo
2837 1434 3045 1498 muniti,
3093 1433 3429 1489 fortius-illos
3458 1440 3630 1504 impu-

2043 1513 2376 1572 gnarentaut
2397 1505 2747 1572 repellerent.
2769 1504 2859 1558 Sic
2879 1505 2928 1556 in
2948 1505 3180 1557 concilio
3203 1506 3629 1562 Chalcedonensi

2045 1577 2182 1640 (Act.
2208 1575 2291 1643 2),
2327 1584 2448 1644 post
2473 1576 2864 1643 expositionem
2892 1574 3123 1644 sytnboli
3153 1574 3373 1636 Nicmni.
3405 1593 3434 1630 a
3464 1575 3631 1633 Patri.

2047 1646 2146 1698 hus
2197 1643 2553 1699 acclamatum
2610 1646 2847 1714 legitur:
2880 1643 3012 1698 Haec
3062 1643 3436 1701 catholicorum
3465 1648 3628 1714 ﬁdes;

2045 1715 2164 1767 huic
2193 1731 2368 1769 omnes
2399 1716 2690 1789 credimus;
2719 1715 2772 1789 in
2803 1713 2900 1766 hac
2927 1714 3173 1789 baptizati
3199 1733 3378 1789 sumus
3399 1727 3446 1771 et
3466 1713 3630 1789 bapti-

2045 1800 2256 1858 samus;
2281 1789 2388 1858 licet:
2404 1793 2522 1858 itera
2545 1787 2693 1858 ﬁdes,
2710 1783 2819 1839 haec
2844 1800 2973 1858 sana
3001 1785 3159 1858 ﬁdes,
3187 1786 3295 1858 haec
3321 1783 3628 1858 sempiterna

347 1843 471 1918 Dei.
504 1843 682 1912 natum
712 1875 774 1910 ea:
803 1856 959 1909 Patre
985 1866 1035 1908 et
1066 1853 1405 1926 unigenitum,
1440 1852 1546 1926 hoc
1570 1863 1662 1926 est,
1707 1869 1769 1906 ea:
1784 1852 1936 1926 _sub-
1970 1843 2015 1900 Β
2045 1854 2207 1921 ﬁdes;
2237 1843 2289 1907 in
2320 1855 2416 1926 hac
2445 1843 2904 1926 baptizati'sumus,
2938 1843 3112 1926 in'hac
3141 1843 3482 1926 baptizamu's.
3516 1859 3629 1913 Huc

345 1931 549 1984 stantia
590 1928 787 1991 Patris,
810 1926 976 1980 Deum
1003 1941 1068 1978 ex
1093 1921 1217 1992 Deo,
1244 1924 1413 1976 lumen
1442 1921 1506 1974 de
1529 1923 1737 1986 lumine,
1769 1921 1937 1976 Deum

344 2017 528 2054 verum
551 2015 616 2054 ea:
645 1999 752 2051 Deo
774 2012 911 2060 vero,
940 1995 1186 2064 genitum,
1236 2009 1336 2064 non
1371 1994 1585 2061 factum,
1639 2001 1687 2046 et
1719 1994 1936 2046 consub-

345 2069 647 2124 stantialem
681 2067 848 2132 Patri,
881 2063 970 2134 per
996 2081 1143 2134 quem
1174 2063 1346 2115 omnia
1379 2066 1515 2134 facta
1541 2073 1683 2127 sunt,
1736 2071 1842 2115 tam
1885 2063 1939 2114 in

346 2141 493 2195 caelis
520 2156 675 2207 quam
705 2139 759 2190 in
783 2132 940 2191 terra.
961 2132 1063 2200 Qui
1082 2144 1293 2207 propter
1314 2149 1404 2185 nos
1424 2132 1653 2186 homines
1669 2144 1714 2186 et
1737 2143 1942 2207 propter

347 2202 586 2263 nostrain
615 2211 832 2263 salutem
873 2205 1152 2265 descendit,
1184 2213 1230 2255 et
1259 2203 1558 2256 incarnatus
1590 2212 1683 2264 est,
1714 2211 1760 2256 et
1786 2202 1939 2254 homo

347 2284 523 2350 factus
551 2290 645 2337 est.
677 2293 856 2348 passus
881 2288 977 2338 est,
1001 2285 1048 2328 et
1065 2273 1352 2350 resurrexit
1376 2275 1525 2350 tertia
1553 2273 1655 2350 die,
1677 2282 1724 2324 et
1746 2289 1935 2350 pacen-

348 2342 428 2402 itit
459 2353 512 2403 iu
546 2342 721 2408 caelos,
775 2355 1013 2400 venturus
1057 2345 1176 2396 inde
1205 2343 1274 2394 ad
1312 2342 1661 2414 judicandum
1711 2343 1846 2396 vivos
1889 2353 1941 2414 et

350 2429 606 2474 mortuos.
641 2419 706 2472 Et
733 2420 784 2470 in
820 2416 1075 2485 Spiritum
1118 2412 1376 2466 sanctum.
1410 2412 1514 2466 Eas
1543 2422 1714 2485 autem
1744 2413 1832 2477 qui
1861 2413 1942 2464 di-

347 2502 476 2543 cunt
506 2507 526 2543 :
562 2489 684 2542 Erat
706 2484 912 2557 quando
942 2501 1059 2557 non
1081 2493 1210 2546 erat,
1241 2493 1294 2557 et
1317 2491 1591 2557 antequam
1643 2484 1787 2557 ﬁeret
1838 2499 1940 2557 non

347 2573 497 2622 erat;
545 2570 637 2612 aut
682 2553 746 2613 ea;
791 2573 894 2610 non
938 2555 1133 2609 entibus
1161 2554 1378 2615 exstitit,
1410 2569 1474 2606 ea:
1501 2553 1607 2606 alia
1632 2553 1939 2616 substantia,

351 2631 778 2688 snbsistentiaque
813 2637 902 2679 aut
930 2635 1175 2688 creatum,
1208 2633 1299 2676 aut
1325 2622 1723 2688 convertibilem,
1748 2633 1837 2675 aut
1863 2624 1943 2674 al-

351 2702 622 2753 tmrbilem
673 2691 899 2752 dicentes
945 2693 1140 2748 Filium
1181 2693 1276 2746 Dei
1306 2709 1326 2746 :
1353 2691 1446 2745 hos
1476 2692 1800 2746 anathemate
1826 2694 1941 2761 [erit

349 2772 611 2825 catholica
639 2781 685 2824 et
710 2767 996 2836 apostolica
1017 2765 1168 2836 ﬁdes.
1191 2765 1473 2832 Hucusque
1489 2762 1766 2836 Sicilinum
1795 2779 1940 2836 sytn-
1981 2784 1987 2791 ·

351 2844 562 2901 lmlum,
597 2833 1057 2906 quod'secundum
1083 2834 1329 2906 diversas
1355 2833 1730 2906 translationes
1754 2833 1806 2887 iu
1834 2835 1936 2906 La-

351 2914 530 2965 tinum
596 2903 786 2970 tactas,
828 2906 1094 2962 interdum
1147 2903 1414 2971 aliquibus
1471 2903 1706 2957 diversis
1763 2905 1941 2956 verbis

350 2985 618 3049 scriptum
645 2981 889 3043 habetur,
908 2979 1046 3049 utin
1078 2974 1309 3049 copcilio
1333 2972 1937 3049 Chalcedonensitdet.

350 3054 414 3116 εὶ)
436 3094 450 3112 ,
473 3041 540 3105 ἐι
568 3049 708 3119 apud
740 3050 800 3101 ι).
827 3041 1079 3119 Basiliam
1107 3043 1300 3119 (Epist.
1333 3041 1424 3119 _78)
1449 3042 1678 3111 a'liisque
1706 3044 1760 3119 in
1784 3044 1935 3098 locis.

352 3112 436 3175 Εἰ
465 3137 570 3188 quo
593 3112 806 3188 quidem
838 3112 1521 3188 symbolocitavit_Att_ctor
1547 3128 1666 3188 qua;
1693 3113 1760 3167 ad
1778 3128 1937 3188 suum

2043 1934 2251 1991 Spectat
2279 1925 2420 1993 quod
2444 1927 2760 1980 accedentes
2783 1924 2848 1976 ad
2880 1924 3225 1992 baptismum,
3250 1927 3292 1978 si
3326 1927 3493 1981 adulti
3514 1929 3628 1983 loc-

2045 1995 2174 2059 rint,
2208 1995 2508 2065 symbolum
2541 1993 2897 2065 apostolicum
2919 1995 3090 2065 palam
3122 2010 3216 2050 ore
3247 1997 3463 2064 proprio
3491 1999 3628 2052 reci.

2047 2073 2159 2118 tare
2186 2063 2566 2119 consueverint
2600 2081 2614 2118 :
2647 2065 2690 2118 si
2733 2079 2858 2116 vero
2887 2063 3145 2126 infantes,
3198 2063 3504 2122 sciscitetur
3532 2083 3625 2122 $.1-

2043 2134 2295 2208 cerdos‘a
2324 2135 2551 2208 parvulo
2585 2152 2596 2186 :
2631 2133 2808 2188 Credis
2839 2135 2890 2186 in
2923 2133 3086 2186 Deum
3137 2133 3353 2208 Patrem
3394 2141 3625 2208 omnipo-

2047 2204 2271 2276 tentem?
2324 2203 2523 2276 Patrini
2574 2219 2720 2276 vero;
2754 2217 2849 2276 seu
2882 2213 3225 2276 susceptores
3265 2207 3382 2276 ejus
3412 2203 3626 2263 nomine

2045 2275 2406 2339 respondeant
2435 2291 2446 2325 :
2469 2273 2654 2328 Credo.
2684 2274 2851 2339 Cujus
2874 2274 3266 2337 antiquissima:
3289 2273 3626 2334 observatio-

2046 2345 2128 2418 nis
2149 2354 2349 2418 testes
2369 2343 2870 2418 ipsiantiqnissimi,
2899 2343 2964 2418 S._
2991 2343 3279 2418 Dionysius
3306 2347 3624 2418 Areopagita

2045 2414 2112 2467 de
2147 2414 2401 2487 Ecclesia:
2433 2415 2711 2487 llierarch.
2751 2428 2870 2482 esp.
2913 2415 3035 2487 ult.,
3071 2414 3158 2487 ubi
3185 2415 3322 2487 illos
3356 2414 3626 2487 redarguit

2044 2487 2133 2550 qui
2160 2485 2299 2537 hunc
2315 2488 2471 2538 ritum
2493 2485 2810 2546 irridehaut,
2833 2484 2974 2552 quod
3002 2485 3089 2552 qui
3117 2485 3343 2542 infantes
3368 2484 3624 2549 oderunt.

2046 2569 2145 2626 pro
2175 2555 2255 2609 eis
2285 2557 2662 2626 abrenuntiant
2691 2569 2742 2608 et
2772 2555 2892 2608 ﬁdei
2916 2566 3252 2609 sacramenta
3282 2559 3621 2626 proﬁtentur.

2045 2625 2103 2678 ὃ.
2138 2625 2580 2694 Atubrosiusilih.
2612 2641 2648 2679 ll
2678 2626 2744 2679 de
2787 2626 3151 2694 Sacramentis
3197 2625 3316 2694 cap.
3348 2629 3379 2682 7
3410 2646 3423 2681 :
3453 2629 3620 2686 Inter-

2044 2705 2254 2765 rogatus
2310 2711 2364 2765 es
2397 2711 2415 2748 :
2442 2693 2621 2749 Credis
2674 2697 2726 2749 in
2775 2692 2942 2748 Deum
2968 2693 3176 2765 Patrem
3193 2692 3624 2765 oninipotentem?

2045 2761 2239 2837 Dia-isti
2269 2783 2287 2818 :
2317 2764 2504 2829 Credo,
2535 2775 2581 2819 et
2599 2765 2840 2829 mersisti,
2881 2773 2987 2837 etc.
3117 2761 3493 2837 Hieronymus.
3527 2783 3620 2825 seu

2045 2836 2160 2906 quis
2193 2845 2380 2889 auctor
2406 2837 2459 2906 in
2488 2851 2607 2906 cap.
2641 2850 2675 2889 tt
2708 2835 2986 2906 Proverh.,
3018 2834 3472 2906 aitbaptiza'ndus
3501 2856 3623 2906 pro-

2047 2905 2184 2975 litert
2218 2919 2275 2959 se
2327 2905 2982 2975 symbolum,credituros.
3013 2905 3079 2958 Et
3110 2905 3160 2958 in
3191 2906 3404 2975 dialogo
3433 2905 3624 2965 adver-

2043 2989 2134 3027 sus
2163 2973 2531 3029 Luciferiauos
2565 2992 2579 3027 :
2626 2974 2899 3038 Prwterea,
2934 2975 3126 3044 inquit,
3160 2992 3274 3029 cum
3303 2973 3530 3033 solemne
3556 2986 3622 3034 sit

2044 3044 2096 3121 in
2147 3043 2351 3121 [aituero
2379 3055 2491 3116 post
2512 3044 2805 3121 _Trinitatis
2833 3043 3222 3121 confessionem,
3256 3049 3575 3121 interrogare
3603 3068 3620 3105 :

2045 3113 2221 3168 Credis
2242 3113 2472 3169 sanctam
2506 3114 2792 3169 Ecclesium
2818 3113 3120 3168 catholicam
3139 3119 3344 3172 ?credis
3367 3113 3622 3175 remissio-

355 3183 666 3264 ἱρδιῖιιιιιιίῐι
686 3183 972 3264 faciebant,
987 3183 1458 3264 omissis-reliquis.
1477 3183 1750 3264 deqpihus
1778 3184 1936 3249 iulra,
1970 3205 2013 3264 ρ
2047 3185 2620 3264 ιιεηιιρεεεαιονωηῗβ.
2653 3187 2985 3264 Augustinus
3006 3186 3076 3256 de
3099 3188 3227 3240 Fide
3251 3203 3302 3243 et
3335 3190 3620 3255 Opi-ribus,

355 3261 426 3315 Et
458 3263 681 3326 reliqua,
707 3260 899 3329 inquit,
924 3256 1173 3310 nimirum
1209 3253 1295 3306 illa
1327 3254 1532 3322 reliqua
1558 3255 1628 3308 ab
1653 3257 1773 3324 ipso
1804 3270 1944 3324 proco

355 3335 631 3386 turmissa.

429 3413 455 3439 ι
500 3400 568 3454 1η
588 3417 708 3468 qua,
741 3398 949 3453 scilicet
988 3398 1111 3458 ﬁde.
1141 3413 1244 3468 non
1275 3396 1325 3449 in
1353 3409 1482 3464 quo,
1514 3403 1573 3468 ut
1593 3403 1748 3449 antea
1779 3411 1945 3468 excu-

356 3488 505 3527 sum.
522 3465 660 3525 Nota
681 3470 966 3538 diligenter
985 3470 1112 3521 olim
1139 3467 1563 3538 o_l_)set-vatum‘in
1589 3481 1691 3534 qua
1717 3465 1944 3538 quisque

357 3544 593 3597 ecclesia
616 3536 914 3609 baptizatus
937 3538 1143 3591 luisset.
1162 3536 1634 3609 UodeNestorium
1655 3536 1944 3609 vehemen-

360 3626 444 3668 ter
497 3613 581 3666 hic
621 3606 774 3680 urget
800 3608 1087 3663 Cassianus
1108 3607 1247 3676 quod
1274 3608 1431 3680 tidem
1458 3606 1809 3680 Antiochense
1837 3607 1942 3660 Ec-

360 3684 566 3745 clesiae,
602 3682 655 3736 in
679 3675 780 3748 qua
813 3675 1208 3748 baptizatus’et
1231 3678 1492 3731 educatus
1524 3675 1716 3740 fuerat,
1765 3677 1941 3744 impu-

356 3761 576 3820 ωιτη-ει,
633 3762 794 3820 atque
846 3748 1390 3820 iustarﬂviperarum,
1448 3757 1686 3820 materna
1737 3748 1940 3820 viscera

359 3816 1000 3889 dilaceraretISiquidem
1021 3819 1322 3889 Nestorium
1354 3819 1520 3884 patria
1546 3816 1940 3889 Antiochenum

360 3907 412 3947 et
439 3910 506 3947 ex
537 3886 814 3946 monacho
829 3888 1166 3944 Antiocheno
1183 3887 1577 3956 presbyterum,
1594 3886 1788 3940 deinde
1814 3901 1944 3941 vero

360 3973 610 4018 creatum
675 3962 840 4015 fuisse
905 3961 1220 4028 episcopum
1284 3956 1940 4028 Constat:tinopolitanum

366 4035 531 4088 tradit
556 4033 812 4102 Socrates
835 4025 1242 4102 (Libat‘utcap.
1273 4027 1475 4102 Ἡλεί
1506 4025 1826 4102 latiusinﬁ-a
1852 4041 1944 4102 os-

365 4101 766 4158 tendetur.Ncc
796 4097 923 4154 vero
952 4098 1054 4152 alia
1081 4098 1290 4152 ratione
1325 4098 1514 4165 opinor
1543 4097 1626 4150 hic
1652 4097 1946 4152 Antioche-

364 4190 495 4228 num
545 4169 909 4243 sytnboluma
937 4170 1197 4243 Cassiano
1245 4168 1552 4243 nominari,_
1579 4167 1944 4243 quodpotius

366 4237 646 4299 Niemnu'm
671 4241 956 4296 dici-udum
986 4239 1178 4305 luerat,
1213 4237 1314 4292 nisi
1348 4244 1407 4291 ut
1433 4237 1750 4291 Antiocheui
1799 4252 1946 4306 sym-

368 4317 476 4368 boli
519 4310 1058 4373 commemoratione,
1080 4308 1384 4362 Nestorium
1419 4308 1612 4376 ipsum,
1659 4317 1845 4376 utpote
1871 4309 1946 4360 ci-

368 4401 490 4439 vem
521 4383 939 4445 Antiocheumn,
971 4391 1027 4432 ut.
1055 4380 1241 4447 patria:
1271 4378 1545 4447 religionis
1580 4387 1631 4431 et
1662 4377 1781 4431 lidci
1814 4393 1943 4440 pro-

369 4457 600 4509 ditorem
625 4470 689 4507 ac
711 4455 1041 4506 deserturetu
1067 4450 1244 4503 acrius
1267 4458 1526 4518 punge-ret
1549 4449 1942 4516 ctsuggillaret.

373 4527 507 4579 Hinc
533 4525 696 4578 etiam
725 4522 865 4590 apud
897 4519 1210 4575 Gratianum
1241 4519 1531 4584 antiquitus
1560 4525 1818 4572 statutum
1865 4519 1944 4572 le-

2048 3270 2095 3308 ιτ.
2118 3255 2190 3329 Ἠ
2230 3272 2243 3329 ;
2271 3255 2378 3329 Cur
2398 3273 2516 3326 ergo
2547 3257 2867 3329 baptizandis
2884 3257 2985 3329 ‘vel
3024 3255 3305 3326 symbolum
3349 3262 3621 3329 tradimus,

2048 3326 2125 3378 rel
2149 3325 2465 3380 reddendum
2494 3327 2848 3394 reposcimus?
2882 3326 2941 3379 Et
2969 3325 3024 3379 in
3049 3325 3208 3394 epist.
3226 3331 3290 3384 15
3311 3332 3375 3382 ad
3411 3325 3624 3385 Bonifal-

2047 3400 2208 3470 cium.
2234 3397 2374 3451 circa
2406 3397 2564 3470 ﬁnem
2583 3395 2790 3470 :ltaque
2813 3399 3098 3470 parvulum,
3122 3401 3216 3452 etsi
3241 3401 3472 3454 nondum
3492 3404 3624 3470 ﬁdes

2046 3465 2139 3519 illa
2167 3483 2280 3532 qute
2305 3470 2358 3520 in
2401 3465 2715 3521 credentium
2744 3468 3004 3520 voluntate
3030 3470 3284 3532 consistit,
3305 3471 3415 3534 jam
3453 3465 3628 3525 tamen

2046 3537 2207 3606 ipsius
2235 3537 2356 3605 ﬁdei
2386 3549 2760 3592 sacramentum
2789 3538 2990 3606 ﬁdelem
3011 3538 3168 3604 fecit;
3199 3557 3315 3593 nam
3356 3543 3488 3594 sicut
3515 3559 3628 3596 cre-

2048 3611 2166 3661 dere
2185 3610 2544 3678 respondetur,
2572 3609 2642 3661 ita
2662 3609 2820 3678 etiam
2845 3609 3014 3674 ﬁdelis
3036 3620 3262 3674 vocatur,
3289 3627 3388 3664 non
3412 3628 3517 3665 rem
3544 3615 3628 3678 ip-

2045 3693 2156 3729 sam
2184 3677 2349 3731 mente
2369 3679 2666 3745 annuendo,
2690 3677 2780 3730 sed
2795 3679 2956 3746 ipsius
2979 3678 3054 3728 rei
3075 3689 3453 3733 sacramentum
3483 3677 3622 3734 exci-

2047 3749 2251 3816 piendo.
2269 3747 2385 3800 Hoc
2404 3749 2492 3812 qui
2513 3763 2618 3800 non
2645 3748 2802 3799 credit
2818 3757 2862 3798 et
2890 3747 3002 3814 ﬁeri
3023 3761 3121 3798 non
3145 3764 3293 3817 posse
3314 3750 3620 3817 arbitratur,

2046 3817 2272 3885 profecto
2299 3818 2522 3880 inﬁdelis
2543 3824 2636 3869 est.

2118 3884 2145 3922 δ
2188 3886 2484 3940 Verisimile
2532 3898 2613 3939 est
2643 3885 2956 3940 Cassianum
3006 3885 3145 3941 hanc
3184 3887 3304 3944 ﬁdei
3338 3888 3618 3946 formulam

2047 3954 2234 4010 Graece
2258 3955 2580 4024 descriptam
2602 3964 2658 4009 et
2682 3956 2733 4010 in
2757 3956 2995 4011 Ecclesia
3024 3958 3359 4014 Antiochena
3392 3977 3619 4017 consere-

2046 4039 2246 4096 vatam,
2301 4040 2365 4079 ex
2419 4027 2648 4080 concilio
2679 4027 2770 4080 illo
2797 4035 3066 4096 postremo
3096 4029 3237 4096 apud
3281 4030 3620 4087 Antiochiam

2049 4094 2234 4166 habito
2259 4097 2549 4166 accepisse,
2573 4107 2626 4151 et
2651 4094 2808 4151 hisce
2823 4098 2998 4152 verbis
3024 4100 3074 4151 in
3097 4094 3346 4155 Latinum
3370 4105 3620 4158 vertisse.

2047 4165 2180 4240 Nam
2229 4165 2335 4221 alia
2383 4165 2532 4240 certe
2575 4167 2816 4240 symbols
2862 4168 3194 4224 Antiochena
3234 4188 3354 4239 qua:
3385 4185 3618 4240 exsmnt,

2047 4237 2147 4289 etsi
2182 4252 2240 4290 re
2285 4237 2632 4309 conveniant,
2661 4238 2837 4291 verbis
2863 4245 3041 4292 tamen
3072 4256 3177 4294 non
3204 4237 3388 4309 parum
3418 4237 3622 4300 discrcL

2051 4317 2199 4375 pant,
2232 4316 2372 4360 utex
2407 4307 2564 4361 dictis
2596 4316 2759 4374 patet.

2123 4387 2144 4415 ε
2188 4377 2264 4431 De
2293 4377 2628 4440 bomoousio,
2657 4377 2770 4431 sive
2793 4376 3098 4442 homousio,
3121 4378 3207 4434 vel
3233 4381 3500 4446 homusio,
3522 4388 3622 4440 tria

2049 4447 2274 4520 dicenda
2292 4459 2455 4520 sunt:
2489 4448 2738 4520 primum,
2763 4447 2888 4520 quid
2913 4447 3200 4518 signiticet,
3225 4459 3278 4505 et
3300 4452 3390 4520 qui
3412 4453 3480 4506 ab
3505 4455 3624 4509 aliis

2048 4517 2269 4592 vocibus
2290 4517 2657 4592 consimilibus
2699 4517 2952 4592 dinei-at;
2975 4517 3440 4592 secundum,:cur
3479 4525 3623 4592 posi-

372 4575 774 4661 ᾆῖιιιῖξιιιίειιιιί
807 4591 975 4644 adulti
1007 4575 1437 4661 baptizarenlo'r,
1462 4597 1740 4661 nomenet
1765 4599 1945 4661 votum
1977 4575 2024 4634 D
2054 4598 2165 4661 mm
2215 4586 2380 4661 fuerit
2425 4587 2527 4661 hoc
2577 4587 2891 4642 vocabulum
2927 4575 2992 4643 'in
3047 4575 3624 4661 sytitbtilo'Nicietioet

372 4659 529 4721 suum
567 4667 620 4719 in
653 4662 868 4728 scriptis
889 4662 1099 4724 darent,
1131 4659 1356 4728 quodin
1387 4659 1524 4712 libro
1568 4659 1823 4728 peculiari
1868 4659 1952 4711 iii-

374 4738 708 4791 scriberetur
763 4725 844 4801 (tt,
900 4748 953 4800 q.
1017 4729 1067 4791 l,
1116 4745 1231 4801 cap.
1263 4725 1593 4801 Legumset
1613 4729 1679 4801 de
1705 4725 1948 4801 Consecr.

376 4810 486 4860 dist.
518 4807 573 4868 ὁ,
633 4821 754 4868 cap.
774 4798 782 4801 ⁷
803 4798 1152 4866 Βιιιίιὶιςεηάὶ).
1183 4799 1249 4853 Ει
1298 4799 1349 4852 in
1379 4799 1610 4852 concilio
1640 4798 1951 4852 'l'ridentino

379 4887 662 4932 mouentur
703 4872 921 4940 parochi
953 4883 1008 4940 ut
1054 4871 1444 4940 baptizatorpm
1485 4869 1699 4940 nomina
1731 4870 1781 4940 in
1816 4868 1952 4940 libro

377 4947 679 5006 describant
740 4944 878 4997 Sese.
903 4939 974 4994 24
1001 4937 1210 5013 capri:
1248 4941 1311 5013 de
1342 4937 1569 5013 Reform.
1603 4937 1950 5013 illumined).

378 5019 452 5070 Αιι
481 5019 637 5084 cujus
666 5007 746 5068 rei
775 5013 1130 5084 imitationem
1162 5009 1234 5084 D._‘
1259 5010 1578 5084 Benedictus
1607 5022 1726 5084 cap.
1753 5008 1821 5061 58
1846 5007 1952 5084 ne-

378 5090 508 5154 gula:
534 5078 726 5140 statuit
754 5093 808 5135 ut
826 5079 1371 5154 suscipiendusfraler
1396 5078 1622 5154 (scilicet
1641 5078 1706 5132 ad
1740 5078 1951 5154 profes-

379 5148 580 5211 sionem
604 5171 726 5225 qua:
748 5152 1019 5225 secundus
1061 5151 1360 5225 baptismo:
1381 5165 1410 5202 a
1442 5149 1691 5225 Patribus
1711 5148 1953 5225 appella-

383 5233 482 5296 tur)
509 5230 562 5280 in
594 5219 829 5296 oratorio
851 5237 1028 5276 coram
1050 5220 1283 5273 omnibus
1311 5222 1658 5296 promittatae
1677 5219 1952 5296 stabilitate

382 5289 487 5362 sua,
507 5310 550 5351 et
565 5294 896 5351 conversione
917 5307 1114 5343 morum
1139 5289 1370 5362 suorum,
1399 5300 1444 5342 et
1465 5289 1764 5362 obedientia
1778 5305 1953 5342 coram

388 5359 487 5422 Deo
513 5379 560 5422 et
585 5366 810 5426 sanctis,
840 5374 896 5416 ut
924 5363 968 5415 si
991 5362 1274 5431 aliquando
1297 5361 1445 5431 aliter
1474 5361 1668 5430 fecerit,
1712 5359 1782 5431 ab
1813 5375 1871 5431 eo
1899 5375 1954 5412 se

381 5438 734 5492 damnandum
783 5435 910 5487 sciat
961 5429 1110 5500 quem
1158 5431 1353 5484 irridet.
1389 5429 1466 5483 De
1493 5447 1595 5500 qua
1622 5429 1955 5495 promissione

380 5527 467 5563 sua
494 5509 656 5579 faciat
683 5498 986 5579 petitionem
1007 5517 1174 5579 quam
1187 5516 1342 5554 manu
1364 5517 1457 5553 sua
1474 5498 1693 5579 scribat;
1715 5509 1803 5550 aut
1824 5509 1956 5579 certe

380 5583 420 5633 si
448 5568 547 5633 non
577 5568 694 5632 scit.
723 5576 940 5636 litteras,
969 5568 1097 5625 alter
1123 5570 1186 5623 ab
1217 5587 1276 5623 eo
1315 5580 1522 5640 rogatus
1551 5568 1760 5633 scribat,
1791 5578 1840 5640 et
1868 5570 1954 5622 ille

379 5650 825 5717 nouitiu‘pignum
852 5643 1030 5717 iaciat,
1068 5651 1120 5717 et
1160 5657 1315 5717 manu
1340 5638 1434 5693 sua
1463 5655 1575 5717 eam
1609 5654 1763 5717 super
1790 5638 1954 5691 altare

376 5730 550 5787 portat.
578 5709 710 5776 lite}:
734 5716 828 5771 ibi.
853 5709 962 5771 Sed
991 5723 1044 5769 ct
1067 5709 1199 5768 illud
1220 5710 1598 5766 observatione
1625 5710 1839 5779 dignum
1871 5724 1954 5766 so-

2051 4655 2668 4726 Constautinopolitano,
2703 4673 2930 4722 necnon,
2965 4669 3021 4712 ut
3067 4655 3153 4714 hic
3181 4660 3428 4726 habetur,
3458 4665 3622 4718 etiatu

2055 4728 2110 4780 iu
2140 4729 2510 4782 Antiochcno:
2544 4730 2780 4792 tertium,
2813 4740 2941 4790 quot
2974 4731 3144 4784 modis
3172 4731 3487 4796 accipiatur.
3518 4735 3624 4788 llo-

2056 4797 2328 4852 moousios
2379 4797 2503 4865 quid
2535 4799 2622 4858 sit,
2679 4797 2865 4853 Patres
2911 4801 3122 4854 concilii
3170 4800 3623 4860 Chalcedonensis

2054 4878 2457 4944 exliresserunt,
2489 4868 2677 4944 act._2,
2706 4869 2790 4944 ubi
2821 4869 2872 4922 in
2911 4871 3248 4944 expositione
3273 4875 3503 4944 syntholi
3532 4875 3623 4929 Ni-

2056 4939 2212 5014 caeni,
2241 4938 2472 5014 postilla
2502 4938 2663 4992 verba
2690 4957 2701 4990 :
2719 4937 3052 5014 ﬂamousion
3075 4939 3244 5014 Patri,
3267 4937 3621 5014 addiderunt:

2055 5007 2152 5060 hoc
2178 5018 2273 5073 est,
2303 5008 2530 5082 ejusdem
2567 5024 2682 5082 cum
2711 5006 2865 5082 Patre
2889 5011 3183 5065 substantia:
3211 5013 3492 5082 (ejusdem,
3544 5016 3624 5069 iu-

2054 5093 2240 5145 quam,
2267 5086 2323 5133 et
2343 5081 2500 5151 unius
2529 5079 2859 5151 substantiae,
2890 5095 2996 5134 non
3042 5079 3244 5135 tantum
3265 5079 3493 5151 ‘specie,
3524 5087 3621 5141 sed

2057 5163 2281 5219 numero
2311 5158 2364 5201 et
2388 5147 2679 5218 individuo)
2713 5165 2724 5200 :
2755 5164 2850 5215 pro
2879 5165 2984 5219 quo
3015 5151 3066 5204 in
3097 5147 3342 5216 symbolo
3362 5147 3623 5209 ConStan-

2057 5218 2409 5286 tinopolitann
2445 5219 2599 5286 .quod
2655 5221 2706 5271 in
2749 5218 2986 5274 Ecclesia
3032 5222 3261 5281 canitur.
3309 5221 3617 5280 habemus:

2055 5289 2531 5342 consubstantialem
2588 5287 2756 5342 Patri.
2802 5289 3001 5344 Dicitur
3023 5292 3165 5344 enim
3198 5291 3513 5348 homousios
3555 5299 3622 5352 ah

2055 5357 2178 5429 ὁμὸς
2204 5400 2219 5424 ,
2252 5359 2302 5412 id
2333 5367 2436 5424 est,
2494 5359 2635 5414 idem
2666 5403 2680 5426 ,
2721 5369 2776 5414 et
2821 5362 2999 5424 οὐσία,
3041 5361 3376 5429 substantia;
3420 5366 3504 5419 vel
3555 5369 3622 5420 ah

2057 5427 2221 5503 apes,
2380 5430 2737 5503 est,_situttl,
2781 5442 2835 5503 ut
2882 5432 3101 5503 exponit
3148 5427 3370 5488 Marius
3399 5433 3622 5490 Victori.

2055 5499 2156 5552 nus
2187 5501 2238 5550 in
2280 5499 2462 5551 libello
2491 5501 2558 5553 de
2591 5499 2896 5553 llomousio.
2954 5501 3090 5556 Sunt
3137 5513 3313 5558 autem
3362 5504 3464 5558 alia
3516 5507 3623 5559 duo

2060 5567 2315 5622 vocabula
2375 5567 2499 5622 huic
2553 5569 2777 5622 multum
2826 5567 3004 5624 afﬁnia
3036 5615 3048 5637 ,
3107 5574 3175 5626 ab
3226 5574 3415 5628 eodem
3449 5574 3620 5638 fonte,

2056 5653 2246 5707 nempe
2273 5640 2437 5702 οὐσία,
2465 5639 2742 5703 derivata,
2789 5649 2910 5708 plllil
2967 5641 3238 5698 sinousios
3290 5656 3346 5699 et
3400 5645 3617 5698 homou-

2053 5712 2162 5766 sios
2187 5751 2201 5778 ,
2234 5725 2462 5780 quorum
2489 5719 2773 5780 utrumque
2820 5711 2921 5769 etsi
2951 5729 3083 5774 sano
3109 5716 3289 5791 ahquo
3339 5731 3496 5774 sensu
3528 5715 3614 5775 aii-
