4040 6182
189 914 204 941 \

256 295 365 355 με

1285 286 1373 342 DE
1412 283 1922 341 INCARNATIONE
1961 282 2233 341 ιιιιῐιιδτι
2274 283 2404 339 LIB.
2448 284 2534 339 Vl.

3445 290 3545 345 lSO

262 412 387 480 quia
429 407 624 463 verbum
684 403 962 460 breviatum
990 401 1143 474 faciet
1178 399 1429 455 Dominus
1479 416 1633 471 super
1662 410 1852 453 terram
1880 407 1926 463 Α
1956 407 2123 453 estex
2152 398 2315 452 Maria
2340 397 2571 467 virgide,
2598 404 2653 451 et
2674 397 2968 453 cruciﬁxus
2994 398 3098 455 sub
3124 399 3316 457 Pontio
3342 400 3542 465 Pilato.

267 503 441 573 (Rom.
467 504 569 567 ix).
617 497 732 552 Hoc
759 504 842 550 est
867 510 998 564 ergo
1032 492 1335 551 breviatum
1360 492 1585 548 verbum
1611 490 1755 562 quod
1779 490 1857 545 fe-

261 594 335 648 cit
370 591 649 655 Dominus,
705 587 870 642 ﬁdem
902 586 1112 641 scilicet
1136 584 1366 657 duplicis
1396 583 1727 638 Testamenti
1774 584 1855 637 sui

262 686 314 737 in
338 697 508 753 pauca
540 681 830 749 colligens,
862 686 918 733 et
942 687 967 715 ⁸
999 692 1221 733 sensum
1262 676 1508 732 omnium
1556 676 1855 745 Scriptura-

262 790 378 829 rnm
408 776 461 828 in
492 774 683 828 brevia
737 771 1091 837 concludens,
1124 784 1218 823 sua
1245 767 1314 824 de
1353 769 1467 823 suis
1490 767 1751 829 condens,
1800 775 1857 820 et

263 869 369 920 vim
401 868 573 921 totius
618 865 756 935 legis
813 862 1352 931 compendiosissima
1385 861 1648 915 brevitate
1695 859 1856 927 perli-

262 962 431 1016 ciens.
458 958 773 1014 Consulens
795 957 1003 1012 scilicet
1036 956 1086 1008 in
1121 954 1244 1021 hoc,
1288 964 1346 1008 ut
1376 954 1650 1022 piissimus
1678 960 1850 1021 pater,

265 1053 347 1105 vel
379 1050 732 1119 negligentia:
782 1046 1135 1116 quorumdam
1191 1045 1423 1099 ﬁliorum
1474 1058 1719 1108 suorum,
1770 1043 1861 1096 vel

265 1143 592 1209 im;eriti:e:
624 1150 686 1194 ut
712 1155 818 1194 non
837 1139 1110 1193 laboraret
1134 1137 1343 1205 utique,
1369 1137 1612 1203 quamvis
1626 1135 1854 1203 simplex

265 1244 319 1289 et
361 1233 652 1302 imperita,
678 1246 832 1285 mens
859 1244 1089 1299 capere,
1122 1228 1263 1298 quod
1297 1230 1465 1298 possit
1511 1226 1671 1282 hcilc
1694 1228 1856 1281 etiam

268 1325 529 1380 memoria
557 1321 849 1378 centi‘neri.

874 1412 1102 1467 CAPUT
1141 1411 1229 1465 IV.

269 1506 583 1579 Symbolum
615 1505 738 1573 ﬁdei
763 1505 993 1557 divinant
1028 1513 1073 1557 et
1104 1504 1384 1556 humanam
1411 1503 1597 1555 Itabcrc
1637 1503 1862 1554 attctori-

992 1585 1168 1627 ta‘em.

341 1690 507 1742 Vides
549 1702 682 1756 ergo
732 1686 788 1740 in
838 1685 1094 1755 Symbolo
1141 1686 1518 1740 auctoritatem
1553 1685 1651 1739 Dei
1690 1698 1858 1739 esse:

1960 498 2014 542 ct
2045 490 2309 559 sepultus.
2340 490 2405 544 Et
2430 491 2587 544 tertia
2617 488 2707 544 die
2731 494 3035 545 resurrexit
3071 492 3372 548 secundum
3402 494 3546 548 Scri-

1960 592 2167 649 pturas,
2198 589 2253 634 et
2293 581 2346 635 in
2381 580 2561 635 caelos
2577 581 2843 636 ascendit.
2884 582 2951 635 Et
2978 582 3172 638 iterum
3203 584 3385 639 veniet
3405 584 3542 653 judi-

1958 686 2084 725 care
2114 670 2266 725 vivos
2294 680 2349 725 et
2378 681 2646 725 mortuos.
2678 671 2749 725 Et
2774 673 3004 741 reliqua.

2584 783 2812 840 CAPUT
2853 783 2919 838 ν.

1963 875 2271 929 Lectissimis
2312 878 2629 944 argumentis
2658 878 2765 944 agit
2796 888 2978 931 contra
3009 879 3362 932 adversarium
3383 921 3396 937 .
3432 891 3478 932 et
3521 902 3551 934 η

2030 946 2318 1017 majoribus
2348 957 2613 1017 acceptam
2646 946 2949 1005 reliqionem
2978 949 3238 1003 mordicus
3275 952 3548 1002 tenendam

2032 1033 2136 1069 esse
2161 1017 2402 1068 ostendit.

2035 1143 2058 1170 ε
2106 1131 2166 1185 Si
2211 1131 2423 1185 Ariona:
2472 1140 2565 1185 aut
2608 1130 2934 1187 Sabelliaua:
2984 1131 3262 1187 haereseos
3306 1140 3554 1189 assertor

1962 1237 2131 1285 esses.
2153 1233 2209 1279 et
2232 1238 2336 1276 non
2368 1232 2459 1278 tuo
2484 1223 2603 1292 ipso
2624 1223 2875 1294 symbolo
2897 1232 3073 1278 tecum
3090 1234 3299 1289 uterer,
3323 1226 3547 1278 convin-

1962 1328 2141 1369 cerem
2165 1321 2220 1369 te
2242 1321 2419 1368 tamen
2446 1313 2881 1369 testimoniorum
2902 1329 3182 1369 sacrorum
3202 1314 3546 1381 auctoritate,

1962 1405 2346 1461 convincerem
2369 1406 2503 1475 legis
2529 1406 2701 1475 ipsius
2723 1420 2879 1471 voce,
2904 1406 3283 1461 convincerem
3312 1406 3552 1477 denique

1964 1500 2186 1569 probata
2224 1516 2318 1568 per
2350 1500 2665 1554 universum
2709 1500 2970 1555 mundum
3002 1500 3251 1570 Symboli
3272 1499 3504 1555 veritate
3532 1520 3545 1551 :

1965 1590 2198 1645 dicerem
2232 1596 2316 1654 te,
2359 1590 2573 1645 etiamsi
2604 1606 2803 1661 expers
2850 1591 3222 1660 intelligentia:
3260 1606 3321 1644 ac
3361 1604 3553 1644 sensus

1968 1695 2140 1749 esses,
2172 1690 2425 1749 oportere
2453 1690 2633 1735 tamen
2677 1682 2830 1751 sequi
2874 1682 3065 1737 saltem
3107 1697 3433 1737 consensum
3461 1699 3553 1750 ge-

277 1781 505 1834 Verbum
534 1780 669 1831 enim
714 1777 992 1830 breviatum
1019 1776 1171 1846 faciet
1200 1775 1453 1829 Dominus
1482 1791 1636 1846 super
1672 1783 1863 1828 terram
1895 1777 1940 1834 B
1970 1772 2115 1825 neris
2147 1771 2389 1840 humani,
2438 1787 2538 1827 nec
2568 1773 2737 1842 pluris
2786 1773 2966 1829 facere
3012 1774 3213 1829 debere
3258 1790 3549 1844 paucorum
3608 1800 3615 1803 ν

271 1872 449 1942 (llam.
479 1870 583 1939 ιι).
616 1868 776 1923 1³8θά
824 1868 1095 1921 hominum
1142 1866 1375 1920 fortasse
1419 1867 1637 1935 quieris.
1686 1866 1761 1919 Ne
1812 1865 1863 1919 id

268 1962 488 2035 quidem
520 1962 694 2025 deest,
730 1974 829 2028 per
864 1957 1108 2012 homines
1136 1958 1280 2012 enim
1314 1957 1365 2012 id
1397 1957 1539 2012 Deus
1572 1957 1716 2011 fecit.
1749 1956 1864 2011 Sic-

270 2066 327 2107 ut
372 2052 519 2107 enim
576 2053 894 2104 immensam
948 2048 1135 2121 {Lips.
1183 2049 1239 2102 in
1286 2065 1454 2118 marg.
1507 2044 1862 2116 universam]

270 2148 414 2203 illam
464 2145 872 2211 Scripturarum
914 2156 1191 2215 sacrarum
1223 2142 1434 2211 copiam
1487 2155 1582 2208 per
1635 2139 1864 2208 patriar-

270 2240 401 2295 chas
430 2246 488 2291 et
515 2236 815 2306 prophetas
843 2235 1073 2312 ttiaxime
1095 2246 1222 2287 suos
1248 2231 1511 2300 condidit,
1537 2231 1613 2285 ita
1635 2230 1865 2302 Symbo-

269 2335 377 2387 lum
411 2346 514 2401 per
541 2328 821 2398 apostolos
847 2342 974 2381 suos
1000 2326 1421 2396 sacerdotesque
1461 2322 1763 2378 constituit:
1800 2322 1867 2375 Et

269 2421 535 2492 quidquid
584 2420 697 2473 illic
742 2433 841 2487 per
879 2431 1007 2471 suos
1039 2416 1184 2486 larga
1229 2431 1292 2469 ac
1336 2414 1658 2469 redundnnli
1708 2415 1864 2484 eopia

270 2513 539 2577 dilatavit,
592 2510 736 2567 idem
794 2509 881 2562 hic
936 2523 1032 2577 per
1084 2522 1212 2561 suos
1245 2507 1555 2582 plenissima
1605 2506 1865 2559 brevitate

271 2604 564 2660 conclusit.
618 2600 763 2656 Nihil
809 2615 940 2669 ergo
983 2600 1037 2653 in
1088 2599 1350 2670 Symbolo
1399 2598 1571 2661 deest,
1614 2598 1757 2668 quod
1799 2614 1862 2650 ex

272 2697 488 2764 scriptis
524 2694 625 2750 Dei
663 2709 761 2765 per
788 2693 1066 2763 aposmlos
1110 2692 1206 2746 Dei
1254 2691 1553 2757 conditum,
1598 2702 1763 2744 totum
1810 2691 1863 2744 in

270 2805 346 2853 se,
363 2798 627 2858 quantum
648 2786 714 2841 ad
740 2786 1117 2841 auctoritatem
1143 2785 1396 2853 pertinet,
1420 2783 1581 2837 habet
1603 2782 1861 2852 quidquid

268 2882 351 2935 vel
380 2881 665 2934 hominum
694 2888 800 2942 est,
836 2878 919 2933 vel
959 2877 1073 2930 Dei.
1103 2876 1360 2942 Qu.nnvis
1384 2876 1547 2929 etiam
1591 2873 1735 2943 quod
1768 2890 1863 2943 per

270 2973 524 3026 homines
571 2970 772 3023 factum
819 2978 925 3036 est,
977 2967 1073 3021 Dei
1124 2965 1541 3022 exisrimandum
1586 2966 1688 3031 sit,
1739 2966 1859 3033 quia

270 3082 377 3119 non
412 3076 521 3119 tam
579 3063 792 3117 illorum
825 3077 923 3131 per
967 3076 1104 3127 quos
1138 3059 1337 3114 factum
1386 3069 1491 3126 est,
1524 3074 1684 3129 quam
1717 3058 1862 3113 illius

1975 1863 2345 1931 improborum
2389 1865 2798 1934 perversitatem
2845 1882 3003 1936 quam
3037 1868 3389 1923 ecclesiarum
3437 1882 3552 1921 om‘

1968 1955 2114 2009 nium
2149 1955 2343 2021 Iidem;
2372 1973 2496 2026 quae
2524 1958 2707 2027 utique
2737 1976 2767 2013 a
2791 1959 3011 2013 Christo
3049 1959 3289 2022 iuttdata,
3328 1959 3395 2013 ab
3423 1975 3553 2028 apo‘

1967 2047 2121 2099 stolis
2146 2046 2364 2111 tradita,
2392 2062 2498 2101 non
2524 2049 2671 2103 aliud
2702 2050 3066 2104 existimanda
3090 2060 3236 2104 esset
3255 2066 3415 2117 quam
3447 2066 3547 2103 vox

1964 2147 2125 2205 atque
2168 2140 2464 2193 auctoritas
2518 2138 2639 2204 Dei,
2690 2155 2815 2210 qua:
2856 2140 3076 2196 haberet
3108 2141 3163 2195 in
3189 2156 3249 2195 se
3281 2142 3468 2211 utique
3495 2154 3551 2194 et

1963 2246 2153 2285 vocent
2183 2239 2237 2285 et
2263 2245 2484 2286 sensum
2526 2232 2641 2287 Dei.
2677 2232 2749 2287 Et
2787 2234 2917 2303 quid
2962 2233 3179 2288 tandem
3209 2234 3254 2288 si
3297 2233 3376 2288 sic
3405 2234 3549 2303 apud

1966 2335 2018 2377 te
2047 2337 2285 2392 agerem,
2319 2322 2446 2391 quid
2477 2322 2730 2378 diceres?
2760 2325 2887 2394 quid
2916 2325 3320 2394 responderes?
3348 2340 3546 2390 nonne,

1964 2415 2213 2479 obsecro,
2246 2413 2419 2468 illud?
2448 2413 2566 2469 Non
2594 2417 2666 2469 ita
2698 2423 2752 2471 te
2781 2416 3068 2480 imbutum,
3106 2433 3212 2470 non
3239 2418 3309 2470 ita
3338 2416 3553 2471 institu—

1967 2516 2077 2560 tum
2108 2520 2260 2571 esse;
2291 2505 2439 2560 aliud
2477 2506 2573 2561 tibi
2606 2521 2635 2560 a
2669 2508 3011 2576 parentibus,
3043 2508 3190 2562 aliud
3219 2524 3248 2561 a
3280 2509 3553 2578 magistris

1965 2609 2125 2668 atque
2155 2598 2466 2653 auctoribus
2493 2598 2601 2652 tuis
2630 2599 2909 2655 traditum.
2956 2599 3072 2654 Non
3115 2599 3221 2654 hoc
3252 2608 3303 2655 te
3343 2601 3393 2653 in
3423 2615 3554 2654 con-

1967 2686 2235 2750 venticulo
2260 2694 2351 2748 illo
2395 2695 2606 2765 paterni
2638 2694 2925 2766 dogmatis,
2966 2710 3066 2749 nec
3113 2696 3164 2748 in
3198 2695 3425 2750 ecclesia
3460 2710 3555 2750 ve-

1965 2797 2092 2841 stras
2136 2770 2493 2857 professionis
2541 2787 2805 2852 audisse;
2844 2786 2988 2840 aliud
3034 2796 3309 2852 postremo
3350 2796 3553 2840 textum

1966 2881 2137 2948 ipsum
2179 2888 2341 2950 atque
2381 2895 2690 2935 sermonem
2727 2880 2910 2934 traditi
2941 2879 3039 2933 tibi
3083 2888 3245 2948 atque
3298 2880 3553 2934 iﬂSiﬂU'tli

1964 2971 2195 3041 symboli
2225 2972 2524 3027 continere.
2560 2971 2615 3025 ln
2646 2987 2711 3026 eo
2736 2980 2790 3026 te
2812 2972 3165 3042 baptizatum,
3209 2971 3262 3026 in
3297 2987 3361 3026 eo
3385 2981 3435 3026 te
3467 2988 3553 3026 re-

1966 3073 2147 3118 natum
2170 3078 2314 3119 esse.
2341 3064 2453 3118 lloc
2486 3072 2672 3119 tenere
2699 3063 2844 3133 quod
2873 3064 3202 3133 accepisses,
3233 3072 3290 3119 et
3324 3064 3375 3117 in
3404 3079 3470 3118 eo
3500 3073 3553 3116 te

268 3159 604 3214 credendum
654 3169 737 3212 est
765 3173 887 3213 esse
925 3156 1015 3226 qui
1064 3155 1211 3211 fecit.
1260 3155 1458 3215 Credo.
1507 3170 1638 3225 ergo
1687 3156 1857 3224 inquit
1886 3143 1930 3204 C
1964 3156 2146 3210 vivere
2179 3154 2415 3221 diceres,
2452 3155 2505 3208 in
2531 3169 2639 3223 quo
2665 3163 3047 3223 regeneratum
3079 3169 3202 3209 esse
3242 3154 3549 3208 didicisses.

269 3250 617 3319 Symbolum,
671 3251 721 3303 in
755 3264 918 3303 unum
952 3263 1161 3313 verum,
1194 3247 1368 3300 solum
1423 3247 1614 3315 Deum,
1643 3247 1857 3301 Patrem

270 3342 724 3410 omnipotentem,
758 3348 1059 3394 creatorem
1091 3339 1331 3392 omnium
1362 3338 1652 3399 visibilium
1692 3345 1747 3393 et
1776 3338 1859 3393 in-

272 3434 568 3487 visibilinm
620 3441 1031 3496 creaturarum;
1086 3441 1139 3485 et
1184 3430 1238 3483 in
1282 3430 1565 3485 Dominum
1613 3439 1857 3485 nostrum

272 3527 456 3581 Iesum
486 3522 788 3589 Christum,
826 3524 1019 3577 Filium
1040 3523 1159 3591 ejus
1190 3522 1550 3592 unigenitum,
1578 3532 1629 3576 et
1656 3521 1860 3591 ptimo-

274 3617 516 3685 genitum
568 3615 731 3668 totius
758 3622 1046 3679 creaturae,
1099 3629 1165 3668 ex
1195 3628 1261 3668 eo
1303 3620 1484 3667 natum
1529 3620 1655 3668 ante
1681 3614 1858 3667 omnia

275 3704 494 3769 saecula,
530 3712 586 3757 et
617 3718 722 3758 non
765 3704 983 3769 iactum,
1035 3699 1203 3759 Deum
1232 3718 1418 3758 verum
1459 3718 1526 3757 ex
1556 3703 1665 3757 Deo
1708 3718 1858 3765 vero,

276 3793 637 3849 homoousion
669 3795 835 3861 Patri,
865 3810 963 3864 per
989 3810 1146 3864 quem
1178 3804 1237 3850 et
1264 3796 1463 3850 sucula
1486 3795 1861 3865 eompaginata

272 3896 413 3952 sunt,
445 3896 499 3943 et
528 3889 709 3942 omnia
741 3888 903 3942 facta.
934 3888 1032 3955 Qui
1059 3897 1279 3958 propter
1302 3903 1399 3944 nos
1428 3889 1593 3957 venit,
1628 3899 1681 3944 et
1705 3900 1860 3944 natus

1964 3248 2171 3315 Nonne,
2202 3260 2385 3315 quaeso
2404 3288 2418 3313 ,
2452 3245 2639 3301 dicens
2662 3244 2801 3314 haec,
2830 3245 3129 3300 fortissimo
3156 3255 3208 3301 te
3231 3247 3393 3301 etiam
3422 3259 3553 3300 con-

1966 3349 2045 3394 tra
2072 3340 2352 3395 veritatem
2384 3347 2540 3393 scuto
2570 3339 2645 3393 uti
2674 3338 3059 3394 arbitrareris?
3103 3339 3174 3395 Et
3200 3353 3327 3393 vere
3359 3339 3411 3390 in
3459 3354 3553 3392 ne-

1962 3432 2112 3501 gotio
2136 3431 2381 3500 quamvis
2427 3430 2674 3499 improbo
2714 3445 2820 3484 non
2855 3431 3165 3499 importuna
3204 3428 3469 3491 defensio,
3499 3438 3553 3483 et

1966 3536 2086 3592 qnze
2123 3538 2230 3575 non
2258 3521 2488 3576 absurde
2524 3536 2743 3576 causam
2775 3522 2980 3576 erroris
3032 3521 3258 3584 diceret,
3298 3519 3345 3576 si
3389 3521 3553 3589 perti-

1968 3613 2175 3668 naciam
2205 3628 2310 3668 non
2339 3613 2571 3668 sociaret
2602 3615 2798 3669 errori.
2835 3612 2968 3667 Nam
2995 3629 3117 3666 cum
3166 3612 3269 3668 hoc
3310 3621 3557 3681 teneres,

1968 3706 2109 3775 quod
2139 3720 2168 3759 a
2200 3720 2366 3772 parvo
2395 3705 2723 3774 accepisses,
2755 3701 2781 3741 δ
2808 3704 2927 3772 plus
2954 3703 3182 3759 haberet
3213 3704 3267 3758 in
3296 3713 3347 3759 te
3368 3718 3553 3758 emeta-

1966 3797 2114 3851 datio
2143 3796 2285 3866 quod
2314 3797 2382 3851 de
2408 3795 2663 3865 praesenti
2685 3810 2875 3850 errore
2922 3797 3242 3864 corrigeret,
3273 3810 3433 3865 quam
3462 3809 3551 3849 se-

1967 3891 2165 3944 veritas
2195 3887 2337 3958 quod
2361 3888 2428 3942 de
2459 3888 2739 3957 praeterito
2775 3887 3095 3943 vindicaret.
3129 3896 3153 3925 ο
3176 3886 3327 3943 Nunc
3368 3898 3563 3953 autemx

1349 4019 1437 4073 AL
1455 4030 1478 4070 \
1493 4020 1602 4075 ΗΜ
1640 4019 1865 4075 ϐΑΖίΕι
1905 4019 2472 4076 COMMENTARIUS.

339 4141 365 4168 ι
392 4132 451 4185 S.
480 4131 864 4200 Cyprianusde
895 4132 1149 4186 Oratione
1175 4132 1451 4186 Dominica
1480 4150 1494 4187 :
1523 4131 1650 4188 Cum
1677 4134 1854 4187 Domi~

271 4220 364 4256 nus
392 4212 567 4254 uoster
616 4200 767 4256 Iesus
808 4203 1040 4256 Christus
1080 4204 1321 4271 colligens
1366 4209 1540 4257 dot-tos
1571 4206 1764 4271 pariter
1806 4215 1851 4256 et

266 4274 534 4345 indoctos,
565 4273 704 4324 omni
744 4274 887 4326 sexui
915 4284 1064 4341 atque
1097 4274 1237 4345 tutati
1268 4283 1519 4345 praecepta
1545 4275 1725 4327 salutis
1765 4276 1852 4327 de-

270 4344 421 4403 derit,
458 4353 833 4415 priet-aptorum
858 4358 1069 4396 suorum
1100 4344 1219 4409 fecit
1244 4344 1440 4414 grande
1467 4346 1850 4415 compendium,

270 4422 320 4462 ut
350 4415 402 4464 in
431 4412 713 4480 disciplina
740 4412 928 4466 calesti
955 4412 1261 4467 discentium
1296 4416 1539 4467 memoria
1568 4412 1670 4467 nou
1711 4416 1853 4468 labo-

267 4491 424 4547 raret,
455 4485 546 4534 sed
578 4484 714 4553 quod
740 4493 865 4535 esset
893 4483 1111 4553 simplici
1141 4484 1264 4550 ﬁdei
1294 4486 1634 4537 necessarium
1664 4489 1849 4539 veloci-

1966 4130 2329 4210 paucis-vcrbis
2354 4135 2578 4210 dicatur,
2601 4136 2749 4210 unde
2775 4138 2992 4210 multum
3027 4139 3343 4210 acquiratur.
3386 4140 3563 4195 Simis

1962 4206 2029 4257 lia
2068 4205 2265 4297 habent
2307 4205 2559 4297 lsidpru‘s‘
2590 4206 2727 4297 (Lib;
2758 4224 2792 4260 ll
2817 4210 2878 4261 de
2901 4205 3194 4297 ορελέαρ.
3227 4209 3342 4297 ᾖᾷ),
3374 4212 3550 4271 Babae.

1962 4291 2063 4330 nus
2085 4275 2224 4345 (Lib.
2258 4292 2294 4329 ιι
2316 4275 2379 4328 de
2401 4275 2640 4358 Instituit.
2666 4275 2801 4358 (Iter.
2836 4275 3091 4349 capf56),
3118 4275 3168 4331 et
3194 4275 3309 4333 alii.

2032 4344 2059 4383 ι’
2091 4346 2318 4417 supple,
2338 4356 2725 4417 puctornatem
2756 4363 2808 4400 in
2837 4346 3125 4417 Symboln,
3156 4349 3221 4400 de
3250 4364 3367 4417 qua-
3390 4365 3567 4414 supra.

1961 4417 2074 4497 [ius
2119 4413 2292 4497 dixit}
2328 4413 2394 4470 In
2441 4416 2711 4497 Symbolo,
2748 4413 3549 4497 quodEcslesiarttmcmnium

1962 4486 2113 4553 ﬁdem
2142 4485 2386 4556 loquitur,
2420 4488 2552 4556 scire
2572 4497 2713 4556 opto,
2746 4487 2871 4553 quid
2898 4488 3041 4554 sequi
3079 4488 3246 4545 uta/is.
3282 4492 3546 4543 hominum

269 4554 613 4627 tardis-ceret.
654 4552 1208 4627 D.-l_liero_nymnslin
1231 4554 1456 4627 epi~._tola
1499 4554 1565 4607 ad
1608 4555 1855 4607 Pamma-
1885 4553 1932 4610 D
1958 4552 2346 4621 auctoritatem,
2378 4573 2442 4609 an
2472 4555 2568 4627 Dei
2587 4552 2611 4610 7
2645 4552 2871 4611 Vitiatur
2898 4552 3075 4612 autem
3112 4558 3195 4612 hic
3226 4559 3543 4627 Symbolum

268 4622 444 4694 cltinm
480 4619 681 4694 (Epist.
716 4621 807 4694 6i)
842 4641 855 4675 :
897 4619 966 4676 In
992 4622 1239 4691 Symbolo
1266 4619 1397 4693 ﬁdei
1426 4633 1471 4677 et
1502 4626 1608 4694 spei
1646 4636 1853 4687 nostrae,

268 4693 404 4758 q.:od
442 4691 509 4744 ab
548 4693 800 4757 apostolis
827 4696 1076 4745 traditum
1103 4710 1201 4745 non
1232 4691 1473 4747 scribitur
1511 4691 1565 4747 in
1603 4696 1780 4747 cltarta
1810 4706 1855 4749 et

268 4764 717 4835 atramentoLsed
745 4764 797 4815 in
824 4763 1013 4815 tabulis
1042 4766 1208 4816 cordis
1247 4766 1563 4835 garnalibus,
1597 4776 1707 4835 post
1736 4782 1858 4818 con-

271 4834 543 4896 fessionem
573 4831 863 4895 Trinitatis,
888 4843 935 4887 et
962 4835 1203 4886 unitatem
1237 4832 1499 4897 Ecclesiae,
1535 4831 1683 4887 omne
1708 4836 1858 4888 Chri-

271 4904 417 4974 stiani
440 4903 703 4974 dogmatis
729 4914 1111 4957 sacramentum
1140 4906 1310 4958 carnis
1338 4907 1707 4958 resurrectione
1737 4923 1859 4959 con-

272 4972 527 5043 cluditur.
568 4972 627 5026 S.
662 4975 994 5041 Augustinus
1022 4988 1188 5027 serm.
1224 4976 1248 5029 l
1288 4975 1340 5027 in
1379 4974 1555 5043 vigilia
1600 4975 1858 5029 Penteco-

274 5050 379 5094 stes
402 5058 415 5092 :
446 5042 778 5116 Symbolum,
803 5045 999 5116 inquit,
1027 5045 1172 5116 breve
1198 5053 1271 5097 est
1293 5042 1474 5116 verbis,
1500 5044 1588 5097 sed
1613 5062 1856 5116 magnum

273 5121 340 5162 est
375 5113 745 5185 sacramentis.
788 5112 1054 5177 Quidquid
1099 5116 1231 5167 enim
1269 5114 1660 5185 prwﬁguratum
1700 5112 1772 5169 cst
1804 5118 1857 5170 iu

272 5183 600 5249 patriarclu's,
624 5183 873 5251 quidquid
903 5183 1341 5236 denuntiatumﬁin
1368 5185 1675 5248 Scripturis,
1702 5188 1856 5251 quid-

270 5252 390 5324 quid
413 5254 821 5324 prtgdictumAest
861 5255 914 5307 in
948 5253 1242 5322 Propltetis,
1276 5254 1355 5324 vel
1380 5256 1443 5305 de
1474 5254 1579 5308 Deo
1610 5257 1855 5324 ingenito.

272 5322 344 5394 rel
372 5339 434 5375 ex
476 5321 592 5376 Deo
623 5324 676 5375 in
708 5321 874 5381 Deum
903 5321 1158 5387 nato,vel
1197 5329 1258 5375 de
1301 5323 1504 5394 Spiritu
1547 5321 1746 5387 sancio.
1784 5328 1863 5379 vel

269 5389 330 5443 de
356 5394 692 5461 suscipiendo
713 5395 853 5446 omni
873 5405 1216 5459 sacramento,
1250 5394 1325 5447 t'el
1345 5389 1412 5447 de
1441 5403 1601 5447 morte
1627 5395 1855 5458 Domini,

270 5464 753 5533 [csurrectionisque
795 5465 908 5530 ejus
969 5466 1241 5533 mysterio.
1292 5476 1450 5517 telum
1494 5464 1708 5517 breviter
1760 5467 1857 5519 hoc

271 5528 566 5603 §yntbolum
590 5528 839 5599 continet,
868 5546 914 5588 et
940 5528 1248 5588 continendo
1276 5534 1427 5587 habet
1462 5543 1509 5588 ct
1544 5536 1853 5603 confitendo.

271 5597 331 5651 Et
360 5601 547 5675 in_alio
576 5597 1057 5675 sertnonei(Scrm.
1090 5610 1124 5659 5
1153 5607 1215 5656 de
1243 5604 1370 5670 feria
1397 5605 1432 5657 2
1472 5618 1582 5671 post
1617 5597 1854 5658 Domini-

270 5685 374 5744 cum
398 5672 731 5742 Pii/marum)
770 5691 787 5728 :
821 5672 1209 5743 sytrtbolumcst
1230 5676 1443 5727 breviter
1480 5678 1749 5744 complexa
1780 5695 1865 5730 rc-.

262 5740 384 5806 qula
405 5744 549 5813 ﬁdei,
583 5740 887 5809 utmenteni
930 5746 1171 5814 instruat,
1200 5761 1287 5799 ncc
1319 5755 1485 5800 ροισι-ετ
1517 5740 1811 5813 memoriam
1836 5764 1861 5811 ,1

1962 4628 2323 4700 apostolicum
2372 4642 2495 4700 cuin
2543 4625 2904 4700 Antiocheno,
2958 4630 3025 4683 de
3077 4643 3183 4697 quo
3227 4625 3385 4699 supra
3440 4632 3548 4700 egit

1966 4696 2117 4769 (Cap.
2149 4695 2230 4769 5),
2255 4696 2615 4769 (confundere,
2638 4707 2694 4751 et
2712 4697 2790 4751 .de
2819 4697 2991 4753 altero
3013 4700 3079 4751 ad
3098 4695 3338 4753 alterum
3371 4695 3547 4754 trans-

1966 4768 2075 4830 ire,
2126 4768 2270 4836 quod
2302 4776 2612 4831 utrumque.
2642 4770 2865 4821 verbum
2910 4769 3304 4833 abhrevintnm,
3350 4772 3399 4824 id
3438 4781 3542 4832 est,

1966 4836 2129 4890 breve
2155 4838 2533 4907 compendium
2576 4838 2736 4893 totius
2767 4839 3036 4893 doctrinae
3077 4842 3379 4903 catholicm,
3418 4856 3543 4894 vere

1965 4908 2067 4961 dici
2099 4910 2286 4975 pos,~it,
2315 4919 2367 4961 et
2397 4909 2678 4976 utriusque
2700 4912 2885 4962 eadem
2920 4909 2988 4962 sit
3021 4909 3175 4971 lides,
3203 4911 3391 4964 eadem
3420 4926 3541 4964 sen-
3625 4944 3628 4947 η

1968 4979 2156 5051 tentia,
2187 4978 2316 5051 licet
2342 4978 2623 5051 aliqoidin
2657 4994 2764 5032 uno
2796 4980 3109 5048 expressius
3140 4983 3368 5040 dicatur.
3399 4982 3540 5051 quod

1961 5047 2012 5100 in
2042 5049 2210 5100 altero
2238 5048 2671 5115 subintelligitur.

2038 5127 2059 5155 ο
2096 5118 2179 5189 De
2218 5117 2861 5189 AriimaetASabelliana
2894 5119 3209 5180 hacresibns.
3243 5134 3537 5189 earumque

1940 5188 2291 5257 auctoribus,
2318 5187 2444 5240 alibi
2475 5188 2678 5257 smpins
2706 5200 2881 5252 aetum
2904 5199 3007 5243 est.

2033 5256 2059 5293 ἀ
2087 5257 2142 5310 ld
2167 5266 2270 5321 est,
2302 5256 2791 5326 pluslaborandum
2816 5271 2961 5312 esset
2985 5262 3050 5313 de
3071 5258 3325 5326 praesenti
3351 5274 3541 5316 errore

1963 5328 2304 5396 corrigendo,
2338 5343 2494 5396 qnam
2528 5328 2596 5382 de
2624 5331 2777 5395 culpa
2811 5337 3079 5395 prmtcrnn
3111 5330 3453 5384 vindicanda.

2039 5408 2060 5434 ε
2088 5398 2232 5451 L'rbe
2270 5400 2475 5451 scilicet
2502 5399 2857 5453 Antiochena.
2893 5398 3054 5463 Urget
3096 5414 3304 5453 rursum
3346 5414 3400 5455 et
3447 5417 3540 5456 ve-

1965 5468 2249 5523 hementer
2299 5469 2484 5537 ptingit
2525 5468 2857 5531 Nesmrium,
2891 5481 2941 5520 ut
2974 5470 3155 5537 patrim
3184 5481 3236 5523 et
3270 5472 3424 5525 avitae
3457 5489 3540 5525 re-

1966 5539 2176 5607 ligionis
2206 5536 2558 5603 desertorem,
2605 5538 2779 5610 utqui
2817 5537 2975 5592 [idem
3011 5543 3060 5591 in
3101 5556 3201 5608 qua
3240 5541 3540 5610 baptizatus

1967 5610 2163 5675 fuerat,
2195 5624 2460 5675 quantque
2481 5626 2507 5660 τι
2538 5608 2827 5680 majoribus
2856 5621 3157 5679 acceperat,
3188 5608 3540 5680 abncgassut;

1967 5680 2163 5747 qnade
2192 5695 2247 5733 re
2279 5694 2437 5747 supra
2473 5681 2617 5747 (liap.
2653 5678 2727 5745 ὅ).
