4040 6182
438 288 529 342 1δῖ

1769 289 2047 345 JOANNIS
2084 288 2399 347 CASSIANI

3614 279 3719 336 132

434 422 558 461 cum
591 406 644 460 in
688 405 956 463 catholica
989 407 1120 461 urbe
1155 414 1333 466 natus.
1367 403 1631 459 catholica
1670 405 1771 459 fide
1800 406 2016 461 institn-
2046 413 2092 469 Α
2125 406 2304 471 fidem,
2356 416 2480 461 tene
2528 407 2767 478 Symboli
2826 411 3137 477 veritatem,
3199 420 3323 466 tene
3373 411 3717 480 baptismatis

436 507 545 560 ius.
576 498 847 553 catholico
874 495 1201 567 baptismate
1241 507 1593 564 regeneratus
1620 496 1718 561 sis,
1766 497 2024 566 numquid

437 604 597 656 agere
626 596 803 643 tecum
834 587 991 657 quasi
1028 600 1152 640 cum
1192 584 1397 641 Ariano
1423 595 1514 639 aut
1545 586 1859 642 Sabelliano
1906 602 2027 655 pos-

437 677 595 731 sum't
622 676 777 743 Quod
808 677 1013 731 utinam
1049 675 1287 731 fuisses!
1318 675 1500 729 minus
1524 674 1762 730 dolerem
1792 676 1844 729 in
1876 676 2027 729 malis

435 768 664 833 editum,
704 781 864 837 quam
920 766 989 822 de
1022 766 1181 821 bonis
1211 767 1451 836 lapsum;
1500 767 1683 821 minus
1715 766 1871 821 fidem
1921 782 2027 819 non

440 858 677 912 habitam
716 874 878 928 quam
898 860 1191 924 amissam;
1227 859 1404 913 minus
1440 867 1677 913 veterem
1712 858 2026 913 btereticum

438 964 598 1013 quam
633 965 833 1004 novum
855 959 1193 1018 apostatam;
1226 950 1409 1023 minus
1430 952 1573 1004 enim
1605 950 1883 1004 intulisses
1902 963 2030 1003 cun-

436 1051 539 1095 ctae
570 1041 830 1097 Ecclesia:
856 1044 939 1097 vel
974 1043 1109 1096 labis
1141 1044 1221 1096 vel
1265 1043 1621 1112 pestilentize;
1663 1042 1841 1097 minus
1873 1043 2028 1096 deni-

437 1149 545 1202 que
591 1149 742 1189 esses
791 1134 876 1189 vel
931 1134 1164 1189 acerbus
1194 1136 1260 1187 ad
1290 1135 1561 1199 dolorem,
1621 1134 1707 1190 vel
1732 1135 1913 1203 gravis
1959 1134 2023 1188 ad

439 1225 772 1294 exemplum,
799 1233 827 1262 ι
849 1225 893 1278 si
921 1226 1198 1295 popularis
1221 1226 1400 1295 potius
1426 1235 1635 1280 tentare
1661 1239 1821 1294 quam
1845 1239 2024 1280 sacer-

439 1318 541 1371 dos
572 1316 869 1372 Ecclesiam
900 1332 1111 1388 posses.
1137 1317 1300 1387 Ergo,
1328 1327 1381 1371 ut
1412 1332 1576 1385 supra
1606 1316 1740 1385 dixi,
1768 1316 1812 1370 si
1835 1315 2029 1371 Sabel-

440 1410 620 1476 lianae,
652 1418 743 1466 aut
772 1410 1017 1474 Arianm,
1047 1410 1130 1463 vel
1158 1408 1450 1478 cujuslibet
1483 1409 1759 1463 haereseos
1788 1407 2030 1477 discipu-

442 1500 524 1552 lus
569 1512 731 1569 atque
761 1510 1002 1555 assertor
1026 1515 1199 1568 esses,
1251 1500 1385 1555 tueri
1442 1500 1625 1568 utique
1669 1508 1719 1555 te
1747 1508 2027 1568 parentum

441 1594 691 1661 exemplo
757 1593 916 1660 velis,
979 1594 1362 1663 magistrorum
1426 1594 1789 1658 institutione,
1857 1594 2030 1663 plebis

442 1684 719 1751 societate,
748 1686 982 1755 symboli
1016 1685 1155 1752 fide;
1190 1702 1295 1740 non
1324 1687 1587 1757 iniquum.
1621 1686 1896 1749 hieretice,
1924 1701 2028 1742 non

441 1776 686 1847 iniquum
706 1787 799 1831 aut
824 1793 986 1847 grave
1016 1779 1216 1848 aliquid
1246 1779 1481 1848 postulo.
1514 1779 1627 1833 Hoc
1653 1780 1737 1832 fac
1766 1780 1823 1833 in
1842 1779 2030 1834 catho—

445 1868 547 1921 lica
577 1869 681 1923 fide
709 1868 906 1932 editus.
937 1870 1079 1940 quod
1112 1870 1296 1926 fueras
1328 1886 1426 1939 pro
1470 1871 1831 1939 perversitate
1860 1871 2029 1925 factu-

2129 497 2379 552 salntein.
2436 500 2587 566 Quod
2635 516 2806 570 genus
2856 519 2907 556 in
2956 512 3012 558 te
3038 502 3293 573 prodigii,
3341 511 3483 574 quod
3542 520 3721 574 genus

2130 590 2356 642 monstri
2377 590 2471 643 es?
2492 588 2521 628 δ
2544 590 2653 646 Pro
2683 602 2735 647 te
2767 602 2824 646 tu
2849 608 2954 646 non
2984 592 3119 649 facis
3147 594 3288 661 quod
3315 593 3402 647 alii
3424 595 3585 649 etiam
3617 612 3716 664 pro

2127 695 2314 735 errore
2339 682 2601 737 fecerunt.
2632 684 2735 740 Sed
2763 685 3037 756 progressi
3059 686 3192 739 satis
3217 686 3270 740 in
3300 687 3467 740 altum
3491 701 3711 753 sumus;

2129 780 2186 825 et
2235 782 2257 811 ο
2294 787 2389 840 pro
2435 785 2678 843 cognatae
2728 776 2873 830 urbis
2925 776 3119 831 aﬂ’ectu
3182 787 3470 846 sequentes
3511 777 3715 832 doloris

2132 861 2386 929 impetum
2445 866 2598 932 quasi
2661 875 2881 920 ventum
2935 867 3276 930 ferventem,
3330 867 3459 921 dum
3527 869 3710 938 cupidi

2129 965 2319 1005 cursus
2350 967 2556 1019 sumus,
2590 964 2838 1011 tenorem
2870 956 3161 1011 admodum
3195 959 3325 1013 recti
3373 960 3584 1013 itineris
3622 975 3719 1014 ex-

2130 1058 2391 1099 CCSSlmlIS

2736 1138 2961 1196 CAPUT
3004 1140 3088 1195 Vl.

2204 1270 2401 1326 Rursus
2423 1274 2489 1327 ad
2513 1274 2817 1329 Antiocheni
2852 1277 3074 1345 symboli
3098 1277 3469 1347 professionem
3494 1277 3643 1333 illum

2787 1360 3054 1416 provocat.

2201 1498 2522 1568 Symbolum
2546 1514 2694 1568 erga,
2727 1499 3001 1566 lizerctice,
3036 1499 3196 1567 cujus
3223 1500 3478 1568 superius
3510 1509 3719 1555 textum

2132 1588 2393 1657 diximus,
2428 1590 2556 1644 licet
2600 1591 2843 1643 omnium
2878 1589 3242 1645 Ecclesiarum
3300 1591 3372 1643 sit
3420 1589 3579 1659 (quia
3614 1606 3718 1646 una

2133 1683 2371 1737 omnium
2407 1682 2608 1752 fides),
2637 1683 2990 1753 peculiariter
3033 1693 3212 1739 tamen
3245 1684 3597 1740 Antiochenae
3632 1702 3721 1740 ur-

2136 1779 2217 1832 bis
2239 1787 2323 1833 est
2341 1784 2504 1847 atque
2528 1776 2806 1843 Ecclesia,
2832 1775 2885 1830 id
2907 1786 3012 1841 est,
3042 1776 3207 1843 illius,
3230 1777 3286 1831 in
3308 1792 3411 1844 qua
3435 1785 3490 1830 tu
3515 1778 3718 1841 editus,

2136 1870 2189 1924 in
2219 1885 2321 1937 qua
2352 1870 2650 1937 institutus,
2686 1869 2737 1922 in
2770 1885 2872 1938 qua
2905 1878 3128 1923 renatus
3182 1885 3263 1924 es.
3319 1870 3488 1938 llujus
3520 1880 3571 1923 te
3600 1886 3722 1939 peri

444 1974 558 2012 rus.
608 1960 760 2015 Tene
792 1970 1074 2029 parentum
1132 1962 1547 2027 institutiOnem,
1601 1972 1725 2017 tene
1769 1961 2026 2016 Ecclesia:
2060 1955 2101 2012 Β
2131 1962 2546 2032 duxitsymboli
2598 1962 2733 2015 fides
2788 1960 2853 2015 ad
2913 1962 3035 2016 vitae
3089 1962 3315 2027 fontem,
3348 1960 3375 1998 ά
3407 1962 3473 2015 ad
3527 1963 3720 2017 salutis

1518 2074 1772 2131 ALARDI
1814 2074 2047 2131 GAZIEI
2085 2072 2647 2129 COMMENTARIUS.

520 2177 545 2240 ἐ
572 2168 631 2240 Si
653 2168 937 2240 pepularis,
971 2169 1022 2240 id
1054 2180 1155 2229 est,
1188 2168 1375 2240 laicus,
1412 2178 1466 2221 ut
1490 2167 2026 2240 vulgo__dicitttr,_aut

449 2239 626 2305 quivis
654 2237 685 2293 e
718 2240 934 2307 populo.
966 2239 1137 2293 Minus
1166 2239 1313 2294 enim
1345 2238 1580 2292 scandali
1611 2237 1829 2292 afferret
1856 2237 2025 2291 laicus

451 2308 747 2363 Ecclesium
779 2311 1119 2378 impugnans,
1148 2324 1306 2377 quam
1337 2310 1379 2362 si
1411 2308 1689 2371 sacerdos,
1723 2309 1884 2361 immo
1905 2309 2025 2369 epi-

378 2410 381 2415 ν
448 2393 666 2446 scopas,
699 2378 954 2432 Ecclesiae
984 2393 1217 2446 Sponsus
1246 2387 1302 2434 et
1333 2388 1536 2446 pastor,
1571 2388 1629 2431 ut
1655 2386 1772 2431 erat
1807 2378 1894 2430 ille
1923 2378 2027 2430 Ne-

447 2450 671 2502 storins.
724 2446 894 2515 Quam
938 2461 1101 2517 grave
1149 2458 1329 2501 autem
1380 2446 1691 2501 scandalum
1728 2462 1822 2515 per
1852 2448 2022 2515 ipsum

451 2518 707 2572 Ecclesiae
737 2516 959 2571 illatum?
986 2516 1166 2579 fuerit,
1215 2517 1529 2571 Vincentius
1577 2518 1873 2572 Lirinensis
1909 2518 2025 2582 ejus

450 2589 712 2655 temporis
730 2587 963 2656 scriptor
991 2588 1229 2656 graviter
1258 2588 1551 2656 expendit.
1578 2598 1634 2643 et
1672 2587 1919 2655 deplorat
1945 2589 2026 2641 his

450 2659 629 2711 verbis
647 2656 859 2728 (Contra
876 2662 1083 2728 profan.
1113 2657 1343 2713 haeretic.
1380 2658 1555 2714 Novit.
1581 2676 1627 2712 c.
1653 2658 1739 2723 16)
1768 2674 1781 2708 :
1810 2658 2027 2728 Qualem

450 2728 610 2795 fuisse
643 2726 804 2799 nuper
826 2726 1152 2781 tentaiionem
1182 2740 1436 2795 putamus,
1463 2746 1575 2781 cum
1597 2728 1783 2797 infelix
1812 2726 2027 2799 illeulve-

447 2799 661 2869 storias,
685 2796 851 2851 subito
866 2814 931 2851 ea:
959 2814 1047 2852 ove
1067 2814 1337 2853 conversus
1358 2801 1410 2853 in
1426 2799 1631 2866 lupum,
1658 2796 1865 2869 gregem
1887 2796 2030 2851 Chri-

448 2869 516 2920 sti
550 2868 779 2939 lacerare
817 2869 1079 2938 coepisset;
1104 2884 1220 2922 cum
1261 2871 1313 2922 hi
1350 2872 1452 2937 ipsi
1488 2870 1577 2939 qui
1618 2868 2030 2939 radebanturea:

450 2954 639 3010 magna
668 2938 837 3010 adhuc
868 2950 1011 3010 parte
1044 2954 1186 3010 ouem
1219 2938 1509 3001 crederent,
1533 2941 1744 3010 ideoque
1775 2938 2029 3010 morsibus

448 3009 561 3076 rjus
590 3008 756 3080 magis
780 3008 1026 3075 paterent.
1058 3009 1195 3063 Nam
1229 3011 1339 3077 quis
1362 3026 1476 3063 eum
1501 3008 1654 3079 facile
1689 3024 1863 3063 errare
1893 3009 2029 3061 arbi-

451 3079 698 3143 traretur,
720 3094 871 3144 quem
892 3090 1033 3134 tanto
1051 3080 1373 3133 sacerdotum
1410 3081 1577 3133 studio
1614 3088 1937 3149 prosecutum
1959 3079 2033 3131 vi-

450 3150 632 3221 deret?
666 3148 759 3218 qui»
790 3166 911 3203 cum
944 3166 1128 3221 magno
1148 3159 1442 3203 sanctorum
1485 3148 1682 3208 amore.
1704 3165 1903 3221 summa
1940 3165 2031 3217 po-

454 3219 563 3291 puli
596 3220 768 3291 favore
793 3219 1153 3284 celebraretur,
1185 3221 1411 3291 quotidie
1437 3222 1608 3291 palam
1646 3220 1820 3272 divina
1846 3229 2032 3291 tracta-

449 3289 533 3341 bat
555 3290 780 3359 eloquia,
795 3300 839 3343 et
856 3292 1040 3345 noxios
1056 3306 1253 3360 quoque
1268 3288 1570 3343 Iudaeorum
1592 3298 1741 3359 atque
1762 3289 2031 3358 gentilium

450 3360 751 3430 confutabat
774 3375 992 3413 errores.
1030 3360 1144 3426 Quo
1168 3363 1372 3413 tandem
1389 3363 1535 3430 justo
1564 3360 1723 3413 modo.
1744 3375 1844 3412 non
1873 3360 2032 3411 cuivis

451 3427 609 3495 ﬁdem
640 3433 827 3499 faceret
866 3446 921 3484 se
951 3440 1087 3483 rrcta
1131 3430 1332 3497 docere,
1376 3427 1516 3484 recta
1544 3431 1845 3495 priedicare,
1892 3438 2032 3483 recta

448 3501 658 3562 sentire,
684 3501 771 3570 qui
796 3508 851 3552 ut
872 3501 964 3554 uni
990 3500 1169 3554 hwresi
1193 3516 1301 3553 sua:
1328 3501 1525 3555 aditum
1548 3500 1877 3570 patefaceret,
1903 3516 2023 3552 cun-

450 3577 650 3623 ctarum
686 3568 944 3627 hareseon
977 3571 1316 3638 blasphemias
1361 3568 1749 3625 insectabatur?
1776 3581 1880 3624 etc.
1926 3570 2034 3623 Nec

452 3641 632 3692 minus
663 3641 912 3709 apposite
941 3650 995 3695 et
1038 3640 1442 3696 accommodate
1472 3642 1535 3695 ad
1580 3643 1721 3694 hunc
1758 3640 1935 3709 locum
1970 3640 2029 3697 Ι).

452 3708 784 3779 Augustinus
806 3710 844 3762 Ι.
879 3725 977 3765 xxi
1002 3711 1071 3765 de
1098 3711 1331 3766 Civitate
1367 3712 1457 3766 Dei
1489 3711 1639 3779 (Cap.
1670 3710 1764 3779 9.5)
1791 3728 1802 3762 :
1839 3708 2035 3762 Intole-

451 3780 638 3852 rabile,
668 3780 861 3852 inquit,
896 3791 1051 3852 atque
1100 3799 1131 3835 a
1167 3799 1295 3836 sana
1334 3782 1569 3836 doctrina
1610 3782 1763 3833 nimis
1806 3780 2031 3841 devium,

452 3858 508 3901 ut
532 3850 679 3904 multi
700 3865 760 3922 ac
782 3868 911 3922 pene
936 3850 1112 3906 omnes
1127 3854 1217 3922 qui
1238 3854 1450 3906 hazreses
1470 3853 1653 3919 impias
1670 3852 2034 3913 condiderunt,

452 3930 692 3975 exeuntes
718 3920 791 3976 de
807 3922 1059 3976 catholica
1086 3920 1316 3976 Ecclesia
1339 3964 1353 3987 ,
1379 3932 1424 3976 et
1465 3924 1587 3991 facti
1628 3931 1746 3975 sunt
1777 3922 2039 3974 hieresiar-

452 3992 582 4054 clue,
625 3991 857 4045 meliores
890 3991 1108 4045 habeant
1138 4009 1321 4045 causas
1355 4009 1509 4058 quam
1551 3994 1602 4045 hi
1639 3993 1724 4061 qui
1764 4007 2038 4056 numquam

455 4062 667 4129 fuerunt
688 4061 951 4123 catholici,
974 4077 1091 4115 cum
1116 4062 1171 4114 in
1196 4078 1373 4115 eorum
1404 4065 1609 4129 laqueos
1644 4060 1975 4125 incidissent;
1996 4060 2040 4112 si

454 4130 574 4182 illos
602 4128 973 4183 heresiurchas
1009 4129 1107 4199 hoc
1142 4132 1263 4197 facit
1284 4128 1497 4199 (liberari
1521 4149 1551 4181 a
1577 4132 1830 4199 supplicio
1856 4131 2038 4198 sempi.

452 4211 599 4251 terno
626 4238 642 4264 ,
686 4199 827 4267 quod
868 4200 922 4252 iu
971 4198 1220 4253 catholica
1262 4198 1495 4253 Ecclesia
1541 4198 1781 4264 baptizari
1808 4210 1955 4262 sunt,
1994 4209 2038 4250 et

456 4278 834 4322 sacramentum
872 4272 1101 4338 corporis
1139 4269 1329 4324 Christi
1369 4271 1420 4322 in
1462 4286 1579 4323 vero
1603 4270 1791 4323 Christi
1830 4285 2042 4337 corpore

456 4339 697 4410 primitus
750 4349 1091 4410 acceperunt;
1142 4357 1256 4394 cum
1308 4344 1453 4410 peior
1492 4342 1673 4410 utique
1708 4342 1771 4393 sit
1815 4339 2041 4392 desertor

458 4409 604 4477 ﬁdei,
632 4420 678 4482 et
711 4425 773 4464 ex
794 4409 1052 4466 desertore
1069 4453 1084 4476 ,
1113 4422 1438 4482 oppugnator
1462 4412 1575 4480 ejus
1601 4409 1811 4475 effectus
1835 4452 1850 4476 ,
1890 4426 2043 4480 quam

457 4481 552 4552 ille
572 4481 662 4552 qui
682 4497 785 4535 non
808 4482 1033 4535 deseruit
1054 4481 1208 4550 quam
1229 4498 1505 4552 numquam
1527 4483 1706 4535 tenuit.

533 4549 560 4590 δ
586 4549 708 4604 Ρνο
739 4552 971 4620 veritate,
1006 4549 1289 4621 legendum
1313 4549 1518 4620 putem,
1548 4550 1865 4619 opponenda
1898 4551 2041 4604 enim

459 4622 548 4676 hic
591 4621 797 4677 veritas
826 4623 1016 4687 errori,
1046 4632 1103 4676 ut
1128 4624 1199 4677 sit
1226 4637 1417 4677 sensus
1444 4640 1455 4674 :
1487 4632 1543 4677 tu
1576 4624 1737 4676 fidem
1767 4633 1822 4674 et
1847 4622 2047 4675 verita-

461 4705 570 4747 tem
606 4691 925 4747 catholicam
974 4707 1078 4746 non
1124 4693 1311 4755 tueris,
1347 4709 1524 4762 (quam
1569 4710 1598 4745 a
1648 4692 1943 4756 majoribus
1990 4702 2046 4746 et

462 4763 776 4829 parentibus
820 4762 1097 4830 accepisti,
1127 4778 1247 4817 cum
1288 4761 1439 4818 aliie
1483 4765 1697 4817 diverso
1728 4778 1968 4816 errorem
2012 4778 2043 4815 a

2201 2163 2225 2202 ἀ
2268 2165 2620 2221 Sacramento
2646 2165 2931 2236 baptismi,
2966 2165 3081 2219 sive
3116 2164 3558 2228 regenerationis,
3605 2174 3718 2219 sta-

2131 2238 2227 2289 tim
2258 2236 2639 2291 cucharistiam
2670 2237 2979 2305 subiungit,
3008 2243 3283 2301 spectans,
3318 2237 3529 2302 opinor,
3582 2239 3722 2289 anti-

2128 2322 2293 2375 quum
2325 2321 2533 2362 morem
2577 2308 2864 2377 primitivis
2919 2305 3183 2360 Ecclesia:
3203 2345 3218 2367 ,
3250 2319 3363 2377 quo
3390 2306 3673 2374 baptizatis
3701 2348 3717 2371 ,

2098 2379 2243 2431 ‘sive
2276 2376 2591 2441 infantibus,
2620 2378 2733 2431 sive
2758 2376 2977 2435 adultis,
3011 2391 3131 2429 mox
3163 2390 3193 2428 a
3224 2376 3491 2440 haptisnm
3518 2378 3720 2441 porrigi

2128 2449 2270 2501 solet
2299 2447 2625 2502 eucliaristia
2647 2490 2661 2510 ,
2696 2456 2753 2500 ut
2777 2446 2938 2501 tradit
2968 2447 3027 2498 Β.
3069 2445 3352 2514 Dionysius
3395 2448 3719 2514 Areopagita

2128 2517 2338 2572 duobus
2367 2517 2419 2571 in
2452 2517 2611 2573 locis.
2652 2517 2887 2570 Primum
2919 2517 2971 2569 in
3005 2517 3399 2570 Ecclesiastictc
3429 2516 3715 2569 Hierarclt.

2127 2602 2178 2640 c.
2208 2590 2263 2650 2,
2289 2587 2379 2641 ubi
2426 2588 2863 2641 commemoratis
2916 2586 3109 2640 ritibus
3161 2594 3215 2639 et
3275 2586 3615 2639 czeremoniis
3660 2588 3715 2641 in

2131 2658 2397 2725 baptismo
2441 2656 2686 2712 adhiberi
2744 2659 2940 2721 solitis,
2998 2658 3068 2710 ita
3125 2657 3442 2712 concludit:
3500 2655 3561 2708 In
3610 2656 3716 2721 ﬁne

2128 2739 2298 2781 autem
2328 2728 2576 2790 omnium,
2606 2728 2839 2796 pontifex
2885 2728 2957 2780 ita
3004 2727 3279 2795 perfectum
3313 2727 3379 2777 ad
3418 2728 3718 2778 saeratissi-

2100 2811 2265 2850 ‘mam
2296 2796 2657 2850 eucharistiam
2708 2805 2872 2859 vocat,
2922 2805 3073 2866 atque
3121 2797 3591 2849 consunnnantium
3639 2797 3721 2848 illi

2129 2877 2569 2921 sacramentorum
2625 2868 3033 2920 communionem
3100 2866 3351 2934 Deiﬁcam
3414 2868 3594 2918 tradit.
3663 2867 3719 2920 In

2130 2954 2291 3004 quem
2331 2939 2509 2992 locum
2538 2937 2901 3006 Stapnlensis,
2960 2938 3042 2990 vir
3093 2937 3201 2989 anti
3228 2940 3469 3001 [uitatum
3517 2937 3723 3003 peritus

2136 3009 2315 3071 (Solus
2342 3009 2396 3061 in
2440 3010 2473 3061 4
2502 3009 2626 3061 dist.
2660 3008 2746 3074 12,
2771 3025 2823 3077 q.
2849 3008 2897 3069 1,
2928 3017 3029 3060 art.
3057 3007 3113 3074 9)
3139 3024 3150 3057 :
3176 3006 3490 3069 l’rimitivaa,
3525 3008 3720 3077 inquit,

2137 3079 2393 3133 lii-ciesite
2433 3079 2600 3131 moris
2629 3077 2747 3139 fuit,
2778 3076 3033 3146 purgatos
3056 3085 3243 3130 sancto
3292 3076 3723 3144 regenerationis

2134 3149 2372 3214 lavacro,
2406 3158 2460 3203 et
2495 3148 2763 3215 baptismo
2793 3158 3012 3214 peracto
3041 3148 3370 3199 illuminatos
3396 3187 3410 3210 ,
3472 3148 3538 3199 ad
3587 3162 3721 3200 con-

2133 3230 2499 3271 su'nmantem
2534 3220 2967 3273 communionem
3000 3217 3331 3271 sacrosancti
3374 3218 3624 3282 corporis
3668 3228 3724 3270 ct

2134 3290 2407 3356 sanguinis
2432 3288 2809 3357 Redemptoris
2833 3288 3000 3341 nostri
3030 3302 3246 3349 vocare,
3273 3296 3329 3340 et
3348 3301 3442 3339 eos
3470 3286 3722 3340 altissimi

2138 3359 2376 3426 mysterii
2406 3358 2821 3426 omniaquidem
2856 3359 2944 3410 illa
2973 3358 3403 3412 consummantis
3432 3357 3724 3424 piriicipes

2136 3430 2373 3483 efﬁcere.
2417 3428 2570 3496 Quod
2619 3439 2676 3484 et
2730 3429 2902 3482 adhuc
2947 3428 2999 3481 in
3047 3429 3280 3492 antiquis
3338 3427 3719 3496 mysteriorum

2138 3499 2499 3552 voluminibus
2525 3501 2686 3553 etiam
2714 3500 2780 3553 de
2805 3497 3101 3552 infantibus
3134 3499 3235 3550 hoc
3280 3504 3441 3550 modo
3471 3498 3666 3565 legitur
3707 3515 3720 3549 :

2139 3570 2202 3621 Si
2227 3570 2496 3638 episc0pus
2516 3570 2692 3632 adest,
2725 3571 2898 3621 statim
2924 3568 3220 3636 confirmari
3265 3577 3501 3638 oportet;
3544 3577 3723 3632 postea

2137 3637 2524 3692 comruunicitri.
2562 3638 2845 3708 Episcopus
2891 3639 2933 3691 si
2990 3654 3209 3703 prwsens
3241 3654 3342 3689 non
3372 3637 3549 3706 fuerit,
3579 3647 3725 3689 nute-

2136 3725 2289 3778 quam
2308 3711 2517 3763 lactetur
2535 3710 2730 3775 infans,
2755 3708 3049 3775 autaliquid
3067 3708 3363 3778 gustaverit,
3389 3708 3726 3760 communicet

2138 3777 2517 3850 eumsaccrdos
2558 3780 2622 3832 de
2670 3794 2885 3850 corpore
2924 3787 2971 3830 et
3028 3778 3280 3850 sanguine
3328 3777 3558 3850 Domini.
3608 3789 3727 3829 ante

2144 3848 2354 3905 Missam
2378 3851 2550 3908 etiam,
2573 3850 2618 3902 si
2644 3846 2917 3903 necessitas
2948 3846 3160 3914 ingruit.
3204 3848 3325 3901 lla-0
3356 3848 3466 3901 ille.
3515 3846 3726 3907 Rursus

2144 3920 2284 3971 idem
2332 3919 2620 3989 Dionysius
2647 3918 2891 3985 ejusdem
2922 3920 3041 3972 libri
3074 3934 3121 3971 c.
3154 3920 3183 3970 7
3213 3936 3223 3969 :
3260 3916 3473 3980 Tradit,
3532 3918 3725 3989 inquit,

2141 4006 2299 4055 puero
2325 3988 2502 4043 sancta
2526 3990 2761 4058 mysteria
2789 3989 3046 4059 pontifex,
3085 3997 3139 4039 ut
3170 3989 3445 4059 nutriatur
3468 3988 3521 4039 iii
3569 3988 3725 4059 ipsis,

2143 4076 2303 4122 neque
2322 4062 2478 4113 vitam
2505 4060 2665 4112 aliain
2695 4058 2876 4112 habeat
2904 4060 3004 4111 nisi
3030 4058 3179 4119 hanc,
3208 4073 3323 4127 qua:
3346 4058 3516 4109 divina
3562 4058 3727 4123 inspi-

2142 4131 2243 4182 ciat
2272 4147 2490 4196 semper,
2539 4139 2585 4183 et
2634 4145 2748 4198 quis
2798 4129 3094 4198 hujusmodi
3147 4139 3323 4179 sancta
3368 4128 3729 4198 communione

2141 4202 2402 4269 proﬁciat.
2448 4202 2589 4255 Idem
2644 4197 2807 4254 etiam
2859 4199 3035 4266 quoad
3084 4197 3632 4269 infantescolligitur
3664 4213 3727 4249 ex

2143 4266 2394 4341 sermone
2445 4272 2505 4324 D.
2554 4270 2806 4341 Cypriani
2855 4270 2922 4323 de
2978 4269 3159 4337 lapsis,
3192 4269 3279 4320 tibi
3311 4268 3377 4320 de
3404 4266 3727 4341 quibusdam

2143 4340 2467 4395 Christianis
2497 4337 2687 4411 agens,
2722 4341 2816 4411 qui
2871 4351 3116 4406 tempore
3148 4338 3541 4411 persecutionis
3570 4337 3732 4390 idolis

2147 4411 2516 4477 immolabant,
2537 4408 2623 4463 ait
2653 4409 2884 4463 infantes
2913 4424 3124 4471 eorum,
3154 4409 3243 4476 qui
3268 4409 3332 4460 ad
3364 4408 3509 4459 idola
3550 4417 3733 4473 porta-

2148 4480 2363 4547 liantut‘,
2398 4497 2503 4534 non
2546 4481 2797 4535 amisisse
2839 4480 3104 4545 justitiam
3137 4492 3295 4545 quam
3354 4478 3406 4530 in
3463 4477 3733 4547 baptismo

2147 4545 2538 4620 perceperant:
2574 4550 2746 4617 Quare
2786 4566 2903 4603 cum
2929 4550 3058 4620 dies
3098 4547 3296 4620 judicii
3351 4550 3559 4608 uenerit,
3596 4545 3729 4620 Deo.

2149 4618 2337 4689 inquit,
2368 4623 2534 4674 dicere
2558 4630 2795 4691 poterunt
2821 4636 2836 4672 :
2890 4618 3006 4673 Nos
3030 4618 3174 4691 nihil?
3207 4620 3437 4691 fecimus,
3470 4633 3559 4669 nec
3585 4618 3735 4691 dere-

2147 4690 2270 4746 licto
2323 4694 2455 4755 cibo,
2497 4689 2778 4760 et'poculo
2830 4690 3057 4755 Domini,
3109 4690 3175 4740 ad
3221 4689 3443 4760 profana
3491 4690 3735 4760 contagia

2148 4772 2328 4832 sponte
2353 4758 2753 4832 properavimus.
2785 4762 2913 4827 Quae
2944 4761 3107 4832 verba
3246 4759 3502 4832 Cypriani
3555 4758 3735 4832 citatis

461 4828 756 4900 majoribus
785 4828 1063 4901 acceptum
1101 4833 1372 4888 mordicus
1395 4842 1614 4888 teneant
1641 4848 1702 4886 ac
1726 4832 2040 4897 defendant,
2072 4828 2121 4886 D
2152 4828 2209 4885 lt.
2266 4828 2595 4899 Augustinus
2641 4833 2694 4884 iii
2743 4834 2900 4901 epist.
2929 4832 3002 4885 25
3028 4830 3093 4883 ad
3143 4828 3499 4890 Bonifacium,
3550 4830 3738 4901 subdit

463 4914 700 4972 paternae
726 4903 1076 4958 institutionis
1101 4913 1158 4959 et
1184 4905 1418 4972 exempli
1442 4906 1687 4959 obtentu.

537 4985 559 5013 ε
592 4972 970 5043 Urbissrilicet
985 4972 1620 5043 ConstantinOpoliianzn,
1647 4974 1738 5027 ubi
1760 4974 2049 5028 Cassianus

462 5045 603 5111 apud
652 5042 711 5100 S.
769 5044 1211 5115 Chrysostomum
1257 5055 1627 5100 commoratus
1674 5054 1729 5099 et
1751 5044 2048 5115 honorifice

466 5115 681 5169 habitus
730 5125 836 5181 est,
886 5114 1048 5184 quam
1096 5116 1297 5169 ideirco
1340 5125 1498 5169 vocat
1527 5116 1632 5169 sibi
1660 5126 1965 5182 cognatam,
1995 5114 2046 5166 id

396 5204 400 5209 ν
463 5195 569 5248 est,
597 5184 847 5250 amicam,
876 5185 1194 5239 familiarem
1219 5224 1235 5248 ,
1263 5200 1452 5248 magna
1487 5186 1887 5240 necessitudine
1911 5192 2047 5237 con-

461 5255 736 5322 iunctam;
778 5257 863 5310 cui
897 5256 1092 5309 merito
1122 5265 1177 5310 et
1223 5271 1294 5309 ex
1327 5254 1519 5310 affectu
1550 5256 1711 5310 talem
1738 5254 1883 5308 dolet
1908 5253 2049 5308 obti-

462 5331 608 5393 gisse
633 5337 928 5394 pastorem,
988 5328 1075 5392 qui
1106 5326 1158 5379 in
1192 5326 1377 5394 lupum
1429 5339 1723 5379 conversus
1751 5339 1869 5377 eam
1917 5323 2049 5377 dila-

466 5397 667 5448 niaret:
702 5397 783 5451 vel
804 5408 972 5461 certe,
1001 5409 1235 5465 cogna‘a:
1259 5398 1419 5459 urbis,
1451 5397 1501 5450 id
1534 5404 1639 5456 est.
1670 5394 2046 5460 Antiochense,

467 5465 851 5537 ipsiNestorio
878 5478 1145 5537 cognatze,
1188 5465 1241 5519 id
1269 5477 1373 5537 est,
1407 5466 1524 5534 ejus
1561 5466 1738 5537 altrici
1767 5474 1823 5537 et
1844 5465 2046 5519 educa-

468 5536 612 5599 triei.
664 5536 753 5590 cui
805 5536 967 5591 etiam
1007 5538 1131 5607 jure
1158 5536 1553 5590 condolendum
1585 5536 1685 5589 fuit
1722 5536 1881 5588 talem
1914 5537 2053 5590 obti-

464 5610 606 5673 gisse
632 5607 907 5659 alumnum
953 5624 1014 5662 ac
1053 5608 1262 5672 civem;
1312 5608 1467 5675 cujus
1507 5607 1685 5661 verbis
1714 5617 1768 5659 ct
1799 5606 2052 5662 Ecclesiae

466 5678 717 5731 meminit
738 5678 898 5730 etiam
933 5678 1087 5730 initio
1116 5695 1235 5745 cap.
1268 5680 1544 5745 sequentis
1573 5695 1586 5731 :
1622 5677 1683 5730 In
1713 5693 1831 5741 qua,
1860 5677 2049 5747 inquit,

467 5751 662 5815 eJitus,
696 5749 744 5801 in
777 5762 877 5816 qua
899 5749 1186 5816 institutus,
1219 5751 1269 5802 in
1303 5767 1403 5819 qua
1433 5760 1637 5803 renatus
1660 5764 1730 5801 es.

2148 4902 2308 4955 aliam
2335 4903 2638 4966 historiam,
2673 4902 2741 4956 ab
2767 4902 2956 4956 eodem
2982 4902 3251 4971 Cypriano
3280 4901 3528 4963 relatam,
3562 4900 3739 4965 cujus«

2149 4974 2272 5027 dam
2304 4972 2583 5027 infantulae
2603 4989 2737 5041 quae,
2768 4972 3007 5035 turbatis,
3043 4972 3235 5037 inquit,
3268 4972 3319 5023 in
3342 4975 3515 5039 fugam
3546 4986 3741 5036 paren-

2150 5042 2306 5106 tibus,
2334 5043 2524 5096 nutrici
2554 5043 2821 5105 derelicta,
2850 5053 2897 5095 et
2926 5044 2988 5093 ab
3020 5041 3199 5096 eadem
3238 5042 3497 5094 idolorum
3527 5041 3742 5093 sacrile-

2149 5114 2246 5181 giis
2269 5114 2510 5180 impacta,
2536 5114 2710 5181 postea
2724 5116 2775 5166 iu
2790 5113 3003 5167 ecclesia
3028 5111 3228 5165 illatam
3251 5112 3345 5163 sibi
3368 5112 3740 5164 eucharistiam

2150 5183 2293 5235 miris
2315 5183 2529 5237 motibus
2548 5194 2589 5237 et
2602 5186 2823 5253 gestibus
2844 5181 3137 5249 respuebat,
3159 5184 3300 5253 quia,
3325 5184 3495 5253 inquit
3510 5181 3744 5250 Cypria-

2157 5269 2279 5318 nus,
2308 5254 2361 5307 in
2398 5251 2619 5325 corpore
2640 5264 2809 5325 atque
2840 5269 2925 5307 ore
2964 5255 3153 5305 violato
3188 5251 3500 5325 eucharistia
3538 5267 3746 5325 perma-

2155 5340 2273 5378 nere
2302 5342 2400 5378 non
2431 5323 2613 5391 potuit.
2647 5324 2903 5378 Eamdem
2931 5324 3376 5377 consuetudinem
3403 5323 3745 5375 communio-

2155 5395 2237 5448 nis
2268 5398 2616 5461 parvulorum
2666 5410 2759 5449 sua
2792 5394 2966 5449 adhuc
3017 5402 3172 5447 aetate
3220 5393 3454 5459 viguisse
3510 5400 3746 5445 testatur

2153 5465 2293 5518 idem
2340 5466 2670 5534 Augustinus
2722 5468 2882 5531 epist.
2932 5464 3031 5519 107
3085 5464 3150 5517 ad
3212 5462 3467 5534 vitalem.
3496 5461 3749 5534 Denique

2155 5532 2502 5600 Gennadius,
2554 5550 2647 5591 seu
2697 5537 2942 5605 quisquis
2992 5544 3180 5589 auctor
3227 5533 3296 5587 de
3348 5532 3753 5605 Ecclesiasticis

2160 5607 2526 5671 liogniatibus,
2582 5603 2849 5673 cap—52,
2900 5617 2953 5660 et
2984 5607 3212 5659 refertur
3242 5604 3379 5672 apud
3424 5603 3752 5658 Gratianum

2158 5678 2223 5729 de
2254 5678 2567 5731 Consecrat.
2601 5677 2724 5729 dist.
2778 5677 2811 5728 4
2862 5692 2980 5744 cap.
3027 5677 3087 5729 Si
3114 5677 3243 5743 qui:
3280 5675 3340 5728 Si
3369 5674 3572 5740 parvuli
3599 5686 3752 5739 sunt,

2162 5748 2326 5817 inquit
2357 5748 2605 5819 (scilicet
2641 5747 3023 5819 baptizandi),
3052 5744 3129 5801 vel
3165 5744 3390 5809 hebetes,
3430 5744 3515 5813 qui
3549 5744 3750 5803 doctti~
