4040 6182
264 286 377 343 153

1293 281 1379 336 DE
1420 278 1925 335 INCARNATIONE
1964 280 2235 338 CHRISTI
2276 284 2406 337 LIB.
2451 284 2537 337 Vl.

3454 288 3553 344 15'.

264 396 761 471 regenerationem,
787 393 853 450 ad
883 392 1240 449 Eucharistize
1264 394 1518 463 gratiam,
1552 393 1615 447 ad
1645 395 1857 449 Domini
1890 402 1936 457 Α
1966 412 2071 450 nou
2105 378 2324 452 factum.
2359 390 2475 453 lam
2511 399 2738 468 primum
2769 399 2833 452 ad
2860 399 2976 455 hare
3000 400 3328 469 respondere
3350 410 3401 455 te
3426 418 3557 457 con-

258 489 733 546 eommunionem.
766 485 837 541 Et
868 484 995 555 quid
1023 482 1169 554 plura
1191 483 1213 537 Ἰ
1238 484 1283 539 0
1313 484 1537 538 nimium
1579 486 1759 553 gravis
1812 495 1865 540 i-t

256 585 514 638 luctuosa
563 579 927 651 conquestio!
961 578 1026 632 ad
1059 578 1342 632 ministerii
1392 581 1555 631 etiam
1598 579 1858 645 ollicium,

252 675 321 727 ad
346 672 678 743 presbyterii
703 670 945 736 culmen,
978 670 1044 724 ad
1076 668 1364 724 sacerdotii
1389 669 1729 733 dignitatem.
1766 670 1865 723 Fa-

251 766 362 819 cile
393 764 521 831 hoc,
547 763 733 819 infelix
767 762 937 831 furor,
976 774 1069 816 aut
1094 761 1212 816 leve
1233 775 1353 815 esse
1375 759 1697 814 arbitraris?
1746 761 1861 815 Non

254 855 422 911 vides
446 854 579 924 quid
608 855 827 923 egeris?
863 855 915 909 in
954 852 1094 922 quod
1128 863 1179 907 te
1210 852 1521 905 barathrum
1566 853 1865 921 pratcipita-

257 948 387 1003 ris?
419 947 669 1002 Perdens
705 946 937 1017 symboli
978 944 1160 1010 fidem,
1197 954 1223 982 ἰ
1256 953 1425 998 totum
1474 944 1616 1013 quod
1658 943 1859 1009 fueras,

260 1040 593 1109 perdidisti;
642 1047 983 1094 sacramenta
1031 1038 1175 1093 enim
1210 1038 1497 1093 sacerdotii
1551 1053 1615 1093 ac
1674 1039 1863 1093 salutis

262 1143 369 1188 tuze
399 1133 638 1205 symboli
664 1132 892 1188 veritate
934 1132 1278 1187 constabant.
1306 1131 1517 1201 Negare
1549 1141 1601 1187 te
1631 1140 1864 1186 tantum-

261 1230 427 1283 modo
448 1228 589 1282 illud
618 1228 811 1297 putas?
833 1227 984 1290 Tete,
1016 1227 1258 1295 inquam,
1293 1226 1468 1293 ipsum
1499 1225 1725 1294 negasti.
1754 1224 1860 1279 Sed

262 1335 467 1390 negare
512 1329 566 1374 te
616 1319 843 1374 forsitan
898 1333 1002 1372 non
1058 1328 1237 1387 putas.
1285 1316 1575 1371 Videamus
1630 1316 1860 1388 symboli

262 1420 499 1475 textum,
522 1421 584 1464 ut
609 1410 657 1464 si
686 1424 748 1464 ea
780 1409 913 1464 dicis
942 1425 1063 1477 quae
1100 1409 1271 1478 prius,
1306 1424 1411 1463 non
1453 1410 1735 1478 arguaris;
1775 1409 1859 1463 sin

263 1512 448 1556 autem
479 1501 650 1555 nmlto
672 1502 772 1555 alia
800 1512 857 1556 et
886 1504 1182 1564 contraria,
1208 1518 1315 1556 non
1358 1512 1638 1570 exspectes
1661 1502 1771 1570 jam
1805 1511 1863 1556 ut

260 1610 289 1646 a
317 1609 407 1649 me
436 1594 758 1661 confuteris,
791 1611 911 1650 cum
944 1606 995 1649 te
1028 1606 1080 1650 tu
1105 1595 1221 1664 ipse
1247 1596 1607 1650 damnaveris.
1634 1594 1690 1650 Si
1714 1597 1856 1648 enim

262 1696 320 1739 et
346 1685 498 1739 aliud
526 1700 672 1741 nunc
700 1687 899 1741 asseris
930 1702 1089 1755 quam
1132 1686 1186 1740 in
1219 1686 1470 1757 symbolo
1496 1693 1599 1751 est,
1629 1695 1685 1740 et
1714 1685 1855 1740 aliud

262 1790 427 1844 quam
459 1776 610 1844 prius
642 1778 755 1844 ipse
785 1777 987 1841 dixisti,
1035 1777 1163 1847 quid
1214 1778 1480 1845 reliquum
1512 1787 1618 1842 est,
1668 1778 1769 1832 nisi
1802 1786 1859 1831 ut
1886 1770 1933 1829 B

264 1869 427 1933 nulli,
479 1879 841 1938 praaterquam
895 1870 1014 1935 tibi,
1045 1871 1280 1936 imputes
1331 1871 1854 1925 animadversionem

263 1970 438 2029 tuam,
472 1976 592 2015 cum
624 1960 873 2016 eamdem
929 1975 1050 2035 esse
1098 1960 1285 2016 videas
1324 1963 1647 2016 sententiam
1696 1963 1748 2016 in
1807 1972 1858 2018 te

264 2055 513 2106 omnium
539 2068 698 2122 quam
730 2055 919 2107 tuam‘l
973 2053 1173 2117 Credo,
1207 2054 1378 2122 inquit
1427 2055 1758 2125 symbolum,
1803 2055 1854 2108 in

263 2160 435 2197 unum
468 2144 666 2208 Deum,
696 2143 909 2199 Patrem
937 2146 1383 2214 omnipotentem,
1412 2157 1711 2201 creatorem
1740 2162 1859 2201 om-

263 2238 418 2293 nium
451 2238 743 2293 visibilium
776 2248 832 2293 et
862 2239 1217 2294 invisibilium
1248 2248 1644 2295 creaturarum.
1706 2240 1771 2294 Et
1802 2242 1851 2294 in

269 2330 561 2385 Dominum
587 2330 769 2385 Jesum
798 2330 1095 2396 Christum,
1130 2330 1321 2386 Filium
1352 2332 1470 2401 ejus
1520 2334 1855 2401 unigenitum

268 2422 440 2476 totius
466 2431 750 2489 creaturae,
782 2438 848 2477 ex
879 2438 944 2479 eo
968 2433 1150 2477 natum
1182 2432 1309 2479 ante
1339 2426 1519 2479 omnia
1553 2428 1773 2492 sazcula,
1804 2438 1859 2483 et

1970 489 2115 542 venit
2144 507 2157 541 :
2190 488 2513 544 confitearis
2572 490 2672 545 hoc
2702 490 2768 545 de
2818 490 2945 546 Jesu
2999 492 3215 546 Chrism
3251 492 3341 548 Dei
3374 492 3513 547 Filio
3540 536 3553 555 ,

1966 592 2058 636 aut
2089 584 2297 652 neges?
2347 584 2400 636 Si
2449 583 2747 647 conﬁteris,
2781 600 2910 637 sana
2943 594 3068 639 sunt
3097 586 3298 638 omnia.
3337 585 3430 641 Sin
3457 586 3557 638 mi-

1968 689 2089 735 nus,
2122 674 2394 742 quomodo
2424 689 2566 727 nunc
2604 689 2768 743 negas
2795 674 2939 743 quod
2973 676 3092 743 ipse
3122 685 3246 728 ante
3272 675 3555 730 confessus

1965 772 2068 823 es?
2116 771 2264 841 Elige
2294 786 2424 840 ergo
2477 770 2605 839 quiti
2638 770 2816 834 malis,
2851 770 3076 823 alterum
3105 771 3249 823 enim
3279 786 3309 825 e
3338 770 3551 823 duobus

1965 860 2083 914 ﬁeri
2114 876 2335 915 necesse
2358 871 2461 924 est,
2497 860 2763 914 uteadem
2796 868 2848 913 te
2873 870 2961 913 tua
3012 861 3120 929 ipsa
3167 861 3456 925 confessio,
3504 861 3548 913 si

1966 962 2270 1019 permam-t.
2297 953 2409 1005 snln
2437 952 2661 1016 liberet;
2695 960 2786 1004 aut
2817 952 2860 1004 si
2886 953 3190 1020 negaveris,
3225 952 3393 1021 prima
3421 967 3553 1005 con-

1965 1041 2202 1096 demnet.
2230 1040 2405 1097 Credo
2436 1043 2603 1105 enim,
2637 1042 2821 1096 dixisti
2872 1042 2925 1095 in
2977 1042 3245 1111 symbolo,
3280 1043 3330 1094 in
3362 1043 3548 1097 Domi-

1966 1151 2091 1187 num
2118 1145 2360 1190 nostrum
2393 1134 2575 1188 Jesnm
2623 1133 2897 1187 Christum
2936 1133 3130 1187 Filium
3161 1134 3278 1201 ejus
3303 1134 3551 1202 unigeni-

1965 1235 2076 1281 tum
2114 1238 2168 1281 ct
2194 1228 2609 1296 primogenitum
2637 1228 2803 1281 totius
2831 1232 3115 1281 creaturae.
3140 1225 3200 1282 Si
3243 1226 3550 1295 unigenitus

1964 1326 2019 1373 et
2033 1318 2421 1387 primogenitus
2449 1318 2614 1372 t0tius
2642 1326 2904 1372 creaturae
2942 1318 3198 1370 Dominus
3220 1316 3554 1371 JesusChri-

1963 1420 2097 1475 stus,
2151 1425 2279 1479 ergo
2321 1419 2407 1463 tua
2464 1411 2576 1479 ipsa
2610 1410 2949 1465 confessione
2983 1410 3353 1464 indubitanter
3384 1410 3547 1464 Deus.

1962 1506 2147 1573 Neque
2191 1509 2333 1563 enim
2382 1511 2519 1564 alius
2571 1511 2882 1579 uuigeuilus
2941 1510 3333 1580 primogenitns
3388 1509 3553 1564 totius

1961 1620 2244 1676 creatum,
2269 1612 2369 1666 nisi
2395 1608 2703 1679 unigenitus
2738 1611 2831 1665 Dei
2862 1611 3050 1665 Filius.
3085 1612 3235 1666 Sicut
3280 1611 3552 1681 primoge-

1962 1713 2107 1767 nitus
2144 1723 2532 1780 creaturarum,
2567 1716 2638 1768 ita
2669 1725 2723 1769 et
2752 1723 2965 1769 creatur
2992 1717 3234 1769 omnium
3271 1715 3430 1770 Deus.
3484 1715 3552 1770 Et

1961 1814 2251 1883 quomodo‘
2288 1815 2585 1868 solitarium
2643 1816 2916 1870 hominem
2972 1831 3037 1870 ex
3092 1816 3311 1885 Virgine
3366 1826 3548 1869 natum

1959 1914 2181 1979 asseris,
2208 1930 2364 1984 quem
2393 1916 2557 1969 Deum
2582 1925 2706 1969 ante
2727 1916 2926 1969 saecula
2959 1914 3125 1970 fuisse
3146 1913 3429 1970 c'onfeSsus
3456 1918 3551 1970 es?

1961 2012 2186 2077 Deinde,
2215 2012 2387 2082 inquit
2415 2013 2740 2083 symbolum.
2774 2030 2838 2067 ex
2873 2014 3031 2068 Patre
3055 2023 3235 2067 natum
3270 2026 3395 2068 ante
3425 2031 3548 2068 om-

1960 2111 2049 2166 nia
2080 2113 2297 2175 srecula,
2336 2121 2523 2167 etnon
2557 2112 2784 2167 factum.
2842 2114 2953 2181 lloc
3009 2114 3310 2185 symbolum
3358 2129 3451 2182 per
3497 2123 3550 2169 te

1959 2214 2196 2268 locutum
2222 2223 2325 2277 est,
2351 2213 2454 2267 hoc
2476 2224 2531 2267 tu
2548 2229 2649 2283 per
2673 2215 2975 2284 symbolum
3002 2232 3016 2267 ι
3049 2214 3233 2269 Jesum
3262 2215 3537 2268 Christum

1963 2332 2088 2379 ante
2136 2322 2334 2378 szecula
2360 2338 2426 2377 ex
2459 2322 2572 2376 Deo
2620 2321 2779 2375 Patre
2831 2328 3036 2385 natum,
3085 2328 3140 2373 et
3170 2334 3276 2371 non
3328 2316 3548 2372 factmn.

1964 2428 2231 2500 Numquid
2259 2426 2459 2497 aliquid
2482 2426 2551 2481 de
2582 2424 2879 2495 phantasiis
2903 2424 2985 2478 his
3025 2422 3221 2492 quibus
3251 2439 3392 2476 nunc
3422 2422 3552 2476 furis
3623 2405 3634 2416 ’

1346 2583 1599 2638 ΑιΑῐωι
1641 2585 1875 2640 ϐΑΖιλΕΙ
1912 2585 2474 2643 COMMENTARIUS.

271 2734 391 2771 nam
420 2732 524 2770 non
551 2718 775 2786 capiant,
812 2719 1154 2785 respondeant
1204 2734 1297 2787 pro
1341 2719 1446 2771 illis
1489 2719 1577 2787 qui
1619 2736 1701 2772 eos
1732 2719 1860 2787 οπε-

225 2844 244 2858 ,
269 2799 415 2854 runt,
441 2791 597 2858 juxta
625 2804 816 2841 morem
843 2788 1173 2857 baptizandi;
1202 2798 1252 2842 et
1280 2790 1352 2841 sic
1374 2805 1463 2858 per
1489 2806 1669 2841 manus
1690 2791 1856 2855 impo-

268 2860 514 2912 sitionem
542 2858 816 2930 chrismate
842 2860 1221 2930 communicati,
1254 2860 1576 2930 eucharistia'
1603 2862 1859 2930 mysteriis

268 2930 636 2982 admittuntur.
671 2929 795 2981 llaec
849 2928 944 2981 ibi.
975 2927 1173 2981 Verum
1202 2944 1323 2982 cum
1348 2929 1488 2997 apud
1516 2927 1858 2983 alios'aucto-

269 3014 363 3053 res
402 2998 553 3052 nulla
599 2998 681 3051 vel
712 2998 984 3051 rarissima
1036 2998 1128 3051 liat
1180 2999 1405 3065 hujusce
1455 3001 1860 3054 consuetudinis

270 3070 480 3123 mentio
502 3112 516 3133 ,
551 3070 744 3123 merito
772 3068 1078 3136 suspicatur
1126 3070 1476 3123 doctissimus
1529 3068 1862 3124 Pammelius

272 3141 393 3200 (Ad
422 3139 593 3191 locum
633 3136 881 3208 Cypriani
908 3155 1066 3207 supra
1093 3140 1343 3207 citatum)
1376 3156 1548 3206 neque
1580 3140 1862 3194 universa-

270 3186 388 3262 ἱιῖῖπῖ
406 3186 601 3278 dies,
634 3186 1547 3278 autem?5."it;.‘g.'.;n}.'uista;
1568 3186 1866 3274 anm's‘r-
1894 3186 1939 3248 Ο

274 3280 523 3333 durasse.
554 3277 608 3331 ιιι
636 3279 777 3333 enim
804 3278 1074 3347 aliquibus
1096 3277 1252 3345 locis,
1288 3290 1531 3348 tempore
1564 3283 1861 3348 pra-sertim

274 3350 696 3418 persecutionis,
729 3352 950 3412 factum,
982 3350 1064 3402 vel
1101 3352 1279 3418 potius
1311 3351 1634 3418 permissum
1658 3350 1725 3404 ab
1766 3350 1869 3406 Ec-

274 3421 444 3473 clesia
469 3420 695 3473 credere
734 3436 828 3486 par
854 3427 956 3482 est,
1001 3434 1107 3487 quo
1152 3420 1219 3473 ab
1246 3420 1513 3474 idolorum
1562 3422 1862 3487 sacriliciis,

276 3492 330 3543 in
382 3490 580 3560 quibus
609 3490 808 3560 aliquid
866 3489 1149 3559 idolothyti
1192 3492 1353 3544 etiam
1400 3491 1691 3545 infantibus
1723 3492 1774 3545 in
1804 3508 1865 3547 os

277 3559 447 3629 ingeri
476 3559 709 3623 soleret,
738 3560 987 3614 homines
1017 3562 1186 3629 magis
1213 3562 1679 3615 abstraherentur.
1731 3561 1864 3616 Ces-

277 3639 434 3683 sante
479 3645 611 3684 vero
656 3630 1087 3698 persecutionum
1142 3631 1399 3697 procella,
1450 3641 1503 3684 et
1560 3631 1864 3687 adultarum

280 3700 552 3767 baptismo
596 3701 652 3753 in
702 3700 1111 3754 desuetudinem
1154 3701 1409 3765 abeunte,
1441 3701 1633 3755 merito
1659 3703 1864 3758 sublata

278 3769 365 3822 illa
396 3769 752 3836 consuetudo,
778 3784 905 3841 cum,
928 3770 1049 3825 aliis
1077 3769 1263 3841 itidem
1292 3772 1486 3825 ritibus
1513 3772 1657 3825 circa
1689 3773 1862 3841 bapti-

280 3850 439 3911 latos
479 3839 931 3911 olim_usurparir
961 3840 1168 3908 solitis,
1225 3840 1291 3895 de
1341 3842 1538 3911 quibus
1594 3839 1864 3897 Durantus

282 3909 388 3977 {De
420 3910 577 3963 Ritib.
612 3908 849 3980 Eccles.)
884 3910 973 3965 lib.
1007 3928 1023 3965 ι
1071 3925 1189 3978 cap.
1223 3912 1325 3975 l9,
1358 3908 1479 3966 cum
1509 3913 1645 3965 ratio
1675 3913 1867 3968 doceat

283 3980 513 4050 infantes
541 3996 716 4049 neque
736 3982 1117 4035 eucharistiam
1154 3982 1221 4033 ab
1250 3983 1371 4035 aliis
1400 3984 1536 4036 cibis
1566 3982 1865 4050 dijudicare

280 4063 341 4101 ac
389 4049 724 4115 discernere,
779 4066 949 4119 neque
1004 4052 1068 4103 ad
1117 4050 1265 4105 illam
1318 4049 1685 4119 accipiendam
1744 4069 1861 4107 eam

280 4121 439 4171 animi
484 4122 741 4185 pietatem
767 4131 821 4174 et
842 4122 923 4174 sui
955 4121 1121 4190 ipsius
1170 4122 1562 4189 probationem,
1590 4137 1749 4188 quam
1779 4139 1866 4178 re-

280 4191 441 4254 quirit
467 4192 758 4261 Apostolus
790 4190 846 4259 (l
877 4190 1000 4245 Cor.
1025 4207 1076 4244 ιι
1096 4193 1136 4259 ),
1162 4192 1354 4247 aﬂ'erre
1384 4206 1562 4261 posse.
1592 4193 1862 4249 Caeterum

279 4275 376 4326 qua
401 4270 563 4313 attate
590 4260 891 4328 baptizatus
916 4261 1076 4316 fuerit
1105 4260 1462 4317 Ne~toriusiiu
1488 4263 1725 4318 Ecclesia
1751 4267 1861 4318 An-

282 4331 551 4389 tiochena.
577 4331 770 4396 infans,
797 4347 862 4384 an
889 4332 1126 4397 adultus,
1159 4332 1209 4386 id
1243 4348 1347 4385 non
1380 4334 1599 4388 omnino
1629 4344 1860 4389 constat:

282 4400 448 4473 sedsi
484 4402 815 4468 conjecturis
865 4411 1094 4473 agatur,
1148 4403 1468 4457 crediderim
1524 4404 1702 4473 potius
1748 4406 1861 4473 jam

279 4469 455 4541 adulta
502 4480 664 4524 suate
700 4473 888 4541 fuisse
937 4472 1287 4541 baptizatum.
1341 4473 1394 4525 ld
1442 4469 1583 4528 enim
1639 4469 1863 4529 iunuere

1965 2723 1984 2792 (
2011 2721 2084 2775 De
2116 2722 2343 2792 hmretic.
2375 2722 2482 2786 fab.
2516 2720 2605 2792 lib.
2630 2718 2744 2788 tv):
2773 2720 3044 2792 Omnibus,
3075 2719 3444 2792 inquithnotus
3466 2722 3554 2775 ille

1964 2789 2181 2845 exstitit.
2207 2791 2292 2845 Ex
2304 2791 2741 2846 Germaniciorum
2767 2793 2968 2860 civitate
2988 2790 3005 2860 (
3026 2790 3220 2860 Suidas
3249 2789 3339 2859 [In
3366 2790 3554 2845 Nesto-

1965 2860 2067 2932 rio]
2107 2865 2355 2932 exponit,
2394 2860 2809 2917 chermanicia
2844 2859 2974 2913 urbe
2994 2859 3197 2928 Syrias,
3233 2876 3299 2932 ne
3327 2863 3445 2927 quis
3485 2863 3553 2915 de

1965 2930 2256 2985 Germania
2282 2931 2367 2985 hic
2389 2933 2620 2998 cogitet)
2655 2940 2798 2984 ortus
2835 2932 2986 2983 homo
3017 2932 3131 2990 iste,
3175 2930 3379 2982 cuinam
3406 2947 3554 2983 exer-

1966 3001 2089 3054 citio
2132 3001 2285 3053 initio
2313 3001 2515 3055 deditus
2546 3001 2726 3072 fuerit,
2778 3002 2979 3072 ignoro.
3013 3000 3095 3054 Ea:
3121 3000 3226 3072 alia
3251 3017 3366 3054 vero
3396 3002 3553 3054 aliam

1966 3071 2226 3139 regionem
2257 3088 2562 3143 peragrans,
2592 3071 2750 3123 instat
2776 3071 3107 3141 {Egyptians
3132 3071 3318 3143 plagis,
3351 3072 3553 3143 adma—

1968 3158 2120 3211 gnam
2148 3140 2571 3195 Antiochensium
2596 3144 2815 3207 pervenit
2834 3140 3028 3202 urbem,
3057 3144 3108 3195 in
3132 3159 3231 3208 qua
3258 3140 3553 3211 liberalibus

1970 3210 2164 3264 artibus
2195 3214 2517 3265 mediocriter
2567 3214 2848 3265 instructus
2882 3222 2927 3265 et
2954 3213 3199 3275 imbutus,
3229 3221 3275 3263 et
3317 3210 3555 3277 pulcher-

1968 3284 2101 3333 rima
2131 3292 2176 3335 et
2200 3283 2427 3335 maxima
2451 3284 2700 3349 praeditus
2733 3298 2873 3345 roce,
2904 3284 2956 3334 in
2993 3282 3276 3335 Ecclesium
3311 3280 3404 3333 Dei
3434 3297 3555 3334 cum

1968 3363 2106 3424 certa
2128 3358 2242 3424 ejus
2272 3354 2497 3424 pernicie
2514 3353 2753 3424 irrepsit;
2797 3364 2841 3405 ct
2868 3355 3190 3405 sacerdotum
3235 3367 3447 3424 numero
3492 3370 3555 3404 a—

1966 3422 2209 3491 scriptus,
2233 3422 2411 3493 populi
2441 3422 2538 3475 Dei
2568 3424 2775 3493 regendi
2809 3434 3045 3487 suscepta
3070 3439 3216 3485 cura,
3254 3422 3306 3473 in
3340 3424 3557 3488 ipsomet

1969 3493 2248 3559 principio,
2277 3494 2445 3559 qualis
2476 3494 2529 3545 in
2559 3503 2660 3545 tota
2690 3495 2790 3545 vita
2820 3511 2914 3547 sua
2946 3496 3153 3559 futurus
3198 3502 3347 3555 esset,
3379 3502 3559 3554 aperte

1969 3510 2134 3559 princ:
2176 3510 2248 3555 to,
2312 3510 2445 3547 uatis
2476 3511 2529 3545 m
2559 3510 2660 3545 tata
2690 3510 2790 3545 una
2820 3511 2914 3547 sua
2946 3510 3153 3559 taturus
3198 3510 3347 3555 esset,
3379 3510 3559 3554 aperte

1968 3512 2213 3615 ostendit.
2250 3510 2370 3615 [gon
2402 3566 2535 3617 enim
2561 3564 2840 3630 ingenuum
2882 3564 3034 3616 illum
3060 3574 3106 3614 et
3130 3564 3449 3630 fructuosum
3475 3562 3559 3613 di-

1967 3634 2115 3685 cendi
2142 3636 2492 3687 characterem
2536 3634 2763 3687 imitatus
2795 3644 2888 3695 est,
2923 3634 3008 3699 qui
3045 3632 3310 3683 hominum
3354 3633 3555 3684 animos

1968 3719 2176 3771 pascere
2208 3713 2416 3771 posset;
2463 3705 2549 3757 sed
2574 3703 2642 3755 ad
2675 3706 2977 3771 popularem
3007 3719 3189 3754 auram
3220 3700 3554 3765 declinando,

1968 3783 2014 3843 et
2037 3790 2219 3826 canum
2239 3774 2422 3843 populi
2439 3774 2771 3843 applausum,
2794 3784 2847 3825 ut
2866 3774 3026 3841 quivis
3045 3774 3200 3835 alius,
3222 3774 3549 3843 aucupando,

1966 3842 2207 3896 instabile
2233 3842 2278 3895 et
2307 3845 2559 3913 abjectum
2605 3842 2786 3911 uulgus
2813 3845 2881 3895 ad
2915 3843 2995 3895 sui
3022 3842 3331 3893 desiderium
3380 3842 3554 3913 conci-

1967 3915 2111 3966 tavit.
2144 3911 2374 3967 Sordida
2396 3912 2600 3979 quidem
2626 3913 2837 3966 indutus
2869 3924 3022 3975 veste,
3055 3922 3281 3971 moestus,
3314 3920 3362 3963 et
3388 3911 3551 3963 tristis

1966 3983 2227 4045 incedens,
2261 3987 2489 4051 forenses
2516 3982 2764 4036 tumultus
2808 3984 3064 4047 devitans,
3098 3982 3323 4051 corporis
3352 3980 3556 4050 pallore

1966 4062 2013 4104 et
2040 4055 2200 4106 macie
2244 4054 2605 4106 abstinentiam
2650 4055 2931 4118 simulans,
2965 4054 3110 4107 libris
3136 4053 3277 4105 domi
3302 4060 3351 4103 ut
3385 4052 3553 4114 pluri-

1967 4139 2104 4176 mum
2126 4125 2419 4177 incumbens
2431 4134 2476 4177 et
2499 4125 2743 4187 intentus,
2770 4134 2815 4178 et
2829 4126 2993 4194 quiete
3012 4124 3105 4176 sibi
3125 4124 3316 4183 vimus;
3338 4123 3416 4174 Itis
3430 4124 3554 4174 arti-

1968 4195 2060 4247 bus
2071 4193 2543 4248 etsimulatianibns
2560 4196 2829 4265 plerosque
2842 4193 3102 4247 alliciebat
3131 4194 3199 4245 ad
3221 4195 3301 4246 sui
3324 4194 3553 4245 admira-

1967 4266 2176 4328 tionem,
2203 4282 2463 4333 quousque
2487 4264 2553 4316 ad
2576 4267 2859 4332 graviorem
2890 4266 3114 4333 provenit
3138 4273 3365 4323 (etatem,
3391 4264 3553 4315 videri

1968 4337 2137 4400 potius
2181 4352 2333 4403 quam
2374 4351 2483 4388 esse
2536 4335 2878 4395 Christianus,
2927 4346 2973 4387 et
3006 4351 3155 4386 suam
3203 4335 3369 4400 magis
3399 4350 3554 4400 quant

1965 4403 2155 4459 Christi
2192 4402 2410 4474 gloriam
2448 4420 2701 4472 quarere,
2743 4405 2973 4457 studens.
3011 4404 3136 4456 Haec
3166 4402 3555 4474 A'ljlteodoretus

1967 4474 2033 4527 de
2064 4472 2339 4543 Nestorio,
2372 4485 2425 4528 et
2475 4474 2577 4528 alia
2629 4489 2749 4539 qua:
2776 4483 3095 4542 sequuntur,
3126 4472 3256 4543 alibi
3303 4472 3549 4543 recitata.

280 4539 532 4613 videntur
554 4541 669 4613 haec
684 4540 931 4595 Auctoris
953 4539 1109 4595 verba
1136 4561 1148 4595 :
1189 4541 1253 4595 In
1275 4560 1378 4613 qua
1401 4554 1453 4597 tu
1476 4548 1662 4610 editus,
1687 4546 1739 4597 in
1761 4564 1860 4613 qua
1891 4544 1937 4602 Ι)
1969 4544 2064 4598 Ubi
2094 4539 2477 4600 advertendum
2504 4544 2646 4613 quod
2667 4546 2739 4597 ait
2766 4539 2940 4613 ipsum
2970 4560 3032 4598 ex
3062 4545 3166 4595 alia
3190 4542 3354 4594 aliam
3385 4542 3553 4608 regiu-

277 4609 560 4683 institutus,
594 4611 647 4663 in
675 4620 1016 4683 quairenatus
1059 4629 1129 4665 es.
1179 4614 1233 4666 Id
1280 4609 1383 4676 est,
1430 4615 1484 4668 iu
1532 4632 1633 4683 qua
1680 4609 1855 4675 natus.

276 4679 667 4746 eatechizatus,
690 4679 753 4735 ac
775 4682 989 4736 demum
1023 4683 1320 4750 baptizatus
1343 4699 1421 4738 es.
1465 4679 1617 4751 Quod
1644 4686 1686 4739 si
1714 4688 1862 4739 insti-

277 4757 418 4823 tutus
460 4759 529 4823 et
584 4755 946 4823 catechizatus
1000 4766 1281 4823 antequam
1340 4755 1663 4821 baptizatus,
1710 4765 1857 4811 certe

276 4820 503 4873 ratioais
526 4830 582 4874 et
611 4821 966 4878 institutionis
996 4820 1192 4892 capas,
1222 4840 1327 4878 non
1361 4820 1552 4889 infans,
1585 4828 1677 4879 sed
1700 4828 1857 4879 adul-

277 4897 354 4964 tuf
375 4899 433 4942 et
453 4892 656 4964 meritis
684 4906 923 4964 compos.
978 4894 1224 4964 Alioquin
1258 4896 1525 4949 inﬁrmior
1572 4908 1626 4950 et
1677 4899 1856 4950 minus

272 4959 460 5012 efﬁcax
484 4959 764 5035 videretur
784 4959 897 5017 hac
921 4964 972 5017 in
1000 4959 1302 5019 Nestorium
1334 4967 1619 5029 invecdva,
1652 4982 1755 5035 qua
1778 4970 1858 5021 sic

272 5044 390 5107 eum
417 5032 739 5107 perstringit
752 5035 1090 5107 et_suggill_at,
1117 5038 1255 5104 quod
1280 5052 1309 5089 a
1331 5038 1436 5091 lide
1459 5052 1615 5105 quam
1646 5032 1857 5104 publice

273 5101 321 5151 in
350 5100 681 5175 baptismate
705 5100 976 5169 professus
1005 5100 1179 5159 fuerat
1198 5100 1535 5169 descivisset,
1560 5108 1603 5159 si
1630 5100 1733 5159 non
1764 5123 1859 5175 per

272 5183 350 5245 se,
373 5172 777 5245 Sed‘dumtaxat
801 5189 895 5242 per
921 5189 1048 5228 suos
1075 5188 1344 5242 parentes,
1375 5188 1466 5230 aut
1492 5172 1856 5245 susceptores,

270 5240 443 5313 adhuc
473 5241 655 5313 infans
686 5256 737 5297 et
767 5240 984 5313 ignarus
1014 5240 1087 5298 id'
1116 5240 1470 5313 prmstitisset,
1506 5258 1564 5301 ut
1592 5240 1750 5302 modo
1778 5240 1859 5301 in-l

274 5310 444 5384 tanta
471 5310 829 5384 faciuntdum
864 5310 1218 5384 baptizantur.
1258 5317 1449 5371 Verum
1477 5317 1528 5371 id
1558 5319 1727 5371 multo
1749 5320 1859 5372 cla-

278 5380 382 5433 rius
421 5382 606 5451 colligi
641 5382 854 5438 videtur
874 5380 1325 5450 ex'Thcodorelo,
1373 5388 1417 5440 si
1447 5403 1569 5441 cum
1600 5390 1859 5442 Cassiano

272 5452 605 5505 conferatur.
642 5453 733 5507 Sic
775 5457 917 5509 enim
949 5457 1039 5510 ille
1065 5457 1131 5510 de
1162 5456 1394 5511 Nestorii
1436 5469 1591 5522 ortu,
1623 5460 1857 5513 adventu

274 5521 638 5585 Antiochiam,
668 5526 1007 5593 educatione,
1038 5527 1296 5592 moribus,
1326 5543 1389 5581 ac
1421 5521 1637 5591 studiis,
1674 5543 1737 5582 ac
1769 5530 1860 5583 de-

281 5606 415 5643 mum
468 5595 801 5667 sacerdotio,
833 5606 887 5667 et
935 5612 1061 5650 cura
1110 5598 1288 5665 pepuli
1332 5599 1526 5651 ibidem
1574 5611 1856 5667 suscepta,

282 5672 564 5737 antequam
626 5665 696 5717 ad
767 5665 1137 5733 cpi-collatum
1204 5665 1857 5737 Constantinopolitunum

280 5734 622 5791 eveheretur.
670 5746 1061 5793 commemorat
1109 5738 1162 5793 iu
1194 5739 1421 5809 epistola
1448 5740 1513 5793 ad
1543 5734 1860 5809 Sporadium

1965 4632 2086 4667 nem
2122 4622 2527 4684 peragrantem.
2570 4615 2786 4669 demum
2816 4614 3157 4669 Antiochiam
3191 4613 3506 4679 pervenisse
3535 4649 3552 4675 ,

1964 4685 2019 4738 in
2042 4700 2146 4753 qua
2166 4686 2481 4740 liberalibus
2500 4687 2707 4739 artibus
2729 4687 3005 4739 institutus
3028 4696 3078 4737 et
3097 4686 3352 4746 imbutus,
3375 4696 3554 4753 sacer-

1963 4751 2413 4829 dotiumgtaudem
2441 4766 2721 4829 assecutus
2751 4758 2850 4818 sit;
2882 4760 2949 4829 de
2971 4772 3081 4824 quo
3104 4751 3427 4829 l_tic_me_ntio
3458 4752 3554 4829 ha-

1962 4825 2140 4879 betur.
2170 4826 2323 4891 Quod
2348 4829 2391 4879 si
2425 4829 2477 4879 iu
2503 4828 2836 4881 Antiochena
2863 4828 2995 4880 urbe
3018 4834 3073 4879 et
3104 4824 3345 4878 Ecclesia
3371 4824 3553 4875 conti-

1961 4896 2039 4964 git
2085 4898 2257 4963 ip'sutn
2304 4896 2607 4950 Nestorium
2661 4898 2941 4966 baptizari,
2985 4906 3042 4948 ut
3095 4895 3205 4962 jam
3268 4893 3555 4959 aliquoties

1963 4968 2199 5021 inculcat
2225 4968 2537 5033 Cassianus,
2569 4969 2710 5035 quod
2745 4968 2906 5021 tacuit
2938 4967 3339 5035 'l‘heudoretus,
3362 4976 3556 5016 consc-

1963 5052 2137 5103 quens
2163 5046 2266 5103 est,
2313 5038 2485 5104 ipsum
2510 5033 2622 5107 jam
2670 5038 2722 5091 in
2767 5038 2991 5105 pueritia
3017 5036 3230 5107 saltem,
3259 5033 3345 5107 vel
3372 5035 3555 5107 adole-

1960 5101 2186 5169 scentia,
2240 5101 2359 5175 post
2390 5101 2699 5175 peragratas
2738 5101 2871 5161 alias
2902 5110 3174 5173 regiones,
3207 5101 3549 5175 Antiochiam

1959 5174 2304 5241 adventasse,
2336 5174 2870 5247 ibique'baptismum
2915 5175 3244 5245 pereepisse.
3274 5174 3555 5236 Quomodo

1961 5250 2104 5300 enim
2164 5250 2340 5302 adhuc
2399 5248 2580 5302 infans
2642 5250 2818 5302 varias
2871 5252 3124 5315 regiones
3176 5255 3551 5314 peragrasset,

1962 5319 2271 5387 priusquam
2314 5318 2656 5373 Antiochiam
2686 5319 2937 5373 veniret?

2035 5398 2060 5445 ἐι
2096 5386 2208 5441 {von
2236 5390 2378 5458 Quod
2413 5391 2492 5443 vel
2543 5390 2815 5455 baptismi.
2868 5389 2951 5442 Vel
2980 5386 3429 5450 c‘mﬁr‘mauonis’
3465 5387 3551 5439 νει

1966 5460 2172 5511 ordinis
2196 5460 2552 5514 sacerdotalis
2578 5468 2633 5513 et
2659 5460 2980 5529 episcopalis
3006 5458 3357 5529 characteres
3379 5460 3552 5509 omni-

1966 5546 2036 5582 nu
2062 5530 2380 5585 indelebiles
2406 5531 2645 5585 amiserit
2668 5528 2705 5593 ;⁷
2733 5530 2826 5583 sed
2875 5528 3016 5598 quod
3046 5528 3193 5581 omni
3228 5528 3551 5581 Christiani-

1970 5600 2092 5653 tatis
2122 5604 2313 5653 merito
2334 5612 2385 5654 et
2404 5601 2611 5653 ordinis
2629 5601 2979 5654 ecclesiastici
3017 5601 3217 5651 honore
3240 5613 3302 5652 ac
3326 5614 3551 5653 tuum-re

1970 5686 2028 5723 se
2058 5671 2351 5724 reddiderit
2384 5673 2657 5741 indignum
2688 5682 2743 5725 et
2766 5686 3014 5734 vacuum,
3046 5669 3171 5723 dum
3206 5670 3553 5741 lidctntotius

1971 5742 2391 5797 Christianitatis
2421 5740 2724 5815 symbolum
2764 5752 2818 5799 et
2850 5742 3255 5798 fundamentum
3281 5740 3481 5795 amisit.
