4040 6182
335 262 431 317 157

1365 255 1450 314 DE
1489 259 2001 317 lNCABNATlO-NE
2044 263 2315 321 CHRISTI
2358 264 2483 320 ΗΒ.
2533 265 2595 319 \‘l

3520 276 3615 327 ΓΗ

339 386 497 430 natus
542 372 936 436 tantummodo,
975 386 1078 426 non
1114 372 1285 425 factus
1326 387 1468 434 esse,
1522 374 1768 438 dicatur;
1806 378 1925 442 quia
1958 383 2001 436 Α
2037 380 2366 447 figmentum.
2417 382 2603 436 Dixisti
2638 382 2691 435 iu
2722 383 2971 453 symbolo
3005 399 3189 439 verum
3223 385 3427 452 Deum,
3478 402 3618 441 nune

338 478 523 520 contra
581 465 850 519 rationem
882 464 959 518 rei
993 465 1162 533 ipsius
1199 475 1359 534 atque
1422 465 1683 520 honorem
1736 478 1837 532 «st,
1874 479 1929 523 nt

336 559 502 611 factor
558 557 804 611 omnium
857 558 1060 611 factura
1115 572 1237 611 esse
1287 559 1561 621 credatur,
1608 569 1662 613 et
1682 561 1759 613 sic
1814 562 1927 627 ipse

329 659 519 702 auctor
544 660 850 717 coeptorum
874 648 1113 701 omnium
1146 650 1370 716 emperit
1391 690 1407 711 ,
1437 650 1575 703 sicut
1603 648 1671 703 ab
1701 665 1766 704 eo
1792 666 1927 705 cnn-

327 758 353 796 c
380 758 409 794 a
440 752 752 809 cmperunt.
781 741 845 793 Et
874 740 994 794 ideo
1019 750 1197 803 natus,
1223 754 1329 821 non
1356 738 1528 793 factus
1554 739 1774 807 dicitur,
1798 743 1922 809 quia

326 834 618 902 singularis
667 834 715 887 ei
762 842 845 887 est
875 832 1147 897 nativitas,
1207 845 1311 885 non
1364 829 1565 884 factura
1599 833 1918 885 communis.

328 928 393 981 Et
420 942 542 981 cum
580 928 651 981 sit
680 926 823 981 Deus
857 941 924 979 ex
972 926 1079 979 Deo
1132 934 1311 988 natus,
1341 931 1511 977 tctum
1566 938 1791 979 necesse
1840 935 1922 978 est

326 1018 521 1070 habeat
571 1017 829 1071 divinitas
858 1015 1059 1084 geniti,
1106 1013 1367 1083 quidquid
1414 1014 1727 1085 magnitudo
1751 1029 1917 1082 gene-

324 1110 519 1163 rantis.

928 1178 1155 1233 CAPUT
1198 1176 1308 1232 VII.

324 1268 557 1322 Pirum!
598 1269 651 1320 in
682 1268 857 1320 eodem
904 1278 1201 1389 arglumento
1230 1284 1294 1321 ex
1336 1266 1646 1322 Altior/tetra
1687 1266 1916 1337 symbolo

970 1347 1259 1389 resumpto.

970 1347 1259 1405 desumpta.

387 1473 653 1545 Sequitur
678 1482 857 1527 autem
900 1472 950 1525 in
983 1472 1229 1542 symbolo
1257 1490 1269 1524 :
1306 1473 1470 1526 Deum
1494 1486 1678 1526 verum
1708 1486 1771 1526 ex
1801 1470 1913 1525 Deo

320 1582 471 1631 vero,
508 1566 867 1619 homoousion
898 1563 1067 1626 Patri,
1098 1578 1191 1630 per
1214 1578 1371 1633 quem
1402 1572 1455 1616 et
1484 1562 1676 1616 sarcula
1699 1576 1913 1629 compa-

318 1662 501 1730 ginata
531 1666 678 1721 sunt,
712 1666 766 1710 et
796 1655 975 1709 omnia
1006 1652 1162 1707 facta.
1191 1655 1253 1707 Et
1284 1670 1404 1708 cum
1438 1656 1538 1707 hoc
1569 1663 1737 1706 totum
1760 1652 1911 1706 dixe-

2032 471 2162 525 dicis
2195 471 2472 527 hominem
2507 474 2831 527 solitarium.
2876 476 3163 539 Quomodo
3196 476 3308 529 ha-c
3334 477 3436 529 sibi
3470 490 3617 530 cam-

2034 573 2216 626 petcre
2245 570 2298 614 et
2319 564 2559 631 coaptari
2590 574 2813 631 queunt,
2842 576 2895 617 ιιι
2929 566 3067 617 idem
3098 581 3303 618 summa
3324 568 3392 621 sit
3422 566 3614 627 virtus.

2029 654 2167 706 idem
2195 656 2261 707 sit
2289 657 2399 709 sola
2427 656 2746 721 infirmitas;
2777 655 2916 710 idem
2940 672 3145 710 summa
3172 661 3445 723 maiestas,
3474 659 3613 712 idem

2027 744 2137 797 sola
2192 745 2686 799 mortalitas?Non
2742 749 3066 801 Conveniunt
3096 748 3212 802 lucc
3264 749 3363 802 sibi
3408 752 3457 803 in
3507 767 3615 803 nuo

2026 834 2322 903 eodemque
2354 835 2606 901 Domino,
2637 847 2695 889 ut
2724 838 2970 891 eunnlem
3005 837 3057 891 in
3082 839 3283 891 cultum
3316 851 3367 893 et
3399 840 3450 893 in
3484 856 3612 894 con-

2027 924 2298 977 tumeliam
2326 925 2596 992 dividens,
2627 942 2693 980 ex
2724 938 2875 994 parte
2904 942 3006 997 qua
3040 929 3209 982 mavis
3242 929 3404 983 facias
3436 930 3617 983 hono-

2024 1029 2161 1078 rem,
2197 1029 2262 1068 ex
2296 1024 2447 1083 parte
2478 1031 2581 1085 qua
2623 1016 2793 1069 mavis
2840 1016 3001 1069 facias
3036 1017 3306 1085 injuriam.
3343 1020 3528 1073 Dixisti
3564 1023 3613 1075 in

2020 1106 2289 1174 symbolo,
2317 1122 2438 1161 cum
2470 1118 2867 1161 sacramentum
2899 1124 3037 1162 vetas
3074 1110 3263 1181 salutis
3292 1113 3565 1179 acciperes
3598 1131 3611 1166 :

2023 1194 2307 1252 Dominum
2339 1200 2521 1253 Jesum
2546 1198 2838 1266 Christum,
2881 1202 3047 1255 Deum
3077 1220 3262 1257 verum
3296 1221 3361 1256 ex
3390 1205 3498 1258 Deo
3520 1222 3608 1258 ve-

2017 1304 2100 1353 ro,
2134 1289 2482 1343 homoousion
2517 1290 2683 1355 Patri,
2717 1300 3020 1345 creatorem
3054 1292 3403 1357 surculorum,
3437 1294 3602 1347 faeto-

2018 1396 2131 1434 rem
2179 1383 2441 1434 omnium.
2473 1381 2573 1435 Ubi
2615 1397 2695 1445 es,
2725 1398 2757 1436 o
2800 1382 2989 1437 dolori
3039 1383 3123 1435 ubi
3164 1398 3223 1436 es
3252 1383 3341 1437 ille
3368 1384 3455 1452 qui
3484 1394 3607 1440 tunc

2018 1471 2211 1524 fuisti?
2251 1472 2340 1525 ubi
2364 1472 2449 1524 illa
2486 1472 2661 1526 fides?
2688 1474 2774 1525 ubi
2824 1473 2912 1525 illa
2943 1472 3329 1527 confessio‘Hu
3361 1483 3604 1542 portenta

2017 1578 2157 1617 nunc
2186 1572 2346 1633 atque
2386 1564 2630 1633 prodigia
2672 1565 2913 1618 recidisti
2951 1564 3118 1636 [Lips.
3149 1568 3198 1618 in
3228 1583 3390 1637 marg.
3423 1582 3603 1621 reens-

2012 1652 2176 1723 sisti].
2207 1654 2338 1720 Qute
2367 1664 2417 1709 te
2445 1654 2721 1720 stultitiae,
2771 1670 2891 1724 qua:
2927 1655 3176 1725 amentia:
3224 1657 3605 1724 perdiderunt?

317 1753 423 1813 ris,
456 1759 483 1786 ι·
528 1755 801 1802 memento
828 1745 895 1800 de
923 1745 1152 1798 Domino
1194 1743 1321 1799 Jesu
1363 1743 1579 1798 Christo
1619 1753 1669 1797 te
1712 1752 1903 1796 curcta
1939 1746 1981 1802 Β
2014 1745 2177 1798 Deum
2229 1746 2391 1798 totius
2440 1746 2693 1813 potentia:
2740 1761 2805 1799 ac
2850 1746 3145 1813 majestatis
3194 1746 3259 1799 ad
3310 1746 3602 1800 inanimam

308 1841 535 1897 dixisse.
570 1840 684 1894 Hoc
715 1839 858 1893 enim
891 1839 942 1892 in
973 1837 1220 1907 symbolo
1254 1837 1451 1891 habes:
1504 1834 1739 1890 Credere
1768 1844 1819 1890 te
1851 1837 1903 1889 in

315 1935 605 1987 Dominum
635 1931 823 1986 Jesum
855 1930 1153 1995 Christum,
1186 1929 1377 1983 Filium
1420 1928 1513 1983 Dei
1546 1928 1899 1997 unigenitum,

308 2038 360 2081 et
390 2025 817 2095 primogenitum
849 2024 1011 2077 totius
1040 2032 1325 2076 creaturae.
1354 2021 1419 2075 Et
1442 2029 1563 2090 post
1594 2020 1708 2074 hazc
1738 2026 1902 2087 atque

309 2118 411 2171 alia
446 2135 461 2169 :
504 2118 677 2171 Deum
712 2132 895 2169 verum
928 2131 993 2169 ex
1023 2115 1133 2168 Deo
1178 2114 1692 2175 vero,homoousion
1722 2112 1900 2177 Patri,

309 2225 402 2275 per
422 2223 589 2275 quem
618 2207 883 2261 etsaacula
908 2206 1275 2273 compaginata
1299 2215 1444 2258 sunt.
1472 2205 1751 2270 Quomodo
1772 2220 1899 2272 ergo

307 2298 448 2351 idem
482 2299 622 2352 Deus
650 2305 705 2352 et
727 2312 831 2350 non
878 2296 1040 2359 Deus,
1074 2294 1214 2348 idem
1247 2295 1383 2348 Deus
1424 2304 1477 2348 et
1514 2294 1654 2348 idem
1697 2302 1897 2359 statua,

305 2391 444 2441 idem
476 2388 625 2442 Deus
652 2395 707 2443 et
735 2388 877 2443 idem
910 2402 1172 2456 organum
1202 2388 1222 2438 ?
1273 2386 1386 2439 Non
1418 2386 1751 2441 concordant
1797 2386 1897 2440 sibi

304 2478 445 2542 brc,
470 2494 504 2533 o
534 2479 821 2539 lueretice,
852 2478 902 2531 in
927 2479 1127 2546 aliquo,
1162 2492 1261 2531 nec
1291 2478 1640 2541 conveniunt,
1670 2486 1727 2530 nt
1748 2492 1902 2531 eum-

303 2570 447 2631 dem,
471 2584 593 2621 cum
616 2567 880 2629 volueris,
908 2567 1055 2620 diCaS
1085 2567 1279 2630 Deum;
1315 2582 1433 2620 cum
1464 2567 1721 2631 volneris,
1745 2576 1899 2636 putes

2011 1837 2289 1890 tnateriam
2319 1846 2368 1891 et
2399 1836 2647 1904 figmenta
2690 1837 3020 1890 iuseusibilia
3074 1838 3401 1892 transtulisti
3429 1856 3440 1891 :
3476 1842 3601 1905 pro-

2008 1926 2132 1980 fecit
2166 1926 2569 1980 videlicetfidcs
2598 1936 2687 1978 tua
2719 1936 2983 1994 tempore,
3021 1929 3244 1995 profecit
3269 1937 3449 1991 :etate,
3472 1944 3600 1997 pro-

2008 2018 2133 2073 fecit
2176 2018 2519 2079 sacerdotio;
2554 2016 2580 2054 ι’
2619 2017 2860 2071 deterior
2904 2034 3073 2073 senex
3119 2034 3276 2085 quam
3327 2020 3594 2088 quondam

2010 2111 2293 2179 parvulus,
2350 2124 2492 2162 nunc
2540 2109 2689 2176 pejor
2722 2117 3006 2162 veteranus
3055 2125 3212 2178 quam
3260 2110 3593 2175 tirunculus,

2006 2204 2243 2257 deterior
2264 2204 2553 2271 episcopus
2586 2219 2744 2260 uuam
2779 2203 3037 2269 incipiens
3069 2203 3237 2255 factus
3267 2216 3348 2269 es,
3384 2217 3482 2256 nec
3513 2201 3594 2255 (Ii-

2005 2297 2247 2365 St‘illllius
2275 2306 2554 2365 postquam
2591 2296 2844 2362 magister
2867 2309 2987 2348 esse
3014 2295 3242 2361 cmpisti.

2600 2384 2830 2439 CAPUT
2870 2384 3004 2438 Vill.

2010 2478 2281 2544 Quomodo
2310 2476 2548 2530 Christus
2582 2476 2787 2527 dicaittr
2807 2477 3002 2529 venisse
3021 2486 3066 2529 et
3093 2488 3244 2529 natus
3267 2494 3328 2529 ex
3362 2476 3590 2549 Virgine.

2077 2569 2181 2623 Sed
2206 2569 2483 2623 videamus
2514 2578 2708 2621 cattcra
2739 2582 2855 2635 qua:
2887 2578 3206 2638 sequuntur.
3242 2569 3435 2622 Dicens
3466 2584 3594 2639 ergo

1376 2702 1630 2758 ALARL‘I
1672 2703 1905 2759 GAZIEI
1942 2704 2511 2762 COMMENTAIUUS.

337 2820 490 2874 effari
521 2829 779 2885 creatura,
810 2819 1054 2884 quoniam
1084 2834 1171 2881 per
1196 2818 1361 2887 ipsum
1389 2819 1525 2885 facta
1552 2827 1669 2870 sunt
1697 2819 1887 2871 omnia.

329 2902 379 2944 ta
414 2890 765 2957 Augustinus.
813 2888 1055 2955 Denique
1088 2890 1138 2941 in
1171 2888 1416 2956 symbolo
1460 2888 1698 2951 Niemno,
1748 2890 1891 2941 Con-

300 2960 808 3027 stantinopolitano,
831 2958 915 3011 vel
939 2958 1298 3027 DLCasSiallllS
1323 2969 1498 3022 vocat,
1526 2958 1888 3024 Antiocheuo,

300 3047 403 3085 nec
420 3047 525 3084 non
552 3025 940 3093 Athanasiano,
962 3025 1158 3081 Filium
1186 3028 1279 3080 Dei
1294 3030 1541 3098 genitum,
1562 3045 1659 3081 non
1675 3029 1885 3095 facturn,

299 3101 627 3169 simpliciter
670 3099 1007 3169 confitemur.
1054 3100 1134 3169 Ex
1183 3099 1375 3164 quibus
1424 3100 1584 3152 etiam
1619 3100 1893 3154 concludit

300 3168 508 3226 Auctor
540 3176 641 3225 hoc
673 3170 826 3231 loco,
856 3168 995 3235 quod
1028 3168 1221 3222 Christi
1265 3170 1504 3221 nativitas
1554 3174 1755 3237 [actura
1788 3187 1889 3223 non

298 3246 399 3305 sit,
420 3253 471 3295 et
500 3250 654 3293 natus
679 3241 787 3310 ipse
814 3240 1189 3304 tantummodo,
1223 3255 1323 3310 non
1348 3240 1513 3310 factus
1534 3256 1643 3292 esse
1665 3239 1888 3301 dicatur,

300 3324 406 3367 etc.
440 3312 624 3365 Tertio
656 3309 777 3363 luco
807 3310 1040 3362 notanda
1083 3320 1135 3363 et
1184 3309 1554 3375 amplectenda
1608 3311 1788 3375 regula
1824 3310 1888 3363 D.

300 3380 589 3451 Augustini
619 3380 758 3451 (Lib.
792 3396 807 3433 ι
836 3380 899 3431 de
919 3377 1068 3451 Trin.
1112 3395 1155 3431 ι’.
1190 3380 1328 3451 12),
1375 3395 1476 3451 qua
1524 3380 1627 3433 ait:
1676 3379 1801 3431 Cum
1831 3383 1893 3433 de

301 3449 508 3505 Christo
539 3449 816 3515 loquimur,
853 3449 1287 3518 quidaecuudum
1313 3450 1436 3517 quid
1468 3458 1512 3502 et
1538 3460 1745 3517 propter
1766 3450 1890 3516 quid

300 3525 535 3581 dicatur,
568 3522 793 3590 prudens
822 3530 869 3572 et
896 3519 1144 3591 diligens,
1183 3536 1244 3572 nc
1274 3522 1389 3586 pius
1414 3521 1577 3591 lector
1605 3520 1889 3591 intelligere

300 3593 468 3646 debet.
503 3589 809 3647 Secundum
839 3589 986 3655 quid,
1013 3590 1062 3641 id
1094 3598 1195 3649 est.
1224 3589 1518 3643 secundum
1545 3604 1703 3657 quam
1734 3589 1889 3643 natu-

303 3679 453 3727 ram,
488 3662 727 3715 divinam
760 3675 826 3712 an
862 3660 1169 3714 humanam.
1204 3659 1298 3712 llis
1342 3659 1653 3729 pra-notatis
1688 3674 1887 3727 prOpo-

299 3734 414 3786 sita:
470 3730 758 3801 quarstioui
810 3730 1241 3801 respondendum
1293 3738 1421 3794 est,
1476 3730 1545 3784 de
1599 3729 1735 3801 Filio
1792 3729 1887 3784 Dei

297 3798 571 3870 duplicem
604 3816 727 3855 esse
756 3800 1273 3862 considerationem,
1297 3815 1454 3853 unam
1481 3814 1585 3868 qua
1613 3798 1678 3853 ad
1709 3799 1888 3853 lnear-

298 3869 574 3927 nationem
597 3872 719 3939 ejus
742 3869 1059 3937 respicitur;
1086 3871 1331 3933 alteram,
1355 3884 1457 3936 qua
1488 3870 1537 3922 in
1560 3885 1619 3924 se
1643 3871 1888 3923 conside-

296 3953 478 4020 ratur,
514 3950 725 4020 remoto
766 3940 868 4020 hoc
902 3941 1190 4020 mysterio,
1226 3941 1391 4020 sicuti
1441 3949 1496 3993 et
1541 3947 1665 3993 ante
1706 3941 1885 4020 omnia

297 4014 495 4066 sarcula
526 4012 737 4067 exstitit
764 4010 1068 4079 unigenitus
1102 4010 1191 4063 Dei
1226 4010 1420 4079 Filius;
1453 4024 1557 4075 qua
1598 4010 1883 4079 posteriori

296 4083 734 4137 consideratione
781 4078 1139 4137 contendebat
1186 4084 1341 4133 Arius
1371 4078 1567 4133 Filium
1598 4078 1694 4132 Dei
1736 4094 1880 4133 crea-

296 4162 408 4206 tum
436 4164 579 4215 esse,
612 4154 735 4221 quia
765 4168 868 4206 non
901 4154 1112 4217 genitus
1140 4151 1205 4204 de
1232 4150 1408 4204 Patris
1434 4150 1760 4221 substantia,
1790 4150 1883 4203 sed

293 4223 412 4288 ejus
437 4220 811 4291 omnipOtente
857 4224 1129 4275 voluntate
1184 4231 1394 4291 creatus
1420 4220 1489 4291 de
1515 4220 1684 4273 nihilo
1715 4230 1880 4275 esset.

294 4294 470 4361 Atque
500 4294 550 4347 id
582 4290 660 4347 est
694 4294 746 4346 in
773 4307 880 4361 quo
906 4291 983 4344 illi
1012 4291 1263 4361 hmretico
1287 4290 1380 4344 SS.
1418 4290 1605 4361 Patres
1632 4300 1885 4343 constan—

294 4359 504 4418 tissime
538 4359 878 4425 restitero—nt,
933 4361 1190 4414 docentes
1229 4360 1421 4414 Filium
1468 4359 1559 4414 Dei
1605 4376 1711 4413 non
1761 4376 1883 4416 esse

291 4446 537 4487 creatum
581 4448 609 4484 a
654 4433 839 4496 Patre,
891 4431 983 4485 sed
1026 4445 1089 4484 ex
1121 4431 1232 4485 Deo
1274 4430 1549 4499 genitum,
1599 4445 1698 4485 nec
1743 4432 1883 4485 inter

289 4516 574 4558 creaturas
607 4502 971 4569 deputandum
997 4546 1012 4569 ,
1060 4515 1180 4555 cum
1214 4502 1258 4554 is
1287 4503 1354 4554 sit
1387 4516 1484 4568 per
1512 4516 1669 4569 quem
1700 4503 1879 4555 omnia

1996 2820 2085 2886 qui
2115 2818 2389 2874 Christum
2439 2828 2749 2875 asserentes
2779 2829 3083 2874 creaturam
3113 2866 3125 2883 ,
3159 2837 3263 2873 non
3299 2822 3349 2873 id
3394 2838 3596 2876 secun-

1995 2891 2121 2942 dum
2153 2892 2562 2952 humanitatem,
2593 2888 2687 2944 sed
2716 2892 3010 2944 secundum
3042 2893 3313 2957 propriam
3341 2892 3461 2946 Filii
3492 2894 3588 2947 Dei

1997 2968 2245 3015 naturam
2276 2961 2675 3028 intelligebant;
2706 2961 2854 3026 juxti
2888 2976 3044 3029 quem
3093 2962 3424 3015 intellectum
3473 2980 3585 3017 me-

1996 3032 2231 3097 ritojam
2275 3032 2403 3084 olim
2440 3030 2526 3083 illa
2582 3031 2880 3099 propositio
2910 3040 3180 3098 tamquam
3221 3033 3287 3084 ad
3323 3034 3582 3085 Ariannm

1996 3100 2188 3167 dogma
2221 3102 2515 3168 pertinens,
2542 3116 2571 3153 a
2604 3101 2855 3154 Patrihus
2882 3101 3133 3155 damnata
3167 3112 3281 3156 est:
3322 3113 3411 3156 aut
3438 3114 3587 3156 certe

1998 3172 2048 3241 in
2083 3173 2383 3238 huiusmodi
2414 3172 2899 3238 propositionibus,
2942 3171 3007 3224 de
3038 3187 3263 3241 quartnu
3312 3174 3586 3227 intellectu

1948 3240 1964 3281 λ
2000 3240 2220 3295 haeresis
2259 3243 2550 3311 aliquando
2576 3242 2802 3303 exstitit,
2836 3257 2896 3293 ea
2928 3240 3177 3295 cautione
3219 3245 3494 3304 utendum,
3530 3253 3587 3297 ut

1999 3324 2241 3365 naturam
2267 3312 2333 3365 de
2350 3328 2452 3381 qua
2480 3312 2845 3379 intelligenda:
2868 3323 2989 3364 Sunt
3016 3313 3415 3380 exprimamus;
3444 3317 3583 3381 quod

1995 3392 2048 3434 et
2077 3397 2104 3435 a
2139 3383 2387 3434 f’atribns
2414 3381 2666 3447 factum,
2717 3381 2929 3450 quoties
2960 3381 3407 3449 circumspectius
3440 3384 3582 3450 liqui

1995 3452 2303 3522 voluerunt.
2360 3453 2491 3506 Nam
2544 3454 2902 3522 Hieronymus
2947 3462 3002 3506 et
3070 3452 3391 3507 Ambrosius
3451 3456 3582 3508 locis

1995 3521 2145 3592 initio
2172 3523 2351 3576 citatis
2381 3524 2591 3588 seipsos
2617 3521 2916 3589 exponunt,
2961 3531 3224 3577 te~tantes
3253 3539 3312 3578 se
3346 3525 3487 3592 loqui
3515 3525 3583 3577 de

1992 3591 2208 3646 Christo
2257 3594 2554 3646 secundum
2610 3606 2854 3645 naturam
2908 3603 3255 3660 assumptam.
3300 3591 3582 3648 Postremo

1993 3664 2283 3716 notandutn
2311 3661 2627 3716 Cassianum
2672 3664 2773 3715 hoc
2821 3663 2940 3715 loco
2970 3677 3072 3715 non
3108 3672 3315 3717 temere
3354 3674 3442 3716 aut
3476 3663 3581 3717 for-

1992 3734 2126 3786 tuito
2151 3749 2304 3787 usum
2340 3736 2564 3802 factura:
2605 3734 2823 3785 nomine
2854 3734 3030 3798 potius
3074 3748 3233 3802 quam
3282 3745 3574 3787 creatura).

1990 3805 2122 3855 Cum
2153 3804 2295 3857 enim
2316 3802 2386 3855 ait
2409 3803 2499 3856 Dei
2532 3801 2727 3853 Filium
2750 3818 2851 3853 non
2885 3801 3104 3873 factum,
3128 3812 3377 3873 versutos
3400 3819 3572 3873 quos—

1991 3874 2112 3925 dam
2144 3874 2375 3925 Arianos
2405 3882 2457 3924 et
2486 3885 2671 3924 eorum
2701 3885 2961 3938 sequaces
2987 3871 3335 3927 NestoriauOs
3365 3871 3576 3940 impetit

1989 3956 2051 3995 ac
2102 3943 2305 4010 pungit.
2359 3941 2420 3993 lli
2473 3941 2736 4008 siquidem
2769 3950 3028 3994 creaturae
3074 3956 3261 3996 vocem
3313 3954 3371 3995 ut
3418 3945 3576 3996 nimis

1988 4026 2204 4064 exosam
2237 4022 2288 4064 et
2307 4012 2417 4082 toti
2452 4012 2648 4065 mundo
2683 4012 2932 4074 invisam,
2959 4026 3065 4065 non
3096 4013 3451 4081 ιιειιιριὺιιιιι,
3483 4017 3572 4082 qui

1990 4082 2255 4149 majestati
2298 4081 2678 4149 Redemptoris
2708 4082 2811 4145 sui,
2843 4096 2871 4134 a
2902 4096 3008 4150 quo
3059 4091 3168 4137 tuta
3221 4098 3344 4151 spes
3387 4081 3576 4139 satnt$s

1986 4151 2335 4220 dependeret,
2368 4162 2648 4217 taumpere
2680 4152 2891 4206 detrahi
2924 4167 3030 4205 non
3070 4154 3189 4205 sine
3217 4153 3443 4207 horrore
3491 4156 3570 4209 fe-

1987 4225 2195 4276 rebant.
2232 4222 2413 4292 Itaque
2443 4224 2591 4275 virus
2621 4237 2775 4276 suum
2800 4223 2958 4277 melle
2981 4224 3307 4289 oblineutes,
3340 4226 3567 4278 subinde

1986 4292 2291 4348 fatebantur
2338 4294 2530 4347 Filium
2562 4292 2655 4346 Dei
2690 4308 2794 4345 non
2836 4306 2955 4346 esse
2984 4304 3246 4352 creatum,
3276 4304 3330 4347 et
3356 4307 3567 4348 creatu-

1986 4379 2097 4415 ram
2125 4406 2140 4427 ,
2172 4364 2265 4417 sed
2299 4363 2492 4416 factum
2539 4362 2937 4430 prmdicabant;
2986 4374 3145 4425 atque
3181 4362 3282 4417 hoc
3323 4366 3569 4432 specioso

1986 4433 2138 4486 titulo
2178 4433 2477 4501 signiﬁcare
2507 4433 2762 4485 volebant
2791 4432 3060 4485 Christum
3098 4447 3200 4485 non
3254 4447 3376 4486 esse
3406 4445 3564 4485 uatu-

1986 4508 2149 4557 ralem
2180 4498 2273 4557 Dei
2301 4498 2518 4565 Filium,
2537 4514 2589 4555 et
2620 4502 2786 4555 Deum
2817 4516 3024 4565 verum,
3051 4504 3142 4555 sed
3179 4503 3485 4555 Dciticatnm
3511 4514 3567 4556 et

290 4577 425 4627 facta
458 4582 612 4628 sunt.
656 4573 789 4627 Cum
840 4581 1017 4625 autem
1049 4572 1114 4624 ad
1148 4570 1540 4643 lacurnalionis
1567 4572 1878 4641 mysterium
1911 4584 1961 4643 ι)
1987 4574 2355 4633 essentiatum,
2388 4587 2451 4643 ac
2481 4572 2625 4626 dono
2652 4576 2859 4643 gratia:
2898 4573 2962 4625 ad
2996 4581 3193 4625 tantam
3225 4572 3561 4641 majestatt-m

288 4645 651 4713 respicerent,
680 4659 787 4711 quo
812 4643 952 4696 Deus
971 4642 1147 4713 llOlIIO,
1174 4651 1229 4696 et
1254 4641 1475 4708 proinde
1491 4651 1701 4713 aleator
1722 4656 1844 4695 crea
1862 4674 1877 4683 -

287 4710 403 4766 tura
432 4714 611 4768 factus
642 4710 759 4778 est,
793 4728 899 4767 non
948 4712 1179 4766 absurde
1224 4726 1487 4766 censuere
1536 4710 1726 4765 Filium
1782 4712 1876 4766 Dei

288 4786 469 4837 vocari
499 4794 837 4847 creaturam;
878 4798 1051 4851 neque
1079 4785 1220 4836 enim
1266 4792 1471 4836 tantum
1504 4794 1748 4835 creatura
1787 4791 1879 4835 aut

286 4870 412 4920 pura
443 4862 698 4909 creatura
728 4857 1016 4917 asseritur,
1067 4854 1302 4907 sicutab
1353 4852 1523 4917 Ario,
1575 4851 1667 4904 sed
1718 4854 1876 4906 simul

281 4937 497 4979 creator
542 4934 600 4979 et
637 4933 910 4979 creatura.
958 4922 1225 4978 Cteterum
1252 4923 1373 4988 quia
1408 4922 1724 4990 plerumque
1750 4937 1872 4976 cum

280 5004 531 5049 creatura
578 4995 697 5048 sine
728 4993 1096 5047 additamenta
1145 4992 1376 5053 dicitur,
1424 5008 1599 5060 neque
1652 5002 1877 5061 apparet

280 5064 690 5119 circumstantia
735 5079 854 5129 qua:
884 5065 1080 5118 indicio
1129 5064 1201 5117 sit
1227 5077 1462 5133 quonam
1512 5062 1865 5130 respiciatur,

281 5138 566 5189 consuevit
591 5134 820 5203 intelligi
848 5146 1091 5187 creatura
1116 5148 1237 5187 cum
1256 5133 1565 5203 exclusione
1586 5135 1866 5201 creatoris,

281 5205 332 5257 id
360 5215 464 5270 est,
495 5220 561 5258 ea
592 5219 712 5273 qua:
756 5202 883 5271 pura
918 5204 989 5256 ρίι
1037 5214 1324 5268 creatura;
1358 5220 1422 5255 eo
1471 5202 1531 5256 ﬁt
1562 5212 1619 5256 ut
1666 5205 1867 5271 passim

279 5287 438 5343 Itque
463 5276 667 5328 usitate
700 5289 873 5342 neque
903 5274 1155 5341 expediat
1200 5288 1375 5342 neque
1411 5274 1691 5327 conveniat
1714 5274 1869 5326 Chri-

280 5360 419 5397 stum
446 5361 646 5400 vocare
678 5356 999 5405 creaturam,
1028 5345 1117 5413 qui
1168 5345 1344 5411 pmius
1373 5358 1469 5409 pro
1516 5358 1644 5407 sua,
1680 5344 1729 5396 in
1765 5360 1866 5407 qua

280 5418 502 5481 chualis
532 5427 617 5470 est
666 5414 835 5473 Patri.
886 5415 1238 5478 excellentia,
1292 5415 1554 5468 creatoris
1607 5414 1867 5467 vocabulo

280 5485 645 5540 honorandus.
675 5486 1066 5540 Abstinendum
1097 5486 1276 5554 itaque
1302 5485 1369 5537 ab
1392 5483 1696 5538 istiusmodi
1746 5500 1862 5537 ser-

279 5570 434 5611 tnoue
458 5556 660 5611 merito
687 5567 914 5609 censent
943 5556 1050 5609 DD.
1085 5556 1156 5609 ob
1186 5556 1388 5611 erroris
1420 5564 1475 5608 et
1506 5555 1741 5623 perversi
1779 5556 1861 5607 in-

282 5629 522 5683 tellectus
577 5627 906 5696 periculum,
964 5641 1031 5679 ne
1088 5642 1208 5679 cum
1251 5625 1463 5679 Arianis
1516 5626 1721 5677 seruire
1771 5634 1862 5677 aut

282 5701 576 5755 communia
606 5698 796 5753 saltem
827 5713 948 5751 cum
984 5696 1089 5751 illis
1120 5696 1322 5752 habere
1365 5696 1525 5750 verba
1560 5696 1853 5760 videamur,

1984 4656 2226 4697 evecutm
2254 4685 2269 4709 ,
2315 4650 2374 4697 ut
2412 4642 2554 4696 Deus
2610 4642 2901 4695 diceretur.
2958 4644 3075 4707 Quo
3103 4648 3263 4697 etiam
3315 4654 3565 4711 spectans

1982 4712 2382 4787 A‘th‘jnasius‘in
2415 4712 2680 4787 symbolo,
2714 4712 2971 4787 distincte
3009 4722 3063 4767 et
3102 4714 3302 4782 absque
3332 4716 3562 4787 tautoloj

1981 4783 2063 4853 εἰει
2086 4785 2215 4865 dixit
2247 4782 2455 4837 Filium
2486 4782 2578 4837 D'ei
2628 4798 2733 4837 nun
2788 4784 3005 4845 factum,
3037 4798 3134 4837 nec
3173 4792 3433 4847 creatum,
3467 4784 3561 4837 sed

2017 4866 2240 4911 emtum.

1980 4870 2261 4992 μζ]ηὸῗίἶί
2294 4925 2435 4978 enim
2488 4922 2655 4976 refert
2704 4936 2995 4992 pronomen
3054 4924 3333 4978 relativum
3381 4924 3467 4991 qui
3507 4934 3561 4978 et

1975 4990 2167 5064 quem,
2203 4996 2300 5047 nisi
2332 4994 2495 5064 Deum
2536 5008 2707 5045 verum
2738 4994 2800 5045 de
2831 4990 2938 5046 Deo
2957 5010 3097 5059 vero,
3131 4990 3437 5064 immediate
3461 5010 3555 5047 no-

1977 5063 2456 5131 minatum‘lquod
2491 5076 2542 5116 et
2591 5065 2959 5130 grammatici,
3006 5065 3169 5117 inuno
3219 5063 3397 5116 idiotze
3452 5080 3556 5117 nou

1976 5134 2241 5197 ignorant.
2271 5134 2381 5188 Cur
2407 5135 2565 5201 igitur
2612 5132 2793 5185 .Iesum
2827 5133 3005 5197 solvit,
3039 5143 3094 5186 et
3120 5136 3171 5187 in
3201 5134 3337 5187 duos
3362 5133 3556 5186 dividit

1974 5204 2273 5269 Nestorius,
2302 5214 2357 5257 et
2385 5204 2436 5256 in
2462 5219 2567 5256 uno
2590 5202 2885 5270 eodemque
2906 5213 3156 5257 contextu
3178 5203 3405 5270 symboli
3437 5218 3557 5271 par-

1974 5286 2083 5327 tem
2117 5277 2227 5341 uni,
2261 5284 2466 5338 partem
2497 5274 2649 5326 alteri
2683 5273 2900 5337 tribuit,
2955 5289 3073 5340 qua!
3102 5276 3165 5327 ad
3199 5288 3362 5326 unum
3400 5291 3553 5328 cum-

1973 5344 2204 5408 demque
2230 5345 2325 5399 Dei
2354 5343 2550 5397 Filium
2580 5342 2858 5395 manifeste
2882 5343 3187 5397 referuntur
3214 5343 3237 5396 ἲ

2043 5415 2068 5452 δ
2102 5416 2377 5479 l’arvnlns,
2408 5428 2511 5466 nou
2538 5422 2714 5465 tamen
2747 5412 2945 5475 infans,
2976 5424 3033 5465 ut
3059 5415 3272 5477 Opinor,
3303 5414 3395 5467 sed
3425 5416 3551 5467 adu.

1974 5485 2201 5547 lesceus,
2226 5493 2317 5537 aut
2358 5498 2490 5551 puer
2511 5483 2737 5536 rationis
2769 5496 3011 5549 compos,
3042 5499 3161 5537 cum
3193 5485 3552 5553 baptizaretur

1972 5556 2618 5673 pit/tidem!.prplitcretur,
2649 5562 2703 5603 ut
2735 5554 2981 5620 superius
3007 5557 3404 5622 ostensude
3433 5573 3549 5623 cap.

2048 5643 2180 5673 mm:
2226 5642 2238 5673 1
2333 5664 2342 5673 .

1968 5628 2002 5679 6
2032 5627 2180 5696 Imjm
2208 5626 2342 5693 (ibi).
