4040 6182
434 253 538 313 159

1757 248 2039 305 JOANNIS
2076 245 2384 304 CASSIANI

3602 247 3700 302 160

432 370 768 442 symbolum:
791 366 1078 423 Dominum
1100 365 1289 422 Jesum
1317 363 1612 428 Christum,
1637 361 1804 418 Deum
1831 377 2016 417 verum
2045 369 2094 423 Α
2121 369 2240 416 erat
2268 367 2556 430 suppetere
2581 366 2786 428 poterat
2819 367 2877 414 ut
2911 358 3136 416 veniret.
3166 359 3339 416 Homo
3359 369 3539 416 autem
3585 372 3716 418 ante

432 480 500 519 ex
546 463 658 518 Deo
687 475 837 529 vero,
873 457 1442 524 homouusion'Patri,
1495 473 1590 526 per
1619 472 1778 526 quem
1824 455 2017 511 saecula

435 553 808 625 cempaginata
832 562 979 619 sunt,
1011 561 1065 608 et
1094 553 1275 606 omnia
1315 550 1449 606 facta
1473 591 1489 616 ,
1535 551 1634 605 hoc
1675 549 2018 619 inseparabili

437 648 620 704 statim
653 639 990 702 connexione
1035 645 1329 715 subjunxit.
1364 644 1463 712 Qui
1512 653 1730 714 propter
1775 659 1892 710 nos,
1940 643 2020 698 in-

437 737 575 806 quit,
605 738 780 802 venit,
810 745 864 791 et
886 746 1041 792 natus
1069 746 1152 792 est
1181 751 1245 790 ex
1277 736 1436 790 Maria
1469 735 1692 806 virgine.
1733 736 1827 791 Ille
1856 752 2012 805 ergo,

434 833 527 902 qui
561 847 719 886 verus
754 832 912 899 Deus,
965 833 1052 902 qui
1099 830 1444 884 homoousios
1475 829 1640 894 Patri,
1684 830 1774 900 qui
1811 839 2022 885 creator

436 923 782 988 sa~culorum,
815 923 904 993 qui
937 922 1109 978 factor
1134 926 1410 988 omnium;
1454 923 1564 986 ille,
1606 926 1846 992 inquam,
1874 923 2024 978 venit

436 1016 490 1068 itt
525 1015 785 1068 mundum
809 1055 824 1079 ,
855 1025 910 1070 et
938 1024 1096 1070 natus
1138 1030 1205 1070 ex
1234 1015 1398 1069 Maria
1441 1016 1676 1085 virgine;
1725 1017 2020 1071 secundum

435 1104 567 1159 illttd
599 1105 806 1160 scilicet
832 1105 978 1160 Pauli
1026 1107 1294 1175 apostoli:
1345 1106 1408 1159 At
1453 1107 1540 1159 ubi
1579 1108 1710 1160 venit
1757 1107 2022 1171 plenitudo

436 1209 739 1266 temporum,
759 1200 895 1252 misit
926 1197 1066 1253 Deus
1088 1199 1288 1253 Filium
1307 1217 1455 1252 suum
1479 1202 1672 1268 factum
1699 1215 1764 1253 ex
1789 1201 2020 1268 muliere,

435 1291 632 1360 factum
657 1293 750 1346 sub
781 1293 890 1362 lege
921 1292 1117 1362 (Galat.
1150 1292 1247 1363 tv).
1283 1293 1443 1348 Vides
1473 1293 1744 1363 quomodo
1780 1293 2023 1364 Scriptu-

439 1383 515 1436 ris
541 1385 715 1438 sacris
741 1386 969 1456 syntboli
1005 1395 1339 1440 sacramenta
1371 1389 1745 1442 conveniunt?
1793 1389 2025 1460 Aposto-

440 1477 523 1530 lus
552 1475 746 1530 Filiunt
789 1477 883 1532 Dei
911 1479 1133 1532 missum
1158 1495 1188 1531 a
1220 1478 1376 1534 Patre
1409 1480 1685 1548 praedicat,
1715 1482 2020 1552 symbolum

442 1567 654 1622 venisse
680 1569 983 1624 conﬁrmat.
1005 1569 1117 1625 Hoc
1142 1570 1286 1625 enim
1307 1580 1426 1625 erat
1445 1587 1782 1642 consequens
1811 1573 2020 1643 utique,

441 1667 502 1712 ιιι
531 1675 691 1729 quem
722 1660 944 1715 missum
968 1662 1257 1731 Apostolus
1284 1661 1595 1726 edocuerat,
1630 1663 1764 1718 lides
1794 1663 2022 1720 conﬁte-

2124 460 2448 520 conceptunt
2479 451 2702 506 omnino
2741 465 2849 504 non
2881 449 3004 517 fuit;
3037 466 3171 521 ergo
3201 451 3254 505 in
3287 465 3346 507 se
3392 467 3500 506 non
3527 452 3716 507 habuit

2123 555 2181 600 ut
2227 544 2411 600 venire
2449 545 2638 614 possit.
2692 544 2862 599 Deum
2901 558 3033 614 ergo
3081 543 3296 599 venisse
3337 552 3542 599 certum
3583 554 3708 612 est,

2126 647 2151 686 ε
2181 639 2270 693 cui
2299 640 2349 692 in
2377 648 2602 707 utraque
2634 653 2693 693 re
2723 638 2996 707 proposita
3024 647 3078 692 et
3109 653 3230 693 esse
3261 639 3499 709 suppetit
3524 652 3579 694 et
3617 654 3715 694 ve-

2125 730 2266 790 nire.
2299 730 2400 795 Qui
2433 731 2618 799 utique
2667 740 2721 784 et
2747 714 2872 799 quia
2903 738 3020 785 erat
3061 730 3240 796 venit;
3288 741 3344 787 et
3372 731 3494 800 quia
3525 731 3714 787 venire

2125 835 2340 890 semper
2363 822 2557 890 potuit,
2591 835 2807 890 semper
2842 821 2961 876 fuit.

2741 971 2968 1030 CAPUT
3012 973 3083 1028 IX

2128 1088 2326 1143 Rursus
2357 1088 2707 1141 adversarium
2735 1103 2921 1159 exsua
2948 1088 3109 1159 ipsius
3136 1088 3454 1156 confessione
3483 1088 3714 1159 pestiferi

2662 1158 2849 1212 erroris
2888 1158 3172 1228 redarguit.

2198 1295 2303 1352 Sed
2332 1295 2460 1366 quid
2505 1294 2572 1350 de
2599 1295 2762 1350 verbo
2803 1305 3268 1364 argumentamur,
3312 1309 3434 1350 cum
3481 1310 3570 1350 res
3597 1297 3714 1352 elu-

2129 1389 2323 1443 ceant?
2348 1399 2401 1442 et
2429 1389 2481 1442 in
2521 1386 2751 1459 symboli
2785 1395 2931 1441 textu
2953 1386 3155 1455 judicia
3186 1401 3365 1442 rerum
3393 1388 3714 1458 quaerimus,

2126 1499 2247 1538 cum
2279 1482 2394 1552 ipse
2423 1483 2475 1536 in
2500 1496 2566 1536 eo
2595 1481 2667 1537 sit
2690 1495 2872 1536 sermo
2897 1479 3109 1535 rerum?
3139 1479 3467 1550 Bepetamus
3493 1480 3713 1536 confes-

2126 1576 2332 1629 sionem
2363 1573 2625 1646 symboli,
2659 1583 2712 1628 et
2741 1583 2916 1639 tuam;
2952 1582 3041 1627 tua
3064 1573 3206 1627 enim
3231 1588 3351 1642 quze
3382 1573 3548 1639 illius,
3581 1575 3709 1645 quia

2126 1665 2519 1721 confessionem
2552 1664 2699 1718 illius
2723 1675 2868 1718 tuam
2894 1663 3205 1719 conﬁtendo
3237 1664 3433 1729 fecisti,
3464 1673 3522 1719 ut
3551 1665 3712 1719 intel-

441 1760 596 1805 retur
615 1760 796 1806 nostra
822 1753 1050 1806 venisse.
1104 1753 1307 1808 Deinde
1348 1753 1641 1822 Apostolus
1671 1757 1773 1820 ait,
1803 1771 1867 1810 ea:
1905 1773 2022 1810 mu-
2055 1744 2102 1803 Β
2127 1759 2261 1830 ligas
2287 1757 2694 1828 praevaricatum
2728 1765 2781 1810 te
2809 1772 2915 1809 non
2943 1763 3149 1810 tantum
3179 1771 3207 1808 a
3233 1755 3506 1826 symbolo,
3541 1754 3635 1810 sed
3657 1764 3714 1811 et

439 1843 566 1896 (iere
583 1844 814 1912 factum;
837 1845 1138 1915 symbolum
1167 1856 1370 1911 autem,
1395 1863 1460 1900 es
1480 1847 1640 1902 Maria
1661 1858 2024 1918 procreatum.

441 1934 692 1988 Advertis
725 1937 906 2004 itaque
936 1935 1079 2003 quod
1105 1935 1217 2002 ipsa
1259 1937 1310 1990 in
1346 1939 1596 2008 symbolo
1627 1939 1905 2010 Scriptura
1947 1940 2024 1994 lo-

439 2025 640 2092 quitur,
670 2039 698 2078 a
732 2041 835 2094 qua
862 2026 1165 2096 symbolqu
1191 2027 1364 2095 ipsunt
1397 2042 1456 2083 se
1482 2029 1831 2084 descendisse
1863 2039 2027 2083 tcSta-

439 2125 546 2169 tur.
597 2118 740 2172 Bene
785 2127 961 2174 autem
1009 2121 1330 2188 Apostolus,
1377 2121 1602 2190 factum,
1651 2121 1928 2191 inquiens,
1963 2138 2026 2175 ea:

438 2210 696 2277 muliere;
732 2221 756 2248 ⁸
789 2211 986 2267 factum
1035 2228 1132 2283 pro
1181 2225 1306 2268 nato
1356 2215 1553 2283 posuit,
1604 2215 1772 2268 divini
1821 2215 2022 2284 eloquii

433 2304 852 2370 consuetudine,
877 2319 979 2372 qua
1003 2303 1174 2358 foetus
1199 2321 1294 2372 pro
1324 2317 1450 2359 nato
1468 2307 1702 2373 ponitur,
1727 2308 2026 2362 secundum

439 2396 610 2450 illud:
644 2395 670 2434 ι’
705 2395 811 2450 Pro
839 2399 1071 2467 patribus
1101 2399 1200 2451 tuis
1229 2399 1354 2467 [acti
1379 2408 1495 2452 sunt
1531 2400 1617 2453 tibi
1645 2401 1742 2468 {illi
1781 2399 2023 2470 (Psalm.

440 2489 611 2558 κων).
633 2488 728 2543 Vel
753 2491 879 2544 illud
903 2508 916 2542 :
944 2501 964 2528 ε
995 2489 1306 2559 Priusquam
1330 2492 1590 2544 Abraham
1613 2494 1775 2559 ﬁeret,
1799 2510 1892 2564 ego
1912 2511 2024 2547 sum

437 2579 621 2648 (han.
645 2578 782 2656 viti).
817 2581 874 2636 In
907 2597 1013 2648 quo
1045 2582 1253 2636 scilicet
1296 2583 1577 2637 evidenter
1618 2584 1821 2638 dixisse
1853 2585 2025 2639 nosci-

441 2678 567 2722 tur:
601 2669 921 2736 Priusquam
959 2684 1293 2738 nasceretur,
1322 2687 1422 2742 ego
1449 2686 1608 2736 sum;
1653 2672 1773 2727 facti
1807 2676 2025 2730 nomine

439 2775 554 2814 rem
583 2747 878 2816 nativitatis
921 2761 1247 2828 ostendens,
1276 2760 1304 2798 ἀ
1333 2763 1458 2832 quia
1507 2763 1852 2818 efficientiam
1898 2763 2022 2818 facti

439 2851 602 2908 habet
643 2853 902 2924 quidquid
937 2869 1041 2909 non
1089 2855 1292 2925 indiget
1323 2865 1380 2910 ut
1409 2857 1518 2912 liat.
1549 2856 1648 2922 Qui
1680 2864 1901 2926 propter
1927 2872 2024 2911 nos

438 2961 588 3016 ergo,
625 2945 817 3016 inquit,
844 2948 989 3003 venit
1010 2958 1065 3004 et
1093 2957 1251 3003 natus
1285 2959 1368 3004 est
1409 2964 1475 3004 ex
1512 2950 1674 3005 Maria
1709 2949 1932 3020 virgine.
1966 2951 2023 3006 Si

443 3036 604 3090 Itumo
637 3037 917 3093 solitarius
943 3053 1008 3093 es
1043 3040 1207 3094 Maria
1239 3047 1396 3094 natus
1440 3050 1544 3105 est,
1575 3057 1675 3095 cur
1705 3043 1916 3097 venisse
1944 3041 2027 3096 di-

2125 1867 2153 1904 a
2185 1861 2254 1905 te.
2299 1849 2472 1904 Credo
2501 1864 2650 1920 ergo,
2681 1848 2853 1918 inquit
2880 1847 3205 1918 symbolum,
3247 1847 3298 1901 in
3331 1862 3496 1901 unum
3529 1847 3707 1901 solum

2123 1958 2309 1996 verum
2368 1941 2569 2005 Deum,
2622 1939 2835 1994 Patrem
2893 1939 3356 2007 omnipotentem,
3408 1949 3713 1994 creatorem

2124 2032 2364 2088 omnium
2394 2030 2683 2085 visibilium
2711 2039 2766 2084 et
2790 2027 3133 2083 invisibilium
3164 2037 3556 2092 creaturarum;
3581 2037 3636 2082 et
3658 2029 3712 2081 in

2126 2123 2416 2178 Dominum
2445 2122 2628 2178 Jesum
2659 2120 2933 2176 Christum
2964 2120 3160 2174 Filium
3192 2119 3310 2188 ejus
3351 2118 3710 2187 unigenitum,

2125 2227 2180 2273 et
2211 2219 2622 2287 primogenitum
2658 2216 2822 2271 totius
2861 2225 3158 2279 creatur-re;
3187 2229 3253 2268 ex
3280 2228 3344 2268 co
3373 2223 3554 2268 natunt
3585 2225 3714 2268 ante

2125 2311 2305 2366 omnia
2333 2311 2549 2376 smenla,
2586 2320 2638 2367 et
2666 2324 2770 2364 non
2805 2309 3040 2370 factum;
3081 2307 3247 2362 Deum
3273 2301 3466 2361 verum
3497 2322 3562 2362 ex
3601 2308 3713 2360 Deo

2127 2419 2276 2468 vero,
2303 2402 2656 2456 humoousion
2713 2401 2888 2464 Patri,
2936 2414 3031 2468 per
3061 2415 3218 2468 quem
3249 2411 3301 2454 et
3324 2399 3520 2454 smcula
3549 2413 3710 2452 com-

2129 2496 2373 2566 pagiuata
2397 2503 2544 2560 sunt,
2571 2504 2625 2547 et
2650 2493 2830 2547 omnia
2851 2490 2989 2546 facta
3012 2508 3026 2555 ;
3051 2492 3140 2559 qui
3171 2500 3391 2560 propter
3415 2505 3511 2544 nos
3539 2490 3710 2554 venit,

2128 2597 2182 2641 et
2212 2598 2367 2640 natus
2393 2595 2474 2640 est
2502 2599 2567 2640 ex
2596 2584 2763 2638 Maria
2794 2583 3022 2653 virgine.
3057 2583 3286 2652 Propter
3308 2597 3406 2636 nos
3434 2596 3582 2651 ergo,
3618 2582 3707 2635 itt-

2128 2678 2243 2747 quit
2263 2676 2588 2746 symbolum,
2612 2675 2872 2729 Dominus
2894 2682 3076 2728 noster
3093 2673 3250 2728 Jesus
3277 2672 3522 2727 Christus
3541 2673 3711 2736 venit,

2128 2779 2182 2825 et
2212 2779 2369 2824 natus
2397 2778 2480 2824 est
2519 2784 2583 2824 ex
2618 2768 2780 2822 Maria
2809 2767 3036 2836 virgine,
3083 2776 3136 2822 et
3168 2766 3462 2821 cruciﬁxus
3499 2775 3581 2820 est
3611 2765 3716 2818 sub

2131 2861 2323 2916 Pontio
2352 2860 2544 2925 Pilato,
2578 2871 2632 2914 et
2670 2860 2935 2928 sepultus,
2980 2867 3037 2914 et
3075 2857 3372 2913 resurrexit
3411 2857 3714 2912 secundum

2130 2951 2460 3022 Scripturas.
2489 2949 2742 3005 Conﬁtcri
2774 2950 2875 3005 hoc
2904 2949 3176 3004 Ecclesiae
3204 2965 3309 3003 non
3351 2949 3544 3018 pudet,
3578 2963 3716 3018 apo-

2131 3043 2299 3098 stolos
2344 3042 2638 3112 praedicare
2669 3057 2775 3095 non
2810 3041 3019 3110 puduit.
3060 3039 3138 3094 Tit
3169 3040 3313 3110 ipse,
3347 3049 3434 3102 tu,
3469 3040 3720 3108 inquam,

439 3128 626 3181 citur?
657 3129 838 3198 Neque
861 3131 1006 3184 enim
1037 3133 1183 3186 venit
1227 3132 1328 3186 nisi
1359 3132 1449 3200 qui
1483 3133 1643 3189 habet
1674 3134 1726 3188 id
1759 3134 1934 3203 ipsum
1969 3137 2020 3190 in
2054 3122 2098 3182 C
2133 3135 2274 3204 ipse,
2297 3133 2451 3202 cujus
2477 3149 2616 3187 nunc
2637 3133 2812 3186 omnis
2830 3147 2933 3185 Vox
2954 3131 3292 3200 sacrilegium
3325 3139 3429 3195 est,
3462 3131 3552 3200 qni
3583 3129 3717 3186 nihil

439 3222 673 3275 essentia
716 3231 775 3276 ut
804 3224 986 3279 venire
1036 3225 1225 3293 possit.
1273 3235 1296 3262 ε
1324 3225 1425 3293 Qui
1456 3235 1632 3281 autem
1670 3227 1906 3281 nondum
1939 3229 2024 3282 id-

440 3313 616 3380 ipsum
649 3327 935 3384 acceperat
965 3329 1016 3370 ut
1047 3327 1215 3385 esset,
1260 3319 1530 3388 quomodo
1561 3319 1612 3374 id
1648 3320 1847 3375 habere
1877 3331 2028 3390 pote-

441 3416 524 3459 rat
571 3417 630 3460 ut
674 3409 927 3462 veniret?
958 3408 1120 3464 Vides
1158 3424 1288 3480 ergo
1316 3410 1589 3480 quomodo
1621 3411 1734 3480 ipse
1765 3411 2030 3466 adventus

446 3501 668 3557 nomine
692 3501 856 3558 fuisse
887 3513 1013 3558 ante
1041 3503 1352 3573 designatur
1375 3503 1710 3558 adveniens?
1743 3502 1760 3542 τ
1797 3505 1920 3574 quia
1952 3503 2031 3557 fa-

441 3597 698 3652 cultatem
750 3612 855 3652 non
903 3597 1192 3667 habuerat,
1246 3598 1346 3652 nisi
1394 3598 1479 3652 cui
1512 3614 1576 3652 ex
1607 3597 1709 3650 hoc
1737 3598 1855 3666 ipso
1885 3598 2026 3666 quod

2135 3226 2423 3280 admodum
2474 3239 2578 3278 non
2627 3237 2821 3293 negas,
2875 3223 2991 3277 haec
3031 3232 3208 3276 tamen
3255 3223 3435 3276 omnia
3486 3225 3718 3292 negasti,

2137 3321 2306 3375 Deum
2338 3319 2523 3388 utique
2569 3327 2770 3381 italum,
2813 3316 2981 3372 Deum
3010 3331 3248 3384 passum,
3281 3314 3447 3368 Deum
3476 3329 3724 3370 resurre-

2136 3413 2298 3466 sisse.
2334 3410 2400 3464 Et
2444 3409 2570 3479 quid
2619 3416 2739 3477 post
2783 3407 2935 3474 haec?
2981 3421 3090 3476 quo
3134 3407 3415 3460 devolutus
3449 3405 3544 3461 es?
3591 3406 3722 3475 quid

2136 3501 2399 3558 cﬁectus?
2443 3501 2494 3555 in
2525 3514 2646 3569 quze
2675 3498 2960 3553 redactus?
3002 3497 3128 3567 quid
3168 3497 3290 3552 ais?
3329 3496 3453 3567 quid
3481 3498 3724 3552 evomis?

2139 3593 2166 3631 ll
2197 3594 2338 3665 quod
2381 3609 2480 3648 nec
2509 3594 2625 3662 ipse
2670 3590 2910 3657 scilicet,
2943 3598 3000 3644 ut
3040 3589 3255 3659 quidam
3296 3590 3398 3655 ait,
3450 3603 3557 3643 non
3603 3588 3732 3643 sani-

1510 3711 1768 3768 AL.\RDI
1808 3708 2037 3767 ΟΑΖᾸΞΙ
2076 3707 2642 3766 COMMENTARIUS.

517 3812 540 3839 α
583 3803 671 3858 Sic
700 3814 754 3859 ct
786 3805 845 3858 D.
880 3805 1236 3878 lliermiyntus
1277 3806 1367 3878 (In
1401 3816 1672 3860 comment.
1718 3804 1872 3878 /_tujus
1904 3803 2028 3876 loci)

440 3875 641 3945 factum
675 3889 770 3942 prn
817 3885 942 3931 natn
979 3875 1208 3945 positum
1259 3875 1658 3943 interpretatur.
1711 3875 2026 3943 Diligenter,

443 3944 636 4009 inquit,
660 3948 926 4018 attendite.
956 3944 1092 4013 quod
1131 3965 1232 4002 non
1259 3950 1448 4002 dixerit
1479 3948 1670 4016 factum
1717 3964 1804 4018 per
1841 3948 2028 4002 mulie-

441 4029 570 4087 rem,
593 4015 988 4087 quodlllarciou
1016 4027 1063 4070 et
1087 4029 1282 4071 creterra
1318 4021 1531 4070 licereses
1560 4015 1757 4081 volunt,
1785 4034 1900 4087 quis
1928 4035 2025 4087 pu-

442 4083 652 4134 tatiuam
683 4083 872 4154 Christi
901 4102 1101 4138 carnem
1137 4088 1403 4153 simulant,
1450 4089 1560 4154 sed,
1597 4103 1661 4140 ex
1699 4083 1942 4149 muliere;
1975 4098 2028 4141 ut

443 4169 544 4204 non
567 4169 656 4216 per
679 4152 845 4217 illum,
876 4155 965 4210 sed
985 4172 1046 4209 ea:
1073 4157 1184 4222 illa,
1216 4167 1366 4210 natus
1389 4152 1496 4210 esse
1522 4152 1779 4210 credatur.
1806 4157 1864 4209 D.
1883 4157 2028 4211 Tho-

446 4239 560 4295 tuas
593 4225 643 4275 in
676 4225 923 4295 eumdem
975 4227 1152 4280 locum
1202 4227 1443 4295 Apostoli
1481 4225 1588 4294 (In
1635 4237 1904 4278 comment.
1958 4227 2028 4279 ad

440 4291 621 4368 (iu/at.
653 4295 754 4362 tv):
785 4294 943 4364 Licet,
979 4297 1172 4368 inquit.
1199 4291 1366 4368 posset
1399 4291 1497 4349 dici
1525 4307 1677 4350 natus
1703 4313 1764 4349 e1:
1792 4299 2024 4368 muliere,

439 4363 704 4440 signanter
751 4376 919 4440 tamen
961 4363 1105 4434 dicit,
1151 4363 1364 4440 furtum,
1393 4377 1439 4440 et
1485 4384 1586 4440 non
1619 4366 2030 4440 ιιαιιιιιιηΝᾳδεί

438 4436 574 4486 enim
605 4437 823 4505 aliquid,
851 4449 926 4493 est
973 4436 1160 4503 ipsum'
1192 4439 1407 4507 produci
1457 4439 1622 4491 solum
1663 4453 1726 4490 ex
1773 4437 2028 4504 principio

438 4507 750 4578 coniuncto;
778 4509 866 4561 sed
887 4510 1021 4576 ﬁeri,
1052 4521 1124 4564 est
1161 4511 1375 4578 produci
1401 4523 1465 4562 ea:
1488 4507 1740 4578 principio
1767 4516 2024 4576 separato.

440 4576 574 4650 {rea
596 4577 729 4650 enim
755 4579 810 4645 fit
829 4581 891 4631 ab
914 4582 1132 4644 artiﬁce,
1159 4576 1248 4633 sed
1271 4585 1470 4650 fructus
1489 4576 1723 4632 nascitur
1744 4593 1806 4650 ea:
1825 4579 2021 4631 arbore.

443 4643 768 4718 Principium
799 4661 967 4702 autem
999 4643 1238 4704 humana:
1271 4643 1544 4703 creationis
1573 4660 1647 4702 est
1674 4648 1864 4718 duplex
1882 4689 1897 4712 ,
1925 4650 2026 4701 sci-

441 4716 557 4770 l'cet
588 4720 882 4790 materiale;
913 4731 958 4773 et
996 4733 1243 4790 quantum
1271 4723 1339 4774 ad
1368 4722 1472 4772 lioc'
1507 4716 1753 4773 Christus
1783 4721 2028 4790 processit

441 4788 784 4862 “principio
801 4788 1103 4862 conjuncta,
1127 4793 1211 4856 qui
1245 4792 1508 4844 materiam
1533 4793 1612 4862 sui
1630 4789 1857 4862 corporis
1884 4806 2022 4862 sunt-

440 4857 540 4923 psit
570 4875 636 4911 ex
670 4857 908 4928 Virgine;
928 4862 1078 4916 L'nde
1105 4863 1387 4916 secundum
1431 4862 1527 4913 hoc
1567 4860 1756 4912 dicitur
1796 4861 1935 4911 nasci
1964 4860 2028 4913 de

439 4945 520 4991 ia,
543 4929 730 4984 Matth.
765 4947 811 4985 l:
843 4929 921 4986 De
957 4949 1059 5000 qua
1080 4944 1232 4987 natus
1266 4945 1338 4986 est
1373 4933 1552 4984 Jesus.
1593 4929 1749 4982 Aliud
1779 4938 1849 4980 est
1881 4931 2027 4997 prin-

438 5001 899 5074 cipiumactirum,
929 5004 1066 5074 quod
1093 5005 1296 5073 quidem
1343 5005 1395 5055 in
1427 5001 1648 5062 Christo,
1681 5008 1932 5074 quantum
1957 5002 2025 5052 ad

435 5068 491 5142 id
516 5072 653 5138 quod
673 5068 984 5141 principium
1009 5068 1208 5140 Itub'nit,
1243 5075 1296 5126 id
1336 5083 1432 5137 est,
1460 5081 1708 5142 quantum
1729 5068 1796 5121 ad
1827 5069 2022 5137 forma-

436 5140 902 5215 tiotiemcorptn'is,
930 5162 1030 5198 non
1059 5147 1155 5215 fuit
1195 5140 1551 5215 conjunctum,
1582 5142 1671 5215 sed
1689 5150 2018 5215 separatum,

433 5211 556 5283 quia
578 5208 985 5279 virtus-Spiritus
1014 5208 1176 5270 uincti
1215 5208 1647 5283 {obtinuit-illud.
1681 5208 2020 5283 thuantum

435 5284 502 5328 ad
529 5281 643 5346 hoc,
672 5283 990 5354 nonidicitur
1011 5297 1165 5339 natus
1191 5281 1252 5339 ex
1278 5285 1510 5348 muliere,
1539 5283 1627 5336 sed
1662 5285 1848 5352 factus,
1874 5282 2021 5350 quasi

433 5354 780 5422 “principio
811 5358 1070 5410 exteriori.
1101 5357 1189 5410 Sic
1215 5357 1273 5410 S.
1307 5355 1560 5410 Thomas.

507 5420 535 5500 ιζ
575 5421 648 5476 Ita
684 5420 716 5477 ὸ
752 5425 942 5500 Graeco
976 5427 1304 5500 ίγιννήθησαν
1331 5441 1369 5500 τι
1389 5425 1565 5500 verbo
1580 5420 1919 5500 γίνομαι.,.ίὶ0.
1951 5423 2021 5500 ᾼι

440 5489 661 5562 Vulgata
687 5499 864 5549 versit)
893 5489 1104 5558 melior.
1137 5513 1256 5565 qua:
1287 5496 1447 5548 habet
1477 5513 1489 5546 :
1527 5489 1630 5546 Pro
1660 5489 1887 5565 patribus
1918 5494 2020 5565 tuis

435 5565 546 5616 nati
576 5575 694 5618 sunt
723 5567 812 5618 tibi
845 5567 942 5632 ﬁlii
980 5567 1098 5636 (Ps.
1123 5563 1300 5633 sitv).
1334 5569 1463 5621 Nam
1494 5569 1664 5632 magis
1696 5563 1909 5636 proprie
1934 5563 2018 5636 di-

433 5637 607 5690 cituus
640 5636 777 5689 lilios
798 5638 966 5704 gigni,
990 5632 1085 5691 aut
1116 5632 1283 5703 nasci,
1317 5653 1477 5706 quam
1512 5638 1648 5698 fieri,
1681 5632 1823 5706 quod
1858 5632 2018 5706 latius

431 5716 626 5772 patet:
678 5720 732 5762 et
781 5708 1003 5762 verbum
1051 5712 1276 5780 γίνεσθαι
1327 5704 1525 5780 passim
1572 5705 1714 5775 apud
1764 5704 2018 5774 profanus

2138 3803 2299 3857 etiam
2329 3810 2578 3854 auctores
2603 3814 2698 3868 pro
2722 3799 2866 3852 nasci
2897 3797 3142 3861 sumitur,
3170 3805 3226 3850 ut
3251 3798 3390 3866 apud
3419 3797 3720 3864 Platonem,

2137 3875 2296 3941 epist.
2330 3873 2385 3934 8,
2413 3873 2637 3943 γίνεσθαι
2666 3873 2827 3940 αὐτῷ,
2859 3869 2972 3943 sibi
3021 3869 3118 3943 ipsi
3169 3871 3351 3943 nasci;
3383 3879 3436 3922 et
3475 3871 3634 3943 epist.
3664 3872 3720 3936 9,

2135 3937 2351 4005 ἴιιαστος
2375 3937 2514 4012 ἡμῶν
2535 3943 2622 3994 οὐκ
2649 3937 2787 4013 αὐτῷ
2808 3940 2949 4010 μόνον
2975 3941 3144 4011 γέγονε
3177 3956 3188 3991 :
3212 3937 3465 3992 Nostrum
3491 3940 3726 4009 quiSque

2138 4031 2244 4068 non
2273 4014 2372 4068 sibi
2404 4012 2500 4066 soli
2537 4021 2690 4064 natus
2726 4012 2828 4064 est.

2214 4095 2235 4123 °
2277 4081 2611 4154 δίιιιὶιὶιειζίιι
2638 4081 2871 4154 Graeco:
2903 4083 3024 4154 πρὶν
3045 4080 3298 4154 ΔξΔϐραάμ.
3335 4081 3581 4154 ﬁngenti.
3617 4078 3726 4149 Op-

2140 4165 2412 4218 ponuntur
2458 4151 2600 4207 enim
2649 4152 2732 4204 hic
2768 4151 2912 4204 velut
2944 4150 2988 4203 'e
3027 4150 3310 4210 dianictro,
3345 4150 3459 4215 ﬁeri
3493 4159 3548 4204 et
3591 4166 3724 4202 esse.

2136 4225 2275 4278 Fieri
2296 4267 2310 4288 ,
2345 4234 2404 4277 ut
2432 4221 2664 4277 hominis
2689 4231 2744 4276 et
2769 4221 3005 4288 cujusvis
3034 4231 3324 4283 creaturae;
3353 4233 3494 4278 esse,
3519 4229 3596 4271 -nt
3629 4220 3730 4274 Dei

2135 4296 2448 4362 protirium,
2505 4293 2660 4360 cujus
2702 4299 2785 4345 est
2832 4294 3068 4362 dicere:
3104 4289 3228 4362 ligo
3271 4304 3414 4350 sum,
3464 4291 3553 4357 qui
3606 4306 3729 4342 sum

2134 4360 2152 4432 ζ
2178 4364 2342 4419 Exod.
2376 4367 2486 4433 ιιι).
2514 4362 2647 4417 Vide
2671 4375 2790 4432 qua:
2830 4375 2988 4430 supra
3018 4361 3068 4412 in
3103 4360 3240 4412 hanc
3271 4368 3595 4413 scntentam
3625 4374 3730 4414 no-

2134 4446 2262 4488 tuta.

2201 4502 2227 4543 ἀ
2270 4505 2324 4560 ιιι
2351 4512 2454 4567 est,
2486 4503 2656 4572 ipsam
2682 4500 3044 4572 verit-itetnet
3071 4496 3547 4572 signiﬁcatioaetn;
3577 4501 3725 4572 quod

2133 4575 2355 4642 perinde
2381 4584 2464 4628 est
2494 4569 2554 4628 ac
2590 4587 2720 4626 vere
2752 4572 2922 4624 factus
2953 4571 3168 4631 dicitur,
3195 4570 3282 4642 qui
3306 4569 3415 4637 jam
3449 4571 3724 4642 nattts_in-

2055 4623 2106 4682 D
2878 4623 2979 4692 non
3020 4623 3182 4694 esset.
3214 4623 3386 4694 'Sic'et
3425 4639 3552 4693 alibi
3592 4638 3729 4694 Cas-

2133 4712 2319 4769 sianus
2350 4712 2692 4768 efﬁcientiam
2727 4721 2970 4777 usurpat.

2206 4798 2228 4823 ε
2272 4786 2325 4839 Id
2349 4792 2452 4846 est,
2482 4785 2569 4853 qui
2601 4782 2894 4853 secundum
2929 4780 3233 4834 Nestorium
3266 4794 3370 4853 non
3393 4791 3529 4843 erat,
3563 4789 3723 4853 antea

2130 4871 2288 4925 quam
2340 4851 2656 4909 nasceretur
2701 4868 2771 4925 ex
2825 4851 3065 4920 Virgine,
3114 4851 3474 4925 qu:t_r_:itione
3529 4851 3724 4906 venire

2131 4920 2375 4995 poterat?
2400 4925 2558 4995 Atqui
2591 4924 2802 4978 venisse
2829 4930 3062 4985 constat;
3089 4932 3204 4974 erat
3233 4920 3397 4988 igitur
3420 4929 3715 4989 antequam

2129 5007 2534 5120 veti'rlllibuerat
2562 5080 2660 5136 pro
2687 5063 2953 5127 habebat,
2987 5062 3296 5136 facultatem
3330 5059 3576 5136 veniendi
3607 5062 3719 5114 sci-

2130 5138 2252 5192 licet
2299 5140 2349 5191 in
2395 5131 2576 5197 carne,
2620 5143 2676 5189 et
2721 5136 2771 5187 in
2820 5148 2983 5187 carne
3032 5131 3318 5196 nascendi,
3353 5131 3398 5184 si
3449 5145 3555 5183 non
3587 5141 3718 5186 ante

2127 5210 2419 5262 adventum
2451 5221 2604 5260 suum
2645 5205 2958 5259 exstitisset.

2199 5288 2224 5325 ε
2267 5278 2321 5330 Id
2348 5286 2450 5345 est,
2483 5278 2566 5330 cui
2599 5285 2890 5344 utrumque
2917 5273 3205 5342 competit,
3235 5282 3289 5329 et
3320 5285 3539 5339 semper
3561 5284 3709 5336 esse,

2124 5359 2178 5402 et
2205 5363 2420 5412 semper
2446 5349 2629 5401 venire
2670 5361 2848 5414 posse.

2197 5416 2224 5456 ¹ι
2266 5408 2388 5472 Non
2411 5434 2588 5476 sanus.
2616 5408 2683 5468 id'
2697 5426 2795 5480 est,
2824 5416 3063 5468 insanus.
3095 5414 3366 5468 Parmmia
3386 5420 3468 5465 est
3495 5425 3523 5463 a
3550 5408 3719 5466 Juve-

2127 5489 2252 5544 nale
2281 5499 2335 5543 et
2364 5488 2484 5541 aliis
2515 5496 2769 5555 usurpata
2814 5489 2863 5539 itt
2898 5485 3146 5538 homines
3186 5494 3431 5555 amentes
3461 5490 3514 5536 et
3546 5481 3719 5535 furio-

2122 5575 2232 5621 sos,
2262 5560 2351 5629 qui
2399 5553 2662 5629 quidlibet
2715 5555 3000 5620 ell'utiunt,
3062 5557 3274 5629 iurant,
3327 5553 3607 5624 pejerant,
3659 5560 3718 5606 et

2123 5628 2366 5684 nesciunt
2398 5629 2526 5697 quid
2581 5628 2785 5688 dicant,
2838 5629 3008 5680 instar
3049 5628 3282 5690 (tri-stis,
3337 5637 3495 5694 quem
3536 5632 3713 5691 poeta:

2125 5704 2331 5771 tingunt
2357 5701 2425 5756 ob
2448 5699 2630 5754 matris
2655 5698 2856 5753 cantent
2885 5697 3063 5752 furore
3087 5703 3422 5766 correptum,
3449 5703 3503 5748 et
3531 5703 3720 5750 mente
