4040 6182
254 306 350 364 161

1269 307 1353 363 DE
1399 308 1909 366 INCAliNATlONE
1948 314 2217 370 CHRISTI
2258 317 2387 373 LIB.
2434 319 2499 373 Vl

3433 333 3533 387 103

255 436 379 477 esse
409 417 637 475 hominis
683 432 792 475 non
844 434 1009 475 sanus
1052 420 1197 489 juret
1241 421 1481 477 Orestes.
1516 423 1653 490 Quid
1698 425 1840 478 enim
1872 430 1917 485 Α
1947 442 2067 482 esse
2087 429 2244 483 dicit?
2265 429 2548 497 Quomodo
2566 433 2727 488 etiam
2743 443 2798 489 tu
2821 435 2937 505 ipse
2956 436 3166 493 dixisti?
3185 439 3534 500 Conferamus

258 511 434 567 dicis?
462 520 484 548 ⁸
509 510 645 577 Quid
676 520 762 566 est
782 555 797 579 ,
834 511 1031 580 inquis,
1063 512 1186 580 quia
1214 527 1280 567 ex
1309 512 1653 568 Christotoco
1686 525 1842 570 natus

259 612 339 657 est
358 602 527 656 Filius
550 602 686 655 Dei?
724 614 780 655 ut
808 612 935 671 puta
962 603 1009 655 si
1039 600 1359 670 dixerimus,
1390 603 1568 658 Credo
1592 605 1646 658 in
1674 604 1842 660 Deum

262 694 494 751 Verbum
539 693 735 747 Filium
779 693 904 759 Dei,
956 693 1286 762 unigenitum
1338 709 1402 748 ex
1442 694 1602 749 Patre
1633 704 1814 749 natum

259 788 613 841 liomoousion
666 786 842 849 Patri,
885 785 976 853 qui
1011 785 1294 840 descendit
1336 795 1387 839 et
1431 785 1679 855 Sepultus
1718 800 1837 853 est;

258 895 356 933 non
396 879 581 932 statim
611 878 829 931 auditus
862 878 976 943 ipse
1006 879 1201 947 accipit
1234 877 1483 947 plagam?
1530 879 1668 933 Deus
1700 895 1843 933 mor-

222 994 225 999 ν
257 970 408 1027 ιιιυεῖ
439 970 501 1023 Et
541 978 757 1023 iterum.
791 967 815 1005 δ
848 968 972 1030 Na),
1008 968 1155 1037 ﬁeri,
1187 968 1387 1037 inquis,
1424 979 1631 1037 potest,
1665 979 1723 1024 ut
1753 972 1843 1039 qui

255 1073 373 1116 ante
402 1062 586 1115 omnia
617 1062 814 1115 saecula
858 1070 1012 1115 natus
1054 1072 1160 1127 est,
1195 1072 1215 1100 ε
1246 1063 1479 1117 secunda
1513 1063 1627 1118 vice
1657 1079 1845 1118 nasca-

258 1163 354 1220 tur,
382 1162 438 1207 et
486 1152 596 1208 hoc
639 1152 819 1206 Deus?
848 1152 903 1206 Si
947 1152 1060 1206 tleri
1098 1154 1276 1207 omnia
1326 1154 1439 1208 haec
1481 1155 1704 1209 omnino
1734 1171 1840 1209 non

258 1255 574 1313 potuerunt,
626 1244 900 1314 quomodo
948 1244 1307 1299 Ecclesiarum
1351 1246 1655 1315 symbolum
1708 1247 1843 1304 facta

1825 740 1839 762 ς
1876 742 1898 755 ο

1948 518 2092 571 enim
2122 534 2243 573 cum
2278 520 2360 574 his
2391 537 2509 591 qua:
2536 534 2662 579 ante
2691 539 2721 578 a
2750 534 2801 580 te
2828 526 2968 581 dicta
2999 538 3129 583 sunt
3153 545 3215 585 ea
3241 548 3364 601 qua:
3392 550 3534 588 nunc

1948 624 1978 661 a
2009 621 2058 664 te
2084 610 2353 665 dicuntur.
2387 613 2574 668 Dixisti
2603 616 2754 683 prius
2778 633 2791 669 :
2818 618 2996 679 Credo
3023 621 3073 673 in
3101 621 3531 693 DeumPatrem,

1946 708 2002 752 et
2031 699 2081 753 in
2111 699 2298 755 Jesum
2339 701 2607 757 Christum
2639 705 2832 761 Filium
2867 708 3016 775 ejus,
3052 710 3219 766 Deum
3249 729 3433 769 verum
3463 732 3535 772 ex

1948 789 2059 844 Deo
2088 806 2239 857 vero,
2275 792 2631 848 homoousion
2658 796 2836 860 Patri,
2864 800 2955 867 qui
2989 813 3207 869 propter
3239 819 3334 857 nos
3364 807 3533 871 venit,

1947 890 2002 933 et
2023 889 2182 935 natus
2208 896 2275 936 ex
2301 882 2461 937 Maria
2496 884 2725 954 virgine,
2744 892 2808 941 et
2836 889 3125 945 cruciﬁxus
3154 901 3240 947 est
3267 896 3368 949 sub
3395 897 3535 950 Ρυιιο

1949 973 2021 1025 tio
2052 971 2240 1037 Pilato,
2276 983 2329 1027 et
2360 975 2605 1043 sepultus
2642 986 2745 1031 est.
2776 978 2802 1013 α
2832 978 2983 1033 Nunc
3028 991 3206 1036 autem
3258 985 3384 1052 quid
3414 988 3537 1040 ais?

1948 1061 2003 1115 Si
2045 1062 2381 1118 dixerimus:
2411 1065 2589 1120 Credo
2632 1073 2683 1121 in
2730 1069 2895 1123 Deum
2924 1070 3162 1125 Verbum
3207 1072 3396 1128 Filium
3439 1077 3535 1132 Dei

1947 1153 2305 1222 unigenitum,
2338 1171 2402 1210 ex
2434 1158 2591 1212 Patre
2625 1169 2828 1227 uatum,
2868 1159 3225 1217 homoousion
3259 1165 3421 1228 Patri,
3446 1170 3534 1235 qui

1948 1246 2263 1311 descendit,
2300 1257 2353 1302 et
2383 1250 2627 1318 sepultus
2656 1262 2735 1305 est
2760 1269 2774 1316 ;
2819 1266 2923 1305 non
2953 1254 3133 1307 statim
3162 1255 3375 1309 auditus
3422 1257 3537 1325 ipse

1334 1409 1589 1464 ALARDI
1631 1407 1869 1463 CXL/EI
1906 1408 2473 1465 COMMENTARIUS.

258 1551 575 1603 alienatum.
606 1548 762 1603 Unde
799 1547 1051 1618 Virgilius
1089 1563 1146 1601 ιιι
1189 1547 1405 1602 Ᾰίηιιίιι.
1439 1563 1452 1599 :
1490 1545 1846 1618 Et__sc_eleru‘i_n

258 1622 404 1686 furiis
434 1620 665 1689 agitatus
695 1614 923 1689 Orestes:
976 1620 1039 1671 Et
1078 1619 1282 1672 Statius
1330 1618 1426 1689 lib.
1475 1632 1490 1669 ι
1531 1615 1745 1689 Theb.;
1780 1614 1846 1668 Et

256 1685 458 1743 inanem
471 1685 668 1742 'mentis
696 1688 946 1743 Orestem.
973 1689 1103 1741 lluie
1121 1688 1261 1741 aliud
1292 1687 1465 1741 simile
1491 1685 1843 1751 proverbium

256 1762 391 1827 apud
434 1760 657 1813 Junium
691 1759 930 1827 (Centur.
957 1760 1020 1822 5)
1054 1776 1065 1810 :
1103 1758 1297 1811 Orestis
1329 1757 1585 1810 insaniant
1622 1757 1844 1809 insanis.

256 1830 480 1899 Confert
526 1830 690 1900 igitur
740 1834 940 1882 Auctor
983 1828 1311 1900 Nestorium
1339 1842 1460 1881 cum
1511 1829 1737 1889 Oreste,
1789 1837 1846 1900 ut

259 1896 693 1956 anienteiu'cum
740 1909 972 1962 amento,
1024 1898 1184 1952 modo
1232 1898 1592 1951 afﬁrmantem
1620 1940 1633 1962 ,
1683 1896 1844 1951 modo

1951 1557 2204 1599 aeternam
2250 1558 2302 1600 et
2333 1548 2605 1603 divinam:
2650 1567 2768 1604 cum
2804 1568 2933 1608 vero
2962 1556 3029 1609 de
3055 1556 3244 1611 eodem
3278 1557 3369 1610 Dei
3405 1558 3537 1611 Filio

1950 1615 2322 1698 JesuChristo
2363 1619 2594 1698 divinius
2626 1639 2638 1673 :
2678 1622 2782 1698 Qui
2817 1636 3088 1696 conceptus
3120 1640 3192 1679 est
3228 1630 3291 1679 de
3331 1630 3535 1698 Spiritu

1950 1697 2152 1747 sancto,
2174 1697 2336 1763 natus
2364 1706 2426 1742 ex
2457 1690 2625 1743 Maria
2658 1694 2871 1763 tirgine;
2899 1690 3122 1749 alteram
3144 1710 3195 1750 et
3220 1690 3531 1761 secundum,

1952 1772 2143 1833 Merope
2173 1759 2462 1833 humanam
2496 1773 2550 1814 et
2582 1759 2933 1828 temporalem
2984 1769 3313 1821 nativitatem
3347 1759 3536 1833 aperte

1952 1828 2282 1903 proﬁtemur.
2310 1829 2463 1903 _Unde
2490 1833 2539 1903 in
2566 1834 2797 1887 concilio
2820 1828 3418 1895 Constantinoao'itano
3443 1856 3534 1892 ca-

1952 1896 2460 1976 npneiﬁlanathema
2494 1901 2714 1976 dicitur,
2748 1906 2790 1956 si
2818 1909 2931 1973 quis
2959 1924 3057 1959 non
3089 1909 3413 1976 con/iteratur
3445 1909 3537 1959 ι)ρί

260 1954 664 2044 ιέέςξέιιίεωζέι
693 1984 846 2044 inore
880 1954 1056 2023 Protei
1090 1969 1268 2044 varios
1299 1954 1839 2044 induentein'vultus,
1879 1954 1922 2011 Β
1960 1966 2109 2044 Verbi
2140 1971 2270 2021 (luas
2302 1986 2409 2022 esse
2442 1954 2931 2044 nativitates—nimim
2959 1954 3537 2044 i}iiiié.'.i"£.§iéEia-Ilii}

261 2036 423 2097 iinino
455 2051 513 2095 et
541 2043 657 2110 ipso
683 2041 878 2095 Oreste
907 2040 1256 2110 amentiorem
1286 2037 1693 2110 arguit,__ut_qui
1719 2036 1840 2088 talia

261 2121 538 2167 emineret
566 2107 742 2181 qualia
777 2124 874 2164 nec
891 2110 1112 2164 Orestes
1144 2109 1417 2181 insaniens
1438 2107 1697 2161 clTutirct.

330 2195 355 2220 ³
400 2176 781 2237 ΙΙιιιιοίοοιιιιι
824 2188 979 2233 antea
1027 2178 1308 2234 manifeste
1353 2179 1733 2247 depravatum,

263 2252 663 2310 restituendum
720 2250 1141 2317 cenjectavimus
1200 2263 1264 2303 ex
1320 2246 1844 2318 sequentibus,_ubi

264 2326 451 2378 eadem
494 2324 657 2376 verba
706 2315 1039 2390 repetuntur,
1093 2321 1326 2387 demptis
1372 2315 1684 2390 shperlluis.
1714 2315 1849 2390 Sllnl

264 2406 447 2449 autem
478 2394 593 2448 haec
621 2387 782 2446 verba
829 2391 996 2457 ipsius
1037 2391 1271 2445 Nestorii
1292 2431 1306 2451 ,
1351 2405 1509 2459 quem
1539 2389 1744 2441 Auctor
1771 2387 1853 2459 lo-

266 2478 520 2532 quentem
548 2462 772 2523 inducit,
804 2472 859 2532 et
889 2461 987 2513 hoc
1012 2460 1192 2521 modo,
1215 2461 1265 2513 ni
1293 2457 1474 2532 fallor,
1494 2457 1845 2532 exponenda;

272 2527 408 2601 Quid
438 2545 513 2587 est
543 2534 663 2599 quia
698 2548 761 2585 ex
797 2530 1117 2586 Christotoco
1147 2542 1294 2584 natus
1321 2541 1392 2584 est
1429 2529 1611 2601 Filius
1633 2528 1765 2580 Dei?
1795 2527 1849 2581 Id

269 2599 368 2665 erit,
396 2620 556 2675 quam
580 2605 864 2665 absonum,
886 2612 938 2656 et
960 2603 1287 2675 paradoxon,
1311 2611 1459 2675 utcx
1485 2599 1850 2675 Cllijistotoco,

270 2679 321 2730 id
345 2669 452 2738 est,
479 2675 810 2740 Cltristipara
841 2673 1048 2739 virgine
1077 2682 1232 2725 natus
1261 2672 1513 2726 credatur
1537 2670 1706 2740 Filius
1737 2669 1849 2734 Dei,

274 2758 394 2815 [uita
440 2749 483 2799 si
525 2738 821 2799 dixerimus
853 2759 867 2798 :
901 2738 1065 2815 Credo
1101 2744 1155 2796 in
1195 2742 1359 2815 Deum
1400 2741 1624 2815 Verbum
1658 2738 1855 2815 Filium

276 2809 405 2880 Dei,
447 2831 615 2868 nonne
662 2816 835 2867 statim
882 2813 1092 2866 auditus
1138 2814 1325 2880 accipit
1380 2812 1627 2880 plagam?
1667 2809 1717 2863 id
1747 2820 1851 2871 est,

275 2902 453 2941 nonne
502 2887 603 2940 hoc
643 2888 842 2948 audito,
875 2883 1056 2938 statim
1106 2898 1265 2937 aures
1308 2885 1696 2952 percelluntur,
1729 2895 1854 2946 per-

274 2959 614 3019 liorrcscmit,
644 2967 697 3009 et
727 2955 868 3009 ferre
895 2955 1206 3022 nequeunt?
1241 2953 1305 3006 lit
1335 2952 1471 3006 Deus
1498 2961 1727 3005 mortuus
1757 2959 1857 3015 est;

275 3029 327 3082 id
358 3037 475 3088 est,
505 3026 549 3079 si
588 3028 904 3088 dixerimus,
938 3028 1060 3092 quia
1095 3025 1236 3078 Deus
1268 3033 1510 3077 mortuus
1539 3033 1643 3084 est,
1678 3036 1858 3074 nonne

275 3099 527 3151 similiter
566 3097 781 3150 auditus
822 3096 1038 3165 rclugit,
1074 3105 1127 3149 et
1151 3111 1220 3150 co
1250 3096 1433 3148 audito
1462 3093 1703 3164 graviter
1736 3107 1859 3144 sau-

275 3168 486 3222 cialur?

351 3241 375 3276 ιι
416 3241 509 3292 Nat
555 3254 648 3305 per
675 3237 1063 3305 diphthongum
1092 3252 1154 3290 ex
1188 3236 1377 3289 Graeco
1404 3237 1513 3289 mi.
1546 3232 1857 3305 adverbium

1950 2046 1996 2111 et
2012 2039 2123 2111 sine
2143 2048 2368 2111 tempore
2383 2058 2443 2092 cx
2462 2040 2617 2111 Patre
2640 2039 3051 2111 incorporaliler;
3076 2049 3231 2099 aliam
3255 2065 3367 2099 vrro
3392 2051 3532 2107 eius—

1949 2107 2068 2159 dem
2109 2109 2159 2182 in
2189 2110 2473 2162 novissimis
2509 2110 2683 2163 diebus
2714 2107 3060 2168 deicendeutis
3101 2123 3164 2169 de
3202 2123 3348 2182 caelo,
3379 2128 3426 2171 et
3459 2119 3537 2169 in-

1949 2180 2149 2255 cantati
2175 2194 2238 2230 ex
2258 2182 2727 2255 sanctaetgloriosa
2758 2182 2849 2235 Dei
2874 2186 3133 2254 genitrice.
3158 2188 3210 2241 ld
3241 2180 3413 2255 ipsum
3446 2202 3537 2240 an-

1954 2259 2034 2320 tea
2055 2248 2106 2301 in
2126 2249 2352 2320 concilio
2368 2251 2658 2316 Ephesino,
2679 2248 2891 2306 necnon
2916 2256 2966 2308 in
2993 2248 3436 2320 Chalcedonensi,
3468 2274 3532 2311 ex

1952 2319 2180 2386 epistola
2211 2318 2396 2387 Cyrilii
2432 2324 2496 2372 ad
2531 2323 2862 2385 Nestorium,
2901 2318 3534 2382 fueratdeclaratumhis

1955 2391 2135 2460 verbis
2171 2406 2182 2440 :
2214 2388 2291 2450 Is.
2327 2390 2517 2459 inquit,
2556 2393 2645 2460 qui
2693 2403 2810 2445 ante
2848 2397 3036 2449 saecula
3073 2399 3243 2449 omnia
3275 2410 3347 2451 cst
3388 2408 3540 2450 natas

1954 2474 2017 2512 ea:
2045 2458 2215 2523 Putre,
2240 2458 2723 2535 etiain’esmuliere
2747 2467 3027 2517 carnaliter
3052 2477 3123 2519 est
3164 2479 3458 2535 procreatus
3484 2470 3537 2520 in

1954 2540 2180 2604 tempore
2211 2545 2229 2582 :
2262 2533 2527 2604 nonquia
2570 2534 2744 2585 divina
2788 2536 2949 2604 ipsius
2994 2533 3178 2589 natura
3223 2539 3286 2591 de
3336 2539 3540 2604 Virg’tte

1954 2602 2172 2677 sumpsit
2206 2600 2499 2677 exordium,
2537 2618 2629 2677 nec
2673 2600 2878 2677 propter
2916 2608 3136 2671 seipsam
3184 2626 3312 2677 op-ts
3362 2600 3541 2660 habuit

1955 2671 2181 2743 secundo
2213 2674 2354 2743 nasci
2389 2684 2500 2737 post
2530 2672 2674 2725 illam
2706 2671 3016 2728 nativitatem
3039 2694 3191 2743 quam
3216 2671 3431 2730 habebat
3477 2695 3543 2730 ea:

1958 2739 2140 2816 Patre;
2167 2750 2239 2794 est
2267 2741 2397 2816 enim
2429 2743 2655 2816 ineptum
2683 2752 2728 2795 et
2756 2745 2969 2796 stultum
2999 2739 3094 2797 hoc
3122 2749 3310 2807 dicere,
3338 2748 3476 2816 quod
3500 2750 3542 2799 is

1956 2812 2041 2881 qui
2083 2820 2201 2886 ante
2248 2813 2637 2886 omniasrecula
2678 2823 2772 2886 est.
2806 2825 2852 2866 et
2894 2812 3538 2886 consempiteruus'l’airi,

1958 2882 2192 2934 secunda:
2216 2884 2553 2955 generationis
2576 2885 2765 2951 eguerit
2798 2895 2851 2935 ut
2878 2901 2983 2937 esse
3010 2882 3277 2951 inciperet;
3306 2888 3395 2939 sed
3422 2891 3542 2955 quis

1962 2961 2169 3018 prapter
2194 2960 2421 3003 nostram
2452 2954 2675 3023 salutent
2692 2968 2925 3005 naturam
2953 2956 3049 3007 sibi
3073 2959 3329 3023 capulavit
3353 2954 3510 3009 Imma
3534 2990 3539 2995 -

1961 3039 2096 3083 nant,
2132 3029 2178 3072 et
2202 3023 2447 3091 processit
2476 3038 2539 3074 ea:
2570 3022 2798 3081 muliere,
2822 3024 3017 3076 idcirco
3045 3026 3233 3079 dicitur
3253 3045 3362 3082 esse
3392 3040 3543 3079 natus

1961 3092 2257 3145 carnaliter.
2293 3091 2399 3143 Nec
2430 3094 2563 3144 enim
2594 3095 2758 3161 primo
2796 3096 2945 3146 homo
2983 3107 3129 3148 natus
3160 3107 3230 3148 est
3263 3107 3544 3150 communis

1962 3163 2023 3233 de
2053 3173 2228 3215 sancta
2259 3161 2490 3233 Virgine,
2538 3175 2583 3217 et
2633 3172 2750 3215 tunc
2798 3167 3005 3217 demum
3053 3167 3352 3220 inhabitavit
3396 3170 3447 3220 in
3484 3184 3544 3220 eo

1971 3232 2227 3297 Verbum;
2269 3232 2367 3306 sed,
2403 3236 2454 3306 in
2499 3234 2611 3305 ipsa
2652 3232 2800 3286 vulva
2831 3246 3070 3301 uteroque
3098 3239 3337 3306 virginali
3375 3255 3546 3290 secant

278 3302 598 3365 allirmantis
632 3326 644 3360 :
681 3302 761 3361 vel
807 3302 1033 3359 fortasse
1080 3306 1381 3374 interjecﬁo
1425 3302 1768 3375 admirantis,
1804 3313 1859 3355 ιιι
1889 3317 1930 3375 C
1966 3320 2166 3356 carnem
2194 3304 2489 3373 conjunxit,
2520 3302 2569 3357 et
2592 3306 2834 3357 sustinuit
2859 3302 3235 3375 generationem
3266 3310 3544 3373 carnalem,

280 3384 424 3449 apud
454 3381 774 3434 Ciceroneni
822 3378 874 3430 in
922 3373 1258 3449 Catilinam}
1294 3376 1409 3449 Sat,
1440 3375 1518 3428 illi
1546 3373 1862 3449 vehementer

279 3443 474 3515 errant,
520 3452 570 3504 id
613 3462 717 3510 est,
750 3459 921 3501 certe.
953 3448 1058 3502 Sed
1093 3448 1334 3501 fortassis
1380 3448 1650 3499 inversum
1703 3443 1863 3496 fuerit

282 3524 623 3581 vocabulum,
646 3520 944 3573 scribarum
974 3528 1062 3571 aut
1086 3516 1860 3587 typographnrumoscitantia,

284 3606 333 3645 nt
368 3609 465 3661 pro
511 3592 691 3658 ﬁerine
732 3600 915 3658 potest,
945 3586 1336 3661 legeretur,_ne
1365 3586 1475 3661 ﬁeri
1512 3594 1708 3661 potest,
1754 3594 1859 3661 etc.

285 3654 417 3719 Sunt
445 3654 588 3716 enim
623 3654 740 3714 Ιιίιιιέ
782 3673 964 3712 rursus
1000 3654 1166 3711 verba
1213 3658 1439 3711 Nestorii
1488 3657 1780 3723 geminam,
1812 3654 1861 3705 id

285 3748 383 3793 i-si.
413 3734 652 3788 divinam
681 3742 736 3785 et
761 3730 1046 3784 humanam
1076 3728 1273 3782 Christi
1307 3727 1640 3780 nativitatem
1667 3723 1867 3777 abhor-

287 3809 454 3861 rentis
478 3814 536 3858 et
565 3819 661 3872 pro
688 3800 1204 3872 absurdodiiecntis.

358 3888 379 3914 ε
420 3878 512 3929 Sic
567 3865 847 3927 Nesmrius
894 3871 960 3923 ab
1008 3867 1354 3937 intpossihili,
1416 3876 1473 3920 ut
1525 3865 1865 3934 opinabatur.

287 3955 689 4015 argumentaris,
715 3943 982 4015 geminam
1007 3939 1212 4015 Christi
1231 3941 1632 4015 generationem
1654 3945 1708 4015 et
1731 3937 1864 4015 nati:

291 4005 506 4070 vit‘atem
550 4005 920 4081 iinpug'nahat,
952 4013 1062 4064 fere
1104 4010 1167 4062 ad
1199 4005 1366 4063 inst-ir
1394 4008 1666 4081 Nieodemi
1699 4005 1864 4081 simili

287 4094 606 4157 argumento
633 4073 903 4157 :iﬂvSltlllli
943 4081 1154 4157 negotio
1185 4080 1405 4157 utentis,
1438 4078 1658 4157 Joannis
1686 4090 1763 4157 ιιι.
1800 4073 1870 4127 Ut

288 4146 427 4212 enim
463 4157 555 4210 ille
584 4154 758 4208 adhuc
790 4153 935 4225 rudis
964 4146 1175 4225 dicebat
1201 4168 1212 4202 :
1243 4149 1509 4225 Numquid
1537 4154 1696 4216 potest
1720 4146 1868 4225 homo

290 4231 447 4288 nasci,
476 4242 599 4279 cum
629 4227 691 4277 sit
715 4223 903 4277 senex?
922 4222 1165 4290 numquid
1186 4228 1349 4289 potest
1373 4222 1426 4290 in
1454 4227 1674 4290 uentrem
1696 4222 1868 4290 matris

289 4315 393 4351 me
420 4284 606 4350 iterato
652 4295 864 4346 introire
894 4304 941 4345 et
970 4284 1211 4345 renasci?
1243 4290 1313 4342 Ita
1349 4289 1674 4363 Nestoriits:
1706 4284 1871 4363 Νιιιιιτ

290 4369 413 4433 quid
446 4367 625 4433 potuit
652 4364 745 4418 Dei
780 4364 943 4417 Filius
969 4364 1207 4415 secundo
1237 4360 1382 4414 nasd
1411 4360 1478 4412 de
1510 4359 1749 4433 Virgine,
1779 4359 1868 4433 qui

288 4425 392 4504 iam
414 4425 543 4491 ante
570 4436 750 4489 omnia
783 4435 974 4487 smcula
998 4443 1052 4487 et
1078 4434 1144 4484 ab
1166 4441 1368 4504 artemo
1394 4439 1550 4482 natus
1575 4427 1689 4480 est?
1715 4425 1867 4493 Quod

290 4503 407 4561 eum
443 4505 791 4577 impossibile
811 4519 935 4577 esse
958 4503 1353 4577 _prartenileret,
1384 4511 1720 4566 consequens
1746 4510 1870 4577 esse

289 4572 539 4642 volebat,
564 4587 625 4629 ut
651 4592 748 4629 nec
775 4574 867 4627 Dei
896 4572 1060 4626 Filius
1086 4573 1154 4626 de
1182 4572 1395 4639 Virgine
1422 4580 1601 4642 natus.
1636 4582 1734 4621 nec
1758 4572 1868 4642 ipsa

287 4637 558 4709 Θεοτόκοξ.
600 4647 849 4714 Deipara,
891 4645 983 4717 sed
1031 4637 1363 4717 hominipara
1403 4640 1661 4717 duntaxat
1683 4637 1870 4717 crede-

289 4736 458 4774 retur.
493 4707 591 4772 llic
621 4707 850 4784 namque
891 4714 989 4784 fuit
1034 4714 1195 4766 totius
1235 4707 1869 4784 Nestoriantetragiedite

290 4806 487 4859 scopns
520 4804 583 4842 ac
616 4779 839 4859 iinis,'nt
866 4795 923 4859 et
948 4783 1043 4859 Chi
1061 4784 1164 4838 isto
1189 4784 1441 4859 divinitas
1466 4779 1724 4859 etlltlarire
1757 4791 1872 4829 ma-

288 4847 437 4914 terna
475 4860 571 4914 Dei
610 4847 844 4924 parentis
872 4855 1102 4923 dignitas
1147 4854 1490 4924 adimeretur.
1521 4847 1875 4924 Contra_vero

291 4932 536 4987 Ecclesia
560 4919 828 4982 catholica
851 4919 1121 4979 Citristum
1142 4940 1323 4977 verum
1340 4922 1504 4976 Deum
1527 4930 1582 4973 et
1603 4919 1871 4971 hominem

291 5015 615 5071 agnoscens,
649 4999 818 5052 Deum
851 5006 1069 5058 interna,
1106 4995 1375 5071 hominem
1404 4990 1686 5071 temporali
1713 5003 1875 5057 gene-

292 5061 525 5136 ratione,
557 5061 663 5123 non
699 5077 1007 5122 naturarum
1039 5064 1372 5127 confusione,
1392 5061 1746 5136 _duasitidein
1777 5073 1873 5111 na—

289 5133 529 5195 tivitates
561 5143 614 5194 in
642 5140 857 5195 Christo
887 5138 1170 5191 conlitetur
1199 5144 1253 5190 et
1281 5133 1471 5196 credit,
1512 5133 1734 5184 alteram
1770 5144 1873 5199 qua

289 5227 353 5267 cx
398 5214 560 5267 Patre
591 5222 749 5265 natus
782 5211 870 5263 Dei
902 5208 1067 5262 Filius
1110 5216 1233 5260 ante
1263 5204 1478 5268 sarcula,
1521 5204 1742 5255 alteram
1771 5217 1869 5265 qua

287 5298 353 5336 ex
385 5296 560 5337 matre
600 5295 753 5335 natus
796 5291 877 5334 est
910 5279 1069 5331 homo
1109 5285 1162 5331 et
1196 5275 1425 5327 hominis
1467 5274 1607 5326 ΙίΙίιις
1652 5273 1703 5324 in
1732 5281 1874 5324 tem~

291 5368 441 5415 imre.
476 5357 611 5407 llinc
634 5353 994 5406 Damascenus
1021 5350 1111 5403 lib.
1146 5363 1202 5402 ιιι
1232 5346 1300 5401 de
1331 5345 1459 5398 Fide
1490 5345 1715 5398 Urthod.
1751 5357 1873 5408 Cap.

292 5423 323 5475 7
349 5443 361 5478 :
394 5425 734 5494 Conﬁtentur,
764 5422 966 5491 inquit.
1000 5419 1131 5472 duas
1160 5417 1350 5471 Christi
1376 5416 1687 5474 nativitates,
1722 5429 1875 5494 unam

292 5510 404 5561 qua
426 5493 596 5550 estex
636 5493 796 5547 Patre
821 5502 1034 5564 artemo,
1066 5499 1115 5543 et
1155 5504 1311 5564 unum
1355 5501 1469 5564 qua;
1515 5495 1587 5538 est
1619 5500 1685 5564 eat
1707 5493 1877 5564 matre

292 5555 609 5634 temporalis.
646 5564 770 5618 Haec
808 5577 971 5632 porro
1001 5560 1242 5634 doctrina
1263 5556 1574 5634 “manifeste
1605 5555 1874 5634 coligitur

293 5649 361 5706 ex
395 5626 518 5702 ipso
562 5626 823 5706 symbolo
838 5631 1223 5706 apostolorum.
1257 5627 1391 5706 Cum
1423 5628 1562 5706 enim
1596 5626 1822 5706 dicimus
1857 5641 1867 5676 :

294 5698 454 5760 Crede
474 5709 527 5761 in
550 5698 729 5763 Iesum
749 5698 1007 5758 Christum
1035 5699 1228 5754 Filium
1251 5702 1362 5769 ejus
1390 5701 1615 5758 unicum,
1644 5698 1868 5766 primam

290 5782 642 5848 agnoscimus
689 5774 1091 5847 generationem
1143 5780 1199 5827 et
1252 5769 1618 5827 nativitatem.
1679 5783 1871 5839 nempe

1967 3390 2073 3449 sure
2094 3376 2401 3449 nativitatem
2430 3375 2601 3426 carnis
2628 3391 2775 3449 suam
2804 3378 3016 3449 faciens.
3054 3378 3340 3449 lli_tcu~que
3368 3378 3513 3449 Cyril
3532 3411 3544 3420 -

1969 3448 2068 3497 Ius.
2115 3445 2208 3497 Est
2248 3444 2410 3511 igitur
2458 3446 2753 3497 secundum
2806 3444 2965 3499 tidem
3018 3444 3335 3500 catholicam
3391 3444 3549 3501 unius

1967 3514 2320 3582 ejusdemque
2353 3528 2596 3582 persona:
2622 3514 2821 3569 Christi
2862 3517 3058 3583 duplex
3088 3517 3426 3585 agnoscenda
3458 3534 3551 3585 ge-

1970 3587 2200 3648 neratio,
2230 3593 2283 3637 et
2311 3590 2527 3653 gemina
2555 3585 2838 3649 nativilas;
2868 3597 2921 3640 et
2951 3598 3344 3650 consequenter
3375 3588 3550 3641 laten-

1968 3655 2093 3707 dum
2120 3665 2201 3708 est
2222 3654 2490 3707 Christum
2524 3655 2606 3707 bis
2637 3667 2837 3718 natum,
2863 3657 2941 3708 bis
2960 3657 3196 3724 genitum
3220 3671 3362 3721 esse,
3383 3661 3549 3711 semel

1968 3726 2037 3777 ab
2070 3734 2294 3787 mterno,
2327 3734 2379 3777 et
2416 3725 2609 3778 iterum
2642 3726 2691 3776 in
2737 3733 3002 3791 tempore,
3035 3728 3485 3794 quemadmodum
3518 3746 3548 3780 a

1969 3797 2194 3860 quodam
2228 3805 2383 3861 poeta
2414 3809 2522 3846 non
2555 3794 2731 3863 minus
2761 3796 3041 3860 eleganter
3080 3811 3239 3863 quam
3286 3813 3410 3852 vere
3436 3799 3551 3850 die-

1971 3873 2079 3916 tttin
2109 3876 2189 3916 cst
2217 3863 2403 3933 (Vida,
2438 3864 2582 3915 initio
2612 3862 2954 3932 Christiudos)
2987 3881 2999 3916 :

2063 3975 2272 4040 Spiritus
2289 3976 2438 4033 alme.
2462 3982 2547 4024 tuo
2569 3976 2715 4026 liceat
2740 3977 2854 4025 mihi
2882 3980 3081 4026 numine
3116 3977 3308 4040 Regem

2062 4036 2145 4084 Bis
2161 4038 2382 4098 genitum
2399 4050 2601 4087 canere.

1970 4140 2025 4193 ln
2055 4148 2280 4211 utraque
2302 4139 2700 4211 auteerhristi
2723 4141 3027 4208 nativitate,
3052 4152 3101 4197 et
3130 4144 3331 4211 aliquid
3358 4146 3555 4209 simile,

1971 4221 2025 4264 et
2062 4210 2264 4275 aliquid
2321 4210 2635 4279 singulare:
2672 4213 2722 4264 in
2769 4213 2859 4265 illa
2910 4216 3051 4266 enim
3100 4210 3315 4269 Patrem
3369 4216 3558 4272 habuit

1971 4282 2217 4334 Christus
2243 4281 2359 4333 sine
2389 4291 2582 4344 matre;
2610 4281 2661 4334 in
2692 4281 2790 4334 hac
2814 4297 2942 4335 vero
2971 4295 3197 4337 matrem
3232 4286 3416 4340 habuit
3441 4289 3558 4343 sine

1975 4361 2146 4418 patre.
2178 4351 2295 4417 Quo
2325 4351 2510 4403 retulit
2544 4352 2606 4403 D.
2634 4351 2955 4405 Ambrosius
3002 4354 3139 4418 quod
3181 4355 3441 4421 scriptum
3472 4370 3554 4411 θηι

1972 4421 2036 4473 ad
2063 4421 2318 4475 Hebricos
2340 4436 2533 4487 cap.vn
2558 4421 2625 4474 de
2650 4421 3045 4476 Melchisedech
3072 4424 3122 4475 in
3151 4424 3313 4489 ﬁgura
3333 4425 3555 4482 Christi:

1974 4490 2293 4561 SineApat'f.
2324 4493 2433 4543 sine
2454 4500 2631 4543 matre.
2661 4491 2785 4547 Sine
2812 4501 2972 4544 matre
3000 4494 3153 4557 enim,
3184 4493 3377 4561 inquit,
3408 4509 3560 4549 natus

1973 4572 2046 4632 est
2089 4559 2181 4612 Dei
2224 4559 2391 4614 Filius
2435 4562 2760 4629 generatione
2806 4564 3012 4626 caelesti,
3060 4564 3180 4632 quia
3222 4559 3284 4617 ei:
3313 4566 3423 4619 solo
3455 4568 3560 4620 Deo

1978 4630 2138 4684 Patre
2181 4640 2328 4683 natus
2359 4639 2565 4705 _e_s_t,"et
2602 4632 2785 4705 iterum
2828 4634 2937 4686 sine
2973 4630 3114 4701 patre
3154 4643 3324 4699 natus,
3354 4639 3562 4705 quando

1977 4712 2124 4755 natus
2161 4710 2232 4753 est
2268 4701 2739 4776 ex_Virgine_._Non
2768 4705 2905 4755 enim
2935 4720 2996 4756 ea:
3023 4705 3157 4776 t-irili
3181 4701 3375 4776 semine
3410 4724 3563 4776 gene-

1978 4781 2119 4846 ratus
2147 4779 2241 4846 est.
2266 4772 2355 4846 sed
2382 4771 2668 4846 deﬁpiritu
2695 4781 2874 4825 sancto
2905 4789 2968 4825 ex
2992 4775 3188 4846 virgine
3219 4775 3387 4828 Maria
3411 4771 3560 4829 utero

1978 4843 2143 4896 editus
2169 4843 2431 4913 virginali.
2457 4842 2637 4910 Neque
2665 4859 2793 4897 vero
2821 4842 3103 4909 propterea
3138 4846 3272 4901 duos
3303 4847 3441 4900 lilios
3471 4858 3563 4900 aut

1978 4914 2112 4967 duas
2138 4916 2319 4981 proles
2350 4913 2529 4966 dicere
2552 4927 2773 4967 necesse
2798 4926 2900 4978 est,
2930 4916 3051 4983 quia
3080 4914 3279 4979 duplex
3305 4920 3375 4969 sit
3398 4932 3564 4984 agno-

1979 4984 2173 5037 scenda
2203 4983 2496 5050 generatio;
2528 4984 2619 5036 sed
2654 4999 2816 5036 unum
2849 4987 3105 5038 duntaxat
3134 4984 3227 5038 Dei
3251 4994 3305 5039 et
3328 4987 3559 5041 hominis

1982 5054 2168 5115 lilium,
2199 5062 2433 5125 propter
2460 5054 2730 5125 _unitatetn
2767 5062 3009 5121 pet-annm
3050 5056 3099 5107 in
3144 5070 3300 5119 quam
3334 5068 3559 5125 utraque

1978 5125 2069 5179 illa
2119 5123 2257 5177 radit
2308 5123 2590 5187 nativitas;
2638 5125 2969 5192 impossibile
3000 5124 3169 5178 videri
3218 5126 3375 5181 debet
3418 5123 3560 5195 quod

1981 5196 2144 5249 fuerit
2164 5203 2449 5263 antequam
2471 5208 2532 5253 ex
2561 5207 2733 5249 matre
2763 5205 3092 5255 nasceretur,
3119 5196 3237 5263 quia
3261 5199 3587 5251 secundum~

1979 5266 2121 5320 aliud
2175 5269 2400 5331 (nempe
2432 5264 2725 5336 Deitatem)
2768 5280 2984 5334 semper
3025 5263 3142 5330 fuit,
3183 5277 3232 5318 et
3266 5269 3561 5324 scentulum

1978 5337 2119 5407 aliud
2154 5336 2380 5407 (nempe
2410 5336 2823 5405 humanitatem)
2858 5340 3126 5407 nascendo
3155 5350 3275 5389 esse
3303 5341 3488 5407 cmpit.

2049 5406 2077 5445 τι
2120 5406 2196 5461 Ex
2234 5409 2334 5459 hoc
2366 5408 2489 5477 loco.
2516 5407 2841 5473 approbatur
2884 5406 3150 5460 correctio
3195 5415 3375 5460 textus
3396 5406 3561 5477 supe-

1980 5480 2092 5533 ritis
2127 5478 2362 5531 inducta.
2399 5475 2611 5545 Repetit
2652 5480 2793 5530 enim
2837 5488 2892 5529 et
2932 5477 3164 5529 inculcat
3193 5480 3361 5532 semel
3393 5475 3560 5543 dicta,

1982 5566 2083 5603 nec
2111 5548 2196 5601 hic
2242 5557 2466 5609 tantum,
2514 5546 2609 5600 sed
2654 5556 2709 5600 et
2751 5561 2868 5613 cap.
2906 5546 2992 5612 11,
3043 5556 3101 5599 ιιι
3144 5546 3449 5603 Nestorium
3481 5555 3560 5603 sui

1982 5620 2354 5675 immemorem
2385 5616 2596 5685 sibique
2625 5618 2723 5686 ipsi
2767 5617 3221 5672 contradicentem
3250 5620 3558 5688 redarguat,

1983 5692 2074 5757 qui
2119 5689 2261 5759 quod
2301 5688 2352 5741 in
2396 5688 2644 5759 symbolo
2683 5688 2960 5758 professus
3009 5688 3203 5760 luerat,
3244 5699 3562 5746 retractaret

1982 5777 2044 5818 ac
2082 5769 2419 5832 pernegaret.
