4040 6182
457 300 557 356 1'37

1769 292 2050 352 S‘MNNIS
2089 288 2398 349 CASSIAM

3637 294 3732 352 168

459 409 602 462 illam
631 387 838 462 scilicet
857 406 1202 462 solitudinem
1228 415 1492 471 transeas,
1518 406 1607 459 ubi
1635 407 1840 460 nullum
1866 406 2044 458 valeas
2079 411 2121 464 Α
2156 404 2294 458 nolis
2322 404 2463 472 quod
2497 418 2685 458 omnes
2715 411 2859 468 sunt,
2893 403 3037 472 quod
3082 413 3136 457 ttt
3179 403 3328 458 velis.
3365 401 3630 460 Ptmclara
3655 406 3736 459 vi-

459 498 702 554 invenirc
732 512 888 568 quem
921 497 1133 565 perdas.
1185 496 1371 550 Fidem
1403 511 1529 566 ergo
1572 497 1760 551 salutis
1801 508 2001 549 nosme
2027 536 2040 558 ,

461 601 857 647 sacramentum
887 591 1000 658 spei
1028 589 1419 644 ecclesiasticae
1447 598 1502 643 tu
1532 589 1746 643 auditus
1778 589 1854 642 lui
1884 597 2044 657 atque

461 686 673 738 aurium
711 683 917 752 plagam
951 691 1126 750 putas.
1177 679 1243 734 Et
1281 679 1556 749 quomodo
1590 678 1890 750 quondam.
1923 693 2043 732 cum

459 777 524 828 ad
554 775 879 843 baptismum
907 787 1159 826 curreres
1187 813 1202 837 ,
1263 772 1408 826 sanis
1441 772 1556 826 haec
1586 782 1919 826 sacramenta
1952 785 2047 822 au-

458 869 608 922 ribus
640 867 937 921 audiebas?
967 865 1253 932 Quomodo
1285 879 1407 919 cum
1434 875 1486 920 te
1516 866 1757 935 magistri
1783 865 2047 919 Ecclesia-

459 974 579 1012 rum
614 957 910 1022 docerent,
946 971 1102 1009 aures
1140 966 1242 1009 tua:
1275 971 1379 1010 non
1413 955 1705 1008 vulnerata:
1733 954 1898 1008 sunt?
1927 955 2046 1008 sine

462 1050 569 1103 ulla
600 1058 726 1104 tunc
755 1058 902 1102 certe
931 1048 1080 1116 plaga
1115 1047 1316 1114 duplici
1355 1047 1466 1100 oris
1496 1056 1655 1115 atque
1684 1047 1890 1100 attrium
1922 1046 2045 1100 futt-

462 1139 675 1208 geharis
723 1138 902 1191 oflicio
925 1181 938 1202 ,
993 1153 1112 1190 cuin
1146 1147 1200 1190 et
1231 1136 1413 1190 audita
1446 1136 1513 1190 ab
1545 1137 1664 1189 aliis
1694 1137 1904 1191 diceres
1925 1181 1940 1205 ,
1993 1146 2046 1189 et

462 1233 579 1302 ipse
612 1239 664 1286 te
694 1230 962 1284 dicentem
994 1230 1169 1281 dictor
1193 1227 1430 1281 audires.
1465 1227 1566 1282 Ubi
1591 1237 1750 1282 erant
1781 1237 1903 1281 tune
1932 1227 2047 1282 lucc

463 1323 672 1376 aurium
705 1331 912 1374 tuarum
944 1318 1205 1372 vulnera?
1236 1317 1324 1371 ubi
1351 1319 1464 1372 harc
1491 1319 1706 1372 auditus
1744 1318 1821 1371 ttti
1853 1318 2046 1387 plaga?

462 1409 571 1465 Cur
603 1426 708 1464 n0n
761 1409 1134 1463 contradixisti
1178 1416 1234 1462 et
1279 1408 1621 1462 reclamasti?
1662 1408 1766 1463 Sed
1798 1408 2050 1463 videlicet

460 1519 561 1572 pro
593 1502 816 1555 arbitrio
847 1515 910 1554 ac
942 1499 1164 1553 libidine
1194 1510 1303 1560 tua.
1339 1513 1459 1554 cum
1491 1499 1594 1565 vis,
1624 1497 1916 1567 discipulus
1947 1515 2003 1554 es
2030 1515 2045 1562 ;

461 1604 517 1646 et
543 1594 819 1655 Ecclesize,
847 1606 967 1646 eum
998 1590 1098 1653 vis,
1130 1589 1343 1654 hostis;
1387 1606 1508 1643 cum
1543 1589 1622 1644 vis
1649 1630 1664 1653 ,
1707 1589 2042 1653 catholicus;

461 1699 583 1738 cum
613 1684 692 1737 vis
718 1724 734 1748 ,
779 1691 1046 1752 apostata.
1084 1682 1286 1750 Dignus
1318 1679 1567 1734 nimirum
1602 1689 1789 1733 auctor
1812 1719 1826 1744 ,
1869 1681 1959 1749 qui
1993 1681 2044 1734 in

2157 495 2352 549 delicet
2384 496 2698 560 auctoritas,
2727 505 2780 548 ut
2806 495 2930 563 quia
2954 503 3007 548 tu
3035 493 3175 563 quod
3203 503 3326 548 eras
3350 509 3454 550 non
3483 510 3544 551 es
3568 540 3584 564 ,
3613 509 3737 553 esse

2149 585 2383 640 mundus
2407 585 2619 640 desinat
2649 585 2790 654 quod
2817 586 2937 639 fuit.

2758 699 2986 756 CtPUT
3027 701 3118 756 XI.

2148 790 2315 848 Diluit
2351 794 2681 865 objertionem
2721 795 2927 847 tacitam
2967 795 3323 848 Itarreticorttm
3351 796 3442 865 qui
3473 796 3595 864 ﬁdei
3629 812 3743 852 sua:

2220 867 2593 933 professionem
2652 867 2704 918 in
2771 865 2956 935 puerili
3012 876 3163 919 (etate
3222 866 3416 934 {actam
3469 879 3742 922 recantare

2220 937 2419 988 volunt.

2218 1045 2247 1083 ι)
2285 1045 2390 1100 Sed
2440 1046 2719 1112 parvulum
2773 1058 2824 1100 te
2875 1046 3127 1114 forsitan,
3179 1062 3300 1102 cum
3352 1051 3736 1116 renascoreris,

2150 1134 2315 1190 fuisse
2343 1135 2513 1200 dit-is;
2545 1147 2596 1190 et
2628 1137 2754 1191 ideo
2785 1153 2887 1192 nec
2920 1152 3108 1207 sapere
3141 1149 3285 1201 tunc,
3315 1153 3413 1194 nrc
3443 1142 3741 1196 reclamare

2149 1227 2408 1282 valuisse.
2443 1227 2643 1284 Verum
2670 1237 2775 1295 est,
2809 1229 3023 1284 obstitit
3054 1230 3150 1284 tibi
3179 1231 3401 1286 infantia
3431 1247 3497 1286 ne
3524 1243 3744 1286 contra.

2150 1319 2380 1383 diceres,
2415 1329 2436 1357 ο
2462 1319 2554 1388 qui
2587 1321 2720 1375 mori
2751 1321 2834 1374 vir
2865 1320 3292 1376 contradicendo
3320 1323 3606 1390 potuisses.
3635 1324 3742 1392 Qui

2150 1411 2292 1463 enim
2326 1412 2369 1465 si
2398 1407 2424 1447 ἀ
2459 1412 2509 1464 in
2543 1411 2630 1464 illa
2682 1412 2993 1467 fidelissima
3037 1428 3100 1468 ac
3149 1414 3494 1468 devotissima
3541 1414 3743 1471 Christi

2153 1502 2416 1566 Ecclesia,
2453 1512 2476 1539 ο
2509 1519 2630 1558 cum
2675 1504 2930 1559 sacerdos
2970 1505 3274 1575 symbolum
3308 1507 3659 1575 respondenti
3687 1519 3744 1563 et

2151 1593 2472 1647 acclamanti
2508 1595 2707 1662 populo
2746 1594 2843 1648 Dei
2875 1595 3132 1662 traderet,
3167 1597 3364 1652 mutire
3394 1609 3447 1650 ιιι
3479 1597 3528 1651 in
3560 1597 3743 1667 aliquo

2150 1695 2242 1738 aut
2272 1685 2570 1740 reclamare
2607 1686 2917 1740 tentasses?
2947 1686 3250 1742 audiendus
3281 1686 3507 1742 fortasse
3539 1687 3740 1753 fueras,

461 1775 760 1845 quamlibet
793 1784 993 1842 portent
1029 1783 1077 1825 te
1123 1771 1426 1826 contuleris
1455 1815 1468 1840 ,
1522 1769 1793 1824 Ecclesias
1840 1780 1956 1839 post
1995 1779 2044 1823 te
2081 1771 2120 1828 Β
2151 1789 2213 1828 ac
2239 1791 2346 1828 non
2373 1775 2552 1829 Statim
2585 1785 2644 1828 ut
2675 1789 2872 1829 novum
2906 1775 3136 1846 prodigii
3181 1785 3277 1830 aut
3303 1779 3528 1830 monstri
3573 1791 3744 1844 genus

463 1866 670 1928 trahas,
701 1866 856 1931 cujus
882 1864 1135 1917 voluntas
1159 1863 1242 1915 lex
1271 1862 1390 1915 vitm
1415 1872 1612 1914 nostra:
1639 1862 1728 1920 sit.
1751 1861 1842 1929 qui
1873 1871 2044 1914 muta-

462 1956 666 2010 bilitate
696 1948 785 2009 ιιιιῖ
815 1957 1102 2008 humanum
1133 1969 1302 2024 genus
1329 1962 1524 2016 mutes;
1556 1964 1607 2006 et
1638 1961 1660 1987 τι
1692 1951 1812 2020 quia
1844 1962 1896 2004 ιιι
1931 1968 2050 2006 esse

2156 1865 2208 1918 in
2240 1875 2447 1933 peSIem
2478 1864 2711 1934 aliquam
2753 1867 3246 1935 exterminiumque
3277 1869 3591 1920 mittendus.
3625 1867 3743 1922 Non

2156 1956 2282 2023 quia
2313 1955 2558 2023 piissima
2591 1956 2676 2009 illa
2727 1972 2789 2008 ac
2821 1957 3229 2026 religiosissima
3258 1957 3418 2026 plebs
3440 1958 3532 2012 Dei
3559 1969 3744 2014 conta-

1539 2065 1794 2119 ALARDI
1837 2064 2066 2120 ΟᾹΖᾸΞΙ
2105 2062 2670 2123 COMMENTARIUS.

463 2161 646 2216 Oasim
693 2158 956 2228 siquidem
1003 2158 1196 2211 exsilio
1245 2157 1539 2228 relegatum
1569 2156 2046 2228 incidepinrtalunt

463 2248 586 2286 esse
612 2225 914 2285 Nestorium
943 2270 957 2291 ,
1007 2225 1380 2282 Theodoretus
1407 2227 1461 2280 in
1491 2227 1720 2296 epistola
1752 2227 1817 2279 ad
1849 2225 2048 2292 Spora-

466 2305 612 2355 tlium
642 2301 805 2354 tradit
833 2301 916 2351 his
947 2299 1127 2352 veibis
1153 2317 1166 2350 :
1195 2297 1316 2350 Non
1341 2298 1509 2351 solum
1532 2295 1826 2350 sacerdotio
1858 2295 2048 2349 Nesto-

465 2373 573 2424 rius
597 2373 783 2438 ejectus
807 2370 937 2434 fuit;
964 2369 1419 2438 divinosiquidem
1457 2368 1662 2437 judicio
1691 2409 1705 2432 ,
1753 2377 2047 2438 sanctorum

471 2436 660 2508 Ephesi
692 2451 1111 2508 congregatarum
1138 2436 1355 2489 Patrum
1381 2436 1585 2490 decreto
1613 2475 1628 2499 ,
1675 2438 1764 2489 sed
1791 2437 2049 2500 imperiali

466 2519 595 2563 nutu
638 2510 812 2562 Uasim
856 2508 1079 2560 incolere
1121 2509 1396 2559 damnatus
1423 2547 1436 2566 ,
1488 2523 1660 2578 partas
1705 2522 1823 2578 qua:
1860 2508 2048 2578 impios

467 2590 760 2651 exspectant
805 2589 1120 2651 pra’gustare
1164 2578 1330 2651 erepit.
1387 2576 1618 2651 l_d_ipsunt
1663 2576 1898 2651 aftirmat
1948 2576 2050 2651 So-

466 2647 642 2704 crates
668 2649 832 2717 (IIist.
859 2647 944 2701 lib.
976 2663 1045 2700 \‘Il
1072 2665 1188 2716 cap.
1218 2649 1342 2714 ὃὸ).
1397 2647 1450 2700 Id
1495 2647 1725 2714 denique
1766 2663 1832 2700 ex
1880 2648 2048 2712 ipsius

467 2720 701 2773 Nestorii
735 2719 928 2773 litteris
957 2719 1218 2785 Ev.igrius
1251 2718 1428 2785 prodit
1473 2719 1544 2770 ita
1587 2717 1830 2770 scribens
1863 2718 1997 2781 (Lib.
2032 2733 2046 2770 I

467 2809 586 2859 cap.
616 2793 683 2858 7)
713 2808 722 2841 :
753 2789 1194 2855 Quemadmodum
1219 2799 1389 2859 autem
1425 2785 1699 2840 [Vestorius
1730 2787 1782 2839 in
1811 2788 2051 2839 exsilium

469 2858 664 2930 ejectus
692 2863 776 2924 sit,
801 2873 845 2912 ct
867 2861 992 2925 quid
1018 2869 1194 2929 postea
1225 2860 1287 2910 de
1313 2858 1404 2910 illo
1433 2859 1643 2930 factum,
1681 2867 1726 2930 et
1763 2873 1910 2926 quem
1936 2861 2050 2910 vita:

465 2928 659 2986 editum
687 2933 753 2984 sit
785 2928 1101 2995 consecutus,
1126 2942 1171 2981 et
1193 2946 1318 2997 quas
1340 2945 1516 2998 poenas
1540 2928 1870 2990 blasphemia:
1892 2944 2048 2980 causa

468 3004 702 3067 dederit,
751 3003 1043 3068 neutiquam
1098 2999 1199 3052 illis
1237 3000 1324 3068 qui
1365 3014 1480 3066 eius
1520 3013 1599 3051 res
1638 3009 1803 3066 gestas
1844 2999 2047 3062 scriptis

466 3073 801 3143 prodiderunt
829 3069 1074 3122 traditum
1103 3080 1194 3143 est.
1222 3071 1351 3143 Qua:
1377 3084 1550 3143 omnia
1579 3068 1736 3143 plane.
1757 3069 2050 3143 intercidis-

416 3153 420 3158 ‘
467 3136 606 3202 iri-nt,
641 3143 951 3209 fuissentque
973 3140 1213 3209 temporis
1235 3140 1572 3190 diuturnitate
1597 3145 1672 3189 ita
1703 3136 1869 3209 deleta
1896 3138 2050 3191 obru-

469 3208 648 3278 taque,
680 3220 735 3262 ut
771 3227 832 3261 ne
862 3213 926 3260 de
962 3208 1066 3260 illis
1107 3209 1308 3260 omnino
1339 3209 1415 3260 t-el
1445 3210 1596 3261 semel
1634 3208 1805 3278 audiri
1847 3220 2046 3273 posset.

468 3277 568 3334 nisi
609 3282 660 3333 in
697 3279 883 3332 librum
913 3279 1185 3346 quemdam
1226 3279 1288 3330 ab
1319 3279 1428 3348 ipso
1469 3279 1707 3330 Nestorio
1734 3277 1927 3331 editum
1951 3319 1963 3338 .
1995 3281 2047 3331 in

467 3368 569 3413 quo
597 3354 806 3403 istarum
845 3365 1015 3402 rerum
1055 3347 1345 3401 continetur
1369 3351 1600 3400 narratio
1631 3388 1643 3409 ,
1683 3349 1813 3412 forte
1842 3347 2047 3413 fortuna

2155 2157 2205 2232 in
2229 2157 2338 2232 hoc
2366 2173 2485 2232 ea".
2519 2159 2918 2232 subdubitasse,
2950 2170 2998 2212 et
3035 2164 3186 2226 quasi
3221 2162 3617 2232 inexploratum
3646 2164 3741 2218 ha-

2153 2228 2352 2303 buisse.
2385 2227 2518 2303 Nam
2543 2243 2664 2303 cum
2695 2231 2954 2303 hactenus
2982 2234 3122 2285 velut
3147 2250 3241 2298 pro
3267 2227 3418 2286 certo
3446 2248 3742 2303 supposue—

2153 2298 2223 2349 rit
2251 2302 2423 2362 ipsum
2456 2300 2776 2352 adustiorem
2810 2300 3134 2367 baptizatum
3167 2311 3221 2355 et
3260 2298 3733 2367 renatumfnunc.

2151 2370 2422 2438 contraria
2457 2369 2742 2438 hypothesi
2773 2371 2821 2424 ei
2855 2385 3135 2435 concessa,
3171 2374 3340 2438 ipsum
3387 2372 3744 2428 nihilominus

2152 2436 2453 2506 redarguit,
2496 2436 2646 2510 quod
2679 2454 2796 2492 eam
2823 2509 2826 2510 ν
2850 2440 3008 2493 [idem
3039 2436 3199 2504 quam
3247 2457 3344 2510 per
3389 2457 3516 2496 suos
3545 2447 3742 2498 saltem

2150 2518 2496 2574 susceptores
2525 2509 2653 2561 olim
2707 2509 2983 2571 professus
3015 2512 3185 2564 fuerat.
3209 2553 3222 2568 .
3253 2509 3426 2578 post,
3459 2525 3742 2568 crescente

2151 2586 2308 2631 :ntate
2337 2588 2393 2632 et
2419 2578 2644 2633 rationis
2669 2579 2892 2647 judicio.
2925 2596 3046 2634 cum
3094 2583 3445 2647 adolevisset,
3473 2583 3583 2650 jatn
3620 2601 3740 2637 ma-

2155 2658 2328 2712 turtts,
2359 2665 2421 2702 ac
2446 2650 2525 2701 sui
2557 2665 2778 2717 compos
2804 2651 3046 2710 eﬂectns.
3077 2669 3182 2705 non
3209 2654 3539 2716 tetractarit;
3571 2652 3741 2708 immo

2152 2728 2204 2772 ct
2253 2719 2306 2770 in
2358 2719 2658 2773 ministerio
2689 2721 3057 2774 ecclesiastico
3085 2738 3148 2775 ac
3196 2722 3540 2785 sacerdotali,
3581 2733 3734 2778 tanto

2155 2797 2431 2854 tempore,
2480 2799 2533 2840 et
2562 2789 2627 2842 ad
2670 2800 3038 2845 senescentem
3091 2807 3259 2860 usque
3287 2803 3526 2854 mtatem,
3557 2795 3739 2848 sciens

2150 2871 2214 2910 ac
2245 2860 2477 2924 prudens
2510 2859 2822 2921 retinuerit;
2861 2861 3001 2914 ttnde
3025 2860 3135 2929 j‘tlll
3176 2859 3536 2916 refractarius
3566 2876 3613 2915 et
3651 2879 3740 2918 re-

2151 2937 2416 2986 cantator.
2441 2930 2684 2996 perﬁdia:
2707 2945 2889 2984 n0tam
2913 2934 3074 2984 etiam
3107 2931 3204 2985 hac
3232 2948 3296 2986 ex
3326 2941 3475 3000 parte
3499 2933 3739 3002 ell'ugero

2153 3009 2402 3064 nequeat.

2228 3079 2247 3104 τ
2276 3067 2331 3121 ld
2359 3080 2462 3133 est,
2490 3069 2576 3138 qui
2609 3072 2794 3123 mortis
2815 3071 3108 3139 periculum
3133 3071 3486 3139 incurrisses,
3511 3072 3554 3125 si
3587 3073 3738 3128 adul-

2154 3147 2239 3190 tus
2269 3139 2708 3193 contradixisses.
2829 3180 2831 3183 -
3582 3155 3606 3170 ο·

2223 3206 2248 3243 ἀ
2275 3204 2607 3262 Antioche'na
2638 3210 2868 3280 scilicet,
2897 3209 2951 3264 in
2978 3225 3081 3280 qua
3109 3210 3382 3264 Nestmins
3413 3212 3734 3279 baptitatus,

2152 3286 2211 3330 ut
2258 3292 2420 3347 Supra
2450 3296 2468 3349 :7
2498 3280 2549 3332 in
2581 3294 2684 3348 qua
2717 3278 2910 3333 Petrus
2940 3278 3217 3349 apostolus
3245 3291 3298 3334 et
3342 3281 3498 3335 tidem
3531 3278 3735 3349 plantas

2152 3349 2248 3419 vit,
2281 3359 2336 3402 et
2381 3348 2564 3419 sedem
2614 3355 2808 3402 locavit
2841 3348 2985 3419 (Act.
3020 3353 3122 3419 XI),
3155 3360 3208 3405 et
3259 3351 3310 3404 in
3351 3367 3452 3416 qua
3501 3348 3732 3417 primum

468 3423 784 3498 incidissem.
817 3419 883 3498 Εξι
911 3419 1132 3498 infraex
1158 3419 1275 3498 aliis
1294 3417 1541 3498 _eju~detn
1573 3417 1798 3498 Nestorii
1832 3417 2045 3498 litteris,
2077 3437 2121 3498 ρ
2153 3417 2720 3498 discipuli_Cltri:t.iani
2743 3417 2866 3498 sunt
2893 3417 3144 3498 appellati
3171 3439 3184 3483 ;
3209 3437 3240 3490 q
3258 3437 3329 3498 ne
3351 3437 3412 3474 ex
3443 3424 3544 3475 title
3570 3424 3732 3477 etiam

469 3492 635 3546 refert
667 3491 781 3545 inec
807 3489 922 3555 ejus
951 3493 1107 3541 verba
1136 3505 1147 3539 :
1179 3486 1261 3542 Ea:
1284 3486 1620 3552 Imperatoris
1652 3489 1818 3540 edicto
1844 3486 2045 3552 Oasim,

468 3563 574 3614 alio
598 3563 790 3614 nomini
817 3559 930 3612 Ibin
967 3557 1302 3629 appellatam,
1327 3558 1613 3626 demigrare
1647 3557 1811 3629 coacti
1845 3574 2041 3629 sumus.

471 3633 598 3687 ll;ee
627 3631 768 3699 apud
801 3625 1107 3698 Evagrium.
1160 3625 1487 3699 Porro‘qua’:
1513 3668 1527 3691 ,
1571 3635 1627 3699 et
1671 3628 1844 3699 qualis
1888 3625 2047 3681 fuerit

471 3704 559 3756 illa
581 3696 735 3757 Oasis
763 3696 1017 3761 stilituilo,
1053 3700 1103 3768 in
1132 3713 1294 3768 quam
1328 3696 1767 3768 facinorosissimi
1798 3697 2046 3768 homines

470 3772 699 3840 relegari
738 3771 1016 3832 solerent,
1048 3767 1231 3840 ihabes
1255 3778 1508 3840 accurate
1531 3767 1860 3840 explicatum
1885 3784 1913 3820 a
1946 3767 2046 3820 Ba-

469 3836 627 3896 mnu.
655 3842 881 3896 itrnotis
922 3840 990 3893 ad
1016 3839 1452 3908 Martyrologium
1488 3839 1607 3908 (Ad
1642 3838 1704 3892 l2
1731 3836 1902 3908 Junii)
1924 3880 1938 3905 ,
1990 3847 2048 3892 ιιι

469 3915 684 3968 aliunde
712 3913 845 3966 nihil
876 3927 1010 3979 opus
1031 3911 1102 3964 sit
1129 3925 1428 3963 accersere.
1518 3978 1523 3979 γ
1605 3947 1614 3979 τ

543 3994 569 4019 η
610 3983 852 4036 Mutilum
884 3978 1004 4034 esse
1037 3982 1177 4033 hunc
1198 3979 1397 4038 locum.
1432 3988 1484 4034 et
1515 3978 1772 4043 hiulcum,
1803 3980 2046 4047 quamvis

473 4064 578 4105 tam
625 4051 918 4104 Basileensi
947 4064 1106 4117 quam
1150 4047 1480 4101 Plantiniana
1509 4049 1746 4102 editione
1776 4052 1846 4101 ita
1875 4065 2041 4104 excu-

470 4137 614 4181 sum,
645 4135 803 4174 nemo
831 4135 939 4172 non
969 4117 1115 4170 videt
1144 4135 1156 4168 :
1190 4130 1241 4171 et
1270 4117 1373 4169 hoc
1402 4117 1560 4169 modo
1586 4118 1823 4184 suppleri
1854 4133 2044 4172 sensus

471 4191 692 4243 omnino
720 4192 948 4256 postulat
981 4206 994 4239 :
1028 4187 1162 4250 Quia
1186 4196 1241 4239 tu
1268 4201 1374 4239 esse
1404 4187 1536 4239 nolis
1567 4187 1778 4256 (supple
1818 4189 2044 4241 catholi-

471 4261 592 4330 cus)
623 4261 757 4327 quod
783 4275 954 4312 omnes
975 4265 1094 4310 sunt
1123 4256 1237 4327 (qui
1260 4257 1685 4330 recle_s_entinnt)
1706 4273 1887 4330 omnes
1916 4259 2038 4330 sint,

471 4325 609 4402 quod
636 4325 687 4382 tu
719 4332 838 4383 velis
865 4375 877 4398 ,
914 4342 1106 4402 nempe
1135 4325 1386 4402 ‘lneretici
1415 4325 1737 4402 Nestoriani.
1777 4327 1868 4402 vel
1898 4327 1938 4379 si
1967 4329 2044 4380 sic

469 4395 1163 4455 consonantius'videatur:
1199 4399 1328 4464 Quia
1350 4407 1404 4448 tu
1428 4413 1535 4450 esse
1560 4395 1691 4449 nolis
1712 4396 1848 4466 quod
1870 4412 2044 4450 omnes

469 4484 608 4538 sunt,
639 4487 812 4523 omnes
840 4470 976 4540 quod
1012 4479 1064 4521 tu
1093 4485 1147 4522 es
1181 4485 1302 4540 esse
1321 4469 1462 4540 uelis,
1488 4483 1704 4540 iuempe
1739 4467 2041 4530 Irrreticos,

471 4553 531 4596 ut
573 4537 732 4596 modo
771 4537 1096 4607 explicatum
1138 4550 1240 4594 est.
1282 4538 1374 4591 Sic
1414 4539 1555 4592 enim
1601 4537 1690 4591 ille
1729 4553 1917 4591 omnes
1959 4553 2039 4590 snt

469 4614 675 4667 similes
699 4626 840 4670 esse.
875 4611 1014 4663 idem
1037 4611 1256 4671 sentire,
1291 4625 1353 4662 ac
1377 4623 1567 4676 sapere
1591 4611 1827 4675 aptabat,
1856 4622 2042 4676 quem-

470 4683 759 4736 admodum
790 4680 1005 4741 Paulus.
1039 4678 1132 4732 Sed
1161 4680 1266 4732 alio
1289 4693 1451 4732 sensu
1478 4688 1530 4732 et
1556 4677 1766 4743 spiritu,
1798 4677 2038 4731 dicebat:

478 4752 607 4808 Volo
633 4768 804 4806 omnes
829 4767 913 4803 t'os
943 4765 1069 4814 esse,
1102 4749 1232 4801 sicut
1261 4766 1340 4802 me
1365 4750 1532 4816 ipsum
1565 4745 1618 4816 (Ι
1648 4746 1765 4802 Cor.
1793 4747 1901 4817 vn)
1929 4765 1940 4800 :
1977 4748 2042 4801 Et

469 4806 596 4877 alibi
628 4823 693 4877 ad
727 4822 1011 4890 Agrippam
1040 4806 1068 4873 ε’
1091 4819 1225 4886 Opto
1268 4806 1405 4890 apud
1441 4806 1623 4883 Deum,
1660 4827 1704 4870 et
1730 4818 1784 4870 in
1815 4806 2036 4890 modico,
2072 4806 2120 4864 D

468 4905 513 4947 et
540 4896 591 4948 in
621 4889 826 4961 magno,
859 4908 959 4944 non
989 4900 1187 4961 tantum
1231 4901 1297 4947 te.
1329 4889 1416 4942 sed
1456 4892 1607 4940 etiam
1636 4903 1807 4961 omnes
1836 4889 1922 4956 qui
1950 4905 2047 4941 au-

469 4965 636 5024 diunt.
671 4958 819 5016 hodie
843 4962 954 5023 ﬁeri
974 4958 1124 5026 tales,
1156 4961 1323 5029 qualis
1353 4970 1397 5011 et
1426 4976 1518 5030 ego
1545 4975 1658 5011 sum
1689 4958 1822 5030 (Act.
1853 4961 2022 5024 xxvii.

540 5035 568 5073 ι’
606 5037 739 5088 Cum
797 5028 1175 5095 renascereris,
1235 5030 1285 5083 id
1339 5028 1618 5090 est,'cnm
1676 5028 2042 5096 baptizareris,

467 5106 610 5175 quod
657 5115 738 5159 est
782 5104 988 5175 renasci
1031 5119 1096 5156 ex
1147 5116 1282 5169 aqua
1314 5111 1368 5154 et
1392 5099 1601 5175 Spiritu
1628 5109 1837 5175 saneto,
1870 5097 2045 5175 alcan-

469 5169 554 5230 nts
582 5192 638 5230 ιιι
691 5175 846 5228 Aliud
877 5172 1150 5237 clfuginm,
1176 5183 1265 5223 aut
1291 5171 1532 5232 cavillus,
1564 5183 1672 5238 quo
1700 5169 1800 5222 sibi
1832 5169 2043 5234 objecta

467 5247 688 5301 eludere
719 5255 900 5313 posset
932 5240 1493 5313 Nestotiuspdit'endo
1522 5240 1622 5292 sibi
1653 5239 1839 5313 infanti
1874 5238 2045 5313 bapti-

467 5326 586 5371 ιλιι)
617 5309 846 5370 alienant
880 5315 1036 5368 fidem
1077 5314 1212 5365 male
1246 5312 1531 5378 imputari;
1562 5323 1661 5363 nec
1692 5309 1934 5376 potuisse
1964 5311 2045 5362 in-

468 5386 668 5439 fantem
719 5386 844 5455 quid
897 5386 1050 5455 fieret
1100 5381 1438 5455 intelligere,
1478 5389 1570 5432 aut
1615 5379 1928 5433 reclamare.
1961 5381 2046 5455 _At

471 5458 610 5508 hunc
649 5450 898 5509 cavillum
949 5453 1138 5508 falsum
1169 5467 1231 5505 ac
1282 5450 1593 5504 mendacem
1645 5464 1767 5504 esse
1794 5451 2042 5516 superius

467 5541 532 5579 ex
587 5525 910 5580 Theodoreti
967 5535 1022 5580 et
1072 5522 1310 5578 Cassiani
1341 5521 1497 5574 dictis
1538 5521 1677 5574 inter
1717 5533 1777 5574 se
1829 5519 2041 5574 collatis

467 5595 953 5661 comprobavimus,
999 5605 1054 5649 et
1084 5593 1258 5662 ipsum
1287 5607 1392 5646 non
1425 5591 1709 5662 infantem,
1760 5590 1868 5662 sed
1884 5588 2041 5643 adul-

469 5658 949 5731 ttttn'baptizatuut'
985 5658 1336 5727 ostendimus,
1370 5661 1512 5731 quod
1542 5671 1595 5715 et
1625 5659 1830 5731 Auctor
1856 5658 2038 5713 hacte-

467 5752 566 5794 nus
597 5729 907 5805 constanter
937 5737 1188 5792 asseruit.
1219 5734 1296 5792 De
1321 5729 1428 5804 quo
1460 5743 1638 5790 tamen
1669 5729 1839 5787 videri
1870 5731 2037 5799 possit

2151 3503 2216 3542 ac
2243 3489 2530 3560 devotione
2558 3490 2868 3560 'l‘ln-opolis,
2896 3491 2946 3542 id
2974 3500 3076 3548 est.
3102 3491 3193 3544 Dei
3225 3489 3412 3545 t-ivitas
3437 3502 3620 3560 postea
3648 3500 3736 3547 est

2147 3559 2414 3629 appellata
2446 3558 2690 3626 (Niceplt.
2719 3559 2807 3612 lib.
2836 3575 2946 3627 xiv,
2975 3577 3021 3612 c.
3046 3559 3159 3629 54).

2226 3638 2249 3667 ο
2280 3628 2550 3682 Solemnis
2588 3635 2718 3682 ritus
2757 3639 2811 3682 et
2851 3632 3068 3699 antiqua
3106 3628 3424 3684 eaeremouia
3465 3630 3572 3696 jam
3602 3632 3733 3687 inde

2147 3713 2176 3750 a
2231 3701 2559 3767 temporibus
2616 3701 2980 3768 apostolorum
3040 3701 3091 3754 in
3147 3703 3412 3767 baptismo
3465 3702 3727 3755 adminis-

2151 3769 2340 3822 trando
2377 3769 2693 3832 observata,
2727 3777 2785 3822 ιιι
2829 3771 3158 3839 baptizandi,
3195 3772 3241 3824 si
3291 3771 3456 3825 adulti
3505 3771 3727 3835 fuerint,

2147 3849 2202 3892 et
2221 3839 2614 3902 catechumeni,
2629 3839 2928 3909 symbolum
2950 3843 3300 3906 apostolicum
3319 3858 3413 3910 per
3429 3857 3508 3905 sc,
3525 3857 3618 3897 seu
3634 3857 3734 3896 me

2150 3910 2365 3977 pr0prio
2394 3918 2446 3963 et
2479 3911 2651 3977 palam
2681 3910 2941 3975 recitent;
2975 3912 3018 3963 si
3047 3926 3174 3965 vero
3203 3910 3462 3971 infantes,
3486 3915 3734 3966 scisctte-

2149 3989 2236 4033 tur
2262 3980 2512 4033 sacerdos
2545 3996 2558 4031 :
2587 3977 2765 4031 Credis
2789 3981 2840 4033 in
2875 3979 3034 4032 Deum
3065 3980 3265 4051 Patrem
3297 3981 3734 4051 ontuipo:entcm.’

2147 4061 2200 4119 et
2232 4051 2447 4115 patrini,
2474 4064 2568 4103 seu
2592 4060 2950 4117 suscvplttl‘es,
2981 4066 3076 4115 pro
3104 4049 3308 4105 infante
3333 4049 3689 4119 respondeant
3713 4070 3727 4103 :

2148 4118 2332 4173 Credo.
2365 4120 2534 4188 Hujus
2565 4119 2962 4190 observationis
2993 4129 3155 4174 testes
3185 4132 3310 4174 sunt
3351 4122 3408 4190 S.
3431 4118 3732 4190 Dionysius

2149 4191 2467 4258 Areopagita
2501 4189 2894 4243 Ecelesiasticm
2940 4190 3219 4244 Hierarch.
3266 4206 3317 4247 c.
3361 4189 3417 4252 2,
3463 4191 3551 4243 ubi
3584 4189 3734 4244 dicit

2146 4275 2267 4312 cum
2301 4263 2390 4327 qui
2425 4261 2722 4329 baptizatur
2753 4270 2827 4311 ter
2850 4259 3106 4312 Christum
3139 4261 3391 4329 proﬁteri,
3417 4271 3463 4312 et
3490 4261 3730 4313 omnibus

2146 4329 2268 4396 ﬁdei
2289 4330 2609 4382 documentis
2633 4327 2874 4381 divinitus
2897 4331 3095 4382 traditis
3123 4327 3422 4391 consentire.
3453 4333 3591 4396 quod
3621 4332 3733 4382 uti-

2145 4414 2248 4465 que
2277 4398 2330 4450 fit
2362 4415 2454 4469 per
2484 4398 2711 4469 sytnholi
2758 4402 3179 4467 prolcssionetn;
3208 4409 3264 4454 et
3310 4400 3367 4454 S.
3403 4400 3728 4453 Ambrosius

2149 4469 2185 4520 l.
2225 4484 2260 4521 tt
2303 4469 2369 4522 de
2400 4467 2788 4529 Sacramentis,
2821 4483 2872 4522 c.
2906 4485 2996 4529 vtt,
3042 4469 3395 4536 Interrogatus
3422 4486 3494 4533 es,
3532 4471 3729 4536 inquit,

2144 4539 2308 4591 credis
2331 4539 2384 4590 in
2416 4541 2580 4590 Deum
2609 4537 2812 4590 Patrem
2841 4541 3275 4606 omnipotentem?
3300 4540 3514 4591 dixisti:
3536 4537 3732 4592 Credo.

2150 4608 2215 4660 Et
2246 4608 2487 4669 mersisti,
2519 4619 2622 4661 etc.
2659 4609 2716 4662 S.
2751 4608 3108 4676 Hieronymus
3138 4609 3395 4662 adversus
3428 4609 3730 4662 Lttcil'eria-

2146 4694 2242 4730 nos
2265 4694 2279 4731 :
2313 4677 2441 4731 Cum
2466 4679 2690 4731 solemne
2715 4678 2779 4729 sit
2806 4679 2858 4728 in
2887 4679 3109 4738 lavacro.
3155 4689 3266 4745 post
3297 4677 3566 4731 Trinitatis
3589 4695 3723 4730 con-

2146 4749 2413 4814 fessionem
2439 4748 2770 4814 interrogare,
2801 4745 2979 4800 Credis
3000 4759 3225 4801 sanctam
3249 4747 3528 4800 Ecclesiam
3548 4749 3735 4800 catho-

2149 4819 2343 4872 licam?
2371 4819 2533 4872 credis
2565 4823 2909 4887 rtmtssionem
2935 4818 3302 4887 peccatorum?
3339 4821 3404 4870 Et
3444 4820 3494 4870 in
3539 4833 3658 4883 cap.
3695 4835 3738 4872 tt

2155 4889 2582 4951 Proverbiorum,
2609 4886 2682 4958 ait
2707 4886 3052 4953 baptizandus
3081 4888 3316 4955 proﬁteri
3338 4902 3398 4941 se
3418 4887 3732 4958 symbolum

2149 4959 2470 5012 credituros.
2503 4958 2560 5012 S.
2591 4957 2922 5024 Augustinus
2952 4958 3045 5010 lib.
3076 4960 3144 5012 de
3194 4958 3323 5011 Fide
3367 4965 3422 5010 et
3453 4956 3741 5023 'Operibus

2151 5044 2199 5082 c.
2235 5031 2291 5082 Η
2323 5047 2334 5080 :
2368 5027 2474 5081 Cur
2511 5043 2628 5096 ergo
2669 5026 3096 5098 baptizandisivel
3139 5027 3425 5098 symbolum
3453 5027 3737 5098 tradimus,

2149 5101 2224 5151 νει
2252 5098 2581 5151 reddendum
2600 5099 2947 5166 reposcimus?
2981 5097 3046 5150 Et
3076 5096 3179 5151 lih.’
3199 5113 3248 5150 tv
3276 5099 3340 5151 de
3379 5096 3632 5167 Symbolo
3661 5100 3740 5150 ad

2149 5170 2577 5222 Catechnmenos
2619 5185 2633 5220 :
2683 5167 2958 5233 Accepistis
3003 5169 3320 5236 symbolum,
3366 5168 3740 5237 protectionem

2149 5249 2328 5292 contra
2369 5238 2696 5306 parturientis
2740 5252 2928 5307 venena
2970 5235 3238 5307 serpentis.
3282 5235 3426 5291 Et‘l.
3471 5252 3526 5291 ιιι
3564 5251 3614 5292 c.
3649 5235 3672 5288 i
3721 5254 3736 5289 :

2151 5305 2546 5363 Sacramentum
2588 5305 2809 5377 symbuli
2847 5307 2984 5376 quod
3029 5305 3327 5379 accepistis,
3373 5309 3742 5379 memoriaeque

2149 5379 2448 5433 mandatum
2488 5393 2580 5446 pro
2621 5376 2788 5430 uestra
2833 5379 3000 5430 salute
3041 5376 3292 5441 retinetis.
3342 5378 3581 5432 noveritis
3629 5376 3743 5431 Itoc

2146 5465 2254 5502 esse
2305 5449 2569 5503 catholici:
2599 5447 2720 5517 ﬁdei
2749 5448 3160 5515 fundamentum,
3207 5464 3361 5516 super
3397 5447 3535 5516 quod
3563 5447 3744 5513 aedifi-

2145 5520 2283 5572 cium
2316 5518 2558 5572 Ecclesia
2585 5524 2933 5572 constructum
2959 5527 3030 5573 est
3052 5519 3283 5573 manibus
3310 5517 3663 5585 apostolorum
3687 5528 3747 5571 et

2144 5589 2530 5656 prophetarum.
2578 5587 2710 5660 Vide
2751 5588 2901 5658 plura
2950 5590 3200 5660 superius
3249 5589 3434 5655 allata,
3478 5588 3543 5642 ad
3587 5588 3748 5644 hunc

2145 5661 2302 5714 ritum
2329 5659 2646 5728 spectantia.

2673 5846 2836 5857 ιι...οι....
2871 5840 3005 5855 σιμ-..ιε
