4040 6182
250 269 350 323 169

1279 270 1367 326 DE
1405 267 1916 326 INCARNATIONE
1935 267 2201 326 CllRlSTl
2231 268 2356 326 LlB.
2403 270 2486 324 \‘l.

3429 281 3528 334 170

247 381 444 434 minari
479 380 557 434 vel
590 379 897 449 impiissimi
929 379 1242 451 cujusquam
1272 386 1534 452 sanguine
1567 384 1727 443 velit;
1753 385 1843 435 sed
1877 391 1920 442 Α
1957 381 2189 449 Donum,
2226 399 2342 449 quae
2375 383 2595 438 stultitia
2629 384 2879 452 gentibus
2907 395 2958 441 et
2993 386 3194 443 iudicis
3219 391 3531 445 scandalum

246 472 374 538 quia
403 471 453 524 in
484 471 692 540 magnis
717 471 1033 542 plerumque
1055 472 1282 526 urbibus
1305 473 1523 528 fervens
1551 475 1641 529 Dei
1665 490 1848 528 amore

245 564 504 632 populus,
534 579 660 619 cum
709 581 1005 634 exsurgere
1035 576 1224 620 contra
1259 567 1424 621 Deum
1471 584 1625 622 suum
1657 586 1849 639 quem-

245 657 384 726 piam
421 656 645 714 viderit.
678 658 916 711 calorem
951 658 1074 711 fidei
1109 659 1340 712 retinere
1370 676 1476 713 non
1528 662 1703 714 novit.
1741 662 1845 717 Sed

240 757 401 802 esto:
436 748 645 809 infans,
675 750 718 801 si
753 757 930 803 tamen
963 752 1030 803 ita
1058 761 1159 813 est,
1189 753 1561 808 contradicere
1585 768 1647 808 ac
1677 757 1847 807 recla-

245 857 391 893 mare
440 841 696 910 symbolo
752 857 856 894 non
909 845 1182 910 potueris;
1229 860 1325 898 ('ur
1353 845 1584 899 adultior
1613 847 1724 913 jam
1760 864 1846 900 ro-

243 934 564 1003 liuStiorquc
610 934 866 987 tacuisti?
897 935 1122 988 Crevisti
1155 949 1324 999 certe,
1359 945 1413 988 et
1445 939 1525 989 vir
1565 938 1755 1003 factus,
1790 948 1846 991 et

243 1027 552 1078 ministerio
600 1026 978 1080 et-clesiasdco
1029 1027 1262 1080 insertos
1311 1043 1388 1080 es.
1438 1028 1540 1081 Per
1583 1037 1658 1080 tot
1714 1045 1842 1097 eigo

237 1126 447 1180 :ctates,
482 1133 582 1195 per
609 1124 681 1170 tot
709 1116 871 1171 oflicii
901 1132 966 1172 ac
996 1116 1271 1187 dignitatis
1300 1120 1520 1188 gradus,
1550 1136 1837 1189 numquam

241 1209 514 1262 intellecta
551 1225 582 1262 a
610 1215 663 1262 te
696 1210 830 1264 lldes
858 1219 962 1276 est,
994 1225 1150 1278 quam
1185 1210 1389 1264 tamdiu
1417 1221 1539 1264 ante
1568 1210 1793 1268 docuisti
1819 1213 1842 1264 ’ἶ

239 1303 534 1354 Diacnnum
571 1311 723 1356 certe
751 1304 868 1370 ejus
901 1310 951 1357 te
976 1312 1029 1357 et
1057 1303 1432 1374 presbyterum
1468 1305 1631 1360 fuisse
1659 1307 1795 1358 nosti
1823 1323 1836 1361 :

236 1397 276 1448 si
305 1394 640 1464 displicebat
673 1395 766 1449 tibi
796 1395 986 1450 salutis
1011 1396 1215 1463 regula,
1240 1412 1336 1450 cur
1367 1397 1701 1466 suscipiebas
1723 1398 1838 1466 ejus

234 1487 307 1540 rei
339 1490 638 1554 honorem,
671 1487 826 1556 cujus
860 1503 965 1541 non
995 1489 1336 1558 approbabas
1359 1489 1558 1543 ﬁdem?
1583 1489 1686 1545 Sed
1717 1507 1839 1558 pro-

234 1580 386 1632 vidus
419 1579 685 1633 videlicet
717 1578 797 1632 vir
826 1588 881 1633 et
913 1579 1140 1648 simplex
1179 1579 1485 1648 religiosus,
1519 1581 1590 1634 ita
1637 1589 1836 1650 tempe-

231 1687 349 1727 rare
383 1681 436 1726 te
469 1675 616 1725 inter
643 1680 933 1742 utrumque
973 1671 1214 1740 voluisti,
1245 1681 1304 1726 ut
1331 1684 1546 1728 teneres
1576 1683 1631 1728 et
1673 1676 1835 1728 Sacri

232 1764 352 1835 legii
383 1765 699 1835 perfidiam,
729 1773 785 1819 et
813 1764 1066 1819 catholici
1097 1763 1439 1835 dignitatem.

412 1942 437 1964 ,
825 1894 1054 1950 CAPUT
1098 1894 1214 1949 xu.

232 2002 476 2058 Christus
506 2004 794 2070 cruci/iras
833 2005 1143 2057 scandalum
1183 2015 1230 2056 et
1272 2005 1492 2058 stultitia
1525 2015 1597 2058 est
1638 2008 1702 2060 iis
1747 2008 1838 2077 qui

397 2079 561 2127 illum
593 2078 886 2129 solitarium
914 2078 1168 2128 hominem
1199 2077 1356 2146 fuisse
1385 2077 1658 2146 aﬂitmant.

301 2221 326 2246 ⁸
360 2212 525 2280 Plaga
564 2226 695 2279 ergo
727 2211 942 2263 auditus
971 2211 1044 2264 tui
1077 2220 1130 2264 ct
1159 2211 1356 2264 vulnus
1384 2213 1593 2265 aurium
1622 2223 1830 2266 tuarum

229 2312 311 2354 est
351 2302 501 2356 Deus
537 2312 718 2363 natus,
765 2311 819 2355 et
853 2302 991 2355 Deus
1023 2317 1238 2370 passus.
1283 2303 1351 2356 Et
1397 2303 1486 2357 ubi
1520 2302 1649 2356 illud
1684 2314 1830 2357 lltllttl

225 2407 335 2459 est,
361 2395 536 2448 Paule
564 2393 810 2464 apostolo
836 2412 850 2449 :
879 2392 989 2447 Nos
1019 2405 1189 2448 autem
1211 2397 1547 2461 praedicamus
1575 2396 1834 2451 Clu-istum

230 2488 572 2556 cruciﬁxum,
603 2484 805 2538 Juda'is
833 2485 1039 2555 quidem
1060 2486 1386 2551 scandalum,
1412 2487 1644 2557 gentibus
1663 2498 1832 2543 autem

227 2579 509 2630 stultitiam
527 2618 542 2641 ,
569 2576 696 2643 ipsis
718 2586 892 2629 autent
919 2577 1108 2631 vocatis
1134 2575 1334 2631 Jadteis
1374 2587 1420 2631 et
1450 2576 1642 2632 (ἕπει-ξε
1683 2577 1833 2634 Chri-

226 2683 365 2724 stum
395 2668 498 2721 Dei
527 2670 772 2722 virtutem
802 2678 865 2724 -ει
905 2670 1004 2724 Dei
1049 2671 1357 2740 sapientiam
1381 2671 1425 2741 (Ι
1447 2671 1562 2726 Cor.
1592 2671 1667 2742 t)?
1696 2673 1832 2738 Quid

225 2771 312 2815 t-st
343 2762 617 2831 sapientia
667 2773 722 2816 et
761 2763 929 2816 virtus
978 2763 1112 2816 Dei?
1144 2763 1283 2817 Deus
1315 2763 1520 2832 utique.
1557 2765 1830 2820 Christum

223 2867 440 2920 autem,
475 2856 565 2926 qui
595 2855 885 2910 crucifixus
912 2865 1014 2921 est,
1042 2856 1134 2910 Dei
1161 2856 1409 2910 virtutem
1440 2867 1494 2912 et
1515 2859 1835 2926 sapientiam

223 2950 519 3015 praedicat.
557 2949 696 3016 Ergo
725 2949 770 3002 si
803 2948 1011 3016 abstine
1059 2947 1221 3002 dubio
1263 2950 1522 3018 sapientia
1560 2951 1652 3005 Dei
1684 2952 1837 3006 Chri-

221 3059 370 3103 stus.
405 3057 540 3111 ergo
570 3043 773 3110 absque
819 3041 986 3095 dubio
1026 3041 1276 3096 Christus
1325 3042 1488 3098 Deus.
1525 3043 1639 3098 Nos
1684 3062 1833 3114 ergo,

221 3133 434 3199 i.aqnit,
470 3133 815 3201 pra’diramus
847 3130 1110 3185 Christum
1141 3134 1466 3203 cruci/imum,
1493 3133 1693 3190 Judwis
1719 3141 1835 3210 qui-

221 3228 354 3280 d.-m
377 3225 706 3292 scandalum,
730 3225 962 3296 gentibus
983 3236 1155 3280 autem
1175 3229 1469 3280 stultitiam.
1496 3229 1634 3284 Crux
1662 3231 1839 3300 itaque

1953 473 2072 532 fuit,
2108 473 2201 526 tibi
2237 485 2523 544 utrumque
2551 487 2653 530 est.
2684 475 2864 546 Neque
2889 478 3030 532 enim
3057 489 3148 533 aut
3173 480 3398 535 stultitia
3429 483 3533 537 ulla

1951 566 2124 634 major
2151 577 2235 621 est
2265 583 2422 638 quam
2460 583 2565 621 non
2594 570 2842 636 credere,
2877 582 2968 624 aut
3007 572 3179 641 majus
3220 576 3533 631 scandalum

1950 672 2105 726 quain
2138 659 2322 712 audire
2351 660 2514 713 nolle.
2550 661 2986 716 Vulneraliantur
3017 679 3145 734 ergo
3180 667 3394 722 iiioruni
3435 685 3534 722 au-

1953 764 2037 800 res
2062 750 2126 802 ad
2158 750 2596 818 pra'diiationcni
2630 767 2692 804 ac
2724 756 3030 822 passionem
3067 757 3180 825 Dei,
3223 771 3363 813 s:cut
3394 777 3537 816 nunc

1947 841 2303 894 vulnerantur
2332 853 2453 893 tum.
2492 843 2706 910 Plagam
2734 858 2856 897 esse
2890 845 2989 900 hoc
3018 848 3236 902 auditus
3266 851 3346 903 sui
3378 863 3535 918 puta-

1948 929 2095 992 bant,
2131 935 2271 983 Slt'lll
2306 944 2357 985 tu
2402 944 2577 1000 putas.
2621 935 2682 987 Et
2725 935 2848 989 hinc
2879 945 2996 990 erat
3037 941 3181 1004 quod
3225 941 3291 994 ad
3340 957 3532 997 nomen

1952 1025 2039 1077 Dei
2073 1041 2137 1076 ac
2179 1027 2386 1079 homini
2435 1027 2562 1082 Jusu
2613 1028 2836 1095 Christi,
2889 1031 3216 1097 prtrdicante
3259 1033 3530 1089 Christum

1947 1116 2112 1170 Datum
2153 1121 2432 1186 Apostoln,
2468 1119 2492 1156 ι)
2523 1121 2845 1176 claudebant
2889 1123 2962 1176 illi
3012 1125 3204 1192 capitis
3235 1127 3317 1179 sui
3350 1143 3530 1189 aures,

1945 1210 2083 1260 sicut
2115 1220 2168 1262 tu
2197 1209 2402 1263 claudis
2433 1211 2618 1275 animi.
2657 1211 2758 1264 Par
2809 1214 2860 1264 in
2908 1211 3008 1267 hac
3055 1228 3207 1283 parte
3257 1219 3534 1288 utriusque

1946 1309 2185 1352 vestrum
2226 1300 2392 1353 videri
2441 1309 2626 1368 pOSsel.
2657 1301 2937 1370 impietas,
2978 1304 3077 1358 nisi
3110 1306 3248 1374 quod
3285 1307 3382 1378 hoc
3415 1325 3531 1362 ma-

1937 1392 2027 1459 jus
2051 1401 2132 1444 ost
2158 1395 2362 1447 crimen
2392 1404 2563 1458 tuum,
2592 1393 2730 1461 quod
2763 1395 2835 1448 illi
2868 1411 2989 1450 eum
3024 1399 3308 1468 negabant.
3346 1401 3395 1452 in
3427 1416 3532 1468 quo

1944 1481 2118 1535 adhuc
2153 1485 2326 1550 passio
2366 1485 2681 1540 ostendebat
2713 1486 3019 1550 hominem;
3059 1500 3112 1539 tu
3142 1505 3261 1543 cum
3293 1491 3529 1562 dunegas

1943 1588 2098 1640 quem
2131 1576 2288 1628 etiam
2323 1577 2650 1629 resurrertio
2676 1576 2786 1644 jam
2817 1578 3068 1644 probavit
3112 1581 3298 1634 Deum.
3329 1586 3403 1636 Ac
3433 1599 3528 1651 per

1946 1665 2045 1718 hac
2078 1667 2149 1719 illi
2185 1683 2302 1719 cum
2337 1667 2798 1736 persequebantur
2830 1668 2881 1722 in
2911 1653 3076 1733 terra,
3109 1681 3160 1724 tu
3193 1675 3529 1740 ierscqucris

1867 1751 1910 1808 Β
1943 1767 1994 1810 ct
2022 1756 2072 1809 in
2103 1759 2264 1811 (τανιο.
2308 1758 2415 1830 Nec
2447 1759 2625 1812 Solum
2671 1760 2742 1826 id,
2787 1761 2880 1814 sed
2917 1760 3014 1815 hoc
3048 1764 3228 1830 ttl'que
3258 1765 3530 1818 crudelius

1939 1857 1987 1898 et
2022 1848 2327 1915 serit-stilis,
2359 1847 2498 1917 quod
2535 1847 2606 1900 illi
2641 1848 2909 1917 ni-gabant
2935 1865 3029 1918 per
3060 1851 3436 1920 ignorantiam,
3473 1866 3528 1907 ιιι

1940 1947 2060 2003 post
2100 1940 2292 2003 tidem;
2343 1939 2416 1991 illi
2462 1940 2767 1994 nescientes
2814 1940 3113 2007 Dominum,
3151 1952 3203 1996 tu
3248 1945 3528 1999 confessus

1942 2032 2137 2093 licunt;
2168 2031 2243 2084 illi
2276 2031 2378 2085 sub
2405 2032 2751 2087 tentiilatione
2784 2033 2938 2101 legis,
2975 2043 3027 2088 tu
3060 2037 3159 2088 sub
3193 2037 3526 2104 professione

1937 2123 2226 2187 antistitis;
2260 2123 2336 2177 illi
2379 2138 2562 2185 eum;
2597 2139 2701 2190 quo
2745 2139 2802 2178 se
2849 2125 3252 2181 arbitrabantur
3295 2129 3521 2192 alienos,

1939 2223 1989 2267 tu
2025 2232 2144 2266 eum
2201 2216 2354 2283 cujus
2394 2217 2646 2271 sacerdos
2693 2233 2775 2272 es.
2822 2218 2865 2273 Ο
2914 2217 3120 2274 facinus
3168 2221 3438 2290 indignum
3471 2234 3528 2276 et

1938 2307 2234 2361 inauditum
2257 2309 2269 2362 l
2292 2323 2410 2362 eum
2430 2309 2603 2377 ipsum
2623 2309 2966 2378 persequeris
2982 2310 3357 2378 insectatione,
3373 2313 3526 2383 cujus

1937 2397 2111 2450 adhuc
2142 2399 2312 2451 uteris
2343 2398 2621 2467 dignitate.

2526 2487 2754 2543 CAPUT
2793 2487 2930 2543 Xlll.

1876 2651 1888 2662 .
1943 2580 2238 2647 Respondet
2289 2579 2563 2661 οὑλρτιὶριιὶ
2617 2579 2846 2662 illi'qna
2902 2579 3138 2661 dicebant
3193 2582 3529 2638 liomoousion

2269 2653 2484 2720 parienti
2515 2667 2619 2702 esse
2648 2650 2829 2702 debere
2857 2651 3192 2704 nativitatem.

2009 2768 2114 2824 Sed
2143 2785 2334 2840 magno
2362 2752 2611 2823 videlicet
2645 2767 2880 2836 perfidiae
2908 2776 3069 2836 atque
3098 2769 3385 2836 impietatis
3418 2783 3521 2826 ture

1939 2871 2258 2932 argumento
2305 2861 2371 2915 ad
2421 2859 2720 2928 negandum
2759 2873 2822 2914 ac
2864 2863 3294 2928 persequendum
3341 2861 3522 2916 Domi-

1940 2972 2064 3011 num
2087 2953 2255 3008 Deum
2277 2953 2462 3013 uteris,
2481 2953 2668 3006 dicrns
2689 2969 2700 3003 :
2723 2962 2744 2989 ε
2763 2951 3120 3006 llomoousios
3143 2955 3348 3020 parenti
3366 2955 3526 3008 debet

1943 3063 2062 3101 esse
2106 3045 2377 3100 uativilas.
2423 3041 2668 3097 Nondum
2704 3042 2767 3095 ad
2805 3041 3022 3112 plenum
3065 3043 3185 3095 diro
3218 3059 3279 3096 ac
3309 3045 3528 3114 profcto

1947 3141 1997 3193 in
2037 3139 2132 3193 Dei
2176 3137 2457 3192 nativitate
2504 3135 2718 3205 penim
2755 3134 2857 3190 hoc
2889 3150 2993 3189 non
3026 3150 3144 3190 esse
3177 3137 3524 3201 servandum,

1947 3230 1972 3267 (ι
2006 3229 2127 3298 quia
2161 3242 2266 3282 non
2298 3226 2554 3296 parientis
2585 3225 2684 3279 fuit
2713 3224 2962 3279 nativitas
3003 3224 3139 3296 ipsa,
3175 3230 3265 3281 scil
3299 3231 3440 3296 nati;
3475 3243 3531 3287 et

1311 3321 1565 3376 ALARDI
1606 3324 1838 3380 GAZ/EI
1877 3318 2437 3382 COMMENTARlUS.

313 3423 336 3451 ι
381 3415 458 3468 De
496 3427 603 3480 qua
647 3413 898 3485 superius
945 3411 1102 3485 (Cap.
1150 3410 1204 3480 5)
1248 3412 1463 3468 dicebat
1510 3414 1837 3470 Nestorius:

233 3486 437 3540 Nonne
465 3485 641 3538 statim
669 3483 882 3537 auditus
909 3483 1096 3555 accipit
1122 3485 1373 3554 plagam?
1401 3486 1667 3540 ainliendo
1697 3489 1842 3541 scili-

229 3567 329 3611 cet
361 3557 535 3610 Deum
565 3563 769 3617 natum,
804 3555 970 3608 Deum
997 3570 1233 3620 passum,
1265 3567 1556 3618 mortuum,
1590 3569 1694 3610 etc.

315 3627 341 3664 δ
385 3627 617 3682 Ubinam
677 3627 842 3677 Paulo
887 3624 1217 3691 praedicante
1262 3626 1430 3679 Jtttlu‘i
1485 3629 1564 3680 vel
1609 3628 1841 3696 gentiles

233 3714 404 3752 aures
446 3712 574 3750 suas
619 3696 972 3760 occlnscrint,
1004 3697 1186 3748 nullibi
1239 3699 1453 3764 reperio
1497 3711 1838 3765 expressum,

237 3772 347 3823 nisi
379 3769 459 3820 sic
489 3767 726 3832 accipias
755 3765 903 3824 illud,
943 3765 1084 3831 quod
1117 3767 1166 3818 in
1195 3767 1345 3820 Actis
1377 3767 1568 3835 legitur
1595 3786 1605 3819 :
1648 3768 1840 3820 Viden-

234 3851 318 3892 ια
347 3839 532 3890 turbas
562 3838 760 3901 Judaei,
807 3837 983 3902 repleti
1029 3846 1146 3890 sunt
1186 3839 1320 3903 zelo,
1350 3851 1395 3889 et
1427 3839 1841 3891 contradircbant

232 3911 322 3962 his
364 3925 483 3977 quea
533 3924 564 3959 a
619 3907 787 3959 Paulo
833 3909 1160 3977 dicebantur,
1209 3908 1635 3977 blaspltemantes.
1698 3909 1841 3962 Tunc

235 3975 545 4032 constanter
575 3977 776 4032 Paulus
807 3986 853 4029 et
890 3975 1159 4031 Barnabas
1187 3975 1466 4031 dixerunt:
1504 3977 1658 4032 Vobis
1690 3997 1840 4047 opor-

236 4053 378 4102 tebat
407 4053 629 4116 primum
655 4047 794 4115 loqui
826 4048 1028 4100 verbum
1067 4047 1190 4120 Dei;
1216 4049 1304 4100 sed
1325 4051 1562 4112 quoniam
1593 4052 1840 4120 rcpdlitis

235 4122 415 4183 illud,
468 4130 517 4173 et
572 4120 812 4190 indignos
864 4135 953 4171 vos
1000 4118 1252 4190 jitdicatis
1282 4131 1485 4172 (τίει-ηαξ
1536 4118 1681 4181 vitae,
1733 4134 1838 4174 etc.

238 4193 448 4250 (Actor.
485 4188 630 4259 xui).
661 4187 726 4242 Et
751 4204 962 4242 rursum
993 4187 1008 4241 ἑ
1037 4187 1164 4242 Cum
1193 4200 1362 4242 autem
1391 4190 1599 4257 quidam
1629 4192 1839 4244 induce-
1867 4245 1873 4250 ,

236 4273 448 4322 rentur,
481 4271 529 4312 et
572 4277 672 4312 non
716 4260 998 4322 crederent,
1049 4259 1404 4312 maledicentes
1451 4261 1585 4312 riam
1629 4259 1843 4313 Domini

238 4348 425 4383 coram
476 4329 834 4391 multitudine,
890 4341 994 4383 etc.
1047 4330 1252 4396 Quibus
1305 4331 1501 4384 similia
1551 4344 1678 4384 sunt
1728 4335 1840 4385 loca

239 4407 371 4456 Act.
409 4416 530 4454 xm
567 4410 622 4453 et
647 4416 830 4460 xxviii.
866 4399 1033 4454 Porro
1062 4404 1130 4453 de
1173 4401 1277 4454 hoc
1318 4416 1514 4470 genere
1560 4403 1839 4454 hominum

238 4474 307 4526 ad
341 4472 786 4539 prtedicationem
833 4471 978 4526 verbi
1015 4471 1107 4525 Dei
1153 4486 1310 4524 aures
1355 4473 1470 4525 sive
1510 4474 1698 4536 capitis
1730 4476 1842 4526 sive

243 4543 454 4598 mentis
477 4541 870 4605 claud'entium,
895 4541 1084 4594 crebra
1115 4542 1164 4594 in
1191 4542 1482 4610 Scripturis
1511 4553 1586 4595 est
1617 4545 1837 4596 "mtiliti.

239 4615 354 4668 ις-ι,
393 4628 442 4665 τι
473 4631 485 4663 :
522 4610 740 4683 Eretum
769 4628 857 4663 cor
889 4613 1071 4683 populi
1095 4613 1268 4683 Itujus,
1317 4621 1364 4664 et
1404 4629 1553 4665 aures
1594 4617 1703 4683 ejus
1752 4631 1842 4682 ag-

240 4700 435 4754 grara,
469 4693 520 4736 et
555 4681 729 4734 oculos
767 4683 882 4750 ejus
923 4681 1248 4754 claudc;ine
1292 4683 1421 4750 forte
1467 4681 1633 4735 videat
1678 4681 1841 4736 oculis

244 4753 385 4816 suis,
419 4767 468 4807 et
495 4754 706 4805 auribus
729 4755 838 4806 suis
866 4753 1064 4816 audiat,
1095 4766 1139 4806 et
1175 4755 1325 4824 corde
1354 4769 1448 4806 suo
1489 4755 1762 4824 intelligat,
1795 4764 1842 4807 ct

241 4833 606 4882 conrertatur,
654 4834 698 4875 et
740 4839 912 4877 sanem
944 4839 1079 4876 eum.
1111 4824 1278 4890 Quem
1314 4823 1487 4877 locum
1535 4823 1614 4879 sic
1654 4823 1844 4878 retulit

243 4895 545 4949 Matthrus
577 4892 727 4964 (Cap.
758 4896 873 4961 xm)
900 4894 1133 4964 :Auditu
1159 4893 1398 4957 audietis,
1426 4905 1470 4948 ct
1504 4911 1602 4964 non
1643 4896 1843 4948 intelli-

242 4967 426 5035 getis;
454 4974 504 5015 et
544 4963 766 5017 videntes
795 4963 1048 5030 videbitis,
1075 4973 1124 5017 et
1151 4981 1252 5017 non
1279 4965 1526 5017 videbitis.
1573 4963 1846 5019 Incrassn-

243 5049 366 5088 ωσι
392 5045 467 5086 est
498 5037 632 5086 enim
653 5051 739 5087 cor
771 5037 945 5106 populi
978 5035 1156 5106 hujus,
1185 5043 1231 5087 et
1264 5035 1473 5087 auribus
1503 5037 1723 5104 grat'iter
1749 5053 1844 5088 au-

243 5109 489 5165 dierunt,
524 5107 775 5158 et'oculos
803 5104 922 5157 suos
965 5104 1282 5170 clauserunt,
1327 5106 1600 5175 nequando
1645 5108 1844 5160 videant

243 5178 445 5232 oculis.
483 5184 528 5227 et
553 5177 769 5228 auribus
791 5176 1028 5239 audiant,
1063 5186 1107 5228 e:
1135 5178 1287 5228 corde
1315 5177 1622 5245 intelligant,
1651 5187 1694 5229 et
1725 5194 1846 5230 con-

243 5256 526 5302 uertantur
563 5256 610 5296 et
655 5261 831 5299 sanam
871 5261 975 5300 eos.
1014 5246 1116 5299 Alii
1153 5247 1504 5313 Evaugelistm
1539 5256 1594 5301 et
1630 5247 1844 5307 Paulus,

246 5319 444 5372 verbis
491 5317 808 5384 quihusdam
858 5317 1150 5369 immutatis
1180 5329 1265 5369 aut
1299 5315 1515 5371 Omissis
1543 5315 1735 5385 (Marc.
1769 5333 1842 5380 tv,

247 5390 389 5443 Luc.
421 5403 537 5449 vin,
566 5387 726 5441 Joan.
771 5402 864 5450 xu,
901 5389 1077 5440 Actor.
1114 5387 1320 5455 sxvni).
1355 5386 1442 5441 Sic
1483 5388 1731 5441 Jcrt‘llllm
1766 5406 1792 5435 ν
1831 5407 1841 5440 :

247 5461 524 5514 Habentes
549 5460 725 5512 oculos
750 5475 854 5511 non
879 5459 1082 5518 videtis,
1125 5467 1170 5510 et
1202 5474 1373 5520 aures,
1418 5469 1464 5510 et
1505 5475 1604 5510 non
1635 5460 1822 5511 auditis

250 5533 326 5586 Et
355 5547 480 5600 cap.
514 5545 564 5582 vt
598 5547 610 5582 :
642 5529 1028 5582 Incircumcisw
1053 5543 1203 5585 aures
1229 5545 1423 5586 eorum.
1457 5539 1505 5581 et
1536 5530 1715 5600 audire
1744 5547 1844 5580 non

241 5598 492 5671 possunt.
510 5601 754 5655 Michrea:
769 5614 840 5653 ιιιι
861 5617 874 5652 :
891 5601 1052 5652 Aures
1073 5616 1246 5652 eorum
1261 5601 1432 5652 surda:
1449 5609 1612 5653 erunt.
1638 5598 1843 5651 Zacha-

245 5675 354 5728 ῖίππ
411 5687 481 5725 *Ἢ
537 5691 549 5726 :
601 5672 767 5724 Aures
820 5687 942 5723 suas
1003 5679 1408 5738 aggravaverunt
1470 5686 1530 5722 ne
1587 5671 1843 5721 audirent.

253 5752 442 5798 .\._tor.
482 5759 550 5796 vti
585 5761 598 5796 :
639 5741 786 5794 Dura
819 5741 1031 5807 cervice,
1062 5751 1109 5792 et
1137 5740 1507 5793 incircumcisis
1535 5743 1768 5794 cordibus
1801 5753 1846 5791 et

498 5838 576 5895 Ps
595 5852 775 5893 ιἰιυι..
827 5831 894 5890 L.

1944 3415 2169 3468 auribus.
2210 3412 2270 3465 Et
2304 3427 2512 3464 rursum
2541 3429 2552 3462 :
2586 3407 2959 3463 Continuerunt
3002 3427 3154 3464 aures
3180 3429 3322 3478 suas,
3355 3423 3400 3466 ct
3431 3417 3528 3469 im-

1949 3497 2117 3554 petum
2148 3483 2714 3554 feceruntunanimiter
2742 3483 2793 3533 in
2822 3497 2954 3534 eunt.

2020 3568 2040 3593 ι·
2087 3551 2155 3607 Μ’
2186 3564 2289 3618 e~t,
2324 3553 2356 3606 li
2381 3553 2461 3605 ius
2493 3553 2652 3606 debet
2691 3567 2810 3606 esse
2857 3551 3336 3605 consubstantialis
3371 3559 3529 3610 matri

1945 3641 2037 3679 seu
2071 3625 2310 3694 ejusdem
2347 3633 2552 3675 natura.-
2583 3638 2704 3675 cum
2750 3629 2941 3694 matre.
2995 3622 3334 3676 Ahstractuui
3383 3630 3526 3680 enim

1947 3698 2034 3751 hic
2066 3691 2280 3763 ponitur
2307 3710 2404 3764 pro
2435 3703 2713 3764 concreto,
2751 3691 3001 3764 nativitas
3048 3707 3144 3759 pro
3176 3706 3321 3746 nato.
3358 3698 3530 3760 Argu-

1947 3778 2184 3821 mentum
2212 3762 2389 3818 autem
2439 3764 2535 3814 hoc
2575 3763 2804 3814 Nestorii
2851 3762 3186 3816 subobscure
3235 3764 3526 3819 induratum

1943 3839 2144 3891 clarius
2199 3837 2515 3903 proponitur
2562 3835 2613 3884 in
2669 3833 2808 3903 hunc
2854 3834 3070 3903 modum
3105 3831 3318 3903 :_Fi|ms
3367 3836 3531 3889 δοίη-ι

1946 3923 2066 3963 esse
2098 3899 2442 3957 Ιιοιιίουιιείηδ
2489 3902 2818 3969 parentibus,
2868 3902 2960 3954 sed
3008 3899 3252 3955 Christus
3293 3919 3396 3956 non
3446 3920 3530 3958 est

1949 3978 2288 4032 lioinoousios
2336 3973 2552 4034 Mai-in,
2599 3988 2718 4024 ιιιιη
2771 3973 2883 4039 ipse
2927 3973 2994 4024 sit
3027 3973 3165 4027 Deus
3211 3985 3446 4029 mlernirs
3478 3993 3532 4030 ct

1945 4047 2320 4116 omnipotens.
2357 4059 2494 4116 (qua:
2542 4043 2720 4097 Maria:
2769 4042 2912 4096 nullo
2958 4045 3117 4116 modo
3166 4049 3528 4116 conveniunt;

1945 4114 2106 4182 ergo,
2127 4128 2231 4172 etc.
2266 4115 2398 4169 Huic
2450 4123 2765 4183 argumento
2805 4123 2859 4167 et
2903 4114 3192 4182 objectioni
3242 4121 3534 4184 respondet

1946 4189 2231 4243 Cassianus
2277 4186 2488 4240 duobus
2535 4185 2709 4238 modis
2749 4201 2761 4236 :
2811 4185 2985 4253 primo
3033 4187 3277 4253 negando
3323 4202 3530 4242 assumo

1948 4272 2115 4328 ptum,
2161 4259 2239 4312 sic
2281 4257 2528 4310 universe
2572 4265 2870 4328 acceptum.
2904 4255 3036 4328 Nam
3069 4267 3121 4308 nt
3171 4258 3270 4311 hoc
3317 4261 3528 4313 axioma

1945 4325 2132 4383 verum
2183 4339 2327 4383 esset
2379 4342 2440 4378 ac.
2493 4339 2803 4392 perpetuum
2857 4327 2906 4376 in
2964 4325 3122 4379 rebus
3171 4330 3529 4393 naturalibus,

1945 4403 2103 4464 cuius
2153 4410 2328 4452 tanien
2376 4399 2705 4449 contrarium
2753 4397 2935 4448 multis
2983 4397 3245 4464 exemplis
3275 4400 3534 4452 astruitnr

1948 4472 2086 4524 libro
2112 4469 2352 4537 sequi-nti
2382 4468 2530 4538 (Cap.
2576 4469 2617 4538 δέ
2648 4475 2694 4518 et
2734 4466 2822 4538 5_)_;
2849 4481 2952 4538 non
2992 4477 3170 4538 tamen
3214 4482 3533 4535 sequeretur

1951 4545 2121 4593 locum
2159 4535 2355 4592 habere
2384 4535 2434 4590 in
2461 4537 2736 4590 nativitate
2765 4535 2879 4590 [“ilii
2911 4535 3027 4602 Dei,
3060 4553 3177 4602 qum
3205 4551 3529 4604 supernatu-

1949 4614 2075 4664 ralis
2098 4622 2200 4665 est.
2231 4611 2359 4663 Nam
2391 4623 2550 4675 supra
2578 4623 2916 4661 Communem
2952 4618 3151 4661 natura!
3187 4609 3354 4676 legem
3383 4611 3532 4664 nasi-i

1949 4685 2140 4749 potuit,
2177 4692 2232 4733 ut
2255 4679 2444 4742 voluit,
2474 4680 2565 4746 qui
2593 4691 2836 4730 naturam
2865 4679 3032 4746 ipsam
3062 4679 3320 4742 Londntit,
3352 4696 3448 4735 nec
3475 4699 3536 4735 se

1949 4764 2153 4806 natum:
2184 4753 2387 4818 legibus
2417 4752 2686 4803 astrinxit.
2721 4749 2970 4803 Secundo
3017 4750 3307 4818 respondet
3338 4767 3536 4805 conce-

1947 4826 2124 4877 dendo
2153 4822 2282 4875 illud
2312 4831 2666 4887 assumptum,
2696 4831 2748 4872 et
2775 4820 3110 4874 ostendendo
3140 4821 3302 4875 etiam
3333 4821 3534 4875 habere

1951 4897 2122 4947 locum
2157 4895 2207 4945 in
2238 4892 2475 4955 Christo,
2510 4893 2550 4942 si
2581 4905 2714 4944 sane
2757 4899 2808 4943 et
2853 4891 3085 4959 legitime
3124 4891 3451 4957 intelligatur
3483 4904 3537 4945 et

1952 4975 2269 5031 ρκνυιιειιιιιι.
2322 4962 2453 5016 Nam
2496 4975 2690 5014 sensus
2739 4959 2881 5014 illius
2929 4961 3213 5014 axioinatis
3261 4961 3535 5031 legitiinm

1953 5030 2053 5095 est,
2101 5035 2263 5087 lilium
2296 5033 2492 5086 debere
2523 5047 2645 5085 esse
2693 5031 3048 5085 homoousion
3079 5030 3412 5100 parentibus,
3453 5050 3538 5086 tsi--

1954 5105 2185 5158 Cllltllltm
2216 5119 2333 5156 eam
2364 5112 2606 5155 naturam
2638 5116 2798 5169 quam
2828 5101 2895 5155 ab
2925 5103 3004 5156 cis
3033 5102 3258 5168 accepit,
3295 5101 3408 5156 sire
3435 5120 3536 5169 qua

1955 5185 2106 5244 parte
2141 5190 2328 5227 eorum
2362 5173 2499 5225 Illius
2524 5183 2633 5234 est.
2659 5168 2908 5244 Cinistus
2939 5179 3116 5244 autem
3150 5171 3288 5225 Deus
3312 5188 3415 5227 non
3446 5168 3536 5226 ac-

1955 5241 2097 5314 cepit
2126 5259 2154 5297 a
2182 5245 2345 5298 Maria
2378 5250 2620 5295 naturam
2649 5243 2904 5305 divinam,
2939 5242 3032 5294 sed
3083 5241 3404 5307 humanam;
3439 5258 3538 5297 ni-c

1953 5313 2037 5372 est
2067 5317 2183 5384 ejus
2214 5317 2375 5375 filius,
2410 5314 2508 5366 nisi
2536 5324 2798 5380 quatenus
2827 5314 2985 5363 homo
3012 5326 3117 5384 :'a_c
3149 5313 3374 5378 proinde
3405 5327 3540 5366 sa‘n

1955 5382 2108 5440 estsi
2137 5387 2290 5438 matri
2325 5386 2394 5437 Sil
2421 5385 2766 5436 lintunousios
2792 5395 3056 5448 quatenus"
3082 5382 3542 5451 lminio,qiietiiail-

1956 5469 2170 5509 nimium
2201 5457 2341 5508 Patri
2375 5465 2452 5508 est
2488 5454 2834 5507 boun'iousios
2865 5462 3128 5520 quatenus
3171 5452 3332 5506 Deus.
3365 5459 3538 5525 A'qne

1955 5529 2069 5580 haec
2124 5528 2344 5590 SOillllt),
2384 5536 2440 5578 ut
2491 5525 2718 5589 facilior,
2753 5526 2820 5575 ita
2870 5532 2924 5576 et
2975 5527 3142 5577 multo
3191 5526 3411 5588 solidior
3459 5538 3538 5580 est

1954 5600 2150 5666 priore.

2023 5667 2047 5704 ά
2089 5668 2141 5722 ld
2182 5675 2293 5727 est,
2327 5683 2430 5719 nan
2483 5676 2586 5717 tam
2639 5663 2800 5716 matri
2844 5664 3241 5729 ascribcndnm,
3288 5666 3426 5734 quod
3475 5682 3538 5720 ex

1953 5755 2013 5791 ea
2049 5749 2204 5792 natus
2229 5748 2297 5792 sit
2330 5742 2416 5792 Dei
2451 5736 2631 5804 Filius,
2661 5751 2818 5804 quam
2856 5736 2954 5803 ipsi
2989 5748 3131 5802 nato,
3159 5739 3249 5806 qui
3281 5738 3356 5790 sic
3389 5746 3538 5790 nutus

2946 5828 2981 5883 6
