4040 6182
494 292 594 352 Πι

1810 289 2088 347 ιοιιιθιιε
2126 259 2437 349 cassum

3672 304 3777 357 172

412 404 419 409 ’
491 418 611 484 ipse
652 420 811 469 natus
849 416 934 470 est
973 418 1036 468 ιιι
1071 411 1263 478 voluit,
1313 410 1466 481 cujus
1508 409 1609 464 fuit
1656 409 1759 464 hoc
1806 410 1983 479 ipsum
2028 418 2086 464 ut
2114 413 2161 470 Α
2190 410 2438 464 imitaris.
2467 409 2544 464 Illi
2575 409 2726 480 quasi
2757 411 3046 483 aliquando
3077 412 3329 467 desinunt
3360 413 3521 470 Deum
3558 432 3777 487 negare,

493 514 835 561 nasceretur.
869 501 1091 559 Interim
1116 511 1143 540 ι
1168 503 1259 572 qui
1308 500 1664 556 homoousion
1698 503 1907 572 parenti
1951 501 2087 556 dicis

495 595 826 652 nativitatem
856 609 979 651 esse
1004 593 1227 661 debere,
1258 591 1673 663 ego-Dominum
1710 592 1892 648 Jesnm
1932 592 2089 647 Chri-

494 697 635 744 stum
686 687 1045 741 homoonsion
1090 684 1215 739 dico
1267 682 1437 740 fuisse
1479 695 1534 741 et
1585 683 1727 740 Patri
1778 686 2000 754 pariter,
2032 696 2087 739 et

491 780 675 834 matri.
730 778 836 835 Pro
882 791 1233 847 perseuarum
1284 776 1429 831 enim
1468 774 1802 834 diversitate
1853 775 2089 831 reddidit

493 870 702 939 parenti
747 869 1042 939 unicuique
1089 867 1496 923 similitudinem
1548 881 1720 923 suam.
1777 866 2084 923 Secundum

492 962 832 1018 divinitatem
866 963 1012 1016 enim
1050 958 1406 1014 homoousios
1440 958 1609 1023 Patri,
1643 959 1937 1013 secundum
1964 973 2086 1013 car-

494 1069 619 1111 nem
664 1062 845 1109 autem
876 1052 1225 1107 homnousins
1273 1052 1434 1104 matri
1476 1050 1597 1107 fuit.
1629 1049 1745 1105 Non
1776 1050 1920 1121 quad
1951 1049 2088 1103 alter

491 1146 583 1217 qui
614 1144 963 1200 h'oumousios
993 1141 1162 1207 Patri,
1194 1141 1335 1197 alter
1369 1141 1462 1212 qui
1509 1141 1859 1197 homoousios
1901 1142 2083 1206 matri,

493 1238 588 1293 sed
637 1236 765 1307 quia
818 1235 961 1291 idem
1012 1233 1279 1291 Dominus
1322 1232 1484 1288 Iesus
1528 1230 1779 1288 Christus
1824 1242 1880 1289 et
1924 1232 2087 1287 homo

492 1339 653 1387 natus
679 1339 734 1386 et
764 1328 909 1385 Deus
939 1328 1221 1398 utriusque
1259 1326 1313 1381 in
1356 1336 1418 1381 se
1460 1326 1704 1396 parentis
1734 1325 1925 1381 habuit
1964 1341 2088 1392 pro-

494 1427 804 1494 prietatem,
846 1423 974 1478 dum
1019 1431 1075 1478 et
1123 1421 1176 1476 itt
1222 1434 1291 1476 eo
1330 1420 1473 1490 quod
1519 1419 1683 1476 homo
1723 1430 1808 1476 est
1836 1420 2087 1475 humana:

496 1516 685 1572 matris
715 1513 954 1571 reddidit
982 1511 1417 1579 similitudinem,
1449 1519 1508 1568 et
1543 1512 1598 1568 in
1645 1525 1712 1568 eo
1757 1511 1901 1583 quod
1944 1512 2087 1567 Deus

499 1608 595 1664 Dei
621 1606 801 1664 Patris
826 1606 1015 1662 habuit
1044 1606 1349 1661 veritatem.

1079 1697 1307 1756 CAPUT
1344 1697 1487 1754 XIV.

2194 510 2248 555 tu
2282 517 2593 571 numquam.
2625 504 2959 572 Quamquam
2992 519 3093 559 nec
3141 504 3359 560 illorum
3411 506 3657 564 habenda
3680 578 3685 581 ι
3710 522 3780 565 sit

2192 595 2257 647 ad
2291 594 2510 665 plenum
2543 611 2668 651 vera
2698 595 2993 662 confessio,
3037 596 3128 666 qui
3178 597 3445 653 Salvatori
3489 610 3611 670 post
3659 614 3779 671 pas:

2190 685 2399 741 sionem
2447 696 2653 741 tantum
2704 685 2964 743 honorem
3009 686 3306 743 divinitatis
3350 690 3698 760 impertiunt;
3726 704 3781 747 et

2190 790 2313 831 cum
2357 792 2481 832 eum
2527 788 2653 833 ante
2701 778 2870 835 Deum
2917 789 3135 851 negent,
3181 792 3369 851 postea
3413 782 3775 840 conﬁtentur:

2189 870 2334 939 quia,
2367 880 2427 925 ιιι
2463 870 2597 925 mihi
2630 871 2861 939 videtur,
2894 873 2945 926 in
2981 874 3089 928 Deo
3118 874 3209 945 qui
3242 884 3447 945 partem
3479 877 3782 949 denegare-

2194 966 2281 1031 rit,
2308 971 2478 1018 tutum
2512 977 2702 1035 negat;
2733 977 2785 1020 et
2816 965 2903 1035 qui
2928 982 3036 1021 non
3063 982 3280 1038 semper
3305 970 3470 1025 fuisse
3494 973 3780 1027 confessus

2192 1054 2374 1120 fuerit,
2403 1072 2621 1127 semper
2662 1067 2840 1129 negat.
2874 1057 3031 1113 Sicut
3054 1070 3104 1114 et
3138 1069 3215 1126 tu,
3246 1062 3411 1118 etiam
3450 1063 3496 1117 si
3534 1064 3695 1120 hodie
3725 1067 3777 1120 in

2189 1148 2328 1201 cwlo
2359 1145 2644 1203 Dominum
2688 1147 2871 1203 Jc-sum
2915 1147 3213 1217 Christum,
3246 1152 3336 1223 qui
3375 1168 3442 1207 es
3476 1152 3638 1208 Maria
3654 1158 3781 1228 ⁸ενίιιο

2186 1240 2313 1310 gine
2358 1248 2517 1295 natus
2563 1250 2666 1309 est,
2717 1257 2907 1298 verum
2957 1241 3128 1299 Deum
3172 1244 3404 1313 diceres,
3447 1257 3625 1303 tamen
3675 1251 3777 1304 nisi

2182 1346 2408 1401 semper
2451 1332 2619 1388 Deum
2666 1333 2897 1400 diceres,
2932 1349 3041 1389 non
3090 1351 3216 1391 vere
3258 1337 3619 1393 contitereris.
3669 1339 3777 1395 Sed

2188 1423 2444 1480 videlicet
2481 1438 2587 1479 non
2630 1426 2714 1480 vis
2743 1436 2957 1481 mutare
2996 1424 3049 1481 in
3084 1426 3267 1498 aliquo
3296 1438 3386 1482 aut
3417 1430 3623 1486 variare
3653 1445 3781 1486 sen-

2190 1518 2411 1574 tentiam
2446 1536 2459 1573 :
2491 1535 2650 1587 quem
2706 1530 2889 1574 natum
2940 1519 3217 1576 hominem
3267 1520 3565 1577 solitarium
3618 1523 3778 1585 dicis,

2180 1611 2351 1665 etiam
2381 1610 2544 1666 hodie
2576 1611 2743 1665 Deum
2787 1626 2893 1666 non
2940 1624 3063 1667 esse
3111 1612 3417 1668 contendis.
3456 1614 3501 1669 Ο
3533 1629 3671 1669 nova
3717 1631 3783 1670 ac

2176 1702 2474 1773 singularis
2521 1701 2807 1769 impietas!
2840 1716 3002 1773 quem
3034 1718 3157 1757 cum
3208 1702 3475 1759 harreticis
3505 1705 3783 1761 hominem

492 1790 779 1864 Comparat
808 1791 945 1846 hunc
971 1806 1203 1846 errorem
1235 1806 1355 1845 cum
1384 1787 1788 1861 Pelagianorum
1826 1788 2081 1845 doctrina.
2112 1791 2159 1853 Β
2183 1806 2306 1849 esse
2329 1794 2560 1860 asset-is,
2590 1793 2758 1848 Deum
2787 1808 2885 1849 nec
2910 1808 3033 1849 cum
3073 1792 3343 1851 hereticis
3371 1796 3671 1852 confiteris.

566 1884 825 1956 Alioquin
850 1883 894 1939 si
920 1898 1030 1939 non
1058 1883 1202 1939 idem
1224 1880 1477 1939 Christus
1498 1897 1564 1938 ex
1597 1881 1765 1938 Maria
1796 1890 1884 1937 est
1907 1882 1998 1952 qui
2023 1897 2090 1936 ex

486 1976 610 2033 ‘Deo
639 1985 821 2043 natus,
851 1975 988 2032 duos
1017 1975 1227 2045 absque
1249 1970 1412 2030 dubio
1436 1972 1687 2029 Christos
1718 1973 1870 2038 iacis,
1896 1989 2092 2028 secun-

497 2070 626 2125 dum
654 2068 787 2124 illud
815 2067 1027 2125 scilicet
1056 2066 1357 2138 Pelagiana:
1400 2065 1698 2137 impietatis
1730 2066 1933 2131 scelus,
1971 2081 2092 2137 quae

496 2161 804 2218 solitarium
850 2159 1125 2215 hominem
1177 2172 1244 2213 ex
1299 2156 1521 2229 Virgine
1577 2165 1762 2212 natum
1814 2170 2089 2221 asserens,

484 2252 526 2294 ηδ
547 2254 879 2312 cruditorem
907 2266 1029 2308 eum
1057 2250 1196 2307 dixit
1220 2249 1440 2305 humani
1466 2250 1707 2319 generis,
1732 2248 1902 2319 magis
1931 2263 2089 2318 quam

486 2345 901 2417 redemptorem
930 2343 1127 2408 fuisse;
1172 2343 1299 2413 quia
1339 2356 1446 2398 non
1491 2339 1920 2410 redemptionem
1966 2339 2093 2395 vita:

500 2437 830 2503 hominibus,
857 2435 951 2492 sed
982 2433 1197 2490 vivendi
1224 2432 1440 2489 dederit
1462 2432 1772 2502 exemplum
1799 2448 1812 2485 :
1837 2431 2095 2487 videlicet

499 2538 560 2586 ut
595 2537 889 2601 sequentes
927 2540 1055 2583 eum
1085 2524 1336 2581 homines
1360 2524 1490 2580 dum
1519 2523 1719 2579 similia
1750 2532 1995 2593 agerent,
2024 2523 2091 2580 ad

498 2619 803 2676 consimilia
847 2614 1222 2689 pervenirent.
1254 2613 1373 2673 Una
1416 2630 1546 2685 ergo
1575 2613 1873 2684 impietatis
1899 2623 2091 2669 vestra:

497 2712 674 2783 origo,
716 2710 904 2767 eadem
948 2724 1195 2765 errorum
1240 2707 1393 2763 radix
1422 2716 1527 2763 est.
1556 2705 1639 2763 llli
1665 2707 1966 2762 solitarium
1997 2708 2094 2760 hn-

500 2805 701 2861 minem
731 2818 797 2859 ει
839 2801 1005 2861 Maria
1053 2810 1237 2856 natum
1282 2808 1547 2863 asserunt,
1593 2810 1649 2855 et
1693 2809 1748 2854 tu
1801 2800 1964 2856 idem.
2011 2800 2092 2856 Illi

501 2898 670 2954 illium
709 2896 946 2952 hominis
984 2909 1016 2950 ι
1059 2892 1199 2950 Filio
1246 2888 1339 2947 Dei
1389 2902 1665 2965 separant,
1711 2903 1767 2948 et
1816 2902 1873 2949 tu
1926 2892 2089 2950 idem.

503 3002 525 3033 ο
554 2992 638 3050 Illi
665 2990 1006 3048 Salvatorem
1043 2986 1197 3044 aiunt
1232 2998 1332 3058 per
1363 2985 1631 3057 baptisma
1663 2987 1939 3043 Christum
1971 3003 2093 3044 esse

498 3085 722 3151 factum,
775 3095 835 3140 tu
879 3084 935 3139 in
983 3081 1255 3154 baptismo
1286 3079 1547 3150 templum
1592 3078 1689 3136 Dei
1733 3077 1957 3136 factum.
2010 3078 2091 3135 illi

2789 1922 3017 1983 CAPUT
3059 1923 3176 1983 XV.
3232 1963 3242 1975 .

2194 2060 2297 2117 Eos
2323 2062 2411 2134 qui
2436 2062 2557 2117 huic
2582 2063 2748 2118 errori
2776 2065 3175 2139 patrocinentur
3198 2066 3328 2120 deos
3353 2065 3582 2120 Christos
3609 2083 3783 2139 agno-

2217 2165 2223 2170 ε
2769 2151 2913 2188 scere
2943 2137 3188 2191 ostendit.

2258 2253 2375 2309 Sed
2415 2263 2615 2322 tamen,
2650 2254 2832 2311 dicere
2862 2257 3229 2323 institueram,
3262 2257 3403 2313 duos
3433 2275 3460 2313 ιι
3491 2268 3543 2316 te
3577 2262 3787 2328 absque

2191 2345 2356 2401 dubio
2374 2345 2631 2401 Christos
2663 2346 2803 2413 tieri,
2837 2346 3069 2416 idipsum
3099 2348 3507 2407 dilucidandnm
3550 2364 3656 2407 est.
3687 2354 3787 2405 DIC

2193 2437 2358 2503 mihi,
2390 2452 2610 2507 quaeso,
2652 2448 2706 2492 tu
2747 2439 2837 2509 qui
2867 2439 3140 2495 Christum
3172 2455 3201 2494 a
3240 2441 3379 2497 Filio
3404 2441 3500 2497 Dei
3529 2457 3786 2513 separes,

2191 2532 2467 2613 quomodo
2508 2532 2562 2587 in
2600 2532 2855 2601 symbolo
2887 2532 3169 2588 Christum
3204 2550 3272 2589 ex
3310 2536 3419 2591 Deo
3449 2544 3633 2590 natum
3658 2552 3788 2591 esse
3842 2545 3850 2551 '

2139 2641 2151 2653 ο
2191 2622 2459 2679 fatearis?
2497 2624 2592 2679 Ais
2617 2624 2763 2680 enim
2800 2642 2813 2679 :
2862 2624 3040 2681 Credo
3076 2627 3126 2680 in
3161 2626 3328 2681 Deum
3361 2626 3606 2695 Patrem,
3638 2640 3693 2684 et
3728 2632 3787 2684 in

2190 2715 2466 2772 Christum
2502 2715 2685 2771 Jesum
2714 2715 2912 2772 Filium
2949 2717 3061 2774 Dei.
3121 2718 3300 2773 llabes
3331 2735 3462 2790 erga
3486 2721 3573 2776 hic
3595 2720 3786 2776 Jesum

2192 2806 2468 2863 Christum
2518 2808 2718 2864 Filium
2765 2809 2883 2865 Dei.
2920 2810 3068 2865 Dicis
3111 2821 3295 2865 autem
3341 2824 3406 2867 ex
3456 2812 3618 2867 Maria
3665 2831 3781 2867 tum

2192 2898 2444 2955 eumdem
2494 2900 2687 2955 Filium
2739 2900 2834 2955 Dei
2882 2911 3089 2956 natum.
3163 2903 3305 2974 Ergo
3344 2904 3487 2958 alter
3536 2920 3603 2959 ex
3662 2904 3785 2959 Den

2182 2989 2468 3057 Christus,
2501 2990 2640 3045 alter
2669 3007 2738 3047 ex
2766 2992 2953 3048 Maria.
3004 2992 3118 3047 Duo
3142 3008 3276 3063 ergo
3304 2995 3357 3049 in
3389 2995 3656 3050 sententia
3680 3004 3781 3049 tua

2192 3080 2395 3139 Christi
2425 3091 2575 3139 sunt.
2602 3083 2702 3155 Qui
2724 3098 2855 3151 cum
2879 3083 2934 3138 in
2966 3085 3215 3155 symbolo
3244 3085 3519 3141 Christum
3551 3102 3657 3142 non
3684 3105 3781 3141 ne-

499 3196 622 3237 eum
661 3179 832 3235 Deum
878 3191 984 3237 non
1030 3184 1230 3246 negant
1273 3172 1474 3229 factum
1512 3181 1633 3243 post
1670 3170 2002 3242 passionem,
2032 3181 2090 3229 tu
2116 3162 2161 3226 C
2186 3190 2290 3248 ges
2314 3217 2331 3244 ,
2368 3175 2601 3233 alterum
2639 3192 2706 3231 ex
2741 3175 2903 3232 Maria
2940 3177 3210 3232 Christum
3240 3179 3442 3234 asscris
3466 3194 3626 3248 quam
3655 3193 3782 3234 eum

500 3285 666 3344 negas
709 3286 835 3327 eum
878 3268 1042 3324 etiam
1086 3275 1209 3337 post
1253 3266 1652 3321 ascensionem.
1701 3262 1758 3319 in
1806 3279 1917 3321 uno
1959 3281 2088 3338 ergo

500 3362 792 3420 admodum
826 3368 1031 3415 tantum
1054 3356 1229 3414 distat
1253 3363 1435 3411 vestra
1461 3355 1815 3427 perversitas,
1841 3358 1984 3427 quod
2013 3357 2090 3414 illi

501 3457 555 3512 in
586 3455 749 3512 terris
783 3450 1164 3523 blasphemare
1201 3438 1452 3505 videntur
1489 3449 1800 3517 Dominum,
1837 3458 1895 3506 ιιι
1935 3461 1991 3508 et
2031 3451 2087 3508 in

500 3549 660 3608 calo.
691 3546 882 3604 Vicisti
912 3559 978 3601 ac
1005 3557 1385 3614 supergressus
1410 3558 1494 3609 es,
1516 3558 1623 3598 non
1652 3556 1930 3614 negamus,
1954 3560 2088 3615 quos

2184 3283 2351 3341 quem
2379 3268 2434 3326 in
2466 3269 2715 3342 symbolo
2741 3268 3042 3323 conﬁteris.
3098 3268 3204 3323 Sed
3244 3269 3380 3324 dicis
3408 3268 3595 3324 forsan
3624 3267 3784 3326 Chri-

2190 3371 2337 3418 stum
2368 3375 2479 3419 non
2507 3376 2630 3418 esse
2663 3376 2737 3417 ex
2771 3360 2883 3417 Deo
2910 3368 3137 3425 natum;
3168 3370 3224 3417 et
3248 3360 3521 3431 quomodo
3551 3362 3604 3415 in
3632 3375 3754 3432 sym

2195 3450 2325 3511 bolo
2369 3454 2493 3510 sis:
2523 3452 2701 3509 Credo
2739 3452 2794 3509 in
2836 3451 3021 3509 Iesum
3066 3450 3343 3507 Christum
3391 3452 3589 3508 Filium
3643 3454 3788 3511 Dei?

2197 3549 2309 3602 Aut
2332 3557 2627 3619 negaturus
2652 3560 2712 3602 es
2742 3559 2874 3617 ergo
2909 3545 3218 3616 symbolum
3240 3590 3259 3615 ,
3304 3554 3394 3600 aut
3422 3545 3789 3603 confessurus

1565 3678 1815 3734 ALARDI
1859 3680 2089 3736 ΟΑΖᾸΞΙ
2127 3680 2698 3764 CQIIMENTAIHUS.

500 3811 605 3871 est,
634 3807 695 3858 ut
732 3799 926 3871 voluit,
955 3805 1012 3871 et
1049 3796 1525 3871 quando‘voluitt
1542 3805 1604 3871 et_
1647 3804 1705 3849 ιιι
1734 3810 1818 3871 ex
1872 3793 2090 3871 Virgine

501 3865 813 3933 nasceretur
841 3869 1038 3927 eiTet'it.
1067 3865 1193 3924 Non
1234 3868 1338 3933 hic,
1379 3868 1455 3922 ait
1492 3867 1552 3922 S.
1584 3866 1695 3922 Leo
1726 3865 1920 3936 (Serm.
1963 3872 1999 3919 2
2029 3868 2091 3921 de

505 3945 775 4010 Nativit.),
796 3942 1048 4010 cogitetur
1071 3941 1316 4007 parientis
1338 3937 1698 4010 conditio,sed
1725 3937 1977 3991 nascentis
1999 3955 2091 3991 ar-

482 4008 745 4081 .bitrium,‘
760 4008 953 4083 quisic
980 4011 1311 4083 Ito_mo_natus
1337 4017 1433 4075 est,
1460 4018 1517 4062 ιιι
1544 4008 1760 4063 volebat.
1793 4015 1839 4061 et
1865 4019 2085 4079 poterat.

503 4087 567 4141 εἰ
590 4078 854 4140 veritatem
888 4079 1096 4150 quieris,
1136 4078 1614 4150 humanitantum
1646 4078 1891 4148 cognosce
1928 4090 2089 4133 mate-

501 4160 671 4218 riam;
698 4154 742 4208 si
763 4146 1019 4205 rationem
1045 4150 1292 4202 scrutaris
1320 4146 1556 4220 originis,
1583 4146 1816 4202 virtutem
1845 4150 2091 4217 conﬁtere

503 4226 749 4281 divinam.

574 4304 602 4334 ⁸
640 4291 857 4351 Parenti
901 4289 1083 4359 potius
1132 4302 1294 4357 quam
1346 4287 1602 4357 parienti,
1655 4295 1765 4341 tum
1814 4287 1921 4351 hic,
1979 4299 2089 4344 tum

502 4366 774 4442 superius,
808 4361 1093 4442 legendum
1142 4359 1416 4442 colligitur
1453 4373 1519 4442 ex
1568 4360 1953 4442 sequentibus,
2001 4361 2088 4442 ubi

502 4424 1528 4507 dicritur,_velu't_explicationisgratia
1570 4447 1583 4482 :
1616 4424 1764 4507 Patri
1812 4433 2006 4507 pariter
2040 4440 2090 4484 et

504 4510 679 4564 inatri.
706 4499 783 4563 Ἐι
811 4505 972 4575 paulo
1002 4508 1125 4571 post
1164 4517 1180 4556 :
1208 4499 1510 4575 _Utriusquc
1531 4500 1780 4575 parentis.
1816 4502 1971 4556 Esset
2007 4511 2088 4555 ta-

506 4596 629 4636 men
656 4569 969 4649 generalior
987 4569 1261 4649 sententia
1302 4571 1347 4649 si
1394 4569 1620 4641 parienti
1644 4571 1878 4644 legatur,
1912 4585 1964 4628 et
1995 4590 2090 4627 na-

507 4643 685 4705 tivitas
712 4660 813 4716 pro
833 4648 980 4701 omni
1010 4643 1123 4699 i'etu
1151 4643 1468 4708 accipiatur.

577 4720 605 4759 δ
635 4712 904 4789 Pelagiani
931 4721 1189 4784 negantes
1211 4722 1489 4782 peccatum
1515 4712 1799 4789 originale,
1822 4721 1877 4768 et
1903 4715 2087 4785 gratim

512 4783 918 4853 necessitatem,
949 4783 1343 4853 consequenter
1385 4783 1648 4855 negarunt
1672 4783 1947 4840 Chrismm
1986 4801 2087 4855 nos

511 4862 842 4922 redemisse,
891 4864 986 4911 aut
1031 4870 1129 4926 pro
1172 4855 1327 4926 nobis
1372 4856 1733 4919 satisfecisse,
1763 4855 1858 4909 sed
1889 4854 1953 4909 ad
1984 4854 2088 4909 hoc

512 4944 715 4990 tantum
742 4928 977 4995 venisse,
1009 4925 1067 4981 ut
1091 4925 1335 4981 doctrina
1361 4935 1414 4980 et
1440 4926 1693 4995 exemplo
1718 4942 1816 4981 suo
1844 4928 2087 4981 homines

506 5005 770 5065 erudirct,
816 5009 872 5056 et
914 4998 981 5053 ad
1027 4996 1241 5051 virtutis
1283 4995 1518 5051 studium
1562 5004 1915 5067 provocaret:
1947 4997 2088 5051 unde

510 5077 835 5131 eruditorem
863 5076 920 5125 et
957 5067 1234 5123 doctorem
1268 5082 1415 5131 eum,
1448 5065 1571 5121 uon‘
1594 5065 1990 5137 redemptorem
2033 5077 2087 5122 et

512 5146 885 5203 mediatorem.
910 5139 1388 5208 agnoscehautLut
1408 5136 1651 5208 superius
1678 5136 2081 5208 οειιέιιξιιιημβδι.

511 5199 679 5276 Quem
718 5199 1237 5276 errorenicx_pat-te
1260 5199 1586 5276 sc'cutusicst
1614 5199 1807 5276 Petrus
1837 5201 2087 5276 Ahailar-

514 5270 638 5346 dus,
674 5287 916 5346 tempore
956 5276 1016 5330 D.
1043 5270 1329 5346 Bernardi,
1357 5270 1656 5346 quiipsnm
1682 5270 2085 5346 acriterimpu-

512 5319 920 5419 ξιῖἆῖιιὶἶῖῧιῖᾜ
944 5319 1527 5419 ἆῲῗέξὲῥεῖςιῖᾂῖξιὸιῖ
1547 5319 2086 5419 maintain};me

508 5415 625 5491 non,
674 5415 900 5491 negaret
945 5427 1223 5491 peccatum
1273 5416 1565 5491 originale,
1623 5415 1853 5491 negabat
1904 5426 2083 5471 tamen

507 5484 919 5569 Christum‘nos
951 5484 1264 5569 redemisse
1320 5494 1377 5541 et
1416 5484 1676 5569 liberasse
1704 5484 1772 5541 de
1812 5497 2083 5569 potestate

506 5560 725 5615 diaboli.
770 5560 1067 5615 Damnatur
1096 5558 1237 5613 idem
1268 5570 1422 5613 ertor
1456 5555 1526 5610 ab
1568 5555 1883 5613 innocentia
1922 5558 1997 5619 li.
2028 5558 2083 5613 in

508 5630 770 5753 rescripto
792 5628 1486 5753 eadsi‘rés‘t‘tmEB.e:-n:itgqt)tm,
1533 5627 1677 5696 quod
1723 5638 1898 5682 exstat
1945 5627 2087 5713 inter

508 5715 767 5753 anisoas
827 5716 877 5753 ιιι
982 5716 994 5751 ι
1132 5716 1248 5753 ms.
1348 5734 1353 5741 -
1413 5738 1425 5752 .

505 5695 767 5773 epistolas
792 5695 1030 5768 ejusdem
1057 5696 1248 5770 (Epist.
1277 5695 1425 5767 19-5).
1554 5695 1563 5696 ί
1948 5710 1951 5713 ·

578 5781 602 5813 ο
636 5769 805 5840 liuius
838 5769 1059 5824 haeresis
1106 5768 1262 5839 primi
1306 5778 1555 5825 auctores
1587 5767 1755 5824 Ebion
1805 5780 1857 5824 et
1900 5770 2087 5825 Cerin-

2196 3796 2343 3863 thus,
2385 3804 2629 3865 tempore
2667 3798 3062 3862 apostolorum,
3092 3806 3150 3851 ut
3174 3810 3332 3853 uocet
3361 3798 3598 3853 [renatus
3626 3801 3728 3856 tib.
3761 3818 3781 3857 t

2193 3876 2382 3922 contra
2405 3866 2645 3921 haereses
2673 3881 2792 3935 cap.
2817 3866 2913 3934 25,
2934 3878 2987 3921 et
3008 3868 3375 3924 Tertullianus
3406 3870 3497 3923 lib.
3522 3869 3587 3922 de
3599 3869 3784 3928 Carne

2192 3935 2417 4007 Chiisti.
2459 3937 2521 3991 lli
2566 3952 2797 4006 namque
2826 3940 3154 4007 separabant
3178 3939 3455 3994 Christum
3488 3956 3516 3994 a
3541 3940 3692 4007 lesu,
3724 3958 3786 3996 ιιι

2191 4004 2377 4064 Jesum
2412 4009 2614 4062 nudum
2664 4004 2938 4063 hominem
2967 4024 3090 4064 esse
3120 4011 3372 4065 volebant
3422 4026 3487 4065 ex
3531 4004 3695 4065 Maria
3728 4026 3788 4068 et

2191 4077 2394 4148 Ioseph
2420 4087 2634 4144 natum;
2656 4078 2929 4133 Christum
2953 4091 3131 4135 autem
3155 4080 3348 4135 Filium
3375 4079 3467 4136 Dei
3492 4091 3784 4145 :clernutn,

2192 4164 2335 4220 anno
2367 4150 2668 4220 trigesimo,
2690 4150 2814 4204 dum
2839 4149 3225 4220 baptizaretur,
3256 4153 3309 4205 in
3341 4151 3524 4207 Jesum
3553 4155 3788 4207 descen-

2191 4218 2337 4276 disse
2366 4219 2419 4290 iu
2446 4218 2633 4290 specie
2659 4218 2943 4287 columine,
2975 4231 3029 4276 et
3069 4221 3120 4275 in
3153 4238 3219 4277 eo
3261 4222 3556 4290 habitasse,
3590 4233 3645 4277 et
3674 4224 3787 4280 hoc

2192 4290 2353 4346 modo
2384 4288 2551 4344 fuisse
2583 4289 2777 4362 Alt-sum
2811 4293 3017 4345 unitum
3057 4306 3178 4347 cum
3206 4293 3445 4357 Christo,
3480 4288 3573 4362 per
3600 4296 3751 4349 socie
3773 4328 3785 4336 -

2192 4369 2355 4414 tatem
2399 4360 2689 4431 quamdam
2717 4371 2771 4415 et
2796 4362 3265 4417 ittltahitatinnem.
3311 4360 3491 4429 Quam
3526 4364 3782 4421 haeresim

2192 4439 2375 4504 postea
2422 4432 2618 4504 iterum
2664 4433 2969 4486 excitarunt
2998 4431 3292 4500 Pelagiani,
3338 4435 3408 4487 de
3454 4436 3651 4504 quibus
3693 4437 3787 4489 ire.

2190 4501 2642 4571 agitur,dieentes
2660 4518 2850 4571 purum
2878 4505 3147 4557 hominem
3169 4518 3290 4558 esse
3315 4501 3523 4567 natum,
3549 4516 3604 4559 et
3625 4522 3789 4561 eunt-

2190 4571 2481 4644 dem‘sttis
2526 4573 2762 4635 meritis,
2809 4588 2951 4627 anno
2995 4573 3212 4629 demum
3258 4575 3535 4644 trigesimo
3578 4577 3784 4631 iactum

2116 4646 2168 4707 D
2191 4656 2315 4713 esse
2342 4640 2639 4707 Christum,
2671 4653 2725 4697 et
2755 4654 2873 4712 post
2899 4644 3206 4713 passioni-m
3233 4640 3353 4699 suis
3378 4648 3539 4699 etiam
3570 4648 3793 4703 meritis

2194 4712 2391 4766 factum
2419 4728 2544 4768 esse
2582 4712 2773 4779 Deum,
2803 4723 2857 4768 et
2904 4712 3061 4781 posse
3092 4715 3288 4770 eodem
3320 4717 3482 4771 modo
3506 4717 3643 4770 alio.~
3676 4721 3784 4771 hu-

2193 4783 2369 4839 miues
2396 4785 2509 4838 suis
2538 4781 2766 4843 viribus,
2801 4785 2938 4839 bene
2982 4786 3230 4845 vivendo.
3282 4787 3347 4839 ad
3395 4788 3789 4843 beatitudinem

2191 4855 2511 4925 pervenire,
2562 4853 2699 4925 sicut
2746 4855 2994 4910 Christus
3041 4857 3306 4925 pervenit.
3353 4854 3430 4911 Ita
3483 4856 3789 4914 Cassianus

2192 4923 2285 4981 lib.
2317 4939 2333 4978 ι
2362 4939 2480 4991 cap.
2524 4926 2559 4980 3
2588 4923 2995 4993 Pelagianorum
3036 4923 3250 4980 errores
3298 4941 3737 4984 commemorans
3764 4948 3783 4984 :

2189 4994 2533 5067 Addiderunt,
2568 4992 2761 5067 inquit,
2792 4992 3075 5067 Dominam
3103 4995 3519 5067 Salvatorcmquc
3544 5011 3791 5054 nostrum

2192 5076 2305 5133 post
2330 5065 2608 5136 baptisma,
2632 5065 2830 5136 factum
2858 5081 2965 5119 esse
2984 5065 3277 5133 Christum;
3311 5080 3421 5135 post
3437 5065 3791 5123 resurrectio-

2188 5151 2323 5209 nem,
2357 5134 2555 5202 Deum;
2585 5134 2804 5209 alterum
2846 5137 3166 5209 assignantes
3207 5134 3462 5209 unctionis
3510 5145 3784 5209 mysterio,

2189 5154 2323 5201 nem,
2357 5154 2555 5202 usum;
2585 5154 2804 5190 aucrum
2846 5154 2949 5189 aut
2990 5154 3166 5192 nantes
3207 5154 3462 5193 unctionis
3510 5154 3784 5209 mysterio,

2189 5206 2407 5260 alterum
2437 5210 2619 5259 merito
2649 5207 2925 5275 passionis.
2949 5154 3041 5263 gic
3069 5208 3204 5274 ipse.
3239 5208 3350 5264 Hos
3376 5208 3597 5264 demum
3620 5225 3794 5265 secu-

2190 5285 2275 5331 tus
2308 5286 2409 5348 est
2447 5275 2762 5342 Nestorius;
2793 5276 2886 5347 qui
2918 5276 3020 5333 hoc
3052 5282 3229 5333 tame‘u
3273 5279 3505 5348 amplius
3534 5281 3789 5343 addidit.

2191 5354 2249 5399 ut
2288 5347 2563 5402 Christum
2610 5349 2771 5403 etiam
2821 5357 2941 5416 post
2992 5347 3379 5404 ascensionem
3411 5365 3562 5405 suam
3606 5350 3788 5406 Datin

2190 5430 2311 5488 esse
2358 5426 2608 5487 negaret,
2656 5428 2714 5473 et
2742 5433 2932 5488 purum
2976 5417 3245 5474 hominem
3277 5430 3567 5485 astrueret,
3600 5432 3652 5473 ut
3690 5424 3793 5478 hic

2231 5487 2520 5544 eclaratur.
2541 5487 2797 5555 Ejusdem
2820 5488 3024 5544 erroris
3049 5505 3346 5557 praecones,
3364 5502 3416 5544 et
3437 5489 3793 5557 antesignani

2242 5557 2509 5632 heodorus
2534 5557 2967 5632 ansneStc-nus.
2992 5560 3315 5632 Anastasius
3338 5560 3579 5632 quidam,
3607 5575 3661 5616 et
3687 5567 3801 5618 alii

2192 5628 2430 5753 #‘lcstort‘il
2456 5630 2679 5752 aifecla:
2708 5641 2763 5685 ct
2789 5631 3034 5700 patroni,
3083 5640 3139 5686 ut
3182 5628 3371 5688 reicrt'
3398 5631 3743 5692 Thcodorett
3762 5648 3804 5692 ι

2213 5713 2285 5753 ιι.
2320 5715 2369 5753 tv
2436 5714 2465 5753 e
2543 5714 2647 5753 tere
2681 5737 2694 5752 .

2213 5713 2285 5753 ll).
2320 5715 2369 5753 ιν
2400 5713 2465 5755 ue
2498 5713 2694 5754 Itmret.
