4040 6182
221 323 316 376 Πῒ

1260 321 1348 376 DE
1391 321 1896 378 ΙΝΟΑΒΝᾹΤΙΟΝΕ
1913 319 2183 398 QHRISTI
2209 318 2338 376 LIB.
2391 320 2478 378 VI.

3427 319 3536 372 173.

222 439 494 490 Christum
521 433 723 490 Filium
751 435 866 499 Dei,
901 437 1108 505 negasti
1136 437 1334 490 omnia.
1365 436 1494 489 Nam
1515 443 1569 489 et
1591 438 1706 490 lucc
1732 449 1816 489 ra—
1845 437 1892 495 Α
1919 435 2133 491 dicente
2165 435 2424 503 Apostolo
2455 452 2468 488 :
2507 433 2609 502 Qui
2661 431 2796 489 enim
2836 435 3120 503 descendit,
3167 437 3278 506 ipsa
3315 448 3390 496 est
3419 453 3540 508 qui.

227 529 298 579 tio
331 525 694 580 ecclesiastici
727 526 1050 580 sacramenti
1085 533 1140 579 et
1167 523 1448 579 catholicas
1479 525 1599 580 fidei
1631 535 1734 590 est,
1767 533 1826 580 ut

226 617 310 686 qui
347 625 560 685 partem
586 615 758 670 divini
789 615 1120 670 sacramenti
1149 625 1328 684 negat,
1361 626 1567 686 partem
1599 631 1705 672 non
1737 633 1826 672 va-

229 711 325 762 leat
353 705 630 761 confiteri.
665 704 744 760 Ita
774 707 918 760 enim
947 707 1051 760 sibi
1077 721 1326 761 connexa
1358 715 1412 760 et
1433 717 1826 776 concorporata
1879 721 1887 728 '

227 809 344 852 ettttl
371 797 590 862 omnia,
643 807 706 852 ut
733 798 880 853 aliud
913 799 1032 853 sine
1071 799 1180 854 alio
1210 807 1354 854 stare
1391 814 1496 868 non
1523 799 1728 868 possit,
1771 807 1829 855 et

227 891 314 958 qui
355 904 528 942 unum
563 905 628 942 ex
662 889 914 944 omnibus
961 889 1356 960 denegaverit,
1403 891 1508 944 alia
1551 889 1604 946 ei
1645 893 1826 946 omnia

225 981 528 1034 credidisse
559 995 673 1034 non
719 980 910 1049 prosit.
954 979 1138 1050 Itaque
1165 983 1208 1036 si
1241 997 1406 1052 negas
1449 983 1616 1038 Deum
1650 984 1828 1036 Domi—

227 1087 346 1123 num
371 1069 564 1123 Je-um
585 1069 883 1134 Christum,
921 1086 1146 1126 necesse
1172 1080 1356 1136 estut,
1381 1071 1582 1127 Filium
1613 1073 1704 1128 Dei
1730 1073 1826 1128 de-

227 1175 448 1228 negans,
483 1163 654 1212 etiam
681 1159 894 1214 Patrem
927 1175 1112 1230 neges.
1143 1161 1276 1228 Quia
1301 1163 1457 1230 juxta
1481 1162 1704 1216 Joannis
1733 1179 1826 1216 vo-

223 1266 336 1302 erm
379 1268 394 1301 :
431 1253 462 1282 ⁸
496 1251 602 1313 Qui
632 1267 736 1303 non
763 1250 914 1306 habet
929 1251 1146 1319 Filium,
1171 1257 1478 1308 necPatretn
1505 1253 1652 1308 habet
1685 1269 1704 1306 :
1738 1256 1826 1320 qui

225 1349 392 1392 autem
422 1337 630 1392 habetF
633 1339 798 1404 ilium,
839 1347 886 1392 et
906 1337 1474 1408 Patremhubetaloan.
1501 1341 1581 1410 ιι).
1613 1344 1826 1413 Negans

227 1445 352 1499 ergo
378 1430 656 1499 genitura,
689 1431 856 1484 etiam
881 1431 1182 1500 genitorem
1215 1449 1400 1502 negas.
1448 1433 1660 1504 Negans
1690 1451 1824 1506 quo-

227 1537 324 1588 que
349 1521 550 1574 Filium
587 1521 682 1576 Dei
713 1522 766 1576 iu
799 1535 962 1576 carne
991 1529 1205 1588 natum,
1253 1539 1594 1594 consequens
1633 1535 1716 1582 est
1766 1537 1824 1582 ut

225 1617 386 1666 etiam
439 1615 492 1668 in
543 1614 754 1682 Spiritu
803 1623 988 1667 natum
1037 1629 1224 1684 neges,
1259 1616 1382 1685 quia
1415 1617 1552 1672 idem
1583 1628 1737 1672 natus
1769 1619 1820 1672 in

225 1723 414 1768 carne.
448 1705 477 1744 δ
508 1708 600 1776 qui
629 1707 782 1775 prius
815 1716 971 1760 natus
1002 1706 1053 1762 in
1079 1708 1301 1776 Spiritu.
1335 1707 1449 1762 Non
1479 1710 1706 1764 credens
1736 1726 1824 1764 er-

1929 527 2154 580 uscendit
2185 525 2402 598 (Ephes.
2429 526 2524 594 iv).
2576 526 2720 595 Ergo
2743 536 3003 596 quantum
3029 527 3082 581 in
3117 537 3170 582 te
3191 538 3294 592 est,
3333 529 3510 584 Domia

1929 633 2031 672 nus
2061 620 2220 676 Jesus
2247 618 2492 674 Christus
2526 633 2700 688 neque
2743 619 2813 674 ab
2849 619 3036 675 inferis
3063 624 3382 686 resurrexit,
3415 639 3510 677 ne-

1927 725 2030 778 que
2068 711 2262 765 coelum
2305 710 2572 776 ascendit,
2619 725 2793 780 neque
2822 711 2888 765 ad
2929 711 3178 767 dextram
3209 713 3305 768 Dei
3333 713 3508 768 Patris

1927 799 2099 868 sedet,
2137 816 2312 870 neque
2341 801 2407 855 ad
2453 799 2631 867 illum,
2683 802 2774 872 qui
2815 813 3180 872 “Spectatur,
3230 807 3502 860 examina-

1927 895 2089 948 tionis
2121 893 2325 948 ultima:
2353 893 2498 948 diem
2524 895 2725 958 veniet,
2759 909 2858 948 nec
2881 896 3036 950 vivos
3062 910 3124 951 ac
3149 905 3388 952 mortuos
3419 896 3504 968 ju-

1927 984 2152 1038 dicabit.

2494 1075 2720 1132 CAPUT
2747 1075 2936 1130 XVIII.

1927 1185 2180 1260 Conuertit
2201 1203 2484 1260 sermonem
2506 1187 2572 1260 ad
2591 1187 2762 1260 ipsum
2787 1187 3136 1260 adversarium
3159 1201 3332 1244 contra
3353 1207 3512 1260 quem=

1995 1259 2243 1326 disputat,
2261 1267 2306 1311 et
2329 1257 2476 1310 illum
2500 1257 2569 1308 ad
2591 1257 2992 1326 resipisccndum
3014 1259 3213 1312 invitat.
3263 1257 3500 1315 Reconci-

1995 1329 2221 1409 liationis
2265 1337 2644 1381 sacramentum
2683 1327 2843 1396 lapsis
2889 1328 2956 1382 ad
3008 1331 3224 1384 salutem
3269 1345 3508 1386 necessa-

1997 1414 2150 1452 rrum.

1997 1528 2260 1598 Intelligis
2289 1527 2496 1598 itaque,
2525 1543 2558 1582 ο
2589 1528 2772 1584 infelix
2802 1539 2856 1582 et
2905 1529 3106 1584 furiosa
3139 1533 3524 1600 perversitas,

1923 1632 2214 1673 evacuasse
2249 1629 2300 1673 te
2327 1621 2543 1688 penitus
2571 1633 2785 1674 omnem
2819 1620 3048 1688 symboli
3079 1621 3261 1688 tidem,
3291 1637 3528 1678 omnem

1925 1709 2040 1778 spei
2071 1709 2500 1777 sacramentique
2528 1711 2805 1764 virtutem.
2841 1711 2906 1764 Et
2933 1710 2986 1764 in
3013 1711 3251 1767 Ecclesia
3286 1715 3506 1782 insuper

223 1815 288 1866 go
319 1815 370 1850 in
405 1813 576 1852 carne
615 1797 856 1864 editum,
891 1813 1110 1852 necesse
1144 1807 1230 1853 est
1267 1800 1428 1854 etiam
1457 1815 1668 1868 passum
1697 1816 1818 1856 esse
1847 1815 1892 1873 Β
1920 1811 2064 1855 stare
2093 1815 2256 1856 ausus
2301 1815 2382 1866 es,
2416 1809 2473 1855 et
2501 1815 2624 1856 esse
2665 1809 2716 1856 te
2761 1802 3100 1858 sacerdotem
3145 1813 3305 1874 putas
3341 1823 3354 1858 :
3383 1822 3504 1861 cum

225 1907 328 1942 nun
377 1889 601 1942 eredas.
655 1888 772 1942 Non
805 1889 1032 1944 credens
1075 1899 1256 1943 autem
1302 1890 1448 1944 illius
1487 1891 1814 1959 passionem,

221 1981 346 2050 quid
381 1983 656 2050 reliquum
691 1989 790 2044 est,
825 1981 1111 2036 nisietiam
1131 1985 1582 2054 resurrectionem
1611 1985 1816 2054 neges?

221 2075 340 2139 quia
389 2071 530 2127 ﬁdes
573 2073 820 2127 Sttscitali
870 2089 935 2128 ex
971 2073 1074 2130 tide
1102 2077 1298 2128 mortui
1353 2086 1456 2132 est.
1515 2075 1627 2132 Nec
1671 2085 1815 2132 stare

222 2175 400 2230 potest
447 2164 588 2217 ratio
637 2165 1055 2218 resurrectionis
1079 2193 1110 2230 ,-
1145 2166 1246 2218 nisi
1283 2166 1414 2220 fides
1456 2168 1644 2222 mortis
1688 2177 1813 2222 ante

221 2254 586 2319 praecesserit.
617 2251 832 2322 Negatis
859 2267 988 2322 ergo
1015 2268 1228 2323 passum
1253 2267 1305 2309 et
1329 2265 1622 2322 mortuum,
1651 2273 1812 2326 negas

217 2361 440 2415 qunque
469 2345 544 2398 ab
588 2347 771 2400 inieris
805 2357 1196 2416 resurgentem.
1253 2349 1602 2418 Consequens
1633 2351 1816 2418 utique

217 2447 302 2490 63‘.
329 2447 386 2488 ut
418 2453 589 2505 neges
615 2439 776 2490 etiam
809 2438 1214 2502 ascendentem,
1255 2441 1378 2508 quia
1413 2442 1663 2496 ascensio
1699 2442 1814 2498 sine

219 2531 632 2584 resurrectione
661 2545 780 2584 esse
811 2547 918 2584 non
951 2531 1142 2600 putuit.
1198 2532 1265 2585 Et
1308 2532 1398 2602 qui
1449 2533 1816 2588 resurrexisse

217 2637 328 2674 una
365 2621 638 2686 creditur,
689 2635 915 2674 necesse
940 2630 1023 2675 est
1065 2635 1164 2676 nec
1193 2621 1506 2676 ascendisse
1535 2622 1811 2688 credatur,

1924 1891 2016 1946 illa
2041 1892 2220 1944 omnia
2249 1890 2622 1958 deuegaveris,
2675 1906 2773 1960 per
2817 1907 2938 1959 (λειω
2963 1893 3220 1948 sacerdos
3234 1911 3371 1951 esse
3397 1912 3506 1950 cce-

1923 1981 2090 2050 pisti‘l
2134 1981 2268 2034 Redi
2311 1995 2444 2049 ergo
2483 1980 2548 2034 ad
2599 1981 2738 2034 viam
2791 1991 2993 2035 rectam
3017 2024 3032 2045 ,
3067 1985 3250 2051 recipe
3283 1999 3524 2039 sensume.

1921 2073 2230 2142 pristinum,
2266 2073 2528 2142 resipisce
2576 2073 2789 2128 tandem
2839 2074 2882 2126 si
2913 2074 3205 2143 aliquando
3253 2076 3502 2144 sapuisti.

1919 2164 2228 2234 Regredere
2256 2164 2322 2217 ad
2357 2163 2734 2232 temetipsum,
2767 2163 2812 2218 si
2857 2172 3034 2218 tamen
3076 2163 3310 2220 habuisti
3351 2166 3406 2220 in
3455 2175 3524 2220 tc-

1921 2255 2188 2324 qtiondam
2219 2253 2420 2321 aliquid
2449 2269 2556 2325 quo
2585 2261 2714 2308 tunc
2741 2255 3086 2323 regrediaris.
3132 2256 3508 2325 Agnoscesa-

1920 2355 2195 2400 crementa
2237 2344 2426 2400 salutis
2456 2353 2561 2397 tua:
2586 2384 2600 2406 ,
2635 2358 2731 2412 per
2759 2359 2878 2414 qua:
2909 2346 3198 2400 innovatus
3221 2388 3236 2412 ,
3263 2361 3362 2417 per
3387 2363 3526 2416 qum--

1917 2445 2136 2492 renatus
2179 2451 2260 2490 es.
2317 2433 2438 2490 Non
2483 2435 2660 2488 minus
2700 2435 2794 2488 tibi
2826 2451 2966 2490 nunc
2993 2450 3129 2504 opus
3174 2447 3300 2492 sunt
3343 2453 3518 2506 quam.

1919 2538 2044 2582 tunc
2075 2527 2292 2583 fuerunt
2324 2545 2336 2580 :
2364 2536 2422 2580 ut
2449 2537 2472 2566 ο
2509 2536 2680 2595 teper
2709 2528 3090 2595 paenitentiam
3123 2543 3272 2583 iiune
3287 2543 3514 2598 regene-~

1919 2629 2062 2686 rcnt,
2091 2619 2118 2656 ά
2151 2635 2272 2687 quae
2299 2635 2395 2689 per
2427 2618 2626 2674 fontem
2659 2629 2786 2674 ante
2815 2631 3169 2690 generarunt.
3216 2622 3365 2678 Tene
3395 2623 3510 2692 ple--

1289 2733 1544 2788 ALARDI
1585 2733 1820 2789 ΟΛΖᾹΞΙ
1861 2731 2424 2790 COMMENTARIUS.

213 2830 466 2881 raiionc:
503 2826 818 2900 Dicendum,
849 2827 1020 2894 inquit
1060 2827 1283 2900 (2-2.7q.
1311 2827 1375 2900 5._
1398 2843 1459 2900 a.
1484 2828 1562 2894 3),
1587 2827 1726 2897 quod
1756 2829 1810 2881 in

211 2901 462 2951 tut-retice
503 2897 818 2950 discredente
843 2914 1000 2950 unum
1037 2899 1313 2951 articulum
1339 2897 1482 2966 fidei,
1509 2914 1610 2952 non
1639 2908 1807 2951 manet

209 2971 370 3036 fides.
403 2973 574 3034 neque
594 2973 844 3037 formata,
870 2985 1030 3036 neque
1055 2970 1315 3039 informis.
1363 2968 1524 3039 Cujus
1555 2971 1686 3039 ratio
1711 2980 1806 3032 est,

207 3043 340 3102 enin
361 3041 558 3110 species
581 3039 1084 3110 cujuslibetrliubitus
1113 3038 1362 3110 dependet
1386 3038 1452 3110 ei:
1487 3038 1698 3109 fortnali
1723 3057 1810 3091 ra-

209 3115 356 3163 tione
391 3107 590 3180 'objecti
612 3107 768 3180 aqua
794 3107 1018 3180 sublata,
1067 3107 1257 3180 species
1305 3107 1508 3180 habitus
1549 3125 1810 3164 remanere

208 3197 320 3233 non
375 3177 560 3248 potest.
615 3177 860 3232 Formale
887 3189 1054 3250 autem
1083 3177 1336 3250 objectum
1363 3179 1485 3250 fidei
1526 3187 1598 3233 est
1625 3181 1808 3233 veritas

1919 2829 2067 2895 ﬁdes,
2099 2835 2358 2899 acceptam
2374 2827 2770 2899 justi/irationis
2793 2827 3015 2897 gratiam
3043 2827 3224 2880 amitti.
3255 2829 3356 2899 Ubi
3383 2830 3504 2883 licet

1919 2913 2024 2952 non
2069 2897 2360 2952 deliniatur
2376 2897 2662 2964 expresse,
2697 2908 2874 2949 tamen
2905 2899 3226 2964 supponitur
3254 2897 3368 2954 lucc
3411 2917 3505 2956 ve-

1918 2969 2049 3022 ritas
2083 2977 2139 3022 ut
2168 2979 2308 3022 certa
2339 2977 2394 3020 et
2422 2967 2746 3020 indubitata.
2781 2967 3052 3020 Caeterum
3085 2969 3136 3020 iu
3165 2972 3494 3024 contrariam

1918 3049 2128 3106 partem
2159 3054 2263 3090 non
2295 3037 2488 3092 desunt
2515 3039 2674 3089 etiam
2706 3049 3020 3106 argumenta
3050 3040 3324 3106 complura
3349 3081 3363 3105 ,
3399 3057 3500 3095 nec

1916 3108 2284 3178 improbabilia
2331 3107 2592 3178 :quibtts
2637 3116 2818 3160 tamen
2855 3107 3201 3174 proferendis.
3222 3109 3502 3166 brevitatis

1915 3177 2074 3233 causa
2130 3177 2479 3246 supersedeo.
2520 3192 2583 3231 ea
2613 3187 2898 3232 contentus
2941 3179 3211 3244 attulisse,
3243 3196 3361 3249 qna:
3393 3181 3510 3235 Au-

208 3252 417 3317 prima,
449 3250 738 3320 secundum
762 3249 900 3320 quod
927 3250 1284 3319 manifestatur
1329 3252 1384 3302 in
1411 3249 1698 3320 Scripturis
1725 3267 1809 3304 sa-
1837 3250 1881 3311 C
1913 3251 2081 3320 cteris
2110 3249 2275 3320 nostri
2309 3249 2630 3303 sententiam
2659 3250 3002 3320 conﬁrmant.

208 3322 316 3373 eris
345 3331 396 3373 et
423 3319 661 3372 dot-trina
691 3317 957 3385 Ecclesiat,
990 3317 1104 3387 quia
1122 3321 1350 3389 procedit
1382 3337 1446 3374 ea:
1474 3317 1682 3373 veritate
1704 3321 1810 3389 pri-

209 3409 316 3443 ma.
380 3389 534 3444 Unde
563 3390 864 3456 quicumque
903 3405 1003 3441 non
1047 3391 1258 3443 inltwret
1307 3388 1428 3443 huic
1463 3388 1726 3456 infullibili
1762 3393 1810 3443 et

211 3463 410 3514 dicina?
432 3461 628 3531 regulw
653 3461 906 3531 doctrina:
931 3456 1192 3526 Ecclesiw,
1209 3475 1322 3531 qua:
1343 3461 1568 3531 procedit
1593 3477 1657 3513 ea:
1683 3461 1810 3514 veti-

215 3543 316 3584 tate
353 3529 529 3602 prima
567 3531 622 3582 in
653 3529 958 3602 scripturis
981 3531 1140 3582 sacris
1183 3529 1534 3602 manifestata,
1579 3531 1670 3584 ille
1705 3547 1810 3602 non

217 3599 366 3654 habet
403 3601 633 3654 habitum
664 3599 784 3668 ﬁdei
823 3615 842 3652 :
872 3599 960 3668 sed
987 3616 1048 3652 ea
1071 3615 1184 3668 qua:
1213 3609 1330 3652 sunt
1359 3600 1506 3668 ﬁdei,
1529 3602 1634 3654 alio
1659 3601 1810 3654 modo

217 3682 350 3724 tenet
398 3687 552 3739 quam
583 3687 674 3740 per
702 3669 874 3736 ﬁdem.
907 3667 1054 3724 Sicut
1079 3667 1123 3722 si
1151 3671 1334 3738 aliquis
1360 3667 1490 3740 tenet
1527 3681 1690 3724 mente
1713 3671 1814 3722 ali-

217 3759 372 3806 quam
401 3739 802 3802 conclusionem,
835 3755 936 3791 non
962 3755 1268 3810 cognoscens
1296 3739 1519 3810 medium
1554 3741 1695 3793 illius
1723 3741 1810 3792 de-

217 3812 613 3864 monstrationis
640 3854 654 3876 ,
699 3809 1036 3877 manifestum
1064 3819 1135 3881 est
1188 3809 1326 3881 quod
1371 3827 1474 3863 non
1513 3812 1660 3864 habet
1699 3813 1812 3881 ejus

215 3884 515 3944 scientiam,
546 3881 644 3950 sed
696 3881 984 3947 Opinionem
1009 3879 1207 3934 solum.
1247 3879 1582 3950 tifanifcstum
1612 3889 1686 3934 est
1719 3879 1814 3934 an-

219 3965 316 4004 tem
347 3953 488 4016 quod
513 3949 606 4003 ille
629 3951 714 4010 qui
749 3952 961 4002 inium-et
997 3951 1244 4002 doctrina:
1267 3947 1526 4014 Ecclesitv,
1556 3962 1812 4020 tamquam

219 4021 496 4088 infaltzbili
521 4021 734 4089 regulae,
765 4020 1000 4072 euntibus
1047 4020 1254 4072 assentit
1291 4037 1402 4080 qua:
1451 4020 1679 4074 Ecclesia
1718 4023 1811 4072 do-

219 4105 292 4144 cet
359 4109 378 4144 :
426 4092 658 4158 alioquin
709 4092 754 4142 si
781 4091 844 4142 de
894 4091 971 4142 his
1028 4105 1141 4159 qua:
1191 4089 1424 4143 Ecclesia
1471 4092 1649 4156 docet,
1701 4106 1815 4152 qua:

219 4165 328 4214 t-ult
383 4171 522 4213 tenet
545 4203 558 4223 ,
587 4171 632 4212 et
661 4177 774 4226 qua:
798 4177 900 4212 non
921 4162 1028 4214 vult
1061 4177 1160 4212 non
1190 4171 1338 4232 tenet,
1375 4177 1474 4213 non
1491 4165 1611 4232 jam
1652 4163 1815 4232 inluce

217 4245 296 4284 ret
351 4231 600 4285 Ecclesiae
651 4233 932 4302 doctrinae,
982 4233 1112 4284 sicut
1165 4230 1430 4298 infullt'btli
1470 4230 1694 4302 rcqulw,
1727 4231 1812 4284 sed

219 4304 452 4372 praprite
483 4302 758 4353 uoluntati.
801 4299 864 4352 Et
895 4304 968 4372 sic
994 4301 1319 4372 manifestum
1360 4309 1428 4353 est
1457 4299 1591 4368 quod
1615 4303 1816 4354 literati-

219 4370 312 4426 cus
335 4415 352 4434 ,
401 4373 492 4438 qui
521 4372 854 4442 pertinaciter
879 4370 1129 4442 discredit
1167 4387 1325 4442 unum
1365 4373 1634 4425 articulum
1667 4373 1812 4438 ﬁdei,

221 4461 328 4496 non
365 4453 438 4494 est
469 4440 680 4509 paratus
706 4441 847 4508 sequi
888 4441 940 4493 in
972 4441 1200 4494 omnibus
1231 4440 1520 4494 doctrinam
1555 4443 1812 4495 lt'rclesiat.

223 4515 284 4568 Si
313 4513 456 4564 enim
485 4529 590 4568 non
625 4513 972 4582 pertinaciter,
1011 4514 1126 4582 jam
1159 4529 1259 4564 non
1286 4519 1358 4563 cst
1390 4515 1678 4575 Ittcreticus,
1728 4511 1815 4566 sed

223 4587 396 4635 solum
421 4597 621 4634 errans.
657 4580 806 4635 Unde
834 4580 1158 4652 manifestum
1189 4592 1260 4634 est
1296 4586 1432 4650 quod
1473 4585 1590 4636 talis
1617 4584 1816 4636 lucreti-

223 4671 312 4706 (τις
339 4655 486 4704 εἰη-(ι
517 4669 676 4703 unum
703 4652 976 4703 articulum
1007 4653 1160 4719 fidem
1187 4669 1290 4704 non
1320 4654 1466 4704 habet
1497 4655 1558 4705 d-r
1585 4654 1700 4706 aliis
1724 4671 1812 4704 ar-

225 4725 421 4784 ticulis,
480 4725 574 4774 sed
599 4723 891 4790 opinionem
917 4724 1210 4785 quamdam,
1241 4724 1522 4776 secundum
1551 4726 1814 4792 propriam

223 4796 567 4844 roluntatein.
609 4792 732 4845 Hzcc
761 4794 818 4846 S.
854 4792 1087 4845 Thomas
1121 4811 1134 4846 :
1163 4795 1356 4862 quibus
1385 4793 1545 4846 etiam
1575 4795 1814 4858 St't‘lpltt-

223 4879 282 4914 ra
315 4863 606 4932 sullragari
639 4863 869 4914 Vttlt’ltll'.
900 4862 1028 4914 Nam
1056 4865 1342 4930 Apostolus
1373 4865 1652 4917 lia-retices
1683 4879 1815 4933 qua-

225 4935 548 5000 lescmnque
577 4941 762 4986 censet
805 4934 1138 5000 naufragium
1172 4933 1348 4986 facere
1379 4935 1428 4984 in
1479 4934 1602 4995 ﬁde,
1654 4945 1814 5002 atque

225 5005 362 5053 adeo
395 5007 468 5055 ah
489 5019 548 5055 ea
574 5005 844 5063 excidere,
875 5017 1010 5070 iiiios
1037 5013 1212 5055 tamen
1237 5011 1450 5055 (Sulla-Ital
1483 5019 1598 5056 non.
1621 5019 1814 5070 iit-gare

223 5087 422 5126 nntncs
452 5077 710 5125 articulos
741 5073 886 5133 fidei,
908 5075 1030 5125 dum
1058 5081 1256 5130 tnoncl,
1275 5085 1330 5126 ut
1357 5073 1642 5126 Habeamus
1660 5075 1814 5140 ﬁdem

223 5155 272 5193 et
297 5147 492 5195 bonum
519 5145 904 5206 conscientiam,
928 5159 1080 5212 quam
1102 5141 1332 5212 quidam,
1361 5145 1817 5211 inqnil,rcpellen-

223 5221 318 5276 tis,
355 5214 854 5284 naufragaverunta
880 5211 982 5281 ﬁde
1031 5213 1074 5282 (I
1099 5211 1230 5265 Tim.
1256 5213 1326 5282 I).
1363 5216 1424 5266 l'lt
1451 5217 1515 5266 ad
1554 5215 1814 5282 Ephesios

225 5299 274 5333 iv
307 5283 559 5336 affirmat
583 5299 766 5336 veram
798 5283 959 5336 fidem
987 5299 1094 5335 nun
1123 5297 1242 5337 esse
1271 5285 1370 5336 nisi
1403 5299 1582 5345 IIIInIII,
1637 5285 1685 5336 id
1711 5295 1812 5346 est,

223 5369 322 5414 per
373 5368 538 5418 quam
589 5355 660 5406 ab
705 5353 958 5406 omnibus
1007 5353 1296 5406 ert-dantur
1323 5355 1524 5407 eaedem
1565 5355 1816 5408 veritates

223 5425 490 5476 navit-itus
517 5424 803 5494 revelatus,
823 5433 876 5476 et
903 5425 972 5477 ab
1003 5423 1249 5494 Ecclesia
1273 5425 1582 5494 propositae.
1611 5425 1704 5477 llis
1728 5439 1817 5477 ac-

219 5497 374 5546 cedit
403 5494 694 5546 cont-ilium
717 5493 1092 5546 Tridentinum
1123 5508 1198 5546 ss.
1227 5493 1283 5554 6,
1313 5509 1432 5558 cap.
1467 5495 1552 5558 15,
1573 5495 1658 5546 ubi
1683 5497 1814 5547 sim-

223 5568 446 5626 piii-iter
471 5565 754 5626 aSseritur,
785 5579 880 5631 per
909 5564 1272 5616 infidelitatem
1295 5564 1476 5631 (cujus
1495 5579 1706 5632 species
1735 5573 1818 5618 cst

225 5635 480 5702 ὕεια-κείς)
507 5634 686 5686 amitti
719 5635 902 5686 iidem.
949 5633 1293 5686 Asscrendum
1331 5645 1426 5696 est,
1471 5633 1664 5700 inquit,
1714 5651 1817 5686 non

223 5705 386 5756 uredo
411 5707 740 5769 infidelitate,
772 5721 860 5770 per
888 5719 1042 5772 quant
1069 5715 1116 5756 et
1141 5704 1254 5770 ipsa
1281 5703 1410 5771 ﬁdes
1439 5703 1818 5763 amittitur,srd

223 5787 386 5827 etiam
411 5775 634 5842 quolibet
665 5775 868 5828 mortali
894 5785 1126 5846 peccato,
1159 5776 1386 5838 quamvis
1417 5791 1516 5827 non
1555 5776 1820 5828 amittatur

1985 3329 2010 3358 ⁸
2033 3319 2204 3374 Verba
2233 3319 2458 3372 Joannis
2487 3318 2714 3386 apostoli
2744 3319 2797 3372 in
2828 3321 2996 3386 prima
3029 3319 3300 3374 Canonica
3337 3320 3506 3385 :Quis

1912 3399 1984 3460 est
2011 3391 2250 3453 mendax,
2286 3389 2384 3460 nisi
2414 3390 2499 3458 qui
2528 3399 2676 3457 negat.
2695 3393 2943 3460 quoniam
2967 3393 3117 3442 Jesus
3139 3401 3211 3460 est
3229 3389 3504 3445 Christus?

1914 3459 2016 3512 llic
2037 3469 2110 3512 est
2132 3459 2494 3518 Antichristus.
2527 3461 2618 3528 qui
2646 3459 2798 3528 negat
2837 3459 3040 3512 Patrem
3071 3469 3120 3513 et
3149 3459 3197 3511 F
3201 3462 3364 3514 ilium.
3399 3463 3498 3524 Qui

1913 3537 2062 3601 negat
2093 3528 2306 3601 Filium,
2341 3545 2433 3601 nec
2469 3517 2852 3601 l’dtremliabet
2894 3545 2928 3601 :7
2957 3531 3046 3600 qui
3079 3531 3351 3595 conﬁtetur
3398 3517 3498 3584 Fi-

1916 3598 2065 3662 lium,
2097 3609 2142 3652 et
2175 3599 2380 3652 Patrem
2405 3599 2556 3652 habet
2593 3599 2610 3668 (
2635 3599 2652 3651 Ι
2677 3598 2836 3652 Joan.
2863 3615 2898 3653 ιι
2922 3598 2976 3667 ),’
3015 3601 3064 3653 id
3094 3608 3198 3668 est,
3235 3602 3494 3667 agnoscit.

1917 3670 2148 3724 Proinde
2179 3669 2362 3724 nescio
2394 3669 2536 3722 unde
2562 3667 2815 3723 acciderit
2847 3681 2905 3720 ut
2955 3684 3052 3737 pro
3075 3667 3296 3723 Joannis
3343 3681 3496 3724 antea

1916 3741 2203 3808 legeretur,
2251 3741 2414 3806 ipsius
2459 3739 2637 3808 patris,
2683 3739 2834 3806 ψιεςί
2869 3740 2958 3792 Dei
2989 3739 3166 3792 Patris
3193 3741 3309 3794 haec
3354 3753 3498 3795 esset

1915 3807 2012 3864 vos
2051 3827 2062 3861 :
2096 3809 2196 3862 nisi
2221 3809 2340 3878 quis
2365 3807 2522 3861 malit
2555 3809 2757 3876 legere.
2796 3811 2952 3876 juxta
2978 3809 3066 3878 pii
3105 3811 3268 3877 patris
3303 3825 3498 3876 vocem,

1915 3879 2058 3950 quod
2077 3880 2146 3950 de
2171 3879 2388 3950 Joanne
2401 3881 2650 3950 apostolo
2677 3877 3084 3950 intelligendum
3115 3879 3207 3950 sit.

1987 3949 2014 3987 ι)
2045 3949 2096 4002 Id
2127 3957 2228 4009 est.
2262 3947 2314 4000 in
2339 3947 2640 4010 divinitate,
2669 3947 2980 4018 juxtaillud
3006 3947 3300 4018 Joannistv
3335 3965 3348 4000 :
3382 3948 3504 4018 Spi--

1915 4021 2044 4072 ritus
2067 4018 2312 4071 eercus.
2347 4018 2500 4072 Unde
2522 4029 2575 4070 et
2603 4017 2849 4086 sequenti
2875 4033 2996 4083 cap.
3023 4017 3183 4074 dicit:
3214 4015 3496 4073 Natum'in

1917 4088 2139 4148 Deitate,
2167 4099 2340 4141 uatum
2361 4105 2595 4154 corpore,
2619 4087 2762 4157 quod
2797 4087 2880 4142 hic
2909 4088 2962 4140 in
2985 4105 3157 4143 carne.

1991 4174 2012 4198 τ
2036 4161 2089 4214 ιιι
2118 4169 2220 4222 est,
2249 4169 2502 4227 reparant
2528 4173 2588 4212 ac
2619 4167 2952 4213 restaurent.
2989 4159 3120 4214 Nam
3155 4161 3498 4226 regeneratio

1919 4247 2066 4299 prop:
2084 4231 2130 4284 ie
2161 4231 2428 4296 baptismo
2458 4231 2730 4296 convenit,
2761 4230 2902 4296 quod
2929 4241 3012 4284 est
3052 4229 3311 4282 lavacrum
3349 4249 3494 4300 rege-

1918 4303 2196 4355 nerationis
2231 4310 2278 4353 et
2312 4299 2654 4354 renovationis
2677 4301 2902 4369 Spiritus
2924 4300 3088 4353 sancti
3119 4303 3254 4367 (Tit.
3380 4299 3433 4354 ιιι
3461 4303 3496 4366 ).

1919 4374 2050 4437 Quia
2083 4381 2260 4425 tamen
2297 4371 2380 4424 hic
2405 4370 2679 4424 confertur
2711 4370 3022 4435 pwnitentia
3053 4384 3176 4422 cum
3209 4370 3498 4436 baptismo,

1919 4443 2064 4494 Velut
2089 4457 2210 4495 cum
2241 4442 2408 4509 prima
2440 4441 2792 4508 generatione
2817 4439 3079 4507 spiritali,
3109 4453 3214 4492 non
3243 4439 3384 4492 tnalc
3412 4441 3490 4492 tti-

1919 4511 2058 4566 citur
2087 4525 2139 4566 et
2169 4513 2280 4580 ipsa
2313 4513 2668 4578 regeneratio,
2703 4511 2754 4562 id
2779 4520 2884 4572 est,
2913 4509 3106 4571 altera,
3141 4509 3224 4562 vel
3255 4511 3524 4580 secunda-

1918 4579 2201 4646 generatio
2245 4581 2500 4650 Spiritalis
2569 4580 2756 4650 (sicut
2809 4581 3116 4650 frequenter
3158 4595 3186 4631 a
3251 4579 3496 4650 Pati-ibus

1921 4653 2142 4716 ('l'ertul.
2186 4648 2288 4706 lib.
2327 4655 2388 4702 de
2423 4652 2644 4716 Paruit;
2691 4648 2916 4706 Hieron.
2963 4648 3184 4719 in'cap.
3217 4663 3272 4704 ιη
3323 4648 3498 4712 Isai.;

1920 4722 2198 4775 Gratianus
2237 4723 2300 4774 de
2335 4721 2526 4773 l’uznit.
2556 4721 2676 4773 dist.
2712 4735 2758 4782 ις
2793 4719 2949 4774 Cone.
2984 4720 3130 4772 Trid.
3159 4737 3230 4774 ss.
3265 4722 3350 4783 Η,
3378 4736 3493 4786 (ap.

1916 4792 1973 4860 2}
2003 4793 2197 4846 dicitur
2225 4793 2450 4846 secunda
2480 4800 2592 4860 post
2624 4792 2956 4861 naufragium
2995 4791 3174 4843 tabula
3203 4806 3224 4844 :
3249 4794 3494 4861 secunda,

1916 4866 2123 4916 scilicet
2169 4871 2287 4929 post
2319 4863 2640 4929 baptismum
2689 4860 2874 4927 :Vposl
2913 4863 3242 4929 naufragium
3295 4860 3496 4913 scilicet

1920 4933 2147 5002 peccati)
2194 4933 2488 4998 baptismus
2517 4947 2650 4986 vero
2679 4933 2875 5002 dicitur
2905 4933 3242 5002 regeneratio
3284 4930 3500 5002 absolu-

1919 4999 1991 5066 te,
2023 4999 2383 5071 qui'succedit
2413 5001 3154 5071 generationicarnali,juxta
3187 5001 3313 5052 illud
3337 4999 3494 5052 Joan-

1919 5075 2002 5124 nis
2031 5088 2085 5125 ιιι
2120 5089 2132 5124 :
2165 5071 2284 5124 Nisi
2309 5074 2421 5134 quis
2453 5081 2662 5125 renatus
2693 5073 2848 5138 fuerit
2885 5071 3078 5130 denuo,
3099 5087 3200 5122 non
3233 5079 3396 5137 potest
3429 5073 3494 5122 vi-

1918 5144 2038 5214 dere
2051 5157 2264 5214 regnum
2281 5142 2395 5194 Dei.
2417 5143 2568 5214 Quod
2583 5143 2858 5210 explicans
2875 5141 3213 5214 postmodum
3229 5140 3494 5195 subdidit:

1921 5210 2410 5284 Nisiiqitisrcnatus
2431 5213 2586 5284 fuerit
2613 5229 2827 5284 eamque
2855 5223 2902 5284 et
2933 5210 3136 5284 Spiritu
3165 5219 3502 5284 suncto,e'tc.-

1988 5283 2014 5318 ά
2045 5275 2147 5337 Ιίει·
2175 5283 2376 5336 fontem
2407 5275 2614 5337 scilicet
2641 5275 2910 5350 baptismi.
2959 5275 3304 5340 (lauerat-unt,
3335 5281 3378 5334 si
3413 5297 3498 5334 se»

1919 5353 2146 5406 cundum
2185 5353 2586 5406 renovationem
2633 5361 2690 5406 et
2731 5353 3028 5420 spiritalem
3071 5350 3358 5419 quamdam
3403 5369 3461 5405 re

1919 5425 2348 5490 generatiOnem,
2379 5439 2496 5489 qua:
2523 5426 2580 5475 tit
2625 5438 2721 5490 per
2751 5423 3119 5489 ptenitentiam
3147 5461 3162 5486 ,
3195 5421 3456 5489 respicias
3483 5439 3498 5483 ς

1921 5502 1977 5546 at
2020 5493 2204 5546 verius
2252 5505 2674 5558 regenerarunt,
2741 5495 2786 5545 si
2830 5494 3050 5557 primum
3099 5495 3504 5560 generationem

1919 5563 2194 5617 carnalem
2225 5573 2458 5630 spectes,
2491 5573 2550 5615 ut
2591 5565 2796 5616 dictum
2829 5571 2930 5616 est.
2961 5563 3051 5615 Est
3078 5577 3258 5616 autem
3302 5563 3386 5617 hic
3413 5578 3502 5631 sy-

1921 5633 2250 5688 necdocbica
2297 5633 2546 5701 qtncdam
2577 5632 2808 5701 locutio,
2854 5647 2954 5698 qua
2997 5649 3166 5701 genus
3195 5647 3294 5700 pro
3323 5635 3502 5701 spei-in

1923 5705 2163 5769 ponitur,
2194 5700 2515 5756 sacramenta
2543 5700 2730 5754 salutis
2769 5711 2954 5755 nostra:
2984 5700 3080 5771 pro
3111 5700 3421 5772 pmnitentia
3448 5717 3500 5755 et

1923 5775 2211 5844 btltliiilll",
2243 5773 2334 5842 qui
2369 5789 2462 5844 per
2493 5772 2775 5828 {autemet
2803 5772 3334 5846 l'outesdesiguatur,
3358 5774 3495 5835 psal.
