4016 6192
239 245 326 299 18ῐ

1261 244 1348 299 DE
1389 244 1898 302 ιΝωΑιιΝΑτιοΝε
1919 247 2187 307 CHRISTI
2214 250 2342 306 LIB.
2387 253 2476 308 VI;

3403 239 3426 292 1
3435 241 3530 296 6‘2-

231 353 467 410 omnium
492 355 680 408 .Iesum
706 353 1008 417 Christum,
1041 355 1397 410 homoousion
1429 358 1602 412 Patri:
1631 370 1814 414 natum
1848 363 1891 419 Λ
1923 362 2275 432 pra-dicabat,
2327 368 2515 423 dicens
2551 387 2562 421 :
2617 371 2692 424 Tu
2725 387 2775 426 es
2807 370 3038 428 Christus
3068 371 3239 426 Filius
3267 375 3362 426 Dei
3403 375 3533 429 vivs~

231 451 276 501 in
305 449 532 512 deitate,
571 455 759 498 uatum
793 449 842 498 in
872 461 1100 514 corpore
1126 463 1139 499 :
1171 447 1402 515 duplicis
1431 450 1650 519 quidem
1684 454 1819 505 nati-

231 540 430 601 vitatis,
478 538 578 592 sed
631 539 791 591 unius
825 537 1142 607 majestatis.
1196 539 1298 603 Qui
1327 553 1542 596 creator
1580 544 1816 598 nnmimu

232 640 601 684 creaturarum
635 628 779 684 idem
803 628 966 684 fuerit
994 638 1150 684 natus
1178 643 1250 686 ex
1283 629 1476 700 Patre,
1507 633 1601 702 qui
1632 647 1818 704 postea

233 733 381 774 natus
413 736 482 775 ex
518 720 762 790 Virgine.

808 810 1036 868 CAPUT
1074 813 1217 869 XIX.

235 903 586 974 Temporalem
624 902 818 958 Christi
867 913 1038 958 ortum
1076 907 1208 959 nihil
1244 907 1454 964 honoris
1499 919 1587 964 aut
1620 910 1821 966 uirtutis

750 975 1032 1030 detraxisse
1060 977 1337 1031 divinitati.

293 1088 408 1140 lIoe
446 1088 631 1150 enim,
666 1087 808 1158 quod
857 1105 922 1141 ex
967 1103 1131 1144 carne
1177 1093 1418 1161 atquein
1457 1108 1618 1149 carne
1647 1097 1817 1161 venit,

231 1195 374 1234 unus
404 1181 528 1248 ejus
554 1181 674 1244 fuit,
705 1196 809 1233 non
841 1181 1186 1238 imminutio:
1219 1196 1273 1240 et
1301 1197 1456 1241 natus
1479 1195 1684 1242 tantum
1715 1199 1818 1255 est,

231 1289 328 1325 ann
356 1272 698 1327 demutatus.
730 1271 864 1338 Quia
891 1271 1016 1328 licet
1040 1275 1092 1328 in
1118 1274 1286 1329 forma
1318 1277 1410 1330 Dei
1439 1293 1680 1344 manens,
1714 1279 1823 1334 lor-

230 1379 364 1415 mam
388 1363 538 1416 servi
568 1363 942 1430 assumpserit,
966 1363 1245 1418 intirmitas
1275 1374 1451 1422 tamen
1483 1368 1695 1423 habitus
1719 1370 1820 1422 lm-

231 1456 366 1508 innni
420 1471 533 1508 non
591 1456 881 1510 iulirmavit
925 1467 1171 1511 naturam
1223 1458 1318 1512 Dci
1365 1460 1510 1514 :scd
1564 1459 1818 1514 incolumi

229 1550 402 1615 utique
432 1557 602 1614 atque
644 1551 852 1617 integra
885 1549 1181 1604 divinitatis
1213 1553 1415 1610 virtute
1446 1556 1498 1608 in
1528 1571 1692 1611 carne
1726 1555 1822 1609 ho-

228 1641 380 1692 mittis
415 1651 592 1692 totum
626 1641 768 1709 quod
801 1652 978 1696 actum
1006 1652 1108 1711 est,
1141 1652 1166 1680 ει
1201 1644 1474 1712 protectus
1515 1647 1615 1700 fuit
1650 1646 1821 1701 homi-

1923 453 2135 524 (Matth.
2171 455 2306 526 svi).
2361 460 2486 515 Ideo
2514 461 2768 530 Thomas,
2804 477 2923 519 sum
2965 478 3186 519 carnem
3239 471 3503 532 tangeret,

1925 547 2091 602 Deum
2117 564 2180 605 se
2221 551 2456 620 tetigisse
2481 554 2770 617 credebat,
2813 555 2998 608 dicens
3029 572 3042 607 :
3075 555 3330 610 Dominus
3365 572 3532 609 meus-

1921 650 1969 692 et
1997 638 2134 694 Deus
2169 659 2309 697 meus
2349 641 2526 715 (Joan.
2556 645 2670 713 xx).
2707 645 2877 700 Unum
2908 647 3052 700 enim
3087 645 3362 702 Christum
3391 663 3509 704 om—

1923 746 2020 785 nes
2041 732 2454 801 conlitebantur,
2481 749 2547 789 ne
2565 733 2702 790 duos
2725 735 2980 790 tacerent.
2997 735 3151 792 Hunc
3169 751 3299 806 ergo
3311 738 3474 792 crede
3491 756 3505 798 ;

1923 829 1977 874 et
2000 820 2071 874 ita
2094 823 2254 877 crede
2276 822 2561 878 Dominum
2589 826 2827 879 omnium
2849 825 3033 880 Jesum
3061 827 3353 896 Christum,
3384 828 3505 882 uni-

1922 913 2165 980 genitum
2187 922 2244 969 et
2259 916 2694 986 primogenitum,
2711 919 2957 974 eumdem
2981 934 3160 974 rerum
3181 932 3502 986 creatorem,

1922 1021 2082 1074 quem
2116 1006 2392 1062 hominum
2421 1020 2863 1066 conservatorem
2887 1028 2900 1065 :
2925 1012 3174 1068 eumdem
3205 1013 3351 1082 prius
3373 1030 3504 1071 cou-

1923 1097 2154 1153 ditorem
2187 1100 2350 1156 totius
2404 1102 2622 1171 mundi,
2671 1117 2831 1171 quem
2886 1114 3072 1173 postea
3109 1104 3506 1174 redemptorem

1924 1191 2137 1260 generis
2158 1189 2398 1246 humani.
2423 1192 2525 1260 Qui
2551 1209 2670 1248 cum
2701 1193 2860 1248 Patre
2890 1203 3051 1261 atque
3079 1193 3134 1249 in
3179 1195 3338 1250 Patre
3380 1211 3506 1265 per-

1925 1297 2171 1351 manens,
2205 1284 2565 1339 Ilomoousios
2596 1285 2766 1349 Patri,
2812 1286 2962 1352 juxta
3013 1287 3353 1356 Apostolum,
3395 1287 3508 1357 for-

1925 1390 2061 1427 mam
2088 1377 2220 1429 servi
2258 1377 2540 1445 accipiens,
2569 1378 2857 1432 humiliavit
2893 1395 2947 1433 se
2987 1395 3147 1450 usque
3170 1379 3237 1434 ad
3265 1390 3507 1444 mortem,

1925 1476 2140 1519 mortem
2166 1477 2336 1521 autem
2363 1470 2529 1522 crucis
2561 1484 2579 1521 :
2601 1479 2657 1522 et
2679 1470 2830 1538 juxta
2861 1469 3164 1540 symbolum
3193 1488 3207 1524 :
3230 1470 3399 1526 Natus
3427 1482 3540 1526 est.

1923 1572 1992 1610 ex
2025 1557 2186 1610 Maria
2216 1557 2452 1626 Virgine,
2476 1560 2768 1614 cruciﬁxus
2785 1562 2886 1615 sub
2913 1562 3103 1616 Pontio
3127 1563 3322 1627 Pilato,
3349 1571 3406 1618 et
3425 1577 3514 1617 se-

1927 1650 2132 1718 pultus;
2163 1661 2217 1705 et
2259 1653 2414 1705 tertia
2455 1652 2544 1707 die
2574 1654 2904 1716 resurrexit,
2937 1654 3236 1710 secundum
3267 1655 3512 1725 Scriptu-

227 1737 322 1797 nis,
355 1749 466 1786 non
491 1733 1211 1804 defectiomajestatis.Nam
1235 1753 1357 1792 cum
1386 1738 1562 1792 editus
1587 1739 1637 1792 in
1660 1755 1822 1793 carne
1851 1751 1895 1809 Β
1927 1758 2040 1810 ras;
2071 1754 2124 1799 et
2152 1745 2201 1797 in
2230 1743 2427 1800 emtum
2461 1745 2733 1810 ascendit;
2763 1755 2817 1800 et
2839 1746 3030 1800 iterum
3061 1746 3242 1802 veniet
3265 1747 3511 1817 judicare

228 1823 455 1878 humana
496 1825 642 1878 Deus
670 1837 751 1880 est
767 1865 790 1890 ,-
815 1824 842 1862 δ
883 1827 1119 1882 nondum
1157 1841 1240 1881 est
1271 1829 1321 1882 in
1349 1844 1511 1883 carne
1543 1840 1719 1896 natus,
1754 1847 1821 1885 ne

228 1916 360 1969 Deus
387 1916 443 1969 in
480 1931 541 1971 se
566 1927 832 1980 maneret,
866 1919 958 1973 sed
992 1929 1048 1972 ut
1077 1921 1185 1973 Deo
1218 1922 1268 1974 'm
1301 1936 1358 1976 se
1382 1933 1632 1975 manente
1659 1923 1822 1975 homo

227 2010 363 2062 Deus
407 2020 580 2062 esset.
629 2009 695 2062 Et
730 2009 854 2064 ideo
892 2011 1095 2065 Martha
1142 2028 1266 2065 cum
1305 2015 1611 2066 carnalibus
1649 2014 1820 2067 oculis

228 2098 497 2152 hominem
533 2112 804 2163 cerneret,
829 2096 1156 2170 spiritalibus
1186 2113 1365 2157 tamen
1395 2103 1560 2156 Deum
1597 2105 1822 2158 cantite-

228 2190 397 2254 batur,
429 2190 657 2245 dieens:
683 2191 898 2262 Utique,
926 2192 1159 2261 Domine,
1190 2211 1281 2264 ego
1316 2195 1512 2248 credidi
1534 2195 1653 2262 quia
1683 2204 1739 2247 tu
1769 2212 1820 2250 es

230 2281 460 2335 Christus
486 2282 535 2335 F
537 2285 662 2337 ilius
691 2284 786 2339 Dei
811 2287 928 2354 vivi,
961 2289 1044 2354 qui
1072 2290 1125 2341 in
1156 2291 1401 2341 mundum
1429 2289 1608 2343 venisti
1638 2287 1817 2357 (Joan.

230 2382 316 2444 ιι).
333 2377 464 2431 Ideo
491 2379 706 2442 Petrus,
732 2380 1006 2434 revelante
1019 2381 1222 2450 Spiritu
1247 2391 1458 2446 sancto,
1479 2385 1824 2436 eumextrin-

231 2484 376 2522 secus
408 2469 590 2526 tilium
642 2472 875 2526 hominis
921 2473 1220 2542 aspiceret,
1265 2474 1361 2530 Dei
1405 2485 1582 2528 tamen
1629 2473 1822 2528 Filium

1922 1836 2073 1889 vivos
2092 1845 2145 1889 cl
2165 1847 2430 1890 mortuos.
2456 1835 2582 1890 llaec
2612 1845 2693 1889 est
2715 1837 2858 1892 enim
2887 1837 3021 1892 fides
3049 1849 3258 1903 nosua,
3287 1839 3401 1894 haec
3427 1851 3513 1894 est

1922 1928 2067 1980 salus
2098 1938 2276 1981 nostra
2309 1943 2324 1981 :
2368 1928 2534 1982 Deum
2565 1942 2630 1982 ac
2661 1928 2947 1983 Dominum
2985 1929 3166 1984 Jesum
3210 1930 3508 1995 Christum,

1921 2018 2172 2072 cmndem
2202 2027 2256 2072 et
2281 2029 2405 2073 ante
2431 2021 2612 2072 omnia
2634 2023 2880 2083 credere,
2911 2028 2965 2073 et
2991 2029 3114 2089 post
3137 2021 3338 2074 omnia.
3373 2019 3512 2085 Quo—

1923 2111 2082 2173 niam,
2118 2119 2174 2164 ut
2199 2109 2460 2179 scriptum
2487 2123 2601 2178 ρει,
2637 2121 2660 2148 ε
2687 2109 2840 2166 Jesus
2869 2109 3106 2165 Christus
3136 2111 3245 2164 heri
3267 2121 3313 2164 et
3337 2112 3508 2175 hodie,

1925 2203 2034 2270 ipie
2058 2210 2106 2256 et
2138 2202 2190 2254 in
2211 2203 2400 2256 «ecula
2419 2201 2610 2273 (Hebr.
2638 2201 2775 2272 xm).
2809 2203 2865 2256 In
2893 2203 3004 2257 heri
3030 2202 3172 2258 enim
3195 2217 3354 2257 omne
3377 2218 3511 2271 pra»

1927 2293 2144 2349 teritum
2179 2305 2387 2364 tempus
2411 2293 2668 2359 ostendit,
2701 2295 2754 2349 in
2778 2310 2886 2363 quo
2914 2304 3041 2349 ante
3069 2294 3386 2364 principium
3419 2308 3513 2347 na«

1932 2395 2017 2440 tus
2044 2401 2075 2439 a
2105 2387 2264 2440 Patre
2292 2395 2396 2440 est.
2423 2386 2480 2439 In
2509 2386 2671 2440 hodie
2698 2395 2877 2440 autem
2909 2385 3097 2440 saeculi
3135 2385 3292 2455 hujus
3317 2383 3540 2453 spatia,.

1932 2475 1983 2531 in
2013 2493 2122 2546 quo
2159 2493 2349 2533 rursus
2387 2493 2452 2533 es
2491 2477 2708 2548 Virgine
2746 2488 2903 2532 natus
2928 2487 3042 2546 est,
3071 2491 3264 2548 passus
3291 2487 3392 2542 est,
3424 2492 3515 2532 ro-

1301 2634 1557 2690 ALARDI
1596 2592 1828 2692 GAIZAEI
1870 2635 2432 2692 COMMENTARIUS.

235 2762 494 2826 tamquam
523 2754 750 2826 membra
777 2754 938 2824 ipsius
971 2771 989 2808 :
1014 2755 1542 2826 participationerero
1573 2765 1620 2808 et
1646 2772 1828 2808 secun-

235 2825 352 2873 dum
400 2825 630 2895 gratiam
672 2841 762 2894 per
803 2827 974 2892 ipsum
1015 2828 1067 2879 in
1119 2825 1341 2895 Spiritu.
1387 2825 1828 2892 Quemadmodum

235 2895 392 2963 igitur
411 2892 610 2966 Christi
631 2892 957 2959 huinanitati,
973 2892 1244 2966 propterea
1264 2898 1398 2965 quod
1420 2899 1700 2951 secundum
1721 2897 1829 2948 dis-

236 2965 555 3032 pensationis
594 2967 852 3032 copulam,
886 2965 1032 3019 verba
1063 2965 1338 3035 coniuncta
1391 2979 1484 3026 est,
1514 2969 1827 3035 unigenitum

236 3051 340 3085 esse
367 3045 418 3085 et
449 3036 552 3085 dici
597 3037 862 3104 proprium
891 3035 1126 3102 effectura
1156 3047 1226 3089 est
1253 3052 1270 3090 :
1299 3039 1368 3089 ita
1409 3037 1588 3100 Verbo,
1613 3053 1670 3089 eo
1694 3037 1831 3106 quod

237 3106 440 3156 unitum
470 3115 543 3156 est
567 3111 732 3168 carni,
756 3108 809 3158 id
826 3110 1080 3173 peculiare
1103 3109 1292 3177 factum
1313 3118 1406 3166 est.
1423 3118 1478 3160 ut
1502 3111 1631 3161 inter
1645 3109 1832 3161 multos

237 3185 421 3239 patres
460 3178 828 3244 primogenitus
857 3183 918 3231 sit
953 3189 999 3231 et
1026 3196 1093 3246 ap

240 3261 434 3313 nyunts
491 3257 680 3299 contra
727 3247 1028 3302 IIcIvidium
1060 3251 1300 3303 ostendit
1346 3250 1624 3302 Christum
1669 3249 1831 3303 etiam

239 3316 536 3368 secundum
574 3317 859 3370 humanum
909 3331 1156 3373 naturam
1191 3321 1524 3386 unigenitum
1556 3330 1610 3373 ιιι
1641 3329 1696 3373 et
1727 3323 1835 3386 pri-

243 3389 576 3462 mogenitum
608 3389 870 3462 veredici
910 3401 966 3444 ct
1013 3407 1156 3462 esse.
1190 3390 1272 3462 Ea:
1301 3393 1431 3454 hoc,
1466 3391 1639 3460 inquit
1671 3391 1836 3462 (scili-

243 3466 322 3508 t'ct
345 3457 479 3530 loco
517 3458 749 3513 Matthxi
783 3475 945 3527 supra
974 3459 1190 3530 citato),
1217 3461 1490 3515 Helvidius
1518 3457 1701 3514 nititur
1738 3480 1832 3530 up-

244 3529 461 3602 probare
505 3530 902 3602 primogenitum
947 3549 1046 3585 non
1089 3529 1235 3602 passe
1273 3533 1422 3593 dici.‘
1461 3533 1560 3585 nisi
1608 3549 1721 3584 eum
1749 3529 1838 3600 qui

245 3597 518 3674 habeat__et
565 3597 748 3674 fratres
778 3616 801 3674 :A
847 3602 975 3654 sicut
1022 3597 1310 3674 unigenitus
1366 3601 1454 3655 ille
1498 3611 1703 3674 vocatur
1745 3597 1838 3672 qui

247 3669 540 3740 parentibus
578 3671 716 3723 solus
759 3672 824 3724 sit
855 3673 1035 3738 filius;
1078 3669 1168 3724 nos
1194 3684 1363 3726 autent
1400 3675 1472 3727 ita
1514 3669 1785 3740 deﬁnimus
1819 3688 1838 3728 :

253 3739 428 3792 tinnis
483 3742 777 3807 unigenitus
826 3753 900 3794 est
947 3756 994 3795 et
1043 3744 1406 3813 primogenitus
1451 3759 1468 3796 :
1519 3739 1618 3797 non
1671 3745 1837 3798 omnis

247 3813 619 3879 primogenitus
667 3824 740 3864 est
789 3812 1102 3886 unigenitus.
1163 3812 1540 3886 l’rimogenitus
1580 3824 1683 3879 est,
1734 3831 1836 3886 non

251 3889 459 3953 tantum
484 3892 600 3950 post
625 3899 771 3950 quem
802 3893 847 3935 et
874 3885 985 3951 alii,
1011 3884 1100 3936 sed
1128 3894 1246 3937 ante
1273 3884 1423 3953 quem
1469 3886 1678 3950 nullus;
1708 3885 1838 3938 alio-

248 3950 365 4008 quin
415 3952 460 4001 si
505 3969 607 4003 non
660 3962 732 4004 est
771 3950 1168 4022 primogenitus,
1221 3950 1315 4007 nisi
1359 3956 1402 4008 is
1448 3964 1644 4008 tantum
1691 3971 1837 4022 quem

252 4031 531 4094 sequuntur
583 4023 799 4090 fratres;
856 4025 1050 4094 tamdiu
1099 4025 1448 4078 sacerdotibus
1503 4026 1838 4094 primogenita

252 4091 661 4166 non‘debentur,
695 4093 944 4161 quamdiu
969 4105 1016 4147 et
1059 4095 1152 4147 alii
1187 4113 1287 4147 non
1319 4091 1511 4162 fuerint
1548 4091 1837 4166 procreati;

252 4176 310 4211 ue
350 4160 485 4234 forte
515 4175 665 4228 partu
698 4160 871 4234 postea
913 4182 1014 4218 non
1058 4160 1632 4234 sequente,_unigeniius
1673 4169 1760 4231 sit,
1790 4176 1837 4218 et

251 4246 346 4306 non
401 4233 796 4304 primogenitus.
827 4233 898 4289 Et
943 4236 1080 4290 infra
1126 4233 1136 4287 ὲ
1195 4233 1729 4306 θειιὶᾳιιείίιιιεννοθο
1776 4237 1840 4291 de

250 4297 890 4377 Joattite,rqu'entc_onstat
928 4323 1032 4359 esse
1074 4297 1414 4377 unigenituitt,
1463 4324 1529 4359 ait
1559 4317 1605 4360 et
1647 4297 1839 4376 primo-

251 4375 680 4449 genitusfucrit?
710 4372 962 4449 Utrumne
992 4387 1039 4430 et
1065 4372 1194 4444 ipse,
1213 4377 1505 4449 secundum
1531 4372 1713 4449 legem,
1746 4394 1838 4445 pro

251 4444 561 4517 toto__eilegi
584 4447 740 4517 fuerit
784 4447 1075 4501 obnoxius?
1113 4448 1306 4517 ambigi
1347 4464 1449 4501 non
1485 4444 1663 4515 potEst.
1691 4444 1836 4502 certe

1099 3163 1335 3246 piltetur.
1371 3163 1538 3233 Porro
1563 3179 1622 3231 Ι).
1653 3179 1834 3233 Itiero-
1859 3163 1903 3224 C

1930 2756 2099 2832 ipsum
2123 2772 2231 2809 esse
2252 2756 2662 2826 primogenitum.
2697 2766 2950 2832 tamquam
2975 2753 3083 2830 ipse
3109 2761 3237 2832 esset
3257 2760 3511 2805 creatura.

1935 2826 2071 2891 Quia
2113 2843 2229 2880 vero
2253 2823 2300 2879 et
2339 2823 2708 2898 priiuogeuitus
2735 2836 2780 2880 et
2808 2823 3337 2898 unigettitus__dicitur,
3363 2837 3516 2898 oppr-

1933 2889 1998 2948 tEt
2023 2905 2291 2964 utrumque
2319 2889 2369 2949 iit
2408 2889 2532 2963 ipsd
2551 2898 2748 2950 salvere
2787 2889 2950 2963 (Vide
2987 2894 3057 2946 ibi
3091 2893 3374 2946 Comment.
3408 2889 3518 2943 Bil-

1936 2967 2056 3032 lii).
2107 2967 2517 3034 Primogenitum
2570 2967 2785 3020 dicimus
2823 2967 2992 3034 ipsum
3035 2965 3198 3034 omnis
3245 2971 3516 3034 creatur-ie,

1933 3037 2057 3107 quia
2083 3039 2195 3112 ipse
2215 3031 2442 3112 φρεσὶ
2463 3047 2508 3089 et
2531 3048 2777 3112 creatum
2801 3031 2864 3090 ea.
2897 3033 3036 3112 Deo;
3065 3033 3151 3089 sed
3177 3036 3287 3112 ipse
3309 3049 3374 3087 ea:
3393 3031 3519 3112 sub.-

1935 3103 2129 3162 staniia
2160 3107 2252 3162 Dei
2294 3107 2470 3161 Patris
2498 3109 2636 3162 solus
2663 3106 3068 3176 intemporaliter
3107 3105 3326 3172 genitus,
3351 3113 3397 3156 et
3439 3103 3522 3176 id-

1936 3179 2074 3233 circo
2101 3196 2201 3233 non
2226 3179 2316 3232 abs
2355 3195 2410 3232 re
2438 3179 2744 3249 unigenitus.
2775 3177 3175 3254 Primogenitus,
3208 3187 3377 3254 etnon
3409 3175 3519 3254 pri-

1939 3260 2225 3304 mocreatus
2249 3265 2266 3302 :
2293 3266 2413 3302 nam
2439 3243 2675 3302 creatura
2699 3265 2799 3301 non
2827 3257 2896 3301 es!
2919 3243 2983 3300 ei:
3008 3245 3293 3298 substantia
3325 3243 3523 3310 Patris,

1938 3321 2029 3375 sed
2057 3325 2310 3375 voluntate
2338 3324 2449 3392 ejus
2471 3336 2532 3392 ea;
2559 3318 2722 3372 nihilo
2744 3318 2826 3392 ad
2855 3333 2960 3392 esse
2985 3316 3229 3392 deducta.
3259 3315 3524 3392 l’rimogea

1940 3393 2078 3445 nitus
2110 3402 2277 3446 autent
2305 3386 2560 3444 in'nmltis
2605 3390 2868 3458 fratribus.
2896 3386 3032 3440 Nam
3074 3399 3119 3440 et
3142 3387 3442 3458 unigenitus
3463 3402 3524 3439 ea

1938 3471 2099 3517 matre
2124 3464 2312 3516 existit.
2335 3457 2673 3528 Posteaquam
2694 3459 3014 3537 partieipavit
3029 3459 3174 3537 carni
3189 3457 3522 3537 etsanguini,

1937 3533 2068 3586 sicut
2102 3545 2148 3586 et
2195 3550 2310 3594 nos,
2352 3541 2400 3585 et
2437 3533 2585 3585 homo
2623 3530 2790 3600 factus
2834 3538 2930 3592 est,
2977 3530 3099 3598 facti
3145 3545 3327 3600 sumus
3370 3530 3525 3581 etiam

1939 3612 1984 3674 et
2029 3621 2119 3658 nos
2161 3620 2250 3673 per
2300 3603 2580 3674 ipsum
2623 3598 2756 3674 ’Dei_,
2789 3601 3020 3674 adoptati
3065 3614 3158 3674 per
3189 3598 3523 3674 baptismum.

1941 3672 2062 3741 Ipse
2103 3667 2219 3727 vero
2264 3667 2448 3726 ruitura
2485 3667 2666 3726 Filius
2717 3671 2841 3732 Dii,
2874 3667 3333 3741 primogenitus‘in
3380 3667 3527 3741 nobis

1938 3739 2244 3814 adoptione,
2289 3752 2335 3814 et
2373 3747 2539 3812 gratia
2577 3743 2701 3810 ﬁliis
2737 3743 2838 3814 lircig
2861 3740 3040 3814 factis,
3073 3749 3120 3790 et
3152 3739 3394 3814 fratribus
3419 3740 3527 3806 ejus

1938 3809 2265 3867 existentibus
2293 3809 2460 3883 facias
2491 3809 2587 3883 est,
2608 3825 2712 3866 etc.
2741 3812 2876 3883 Vide
2904 3809 3524 3883 IsidorumPelusiotam

1939 3886 2096 3951 epist.
2129 3885 2224 3938 lib.
2267 3878 2322 3936 Iit
2353 3881 2625 3950 epist.3l,
2659 3892 2712 3935 et
2738 3881 3106 3950 Ilispalensem
3140 3879 3236 3951 ΙιΙιΞ
3270 3879 3338 3933 de
3369 3878 3527 3951 Ditte-

1940 3949 2128 4008 rentiis
2149 3970 2202 4022 (ι.
2235 3951 2290 4015 5,
2315 3949 2544 4018 denique
2565 3953 2622 4008 S.
2655 3949 2918 4006 Thomam
2950 3967 3002 4022 ιιι
3027 3967 3106 4022 p.,
3134 3967 3189 4020 (ι.
3211 3949 3308 4022 28_,
3331 3960 3434 4022 art.
3469 3950 3523 4022 5.

2013 4032 2038 4060 α
2081 4018 2190 4078 Leo
2220 4023 2458 4091 pontifex
2493 4038 2743 4077 sermone
2783 4025 2840 4078 il
2869 4024 2934 4076 de
2965 4018 3223 4075 I’a'ssione
3273 4020 3522 4076 Domini.

1945 4093 2080 4156 "ac,
2115 4095 2306 4160 inquit,
2349 4093 2472 4162 fidei
2497 4095 2698 4162 regula,
2729 4110 2882 4161 quam
2921 4096 2975 4147 in
2999 4096 3111 4165 ipso
3147 4091 3523 4165 exordiosgmo

1940 4165 2038 4222 boli
2061 4184 2148 4233 per
2165 4167 2515 4218 auctoritatem
2540 4167 2843 4234 Apostolica:
2862 4163 3196 4219 institutionis
3217 4163 3532 4234 accepimus,

1941 4231 2219 4291 Dominum
2249 4248 2480 4291 nostrum
2507 4231 2684 4290 Jcsum
2715 4234 2990 4298 Christum,
3027 4251 3174 4302 quem
3207 4231 3403 4286 Filium
3433 4233 3531 4285 Dti

1943 4306 2119 4362 Patris
2145 4307 2507 4375 omnipotentis
2535 4307 2740 4359 unicum
2770 4307 2988 4375 dicimus
3011 4322 3030 4362 :
3060 4303 3532 4375 Eumdemquoque

1940 4379 2002 4453 de
2024 4373 2437 4453 Spiritu_sancto
2473 4389 2652 4429 natum
2680 4392 2741 4430 ea:
2770 4374 3166 4453 Mariaeirgine
3197 4373 3525 4453 conﬁtemur.

1941 4447 2160 4502 Nec'ab
2203 4448 2432 4517 ejusdem
2483 4453 2748 4515 majestate
2793 4447 3302 4517 discedimuspcum
3353 4447 3532 4517 ipsum

249 4515 309 4564 de
341 4514 622 4599 Sale-atare
651 4515 924 4597 Scriptura
967 4524 1039 4570 sic
1076 4513 1347 4599 loquitur‘:
1375 4513 1505 4599 συξη
1545 4519 1730 4599 expleti
1757 4535 1835 4599 es-
1864 4539 1916 4599 Β
1941 4513 2265 4599 cruciﬁ‘aum,
2291 4528 2336 4571 et
2367 4513 2722 4599 mortuumket
2743 4517 2826 4569 die
2854 4517 3007 4599 tertia
3029 4513 3526 4599 erediiiiussuscit‘a-l

248 4594 354 4636 sent
403 4587 517 4638 dies
549 4588 877 4659 purgationis
909 4604 1103 4647 eorum.
1126 4589 1406 4659 secundum
1447 4587 1834 4659 legenéMoysi,

249 4661 508 4709 duxerunt
531 4673 646 4709 eum
675 4658 726 4708 in
750 4656 1080 4710 Hierusalem
1103 4668 1158 4712 ut
1186 4658 1429 4723 offerrent
1452 4656 1568 4713 eum
1589 4656 1836 4724 Domino,

250 4737 372 4775 sicut
403 4728 661 4799 scriptum
687 4738 759 4779 est
787 4730 838 4782 in
869 4729 979 4799 lege
1006 4728 1213 4785 Domini
1229 4730 1395 4794 :Quia
1425 4745 1573 4783 omne
1599 4730 1841 4782 masculi-

250 4812 363 4845 num
385 4797 698 4863 adaperiens
718 4797 936 4860 vulvam,
953 4811 1180 4853 sanctum
1203 4801 1422 4854 Domino
1446 4801 1725 4860 t'oeabitur.
1741 4811 1839 4854 etc.

250 4864 399 4940 (Luc.
433 4883 516 4929 ll).
552 4871 613 4920 Si
643 4869 750 4921 lucc
771 4868 855 4923 lea;
881 4879 1076 4923 tantum
1104 4874 1171 4922 ad
1203 4872 1562 4940 primogenitos
1595 4871 1842 4938 pertinet:

249 4938 647 5013 priumgenitum
673 4951 844 4992 autem
879 4952 1140 5013 sequentes
1167 4938 1385 5013 faciunt,
1413 4958 1512 5013 non
1543 4942 1711 4994 debuit
1735 4942 1844 5013 lege

251 5010 579 5080 primogeniti
617 5014 797 5074 teneri,
829 5012 914 5078 qui
957 5013 1020 5064 de
1058 5011 1376 5080 sequentibus
1404 5012 1691 5078 ignorabat.
1735 5010 1840 5065 seu

248 5079 366 5138 quia
409 5091 612 5132 tenetur
649 5081 760 5149 lege
797 5083 1113 5152 primogeniti
1142 5084 1294 5135 etiam
1334 5083 1419 5135 ille
1465 5099 1612 5151 quem
1655 5086 1839 5151 fratres

251 5162 346 5223 non
394 5159 708 5223 sequuntur,
739 5151 1026 5223 colligitur
1075 5169 1190 5206 eum
1236 5154 1626 5223 primogenitum
1668 5153 1840 5206 vocari

247 5218 333 5280 qui
363 5218 570 5270 vulcani
599 5222 824 5285 aperiat,
853 5218 907 5275 et
924 5234 1040 5276 ante
1075 5218 1243 5292 quem
1269 5218 1441 5276 nullus
1470 5225 1565 5288 sit;
1593 5240 1693 5276 non
1725 5239 1842 5277 eum

249 5303 394 5352 quem
421 5294 587 5360 frater
617 5303 730 5361 post
751 5293 952 5360 genitus
973 5297 1324 5363 subsequatur.
1343 5294 1465 5348 Illuc
1495 5296 1555 5349 D.
1586 5295 1844 5364 Hierony-

251 5373 389 5424 mus,
422 5371 478 5413 et
505 5378 630 5430 qua:
659 5377 958 5426 sequuntur
991 5367 1042 5417 in
1074 5367 1318 5418 eamdem
1361 5365 1707 5420 sententiam.
1739 5367 1840 5418 Ac-

248 5431 391 5485 cedit
419 5442 476 5486 et
510 5434 901 5497 Darnascenus,
927 5450 1019 5502 qun
1051 5435 1144 5490 lib.
1179 5452 1228 5489 tv
1259 5436 1326 5491 de
1357 5435 1485 5490 Fide
1513 5436 1835 5499 orthodoxa,

247 5515 366 5568 cap.
399 5505 432 5557 8
464 5507 534 5576 ita
579 5506 771 5558 Scribit
798 5520 811 5556 :
847 5502 1224 5575 I’riutogenitus
1254 5515 1327 5560 est
1356 5507 1442 5574 qui
1471 5508 1663 5576 primus
1695 5509 1837 5576 geni-

247 5579 326 5623 tus
348 5585 447 5648 est,
475 5575 582 5627 sive
610 5577 934 5648 unigenitus,
966 5577 1065 5629 sive
1092 5586 1209 5630 ante
1230 5578 1358 5629 alios
1390 5575 1592 5644 fratres.
1627 5575 1712 5632 Si
1743 5578 1840 5648 igi-

249 5650 328 5689 tur
348 5644 605 5698 diceretur
635 5643 686 5696 F
691 5643 812 5718 ilius
844 5644 936 5698 Dei
967 5648 1356 5718 primogenitae,
1382 5643 1428 5700 et
1451 5664 1548 5700 non
1575 5650 1730 5700 etiam
1762 5643 1840 5701 di-

247 5723 444 5768 teretur
499 5717 821 5788 unigenitus,
874 5717 1148 5787 suspicari
1175 5734 1434 5788 possemus
1487 5730 1840 5773 creaturarum

1941 4584 2290 4641 tunamenia
2319 4589 2454 4641 enim
2477 4603 2591 4654 qua:
2617 4585 2712 4640 Dei
2733 4599 2850 4640 sunt
2879 4597 2926 4640 et
2953 4601 3068 4650 qua:
3103 4584 3347 4640 hominis.
3371 4585 3529 4636 simu!

1941 4668 1988 4712 et
2027 4659 2319 4712 humanitas
2344 4671 2392 4713 et
2433 4658 2600 4710 deitas
2637 4675 2692 4712 ea
2707 4656 2848 4728 plent
2876 4673 2894 4710 :
2923 4667 2976 4710 ut
3025 4657 3151 4728 dum
3177 4654 3408 4728 possibili
3434 4655 3525 4728 int-

1944 4729 2202 4803 passibilis
2229 4730 2388 4803 inest;
2418 4745 2507 4780 nec
2549 4723 2716 4782 virtus
2750 4728 3044 4803 inﬁrmitate
3071 4723 3243 4803 affici1
3265 4739 3356 4803 nec
3385 4723 3532 4803 inﬁr-

1944 4791 2098 4853 initas
2127 4803 2281 4868 possit
2325 4791 2900 4868 virtuteisuperariCEt
2935 4791 3184 4850 sermone
3213 4797 3246 4850 8
3280 4795 3348 4868 de
3383 4791 3532 4868 Nati-

1945 4864 2150 4926 vitatc':
2195 4870 2329 4924 Deus
2362 4869 2458 4922 Dei
2508 4867 2556 4920 F
2561 4864 2712 4935 ilius,
2756 4868 2819 4922 de
2854 4868 3161 4935 sempiterno
3205 4874 3252 4918 et
3302 4864 3535 4935 ingenito

1947 4939 2104 4994 Patre.
2127 4943 2434 5010 unigenitus,
2464 4933 2803 5008 sempiternus
2826 4933 3038 5010 manens
3063 4938 3117 5010 in
3133 4935 3310 5010 forma
3336 4933 3460 5010 Dei,
3485 4949 3532 5010 et

1949 5005 2424 5085 inconnnuti:bi_l_iter
2451 5005 2606 5072 atque
2634 5007 3034 5085 intemporaliter
3056 5008 3366 5085 habens-non
3389 5005 3534 5057 aliud

1950 5098 2058 5137 esse
2093 5099 2244 5151 quant
2294 5081 2468 5144 Pater,
2505 5085 2724 5148 formam
2761 5076 2890 5134 servi
2929 5078 3037 5132 sine
3093 5091 3201 5151 sum
3231 5076 3534 5151 detrimento

1949 5147 2234 5224 majestatis
2261 5152 2481 5224 accepit,
2507 5147 2644 5224 ut__in
2669 5168 2768 5224 sua
2808 5167 2899 5224 nos
2939 5147 3254 5224 proueheret,
3283 5163 3385 5224 non
3421 5147 3535 5214 ipse

1947 5223 2002 5276 in
2027 5218 2214 5276 'noslra
2255 5222 2512 5289 deﬁceret.
2559 5219 2707 5275 Unde
2736 5222 2938 5291 utrique
2967 5229 3166 5291 natura;
3193 5218 3244 5269 in
3288 5218 3398 5269 suis
3423 5233 3536 5287 pro-

1949 5293 2247 5363 prietatibus
2273 5293 2610 5358 permanenti,
2642 5301 2783 5363 tanta
2806 5289 2878 5344 est
2906 5290 3119 5363 unitatis
3141 5289 3275 5358 facta
3291 5301 3534 5363 commu-

1951 5357 2056 5429 nio,
2091 5374 2141 5417 ut
2167 5357 2418 5431 quidquid
2444 5364 2512 5416 ibi
2541 5373 2613 5416 est
2641 5362 2734 5416 Dei
2767 5379 2868 5415 non
2899 5363 2964 5414 sit
2991 5359 3054 5412 ab
3092 5357 3413 5431 humanitate
3430 5358 3536 5409 dis.

1940 5427 2204 5505 junctuni,
2235 5427 2486 5534 quidquid
2500 5436 2682 5488 'autem
2712 5445 2784 5487 est
2816 5432 3035 5486 hominis
3061 5446 3163 5483 non
3193 5431 3309 5482 sita
3345 5427 3536 5482 deitate

1949 5508 2162 5534 .t:...’......
2192 5504 2242 5534 Il
2271 5505 2350 5534 ιιι.
2374 5505 2601 5534 ...ηηιιηω
2628 5519 2755 5534 ’Δοηι
2809 5503 2830 5534 ι
2867 5512 2911 5534 ιο
2947 5503 2980 5534 ο
3011 5500 3074 5534 Α.
3103 5499 3294 5534 Nnum’t
3325 5500 3342 5534 \

1946 5499 2164 5578 divisum
2191 5499 2350 5578 (Vide
2371 5499 2602 5578 eumdem
2624 5519 2777 5578 serm.
2809 5503 2834 5556 1
2865 5512 2911 5556 et
2947 5503 2982 5555 2
3010 5500 3074 5554 de
3098 5499 3363 5569 Nativit.).

2019 5575 2045 5614 δ
2074 5577 2132 5633 Id
2164 5569 2267 5643 est,
2300 5591 2406 5630 non
2453 5575 2525 5630 ita
2560 5583 2648 5630 est
2672 5577 2726 5628 in
2753 5588 2916 5629 carne
2957 5581 3138 5640 natus,
3173 5581 3231 5626 ut
3260 5585 3364 5626 non
3393 5569 3536 5624 Deus

1951 5650 1998 5702 in
2029 5663 2086 5700 se
2120 5655 2382 5700 tuaneret.

2026 5729 2044 5756 ε
2082 5717 2206 5774 Ilaec
2237 5717 2500 5774 sententia
2544 5715 2792 5782 superius
2843 5714 3008 5772 citata
3043 5721 3098 5770 et
3127 5713 3390 5786 eXplicata
3428 5720 3532 5764 est.
