4016 6192
494 263 605 324 155

1838 271 1954 329 ,1οΛ
1963 273 2117 330 NNIS
2152 272 2467 332 εΑεδιΑΝι

3692 276 3795 335 181

494 384 751 440 surrexit.
782 384 839 440 lu
886 401 954 441 co
1002 404 1131 442 vero
1164 388 1307 455 quod
1354 387 1470 456 ipse
1517 387 1572 442 in
1620 388 1815 441 sucula
1867 391 2085 454 dicitur,
2121 396 2158 448 Α
2194 393 2576 459 prophetarum
2616 396 2776 461 alque
2799 397 3111 445 sanctorum
3150 387 3407 445 divinitas
3434 389 3627 446 venit:
3657 408 3787 461 ergo

496 486 521 513 ⁸
553 476 732 534 omnis
771 478 966 535 futura:
1011 481 1329 535 aeternitatis
1378 481 1714 536 immensitas
1744 481 2078 551 designatur.

1096 590 1326 649 CAPUT
1364 591 1482 649 XX.

494 681 663 736 Docet
691 698 756 737 ea:
780 682 931 754 dictis
959 700 1060 737 non
1088 684 1215 754 efﬁci
1240 694 1297 737 ut
1327 685 1464 740 Deus
1483 686 1721 740 mortalis
1760 684 1843 739 vel
1865 702 2080 740 corneus

559 764 680 806 ante
705 752 900 825 saecula
941 752 1373 825 fuisse'vdicatur,
1409 758 1503 810 etsi
1546 756 1685 810 idem
1730 758 1799 811 sit
1844 756 2082 812 Christus

561 825 649 893 qui
667 823 732 876 ab
753 823 949 879 teterno
972 824 1112 880 Deus
1141 836 1188 879 et
1207 828 1261 879 in
1283 836 1509 898 tempore
1528 827 1681 883 homo
1705 828 1881 898 [actus
1909 838 2004 882 est.

556 934 664 991 Sed
704 934 842 991 dicis
869 936 1094 991 forsitan
1129 954 1144 991 :
1175 936 1232 994 Si
1259 938 1512 994 eumdem
1548 939 1602 993 in
1637 939 1745 994 fine
1775 949 2077 1007 temporum

487 1037 670 1082 natum
691 1026 868 1082 dicant
900 1043 967 1083 ex
999 1027 1253 1099 Virgine,
1284 1029 1530 1098 quiante
1560 1030 1741 1085 omnia
1772 1041 1929 1084 natus
1958 1030 2077 1084 fue-

484 1119 556 1185 rit
573 1132 636 1172 ex
662 1118 770 1174 Deo
793 1118 975 1186 Patre,
997 1135 1255 1175 cat-neum
1281 1136 1368 1177 me
1387 1123 1548 1175 etiam
1569 1133 1696 1177 ante
1717 1120 1902 1175 mundi
1925 1121 2076 1175 initia

486 1208 656 1263 Deum
695 1209 879 1265 dicere
914 1228 926 1263 :
976 1213 1063 1280 qui
1097 1212 1271 1280 ipsum
1318 1212 1495 1268 dicam
1539 1224 1729 1283 postea
1778 1213 2074 1278 hominem,

482 1316 641 1369 quem
669 1317 887 1372 semper
914 1304 1079 1358 Deum
1116 1321 1130 1357 :
1160 1319 1223 1360 ac
1249 1320 1349 1375 per
1377 1304 1478 1360 hoc
1501 1306 1775 1361 hominem
1805 1306 1956 1361 illum
1983 1309 2075 1375 qui

484 1402 640 1447 natus
668 1392 769 1458 sit,
818 1408 1004 1463 posrea
1049 1409 1263 1465 semper
1290 1397 1475 1451 fuisse.
1527 1398 1662 1452 Nolo
1694 1406 1748 1451 te
1779 1398 1879 1453 hac
1925 1398 2078 1468 igno-

482 1483 674 1538 ramice
702 1485 947 1539 caecitate
992 1495 1158 1555 atque
1190 1487 1290 1541 hac
1314 1500 1558 1542 errorum
1592 1496 1750 1543 nocte
1789 1487 2071 1556 confundi,

476 1580 539 1628 ‘nt
574 1585 730 1645 putes
750 1592 837 1632 me
865 1576 893 1615 ι’
927 1578 1200 1632 lmminem
1229 1580 1318 1647 qui
1342 1594 1410 1633 ex
1435 1579 1600 1634 Maria
1631 1588 1790 1634 natus
1819 1589 1924 1645 est,
1948 1590 2074 1635 ante

478 1664 702 1721 exordia
726 1683 913 1723 rerum
938 1683 1203 1734 asserere,
1232 1680 1286 1725 et
1313 1670 1483 1726 Deum
1511 1671 1673 1726 etiam
1712 1682 1840 1727 ante
1870 1672 2075 1743 princi-

478 1761 566 1827 pia
610 1762 795 1816 mundi
848 1777 1062 1832 seraper
1090 1778 1410 1833 corporeum
1457 1765 1777 1834 praedicare.
1818 1764 1936 1820 Non
1969 1764 2065 1833 ita,
2103 1764 2149 1823 B

474 1852 717 1921 inquam,
748 1868 853 1908 non
903 1854 974 1909 ita
1021 1854 1173 1922 dico,
1214 1856 1357 1925 quod
1405 1857 1715 1925 priusquam
1756 1867 2070 1914 nasceretur

476 1942 662 2008 homo,
685 1942 739 1997 in
763 1944 874 1999 Deo
900 1944 1081 2015 fuerit,
1107 1946 1200 2001 sed
1220 1948 1359 2017 quod
1383 1956 1567 2017 postea
1594 1949 1645 2003 in
1670 1950 1889 2006 homine
1910 1959 2071 2006 natus

392 2060 401 2069 -
477 2035 619 2088 Dens
647 2035 737 2089 sit.
775 2034 893 2089 Non
922 2037 1067 2091 enim
1095 2051 1223 2091 caro
1254 2038 1342 2091 illa
1375 2054 1493 2108 qua:
1533 2054 1600 2093 ex
1638 2054 1804 2094 carne
1835 2038 2069 2111 Virginis

474 2136 599 2179 nata
625 2133 729 2191 est,
761 2140 975 2195 semper
1002 2125 1121 2191 fuit,
1151 2129 1245 2182 sed
1279 2129 1439 2191 Deus,
1471 2128 1564 2199 qui
1604 2144 1818 2201 semper
1848 2131 1969 2195 luit,
1998 2147 2066 2186 ex

472 2231 636 2271 carne
669 2216 898 2285 Virginis
947 2218 1001 2271 in
1045 2233 1212 2274 carne
1260 2219 1492 2275 hominis
1538 2221 1781 2277 advenit.
1832 2221 2064 2279 Verbum

472 2312 615 2363 enim
647 2326 773 2364 caro
794 2310 1016 2376 factum,
1043 2321 1065 2350 ο
1084 2327 1195 2365 non
1226 2327 1444 2366 carnem
1472 2329 1661 2369 secum
1685 2315 1946 2379 exhibuit,
1971 2316 2066 2370 sed

471 2401 624 2455 carni
665 2415 726 2455 se
763 2399 997 2456 hominis
1048 2402 1364 2472 dignatione
1407 2403 1706 2459 divinitatis
1738 2404 1927 2461 univit.
1974 2406 2066 2462 Dic

472 2491 618 2544 enim
649 2491 783 2545 mihi
810 2492 1029 2561 quando
1056 2494 1140 2547 vel
1178 2493 1268 2548 ubi
1306 2493 1539 2548 Verbum
1575 2509 1704 2550 caro
1733 2495 1932 2551 facttnn
1959 2508 2064 2564 est,

471 2593 563 2638 aut
578 2584 666 2638 ubi
685 2584 979 2639 cxinanivit
998 2586 1346 2655 semetipsum
1374 2586 1597 2641 formam
1615 2589 1756 2641 servi
1772 2589 2060 2659 accipiens,

471 2685 568 2731 aut
592 2675 682 2731 ubi
729 2691 935 2747 egenus
963 2676 1135 2732 factus
1167 2687 1269 2743 est,
1300 2694 1422 2733 cum
1452 2680 1814 2736 esset'dives?
1859 2682 1960 2736 nisi
2009 2682 2061 2736 in

471 2769 571 2824 illo
607 2783 765 2824 sacro
796 2770 1033 2840 Virginis
1060 2779 1239 2836 utero,
1272 2772 1384 2838 ubi,
1414 2771 1542 2827 dum
1565 2774 1896 2841 incernatur,
1932 2776 2066 2831 Ver-

471 2863 596 2917 bum
630 2863 721 2918 Dei
768 2877 898 2917 caro
938 2862 1136 2917 dicitur
1169 2862 1405 2929 factum;
1435 2864 1563 2918 dum
1603 2865 1804 2933 editur,
1835 2867 2063 2923 formam

470 2956 611 3009 servi
643 2954 695 3009 in
739 2955 968 3011 veritate
998 2956 1275 3025 suscepit;
1306 2955 1433 3010 dum
1473 2957 1712 3011 humana
1750 2958 2063 3013 conditione

468 3046 709 3116 patibulo
754 3045 1010 3116 al‘ligitur,
1065 3046 1124 3101 llt
1171 3062 1407 3117 egenus,
1448 3056 1502 3101 et
1557 3062 1763 3118 pauper
1818 3049 2062 3106 redditur

470 3136 722 3205 passione
750 3138 988 3202 carnali,
1017 3152 1137 3191 cum
1168 3147 1314 3192 esset
1355 3138 1640 3207 majestate
1667 3141 1845 3196 divina
1874 3142 2060 3197 dives?
2089 3134 2135 3194 C

467 3228 746 3301 Alioquin,
773 3230 841 3299 si,
860 3240 917 3285 ut
943 3231 1058 3302 ipse
1083 3235 1183 3300 ais,
1206 3243 1330 3303 pest
1352 3232 1466 3289 haec
1493 3235 1544 3288 in
1572 3249 1719 3303 eum,
1746 3246 1804 3289 ut
1825 3237 1878 3290 in
1906 3252 2065 3292 unum

2185 491 2241 535 et
2269 482 2322 534 in
2365 481 2473 535 illis
2500 480 2556 536 in
2583 478 2781 550 quibus
2825 479 3072 536 habitare
3101 480 3360 550 dignatus
3404 488 3509 545 est,
3543 479 3785 536 Verbum

2183 590 2313 627 caro
2361 573 2563 628 factum
2592 580 2681 628 est
2710 589 2723 625 :
2757 586 2889 641 ergo
2929 586 3029 641 per
3073 586 3514 641 unumquemque
3561 572 3784 627 illorum

2184 665 2478 720 exinanivit
2504 664 2879 734 semetipsum,
2922 664 3154 719 formam
3181 665 3335 720 servi
3360 664 3659 732 accipiens.
3703 668 3784 720 Ac

2185 773 2281 825 per
2326 756 2426 811 hoc
2457 756 2593 811 nihil
2626 770 2823 811 novum
2854 771 2951 811 nec
2985 757 3316 826 praecipuum
3358 757 3411 810 in
3441 755 3661 811 Cbrisuo
3702 757 3782 811 fa-

2182 861 2325 901 ctum
2355 857 2474 912 est;
2507 846 2637 901 nihil
2684 845 2990 918 singulare,
3024 846 3155 901 nihil
3186 847 3433 903 mirabile
3464 862 3563 904 nec
3589 863 3785 904 conce-

2182 941 2296 1009 ptio
2324 939 2492 1009 ipsius
2518 938 2723 1009 habuit,
2758 954 2859 996 nec
2884 939 3135 993 nativitas
3152 981 3167 1008 ,
3196 954 3297 994 nec
3322 946 3493 995 mers.

2768 1072 2996 1129 CAPUT
3032 1072 3177 1128 XXI.

2179 1162 2441 1218 Christum
2486 1165 2550 1218 ab
2593 1174 2783 1219 teterno
2823 1165 3003 1233 fuisse,
3049 1165 3338 1218 divinarum
3382 1164 3778 1233 Scripturarnnt

2728 1238 2888 1290 tradit
2929 1235 3234 1291 auctoritas.

2251 1348 2317 1403 Et
2340 1357 2545 1414 tamen,
2577 1357 2635 1403 ut
2659 1347 2726 1403 ad
2758 1348 3043 1418 superiora
3067 1348 3380 1415 redeamus,
3406 1362 3527 1404 cum
3558 1349 3675 1405 inec
3703 1351 3776 1406 ita

2176 1439 2287 1495 sint
2313 1441 2518 1509 omnia,
2547 1441 2690 1495 sicut
2719 1439 2956 1495 diximus
2983 1456 2999 1494 :
3028 1439 3307 1510 quomodo
3334 1439 3496 1496 Jesns
3524 1439 3777 1498 Christus

2175 1533 2369 1603 (quem
2398 1540 2453 1587 tu
2478 1533 2751 1587 hominem
2782 1532 3157 1587 tantummodo
3185 1547 3310 1588 esse
3351 1533 3576 1599 asseris,
3609 1537 3774 1590 etiam

2172 1636 2463 1697 antequam
2493 1641 2562 1683 ex
2603 1624 2827 1695 Virgine
2866 1623 3221 1696 nasceretur)
3252 1640 3472 1696 semper
3495 1624 3663 1682 fuisse
3696 1626 3775 1681 le-

2174 1720 2318 1789 gitur
2339 1729 2395 1774 et
2419 1735 2450 1773 a
2476 1717 2760 1790 pr0phetis
2788 1727 2957 1789 atque
2983 1718 3245 1787 apostolis
3284 1716 3431 1774 Deus
3458 1719 3619 1774 etiam
3644 1730 3774 1776 ante

2174 1810 2375 1865 saecula
2412 1808 2780 1879 praedicatur?
2825 1808 3042 1864 dicente
3088 1807 3291 1875 Paulo,
3335 1824 3467 1864 unus
3513 1806 3772 1863 Dominus

2169 1901 2343 1971 Iesus,
2386 1916 2479 1973 per
2514 1917 2662 1971 quem
2701 1901 2874 1955 omnia
2910 1899 2955 1973 (Ι
2978 1899 3098 1955 Cor.
3149 1900 3301 1971 vm').
3353 1900 3461 1956 Sed
3504 1910 3560 1956 et
3590 1900 3766 1955 alibi:

2173 1995 2431 2061 Quoniam
2452 1994 2507 2049 in
2539 1992 2763 2059 Christo,
2793 1993 2989 2063 inquit,
3023 2002 3194 2048 creata
3214 2002 3332 2047 sunt
3355 1993 3526 2047 omnia
3553 1993 3604 2047 in
3631 1992 3771 2047 ctelis

2172 2098 2218 2141 et
2247 2090 2301 2142 in
2337 2096 2505 2157 terra,
2535 2086 2759 2139 uisibilia
2797 2095 2845 2140 et
2869 2084 3147 2139 invisibilia
3174 2084 3408 2158 (Coloss.
3435 2085 3509 2154 ι).
3538 2084 3772 2156 Symbo-

2171 2180 2283 2234 lum
2315 2193 2529 2249 quoque
2556 2186 2612 2233 et
2641 2177 2876 2232 humana
2905 2178 3113 2248 pariter
3139 2185 3195 2233 et
3230 2176 3409 2231 divina
3445 2177 3773 2232 auctoritate

2168 2284 2479 2327 contextum
2514 2289 2525 2325 :
2566 2270 2762 2339 Credo,
2807 2271 3014 2341 inquit,
3052 2272 3107 2324 in
3139 2270 3301 2325 Deum
3350 2268 3591 2336 Patrem,
3619 2280 3667 2323 et
3714 2272 3771 2324 in

2170 2363 2334 2418 Deum
2355 2363 2525 2435 [Lips.
2552 2364 2604 2418 in
2624 2378 2793 2433 marg.
2825 2359 3128 2432 Dominum]
3158 2363 3337 2416 Iesum
3366 2360 3649 2428 Christum,
3677 2360 3773 2416 Fi-

2168 2456 2295 2507 lium
2314 2456 2425 2527 ejus
2452 2454 2793 2524 unigenitum,
2822 2461 2868 2505 et
2888 2453 3283 2524 primogenitum
3314 2453 3468 2506 totius
3496 2465 3767 2507 creaturae.

2171 2545 2236 2600 Et
2272 2552 2393 2615 post
2432 2544 2535 2599 alia
2582 2563 2596 2599 :
2643 2544 2811 2599 Deum
2840 2560 3013 2598 verum
3043 2559 3107 2599 ea:
3137 2543 3248 2598 Deo
3289 2560 3405 2598 vero
3453 2559 3473 2599 :
3503 2562 3593 2615 per
3620 2558 3775 2615 quem

2168 2648 2214 2694 et
2245 2636 2270 2675 ἀ
2299 2622 2490 2694 stecula
2511 2640 2871 2711 compaginata
2885 2648 3027 2708 sunt,
3057 2648 3105 2693 et
3123 2641 3297 2693 omnia
3322 2639 3479 2708 facta.
3507 2638 3574 2693 Et
3596 2639 3726 2693 item
3751 2658 3767 2693 :

2170 2731 2270 2795 Qui
2300 2740 2510 2802 propter
2541 2746 2632 2784 nos
2673 2731 2841 2796 venit,
2877 2740 2924 2785 et
2953 2742 3102 2785 natus
3131 2740 3205 2785 est
3233 2746 3299 2785 ea:
3331 2728 3504 2784 Maria
3533 2733 3768 2802 virgine,

2166 2842 2212 2877 et
2245 2824 2548 2893 cruciﬁxus,
2583 2834 2629 2877 et
2653 2826 2905 2894 sepultus.

2724 2956 2952 3015 CAPUT
2992 2959 3159 3015 XXII.

2171 3048 2477 3122 Conjunctio
2506 3048 2833 3122 hypostatica
2861 3052 2985 3120 facit
3026 3060 3169 3122 utea
3199 3066 3312 3120 quia
3353 3052 3528 3106 carnis
3552 3061 3671 3106 sunt
3711 3054 3769 3105 in

2607 3120 2831 3188 Christo,
2866 3122 2973 3175 Deo
3011 3120 3327 3175 tribuantur.

2245 3220 2528 3305 Quomodo
2554 3250 2682 3307 ergo
2704 3250 2827 3291 cum
2851 3236 2965 3306 ipsa
3001 3245 3025 3273 ε
3053 3235 3401 3292 confessione
3429 3245 3612 3290 nostra
3637 3245 3768 3292 ante

1538 3353 1574 3404 A
1587 3350 1798 3405 LARDI
1837 3351 2069 3409 GAZ/El
2106 3351 2681 3411 COMMENTARIUS.

544 3450 570 3478 ⁸
611 3438 714 3497 Alii
757 3440 973 3497 codices
1007 3459 1019 3494 ε
1069 3441 1249 3496 Omnis
1280 3442 1457 3511 futura
1486 3444 1744 3497 a’ternitas
1773 3455 1819 3498 et
1853 3446 2069 3499 immen-

471 3513 600 3584 sitas
624 3512 947 3584 designatur.

496 3640 505 3651 ,
544 3580 571 3620 δ
614 3580 915 3647 Hominem,
960 3597 1155 3653 nempe
1198 3590 1255 3637 ut
1294 3583 1592 3649 hominem,
1642 3584 1725 3639 vel
1766 3585 2063 3641 secundum

471 3652 763 3709 humanam
795 3664 1065 3711 naturam.
1094 3652 1350 3724 Alioquin
1392 3654 1709 3724 simpliciter
1738 3668 1792 3711 et
1819 3658 2066 3714 absolute

470 3740 598 3780 vera
627 3736 714 3781 est
731 3727 845 3781 haec
868 3726 1191 3796 propositio,
1222 3726 1595 3781 demonstrato
1622 3727 1874 3784 Christo:
1904 3734 2065 3784 homo

470 3799 575 3851 iste
611 3812 677 3853 ex
713 3797 874 3852 Maria
908 3811 1064 3852 natus
1099 3808 1225 3851 ante
1267 3798 1491 3852 exiirdia
1521 3814 1701 3852 rerum
1725 3808 1779 3851 et
1807 3807 1931 3853 ante
1957 3815 2059 3854 sa:-

469 3867 587 3923 cula
613 3867 820 3923 exstitit
852 3885 865 3921 :
899 3868 1018 3939 quia
1047 3866 1208 3922 homo
1247 3868 1500 3937 supponit
1529 3883 1626 3938 pro
1657 3884 1911 3934 persona,
1944 3887 2063 3939 qua!

469 3955 579 3992 non
614 3940 718 3992 alia
749 3947 835 3995 est
863 3939 913 3992 iu
940 3939 1154 3993 Christ”
1179 3954 1339 4008 quam
1370 3955 1598 4007 persona
1646 3939 1764 3995 Ριιιί
1797 3941 1909 4003 Dei,
1944 3957 2063 4007 qua:

469 4023 687 4080 semper
709 4020 763 4063 et
788 4010 858 4080 ab
883 4018 1099 4080 aeterno
1114 4008 1211 4080 fuit
1239 4010 1256 4078 (
1283 4009 1345 4080 β.
1376 4009 1569 4080 Thom.
1599 4028 1649 4077 p.
1686 4026 1763 4071 ιιι,
1792 4028 1845 4080 q.
1896 4010 1981 4079 16,
2006 4029 2057 4066 ιι.

468 4078 527 4142 9,
557 4076 605 4133 et
634 4077 780 4147 Mdg.
808 4076 1041 4149 Sentent,
1083 4079 1201 4132 t'nt'l.
1245 4076 1368 4133 dist.
1406 4078 1531 4139 12).
1562 4079 1717 4135 Unde
1749 4076 1863 4149 ipse
1907 4076 1975 4135 de
2002 4099 2061 4138 se

472 4151 525 4203 in
572 4148 867 4220 Evangelio
898 4147 1133 4219 loquitur
1173 4149 1395 4220 Joannis
1420 4165 1547 4203 rm:
1581 4147 1865 4220 Antequam
1898 4153 2062 4205 Abra-

469 4220 589 4292 ham
618 4218 783 4289 ﬁeret,
828 4236 922 4292 ego
958 4234 1108 4273 sunt:
1135 4219 1276 4290 quod
1321 4235 1425 4292 non
1456 4220 1637 4292 minus
1670 4218 1797 4275 vere
1824 4221 1903 4275 sic
1944 4223 2059 4277 elo-

468 4291 558 4356 qui
585 4292 757 4362 putuit
788 4307 806 4362 γε
838 4290 1141 4362 Antequam
1183 4290 1414 4362 mundus
1446 4290 1629 4358 fieret,
1657 4305 1757 4361 ego
1793 4307 1932 4346 sum.
1967 4293 2060 4348 Sic

468 4359 615 4419 cuitn
670 4361 799 4417 alibi
855 4359 1093 4433 loquitur
1142 4359 1382 4433 :APater,
1428 4359 1764 4431 clariﬁcaine
1822 4362 2059 4418 claritate

467 4449 624 4501 quam
647 4433 805 4504 habui
848 4431 992 4504 apud
1026 4444 1073 4488 te
1102 4431 1400 4504 priusquam
1437 4434 1658 4488 mundus
1695 4433 1842 4502 ﬁeret
1872 4434 2053 4497 (Joan.

468 4504 638 4573 xvn).
695 4503 765 4557 Et
807 4502 915 4574 jam
953 4504 1079 4558 olim
1112 4502 1306 4558 Paulus
1350 4502 1735 4560 Samosatenus
1786 4505 2057 4561 barreseos

466 4575 755 4645 claninatns
798 4584 883 4645 est
908 4617 922 4636 ,
966 4574 1109 4645 quod
1146 4574 1356 4630 diceret
1397 4574 1673 4630 Christum
1705 4591 1810 4629 non
1840 4588 2056 4645 semper

468 4644 677 4711 fuisse,
729 4644 823 4700 sed
866 4644 1077 4700 initium
1121 4660 1188 4699 ex
1230 4645 1395 4701 Maria
1451 4646 1742 4713 habuisse,
1795 4657 1850 4699 ut
1889 4644 2053 4702 ret’ert

466 4717 912 4787 S._Augustinus
961 4716 1154 4772 haeresi
1194 4716 1268 4787 44
1312 4716 1540 4787 (Euseb.
1588 4716 1796 4787 liba"!
1848 4715 2049 4772 Hister.

466 4805 516 4842 c.
543 4785 667 4857 24).
695 4787 759 4842 Et
782 4786 908 4842 illud
934 4787 1047 4844 Arii
1078 4788 1146 4844 de
1169 4785 1386 4842 Christo
1417 4788 1643 4856 dictum,
1672 4785 1821 4857 Erat,
1849 4790 2057 4857 quando

465 4876 570 4929 non
597 4867 739 4923 erat;
767 4867 816 4912 et
856 4874 956 4913 non
986 4866 1117 4927 erat,
1148 4869 1423 4929 antequam
1466 4868 1790 4922 nasceretur;
1819 4873 1848 4913 a
1880 4858 2053 4929 Patri-

462 4928 566 5015 btts
611 4929 844 5015 Dicisne;
871 4927 1435 5015 s‘ynpdi‘anlaotbemate
1475 4929 1787 5015 ἀρριῃιιιιιιη
1830 4927 2053 5011 (λζιιριι.

465 5000 555 5055 tib.
582 5017 597 5057 ι
624 5000 829 5055 Hister.
865 4998 1122 5069 Eccles.).
1147 5000 1319 5056 Sicuti
1350 5015 1479 5070 ergo
1519 4998 1686 5053 Filius
1718 4998 2057 5055 hetn‘inis’est

465 5071 690 5141 ubique,
729 5080 782 5127 et
818 5073 871 5126 in
915 5073 1053 5126 caelo
1079 5078 1134 5126 et
1163 5072 1215 5125 in
1244 5077 1409 5136 terra,
1457 5071 1909 5141 quemadmodum
1940 5070 2055 5139 ipse

464 5146 562 5208 ait,
620 5142 785 5196 Nemo
835 5142 1061 5196 ascendit
1092 5143 1146 5195 in
1177 5144 1380 5203 caelum,
1425 5143 1527 5193 nisi
1573 5142 1660 5210 qui
1696 5142 1958 5194 descendit
1989 5142 2054 5196 de

465 5215 614 5279 ctzlo,
649 5211 817 5268 Filius
846 5211 1097 5279 hominis,
1122 5213 1211 5281 qui
1237 5221 1311 5266 est
1330 5213 1383 5265 in
1404 5211 1530 5266 ccelo
1560 5209 1759 5280 ('Joan.
1789 5212 1914 5281 ιιι),
1944 5227 2049 5265 non

465 5284 607 5349 quod
631 5284 682 5338 iu
712 5286 853 5341 ctelo
881 5294 993 5338 tum
1020 5292 1163 5338 esset
1188 5292 1452 5352 quatenus
1484 5282 1647 5336 Filius
1668 5283 1922 5350 hominis,
1956 5283 2050 5352 sed

465 5354 608 5420 quod
637 5354 778 5409 idem
810 5364 955 5411 esset
984 5353 1077 5407 Dei
1104 5363 1158 5408 et
1189 5351 1427 5406 hominis
1477 5353 1616 5407 liiius
1653 5369 1665 5406 :
1706 5353 1776 5405 ita
1811 5368 1934 5406 vcre
1963 5351 2049 5406 di-

464 5424 607 5478 citur
627 5424 789 5481 homo
818 5426 906 5482 ille
936 5439 1152 5493 semper
1182 5421 1372 5487 fuisse,
1414 5425 1623 5478 ratione
1650 5437 1914 5490 personae,
1945 5438 2048 5476 non

466 5495 675 5550 ratione
698 5498 949 5551 humanae
972 5505 1201 5561 naturae,
1228 5505 1289 5548 ut
1310 5493 1588 5550 Ne~torius
1610 5494 1935 5561 somniabat,
1959 5504 2053 5546 aut

464 5566 816 5637 cavillabatur
846 5584 860 5622 :
887 5564 1438 5637 quemadmodumex
1485 5580 1550 5620 eo
1574 5566 1716 5637 quod
1747 5564 2048 5637 perincer-

464 5634 741 5690 uatinnem
787 5634 1079 5705 corporeus
1118 5637 1289 5692 factus
1320 5636 1393 5692 sit
1436 5637 1525 5691 Dei
1558 5636 1745 5701 qus,
1792 5634 2050 5689 inferebat

463 5707 582 5773 ipse
625 5707 695 5778 ab
749 5719 954 5778 κιαι-ιιι)
993 5722 1313 5778 corporeum
1359 5708 1562 5775 fuiSac,
1616 5717 1722 5763 tam
1773 5709 2050 5776 ttttgalorie

465 5792 625 5846 quam
654 5776 1041 5833 fraudulcnter.

2087 4754 2134 4810 ι)

2134 5045 2141 5052 .
2160 5002 2418 5055 hominem

2247 3456 2270 3486 ο
2307 3446 2539 3501 Carnem
2581 3443 2791 3498 scilicet
2836 3444 2983 3512 prius
3026 3443 3366 3505 existentem,
3417 3442 3501 3497 vel
3545 3442 3768 3499 aliunde

2171 3528 2446 3583 acceptam
2491 3534 2503 3569 :
2552 3516 2823 3585 quomodo
2861 3512 3188 3585 Apollinaris
3228 3513 3446 3568 dicebat
3487 3514 3765 3569 Chrismtn

2172 3591 2238 3642 de
2261 3590 2401 3643 ctelo
2424 3583 2653 3641 traxiSse
2678 3602 2900 3653 corpus,
2922 3596 2972 3639 et
3000 3600 3095 3654 per
3116 3583 3351 3652 Virginis
3374 3588 3766 3654 nterumquasi

2169 3674 2268 3726 per
2308 3657 2554 3714 canalem
2603 3672 2916 3726 permeasse
2954 3674 2968 3710 :
3006 3653 3467 3724 quemadmodum
3512 3653 3767 3726 referunt

2172 3724 2504 3797 Epiphanius
2532 3736 2586 3781 et
2604 3724 2939 3797 ‘Augnstinus
2975 3726 3070 3780 lih.
3103 3727 3171 3781 de
3201 3726 3527 3780 llretesibns.
3563 3724 3657 3779 Vel
3704 3735 3767 3781 nt

2167 3796 2531 3855 alii’dicentes
2560 3796 2777 3852 carnem
2823 3796 3027 3852 Christi
3058 3804 3377 3864 conceptam
3405 3797 3557 3865 prius
3594 3811 3761 3865 quam

2167 3886 2195 3923 a
2242 3870 2415 3925 Verbo
2456 3880 2845 3923 assumeretur.
2890 3867 3090 3922 Contra
3140 3883 3298 3937 quem
3329 3881 3581 3937 errorem
3616 3866 3763 3922 idem

2168 3941 2495 4011 Augustinus
2528 3940 2620 3993 Iih.
2653 3939 2721 3992 de
2754 3939 2882 3993 Fide
2909 3938 2975 4011 ad
3000 3933 3218 4011 Petrum
3245 3952 3365 4011 cap.
3398 3936 3465 3991 18
3493 3955 3505 3989 :
3535 3933 3766 3991 Firmis-

2164 4008 2311 4081 sime,
2348 4012 2542 4080 inquit,
2570 4012 2740 4073 crede,
2769 4020 2815 4063 et
2844 4009 3139 4063 nullatenus
3167 4008 3389 4081 dubites,
3419 4022 3519 4081 non
3550 4022 3765 4062 carnem

2165 4074 2356 4137 Christi
2392 4074 2503 4137 sine
2528 4074 2812 4135 divinitate
2850 4090 3150 4150 conceptam
3192 4074 3246 4132 in
3296 4077 3760 4150 Virginis‘utero,

2163 4156 2459 4225 priusquam
2502 4154 2844 4223 susciperetur
2866 4167 2902 4225 ra
2939 4142 3138 4215 Verbo,
3162 4151 3271 4203 sed
3311 4142 3478 4225 ipsum
3528 4142 3763 4204 Verbum

2166 4221 2330 4278 Deum
2353 4240 2461 4278 sine
2489 4221 2658 4293 carnis
2683 4224 2973 4293 acceptione
3000 4232 3316 4293 conceptum,
3348 4221 3615 4293 ipsamque
3642 4236 3761 4293 car-

2162 4310 2276 4347 nem
2315 4293 2463 4349 Verbi
2491 4289 2853 4361 lnearnatione
2877 4289 3191 4361 conceptam.
3219 4290 3285 4344 Et
3308 4289 3467 4357 epist.
3494 4289 3531 4343 ὅ
3550 4290 3616 4343 ad
3650 4289 3760 4344 Vu-

2162 4365 2427 4419 lnsianum
2445 4384 2457 4417 :
2474 4365 2601 4418 Cum
2623 4365 2755 4416 enim
2793 4360 3003 4414 Verbum
3033 4360 3124 4415 Dei
3145 4362 3455 4433 permixtum
3474 4370 3546 4413 est
3568 4361 3762 4415 animi:

2160 4433 2364 4489 [tabenti
2407 4452 2619 4504 corpus,
2650 4433 2805 4504 simul
2843 4443 2889 4486 et
2925 4433 3500 4504 animamgsnsrepieet
3542 4447 3757 4504 corpus.

2159 4500 2509 4560 Athanasius
2539 4506 2633 4559 bl).
2666 4506 2731 4558 de
2758 4503 3133 4558 incarnatione
3165 4500 3368 4557 Verbi:
3398 4500 3582 4556 Carnis
3626 4504 3760 4556 unio

2160 4591 2274 4631 cum
2311 4575 2457 4630 Verbi
2478 4575 2745 4629 divinitate
2770 4590 2834 4628 ea:
2854 4583 2998 4626 utero
3021 4574 3268 4643 originem
3299 4573 3476 4626 traxit.
3511 4568 3594 4624 Ibi
3617 4574 3760 4626 enim

2161 4664 2271 4701 eam
2300 4646 2543 4710 Verbum,
2574 4662 2687 4699 cunt
2712 4662 2739 4699 e
2765 4644 2889 4699 ratio
2909 4643 3217 4707 advenisset,
3244 4643 3502 4713 constituit
3527 4643 3763 4713 :quippe

2160 4734 2274 4783 qua:
2318 4734 2420 4772 non
2458 4726 2603 4781 erat,
2645 4724 2918 4785 antequam
2955 4713 3180 4785 Verbum
3226 4711 3428 4785 calitus
3466 4711 3759 4767 adveniret.

2164 4780 2526 4843 Damascenus
2553 4780 2597 4840 l.
2614 4802 2671 4840 ιιι
2698 4780 2925 4840 de'Fide
2955 4784 3187 4839 Ortbod.
3220 4797 3270 4837 c.
3296 4784 3333 4836 2
3358 4800 3371 4835 :
3400 4780 3581 4848 Itaque
3598 4788 3761 4839 simul

2161 4875 2304 4926 caro,
2334 4859 2491 4914 simul
2529 4857 2677 4911 Verbi
2709 4856 2806 4909 Dei
2836 4871 2978 4922 caro,
3004 4856 3158 4909 simul
3185 4870 3305 4907 caro
3326 4856 3761 4926 animatahratio-

2160 4932 2239 4985 nis
2280 4924 2556 5000 particeps.
2605 4926 3345 5000 intelligens_,_proptercaque
3389 4941 3490 4976 non
3523 4924 3761 5000 dicimus

2500 4994 2793 5067 eiﬁcatum,
2815 4997 2905 5049 sed
2933 4996 3100 5067 Deum
3126 4994 3505 5067 humanatum.
3523 4994 3671 5048 Idem
3694 5011 3755 5049 c.

2159 5070 2228 5122 12
2256 5088 2271 5126 :
2298 5070 2471 5126 Simul
2509 5064 2802 5139 conceptus,
2834 5077 2882 5120 et
2907 5066 3239 5139 subsistentia
3279 5064 3587 5139 mirabiliter
3622 5080 3763 5139 con-

2157 5146 2291 5209 fecta
2320 5152 2471 5206 sunt;
2517 5136 2789 5206 conceptus
2816 5137 3021 5205 quidem
3065 5136 3242 5204 Verbi,
3286 5136 3458 5189 carnis
3484 5143 3660 5189 autent
3699 5136 3764 5190 in

2170 5210 2331 5266 Verbo
2360 5211 2706 5265 subsistentia.
2982 5232 2995 5243 ε

2230 5280 2257 5319 ἰ
2296 5282 2403 5337 Atii
2455 5291 2566 5336 tum
2616 5281 2724 5346 hic,
2774 5285 2886 5333 tum
2936 5278 2989 5331 in
3038 5275 3468 5347 prmcedentibus
3514 5274 3762 5343 legunt:

2153 5355 2344 5407 stecula
2372 5367 2545 5406 creata
2573 5361 2710 5405 sunt.
2750 5350 2850 5405 Ubi
2878 5349 3097 5412 saecula,
3133 5361 3230 5415 pro
3261 5348 3423 5401 rebus
3458 5347 3752 5401 saeculari-

2154 5425 2274 5486 bus,
2308 5437 2405 5477 seu
2434 5423 2633 5477 creatis
2660 5423 2713 5475 in
2740 5420 2962 5481 saeculo,
2991 5418 3109 5472 sive
3139 5428 3406 5486 tempore.

2227 5485 2387 5547 s'llla
2432 5493 2710 5559 nimirum,
2760 5504 2863 5561 qua
2909 5485 3763 5561 superius(Cap._‘20)Nestorii

2160 5579 2399 5619 errorem
2427 5571 2481 5616 et
2511 5561 2702 5616 falsam
2736 5559 3240 5626 interpretationem
3269 5559 3501 5612 exclusit
3525 5559 3721 5614 dicens
3740 5580 3757 5615 :

2162 5635 2282 5688 Non
2306 5635 2399 5698 ita,
2426 5634 2653 5702 inquam,
2680 5648 2781 5685 non
2804 5632 2876 5685 ita
2896 5632 3011 5684 dico
3032 5631 3168 5699 quod
3190 5630 3488 5702 priusquam
3520 5647 3762 5683 noscere-

2160 5717 2242 5756 tur
2270 5706 2419 5758 homo
2448 5698 2502 5757 in
2530 5703 2638 5773 Deo
2667 5703 2843 5773 fuerit,
2874 5702 2964 5755 sed
2985 5698 3122 5772 quod
3151 5698 3327 5770 postea
3354 5704 3404 5751 in
3426 5698 3634 5773 [tantine
3658 5717 3751 5755 na-

2163 5792 2241 5830 tus
2274 5778 2338 5829 sit
2369 5773 2519 5829 Deus.
2560 5767 2681 5828 Non
2712 5773 2844 5828 enim
2872 5767 3271 5839 caro'illa,'qua’
3292 5785 3358 5824 ex
3385 5786 3540 5824 carne
3579 5767 3761 5842 Virgio
