4016 6192
401 363 506 433 un

1733 364 2014 421 JOANNIS
2053 361 2361 419 CASSIANI

3575 356 3683 423 tot

404 495 498 547 lrea
540 494 724 545 vinum
751 488 818 542 de
842 485 997 555 aquis
1026 480 1258 552 legimus
1289 480 1307 549 (
1334 476 1527 533 Joann.
1556 492 1597 532 tt
1628 477 1666 547 ).
1712 477 1808 531 Dic
1847 476 1980 530 mini
2008 481 2057 539 Α
2087 485 2204 530 tens
2258 477 2397 529 Deus
2453 483 2610 528 natus
2659 484 2778 539 est,
2821 474 2999 529 dicis:
3037 474 3400 531 llomoeusios
3446 478 3683 548 parienti

400 582 672 653 quomodo
699 580 969 647 disparem
1000 589 1029 627 a
1056 572 1138 628 sui
1170 571 1433 641 qualitate
1469 567 1830 623 substantiam
1873 567 1987 622 dis-

400 689 498 744 par
525 681 714 727 natura
740 663 1058 737 generavit?
1090 657 1396 731 praesertim
1433 673 1554 713 cum
1599 657 1650 712 id
1696 658 1836 725 quod
1882 656 1986 711 Do.

400 763 612 820 minicae
652 757 917 815 nativitati
962 752 1194 810 maxime
1233 749 1523 817 convenit,
1567 748 1851 804 nobilioris
1891 747 1987 801 ad-

395 856 615 913 modum
647 853 728 909 rei
753 859 904 907 ortus
933 865 999 904 ex
1030 846 1296 901 inferiore
1328 843 1699 913 processerit?
1732 842 1827 897 Dic
1855 840 1981 895 mihi

393 965 527 1017 ergo
575 944 847 1018 quomodo
889 957 954 997 ex
1005 941 1092 994 illa
1140 954 1295 1007 aqua:
1340 936 1687 1006 simplicitate
1734 936 1984 1005 egregius

394 1042 505 1094 vini
553 1048 608 1093 et
633 1033 967 1090 admirabilis
1019 1045 1182 1099 sapor
1230 1038 1389 1084 natus
1438 1028 1551 1082 sit?
1596 1027 1869 1096 quomodo
1913 1026 1985 1080 sit

393 1130 539 1186 aliud
564 1128 840 1189 haustum,
864 1122 1007 1178 aliud
1034 1120 1307 1177 infusum?
1333 1118 1601 1189 Numquid
1633 1119 1867 1174 cisterna
1892 1118 1981 1173 illa

394 1222 476 1274 vel
526 1228 716 1288 puteus
761 1215 900 1269 hanc
943 1224 1187 1266 naturam
1234 1210 1456 1277 habuit,
1502 1218 1559 1264 ut
1601 1224 1769 1279 aquas
1810 1224 1879 1264 ex
1922 1222 1983 1264 se

391 1322 640 1384 sumptas
678 1310 729 1365 in
771 1308 973 1385 optima
1005 1306 1125 1361 vina
1156 1305 1430 1361 mutaret?
1461 1308 1568 1357 Ant
1600 1302 1857 1373 numquid
1890 1318 1985 1356 va-

392 1421 573 1462 sorum
604 1403 657 1459 id
689 1401 921 1473 qualitas
941 1442 956 1465 ,
990 1410 1086 1453 aut
1115 1396 1490 1453 ministrorum
1522 1396 1632 1465 egit
1673 1396 1982 1450 industria?

392 1498 530 1554 nihil
563 1497 745 1565 utique
776 1494 990 1547 horum.
1025 1490 1091 1544 Et
1119 1488 1392 1559 quomodo
1432 1485 1562 1542 lacti
1602 1487 1740 1542 ratio
1780 1487 1981 1555 cegita-

397 1590 540 1644 tione
568 1586 749 1641 cordis
780 1598 886 1639 non
914 1578 1416 1650 comprehenditur,
1456 1584 1576 1634 cum
1624 1576 1750 1632 lacti
1799 1588 1976 1632 tamen

389 1682 590 1737 veritas
617 1677 968 1735 conscientite
992 1674 1253 1730 ﬁrmitate
1278 1670 1568 1727 servetur?
1588 1678 1616 1707 ⁸
1635 1668 1792 1724 ϐωοο
1817 1684 1981 1739 super

392 1773 581 1826 oculos
613 1772 666 1824 in
701 1767 1000 1837 Evangelio
1026 1762 1246 1839 (Joann.
1272 1763 1356 1835 ts)
1386 1762 1556 1817 lutum
1590 1761 1823 1830 pesilutn
1851 1772 1974 1825 est,

2089 566 2249 622 debet
2277 581 2399 622 esse
2420 567 2670 621 nativitas
2701 585 2714 621 :
2740 567 2896 637 quasi
2927 582 3059 623 vero
3088 583 3211 623 cum
3232 569 3477 637 quolibet
3502 571 3682 628 homi-

2090 675 2214 711 num
2240 657 2487 713 humanis
2511 658 2722 729 legibus
2745 673 2897 728 agas,
2919 660 3002 713 cui
3023 659 3507 728 impossibilitatent
3526 679 3681 718 suam

2087 749 2334 819 objicias,
2378 766 2539 821 quem
2574 762 2787 805 terrena
2826 750 3139 806 inﬁrmitate
3177 752 3488 808 concludas.
3518 753 3683 809 Com-

2087 856 2302 896 munem
2351 842 2591 897 ontnium
2636 843 2773 898 dicis
2810 844 3181 899 conditionem
3221 859 3344 900 esse
3383 847 3676 913 nascendi,

2086 934 2331 989 eamdem
2357 935 2532 1005 legem
2560 950 2682 991 esse
2705 936 3037 1005 generandi;
3063 952 3168 993 non
3194 938 3436 1008 potuisse
3460 942 3681 1011 penitus

2086 1023 2138 1078 in
2174 1025 2527 1082 universitate
2571 1032 2789 1095 generis
2839 1028 3059 1083 humani
3101 1030 3190 1084 uni
3230 1040 3441 1085 tantum
3474 1032 3682 1088 houu’n-

2083 1119 2424 1189 contingere,
2458 1120 2600 1189 qttod
2635 1122 2868 1175 vetuerit
2901 1121 3042 1176 Deus
3071 1121 3330 1178 omnibus
3362 1126 3645 1192 provenire

2082 1211 2200 1267 Non
2230 1213 2493 1280 intelligis
2516 1212 2585 1268 de
2610 1223 2719 1283 quo
2747 1213 2920 1279 dicas,
2945 1230 3049 1268 non
3081 1214 3231 1269 vides
3254 1216 3321 1268 de
3353 1232 3456 1282 quo
3489 1216 3645 1285 loqur

2083 1308 2198 1360 ris:
2228 1305 2353 1375 quia
2372 1294 2563 1359 auctor
2585 1306 2773 1375 utique
2796 1306 3041 1361 omnium
3068 1307 3435 1361 conditionum
3463 1320 3517 1363 et
3542 1324 3605 1363 Cb
3631 1344 3649 1364 .-

2081 1405 2288 1451 ctarum
2322 1398 2408 1452 lex
2435 1406 2749 1453 naturarum
2779 1408 2883 1465 est,
2910 1414 3007 1469 per
3030 1415 3189 1468 quem
3214 1409 3315 1467 est,
3336 1409 3393 1454 et
3415 1402 3541 1478 quin
3562 1402 3674 1472 ,uid

2084 1487 2247 1542 homo
2272 1498 2471 1559 potest,
2487 1500 2539 1544 et
2564 1491 2822 1560 quidquid
2842 1505 2945 1544 non
2967 1501 3171 1559 potest;
3192 1494 3314 1562 quia
3340 1494 3453 1556 ipse
3472 1496 3674 1549 utrius-

2081 1594 2187 1646 que
2220 1580 2298 1634 rei
2330 1580 2547 1649 penitus
2584 1582 2799 1637 ntodum
2836 1583 3049 1649 statuit,
3093 1592 3150 1637 et
3191 1598 3471 1653 usquequo
3516 1601 3672 1641 accc-

2079 1668 2207 1726 dere
2254 1671 2514 1739 facultas,
2561 1682 2617 1727 et
2658 1687 2769 1743 quo
2808 1672 3039 1728 ulterius
3089 1690 3192 1727 non
3249 1676 3672 1745 progrederetur

2080 1759 2387 1815 inﬁrmitas.
2417 1760 2589 1827 Quam
2630 1762 2821 1816 insane
2850 1776 2981 1832 ergo
3010 1771 3063 1816 tu
3095 1763 3142 1817 ei
3177 1764 3665 1833 impossibilitatent

380 1875 441 1919 et
473 1858 828 1917 oculiabluto
861 1859 968 1911 nati
1016 1865 1166 1911 sunt.
1207 1854 1477 1924 Numquid
1515 1862 1611 1907 aut
1652 1868 1791 1923 aqua
1836 1853 1975 1907 hanc
2006 1855 2054 1915 B
2082 1849 2367 1906 humanam
2394 1853 2610 1923 objicis,
2655 1853 2741 1907 cui
2778 1854 3106 1923 possibilitas
3154 1853 3268 1925 ipsa
3317 1856 3578 1913 debetur?
3605 1861 3666 1915 Si

379 1963 633 2010 naturam
661 1950 846 2005 habuit
865 1958 919 2003 ut
942 1948 1131 2003 oculos
1153 1947 1398 2016 pareret?
1416 1954 1509 1999 aut
1529 1944 1697 2000 lutum
1723 1954 1780 2000 ut
1800 1944 1975 1999 lucem

374 2043 637 2101 'crearet?
670 2042 801 2097 nihil
830 2040 1015 2110 utique
1058 2039 1283 2102 horum,
1331 2038 1630 2106 prtesertim
1671 2051 1793 2090 eum
1837 2050 1975 2104 aqua

384 2152 532 2192 caeco
559 2134 688 2189 nihil
728 2132 973 2188 conferat
994 2174 1009 2197 ,
1042 2130 1218 2184 lutum
1260 2139 1439 2184 autem
1472 2127 1779 2183 videntibus
1809 2129 1973 2182 etiam

384 2231 579 2284 obesse
622 2225 809 2295 possit.
858 2222 926 2278 Et
969 2221 1245 2293 quomodo
1285 2236 1375 2275 res
1416 2221 1647 2275 nocendi
1692 2220 1796 2274 vim
1830 2220 1883 2274 in
1916 2234 1976 2275 se

387 2324 595 2377 habens
623 2318 861 2373 ollicium
894 2313 1122 2371 remedii
1152 2329 1216 2369 ac
1239 2313 1434 2369 salutis
1457 2310 1699 2367 exhibuit
1724 2327 1739 2378 ;
1771 2324 1823 2366 et
1853 2327 1975 2380 qute

385 2413 577 2468 obesse
628 2407 777 2464 sanis
827 2407 1000 2469 solet,
1051 2406 1206 2475 quasi
1258 2404 1509 2460 ministra
1556 2414 1686 2458 tunc
1730 2404 1977 2458 sanitatis

387 2502 531 2559 luit?
565 2501 704 2555 Dicis
736 2500 918 2567 itaque
952 2495 1045 2550 Dei
1080 2495 1222 2550 hanc
1263 2494 1523 2549 tribuisse
1552 2495 1809 2548 virtutem
1830 2534 1846 2559 ,
1881 2493 1974 2547 Dei

374 2592 703 2664 praestitisse
730 2586 1051 2644 medicinam
1080 2603 1094 2640 ε
1123 2594 1179 2640 et
1207 2584 1390 2639 omnia
1428 2584 1543 2637 haec
1571 2596 1691 2653 quae
1736 2583 1975 2637 diximus

382 2681 831 2752 omnipotentiam
856 2678 1072 2748 penitus
1098 2674 1349 2732 eﬁ'ecisse
1375 2676 1633 2740 divinam,
1661 2675 1752 2745 qui
1780 2684 1974 2744 potens

382 2779 454 2835 sit
484 2777 667 2848 utique
696 2782 750 2829 et
778 2788 843 2828 ex
878 2770 1115 2826 insiditis
1146 2783 1290 2824 nova
1318 2768 1559 2823 condere
1580 2806 1596 2831 ,
1637 2778 1695 2823 et
1731 2783 1799 2823 ex
1842 2782 1973 2821 con-

384 2871 563 2927 trariis
593 2865 831 2922 salubria
860 2863 1230 2927 constituere,
1270 2870 1325 2916 et
1362 2876 1425 2915 ea
1466 2874 1587 2930 qua:
1622 2861 1676 2914 in
1721 2858 1974 2929 impossi-

379 2963 681 3019 bilitatibus
711 2970 873 3028 atque
919 2955 972 3010 in
1012 2954 1319 3010 elﬁcientiis
1360 2953 1461 3007 sita
1504 2953 1649 3019 sint,
1695 2952 1747 3006 in
1789 2966 1968 3005 rerum

380 3052 772 3123 possibilitates
804 3046 1141 3115 eﬁ‘ectusque
1172 3051 1406 3099 mutare.

991 3154 1355 3227 CAPUTIV.

2080 1960 2368 2014 personam
2396 1944 2609 2000 Domini
2638 1948 2870 2002 terrenis
2896 1945 3299 2003 inﬁrmitatibus
3327 1951 3582 2016 mstimes,
3611 1962 3666 2007 et

2078 2038 2527 2107 omnipotentiam
2568 2037 2661 2092 Dei
2693 2040 2941 2093 humanis
2972 2038 3271 2094 rationibus
3298 2041 3559 2111 metiaris,
3585 2042 3663 2096 ni-

2079 2128 2153 2183 hil
2175 2130 2378 2199 utique,
2396 2129 2536 2199 quod
2560 2130 2852 2184 secundum
2877 2145 3168 2199 corporeas
3200 2130 3361 2201 ipsius
3387 2131 3665 2201 passiones

2080 2222 2191 2276 Deo
2223 2238 2517 2293 congruum
2542 2223 2812 2291 videatur,
2841 2224 3108 2280 invenies.
3130 2224 3185 2280 Si
3211 2225 3354 2279 enim
3375 2224 3666 2281 verisimile

2079 2316 2244 2370 videri
2277 2324 2471 2386 potest,
2507 2325 2564 2370 ut
2612 2314 2774 2371 Maria
2818 2317 3146 2372 anteriorem
3186 2332 3245 2371 se
3277 2317 3440 2372 Deum
3468 2334 3664 2386 parere

2077 2424 2183 2461 non
2210 2408 2469 2475 quiverit,
2501 2407 2773 2478 quomodo
2799 2408 3097 2463 verisimile
3139 2410 3237 2463 erit
3263 2448 3277 2469 ,
3311 2408 3453 2477 quod
3484 2408 3663 2461 croci-

2078 2500 2219 2553 ﬁsus
2250 2500 2318 2554 ab
2350 2499 2663 2555 hominibus
2698 2500 2835 2553 Deus
2867 2499 3063 2553 fuerit?
3089 2510 3142 2554 et
3170 2506 3352 2553 tamen
3398 2498 3538 2552 idem
3570 2500 3663 2567 qui

2074 2588 2373 2644 cruciﬁxus
2398 2599 2501 2654 est,
2530 2590 2667 2643 Deus
2700 2590 2815 2658 ipse
2844 2587 3094 2658 pradisit
3126 2604 3142 2642 :
3174 2587 3202 2626 δ
3235 2589 3297 2643 Si
3325 2588 3491 2658 adiget
3514 2589 3662 2643 homo

2074 2682 2243 2736 Deum
2272 2699 2440 2745 suum,
2466 2684 2589 2752 quia
2613 2698 2700 2736 vos
2721 2682 2926 2754 aﬂigitis
2957 2697 3034 2736 me
3056 2680 3313 2752 (Malaclt.
3340 2682 3435 2736 In?
3461 2681 3519 2736 Si
3542 2682 3663 2737 ideo

2076 2782 2232 2828 natus
2258 2790 2323 2829 ex
2353 2773 2577 2844 Virgine
2608 2774 2871 2828 Dominus
2901 2789 3004 2827 non
3030 2773 3326 2841 potabitur,
3356 2774 3479 2843 quia
3510 2783 3665 2828 ante-

2073 2868 2186 2920 rinr
2218 2866 2445 2935 parienti
2477 2866 2669 2934 luerit,
2696 2866 2787 2934 qui
2830 2866 3157 2935 nascebatur
3182 2884 3196 2919 :
3225 2866 3496 2937 quomodo
3522 2867 3662 2921 Deus

2071 2960 2387 3029 sanguinem
2418 2959 2671 3015 habuisse
2694 2960 2973 3015 creditur?
2999 2971 3049 3013 et
3080 2968 3255 3013 tamen
3278 2959 3345 3013 ad
3375 2959 3660 3031 presbyte-

2071 3069 2165 3111 ros
2183 3055 2541 3125 Ephesiorum
2573 3054 2806 3109 dicitur:
2835 3053 3016 3124 [legite
3046 3052 3333 3107 Ecclesium
3362 3050 3481 3120 Dei,
3504 3069 3661 3125 quam

2068 3151 2335 3220 acquisivit
2357 3149 2606 3222 sanguine
2634 3130 2729 3202 suo
2750 3148 2889 3217 (Act.
2921 3149 3033 3216 xx).
3059 3139 3364 3211 Postremo,
3390 3146 3661 3214 quomodo

378 3256 546 3310 Deum
576 3262 709 3308 sicut
732 3247 785 3302 in
813 3248 964 3303 rebus
987 3248 1216 3312 caeteris,
1247 3248 1319 3300 ila
1349 3246 1402 3300 in
1433 3246 1705 3313 temporali
1734 3256 1845 3298 ortu
1873 3262 1965 3299 suo
1994 3225 2039 3288 C
2064 3249 2259 3293 auctor
2282 3240 2405 3293 vitae
2452 3240 2692 3307 privatus
2740 3239 2847 3292 vita
2896 3236 3331 3294 existit-rabitur?
3377 3236 3447 3291 Et
3479 3245 3658 3291 tamen

690 3320 1109 3388 omnipotentiam
1138 3332 1286 3371 suam
1316 3315 1670 3371 declaravisse.

447 3417 592 3472 Idem
624 3427 756 3484 ergo
788 3412 856 3465 de
884 3419 1007 3466 ortu
1036 3408 1211 3478 ipsius
1256 3407 1504 3472 Domini,
1531 3406 1673 3477 quod
1705 3407 1772 3460 de
1805 3408 1966 3462 rebus

374 3508 629 3567 omnibus
658 3505 943 3561 conﬁtere.
980 3498 1163 3556 Crede
1212 3499 1380 3553 Deum
1411 3507 1627 3559 uatum,
1669 3507 1726 3552 ut
1772 3498 1960 3565 voluit,

375 3616 537 3673 quem
587 3613 696 3653 non
739 3610 901 3665 negas
941 3591 1187 3663 potuisse
1222 3588 1365 3659 quod
1398 3587 1567 3643 voluit
1608 3604 1624 3642 :
1670 3588 1773 3643 nisi
1820 3587 1963 3645 forte

373 3696 652 3757 virtutem,
678 3704 799 3760 qua:
844 3687 893 3742 ei
935 3686 1004 3741 ad
1033 3682 1139 3738 alia
1167 3680 1349 3737 omnia
1396 3679 1592 3750 adluit,
1625 3679 1691 3735 ad
1724 3679 1959 3750 seipsum

373 3788 609 3845 autimas
633 3784 904 3851 defuisse;
931 3792 988 3840 et
1016 3782 1118 3853 ipsi
1144 3781 1211 3835 ad
1230 3779 1574 3836 nativitatem
1606 3793 1758 3833 suam
1783 3779 1960 3832 omni-

375 3878 616 3949 potentia
660 3891 755 3933 sua
797 3876 989 3941 deluit,
1017 3889 1136 3945 quae
1175 3873 1245 3927 ab
1272 3884 1341 3927 eo
1372 3869 1670 3941 procedens
1712 3871 1958 3925 universa

373 3971 701 4040 penetravit.
732 3968 814 4029 Tu
853 3966 987 4022 mihi
1017 3968 1070 4021 in
1121 3964 1400 4019 uativitate
1450 3963 1692 4031 Domini,
1724 3963 1955 4031 obiicis:

375 4065 544 4117 Nemo
570 4059 898 4115 anteriorem
928 4072 988 4112 se
1013 4057 1181 4127 parit;
1209 4057 1341 4111 etin
1370 4066 1549 4124 partu,
1577 4070 1688 4126 quo
1708 4058 1961 4125 omnipo-

2070 3328 2297 3398 Petrus,
2328 3330 2619 3392 Auctorem,
2655 3330 2863 3398 inquit,
2906 3329 3023 3383 vita
3068 3328 3401 3398 interfecislis
3444 3326 3654 3400 (Actor.

2068 3420 2185 3491 ιιι).
2214 3418 2387 3474 Nemo
2419 3419 2469 3474 in
2503 3418 2662 3474 terris
2693 3420 2861 3488 situs,
2912 3418 2967 3473 in
3010 3419 3162 3473 caelis
3200 3434 3321 3474 esse
3349 3427 3525 3489 potest
3554 3436 3568 3471 :
3604 3427 3661 3473 et

2066 3510 2341 3580 quomodo
2374 3510 2637 3565 Dominus
2679 3513 2795 3579 ipse
2822 3510 2975 3577 dicit,
3007 3500 3183 3565 Filius
3212 3510 3437 3564 hominis
3461 3510 3553 3581 qui
3583 3518 3661 3563 est

2064 3601 2117 3654 in
2151 3600 2489 3674 cteloUotm.
2508 3606 2588 3671 ιιι)
2606 3602 2632 3657 ‘l
2653 3601 2713 3658 Si
2736 3602 2973 3671 denique
2991 3601 3117 3655 ideo
3147 3613 3331 3655 natum
3357 3615 3421 3655 ex
3443 3600 3659 3671 Virgine

2069 3691 2240 3747 Deum
2285 3707 2391 3749 non
2443 3703 2621 3763 putas,
2662 3697 2788 3763 quia
2836 3690 3187 3748 ltomoousios
3218 3692 3448 3763 parienti
3493 3693 3659 3747 debet

2067 3798 2187 3839 esse
2216 3785 2469 3841 uativitas
2500 3803 2516 3840 :
2558 3786 2834 3856 quomodo
2864 3802 2951 3842 res
2972 3785 3264 3841 dissimiles
3290 3801 3356 3840 ex
3378 3785 3659 3840 dissimili-

2068 3875 2171 3931 bus
2203 3878 2507 3933 crediturus
2534 3894 2594 3933 ος
2626 3878 2938 3934 substitisse
2968 3878 3210 3933 naturis?
3240 3878 3382 3949 Ergo
3432 3879 3572 3947 apud
3605 3890 3657 3933 te

2066 3983 2168 4023 nec
2193 3969 2503 4026 coturnices
2542 3970 2719 4028 subito
2750 3982 2943 4026 ventus
2974 3971 3169 4035 intulit,
3216 3985 3315 4027 nec
3341 3984 3533 4026 manna
3561 3972 3657 4028 de-

2067 4062 2223 4130 cidit,
2256 4080 2356 4122 nec
2386 4064 2569 4129 vinum
2613 4080 2678 4121 es
2710 4080 2849 4136 aqua
2893 4065 3117 4136 prodiit,
3164 4079 3267 4121 nec
3290 4064 3457 4121 multa
3488 4064 3651 4119 millia

1439 4166 1698 4222 ΑιΛιιοι
1736 4164 1970 4223 GAZASI
2007 4169 2578 4234 COMMENTARIUS.

626 4266 896 4326 thutnque
916 4266 1048 4326 jussu
1068 4260 1275 4326 fundere

622 4324 830 4377 Mutavit
860 4324 988 4375 unda
1013 4324 1275 4386 originem.

374 4414 481 4470 Nec
506 4411 921 4484 pns5ttm_etiatn
938 4408 1213 4477 elegantes
1236 4405 1339 4461 hac
1364 4404 1432 4461 de
1456 4420 1514 4461 re
1543 4402 1751 4462 Sedulii
1768 4420 1956 4460 versus

371 4481 649 4556 praeterire
679 4481 874 4553 (Carm.
904 4481 943 4535 l.
976 4488 1095 4547 tu):

434 4578 594 4629 Prima
616 4587 719 4624 sua:
742 4569 1231 4634 Dominustbalamis
1249 4569 1477 4634 dignatus
1500 4572 1676 4620 adesse

428 4638 634 4688 Virtutis
656 4637 946 4684 documenta
967 4632 1125 4690 dedit,
1146 4632 1447 4695 convivaque
1468 4644 1686 4695 praesens

432 4702 666 4757 l'ascere,
692 4710 785 4746 non
807 4695 931 4758 pasci
952 4695 1160 4743 veniens
1183 4693 1477 4758 (mirabile),
1494 4694 1624 4758 lusas

432 4763 485 4812 ln
513 4762 677 4810 vinum
694 4756 938 4807 convertit
964 4769 1114 4819 aquas
1138 4768 1162 4819 :_
1174 4756 1422 4805 dimittere
1445 4756 1660 4816 gaudent

429 4822 672 4873 Pallorem
696 4820 867 4869 latices
892 4832 904 4867 :
930 4816 1130 4868 mulavit.
1151 4816 1266 4867 ιω
1288 4829 1513 4879 saporem

434 4884 569 4937 Unda
593 4895 750 4937 suum.
775 4882 949 4942 largita
970 4892 1180 4940 merum,
1202 4890 1493 4942 mensasque
1516 4887 1606 4941 per
1627 4889 1801 4925 omnes

428 4948 602 4998 Dulcia
624 4957 717 4993 non
743 4938 1143 4991 nato'rubuerunt
1166 4938 1336 5001 pocula
1360 4938 1537 4988 musto.

429 5009 767 5070 Implevitses
795 5014 917 5070 ergo
941 5002 1074 5070 lacus
1095 5003 1188 5050 hoc
1212 5007 1412 5070 nectare
1441 5001 1661 5070 Christus
1682 5013 1695 5050 :

324 5115 336 5123 .
431 5062 890 5143 Quippe‘feraanqui
919 5062 1386 5143 vitiseratQ'i‘t-tute‘
1411 5062 1578 5143 coquna

430 5122 601 5182 Omnia
626 5122 936 5187 fructiﬁcans,
962 5126 1099 5187 cuius
1119 5123 1212 5173 sub
1234 5125 1455 5187 tegmine
1473 5122 1649 5172 blando

432 5194 558 5243 llitis
580 5190 856 5242 iuocciduas
879 5182 951 5247 (id
969 5192 1056 5245 est,
1081 5182 1401 5247 immortales,
1421 5191 1502 5235 aut
1524 5182 1796 5247 perpetuas)
1824 5196 1948 5232 enu-

1384 5246 1491 5307 [trit
1514 5248 1765 5308 pampinus
1781 5246 1916 5294 uvas.

439 5345 465 5373 δ
507 5336 757 5405 Plerique
804 5334 1127 5399 interpretes
1175 5328 1484 5391 existimant
1525 5328 1649 5384 ideo
1696 5329 1869 5384 lutum
1917 5343 1948 5383 a

370 5410 589 5465 Chrism
621 5413 857 5479 positum
894 5427 1056 5481 super
1096 5411 1285 5465 oculos
1332 5408 1459 5481 caeci
1494 5408 1603 5481 nati
1637 5406 1951 5481 (Joan._tx),

372 5497 481 5541 (tuo
506 5477 675 5540 nauis
698 5477 980 5550 appareret
999 5478 1080 5550 vis
1102 5488 1157 5534 et
1179 5477 1496 5544 magnitudo
1520 5477 1787 5531 miraculi.
1812 5478 1950 5550 Ete-j

370 5554 481 5605 nim
506 5551 549 5604 si
583 5551 686 5604 alia
711 5545 967 5605 r'c'minus
982 5549 1410 5605 visuiconttaria
1441 5545 1952 5615 curavisset,videri

356 5622 643 5687 (potuisset
677 5635 784 5673 non
842 5621 1049 5681 divina.
1082 5622 1177 5676 sed
1207 5620 1437 5674 naturali
1475 5620 1653 5688 aliqua
1688 5630 1848 5684 atque
1871 5634 1952 5672 se-

372 5700 517 5743 rrrta
585 5690 968 5744 medicamenti
1002 5694 1205 5757 virtute
1269 5690 1545 5744 curavisse
1601 5690 1864 5749 (Illaldon.
1898 5689 1951 5740 in

371 5762 711 5824 (.‘oma-ent.).
738 5758 871 5813 Cum
890 5768 1069 5814 autem
1096 5763 1207 5815 luto
1232 5760 1520 5821 curaverit,
1550 5778 1658 5823 quo
1683 5760 1815 5813 nihil
1842 5774 1950 5810 ma-

370 5840 453 5909 gis
483 5828 1304 5904 contrariumocnlis‘esgcredi
1343 5848 1445 5884 non
1488 5830 1951 5898 poteratnatutali

2062 4265 2156 4339 luti
2184 4269 2402 4335 virtute,
2434 4271 2527 4327 sed
2559 4271 2736 4326 divina
2776 4268 2977 4327 Christi
3010 4270 3269 4339 potentia,
3309 4269 3647 4327 curationem

2061 4337 2229 4395 luisse
2267 4340 2483 4397 lactant.
2514 4343 2661 4397 Solet
2695 4344 2835 4398 Deus
2867 4341 2967 4396 hac
3004 4337 3071 4396 de
3108 4356 3271 4395 causa
3302 4342 3368 4394 ad
3403 4339 3647 4395 facienda

2061 4411 2339 4477 miracula,
2393 4414 2555 4467 rebus
2602 4413 2676 4466 uti
2733 4414 2963 4467 maxime
3003 4411 3311 4467 contrariis.
3353 4410 3497 4465 Nihil
3538 4424 3641 4477 esr,

2059 4483 2202 4549 quod
2228 4497 2396 4550 aquas
2434 4483 2605 4552 magis
2634 4499 2845 4537 amaras
2875 4492 3036 4550 atque
3070 4481 3409 4548 impotabilcs
3456 4481 3649 4552 reddat

2058 4566 2218 4619 quam
2265 4553 2387 4608 sal:
2431 4550 2554 4622 quis
2582 4554 2725 4609 enim
2778 4555 3013 4608 marinas
3062 4553 3207 4607 bibat
3251 4553 3453 4620 aquas?
3480 4550 3647 4618 Atqui

2059 4622 2290 4679 Elismus
2340 4624 2582 4678 immisso
2629 4626 2680 4678 in
2732 4639 2944 4678 amaras
2990 4638 3157 4690 aquas
3202 4623 3336 4688 sale,
3369 4622 3552 4677 dulces
3579 4638 3650 4679 ac

1977 4709 2030 4768 ι)
2056 4694 2587 4768 ροιειὶιὶΙεεξιιθᾴιιὶιΙιι
2609 4689 2703 4768 (ΙῩ
2735 4694 2864 4763 Reg.
2889 4698 2970 4761 ιι).
3001 4689 3141 4768 Quid
3178 4705 3282 4746 tam
3308 4694 3644 4768 contrarium

2057 4764 2397 4820 extrahendo
2418 4767 2486 4820 de
2508 4762 2660 4831 aquis
2675 4762 2844 4827 ferio,
2867 4781 3024 4834 quam
3045 4765 3276 4831 lignum;
3300 4762 3441 4831 quod
3466 4765 3643 4831 ipsum

2058 4850 2117 4889 re
2146 4836 2249 4891 alia
2278 4836 2612 4901 extrahatur,
2663 4851 2883 4890 necesse
2912 4836 3030 4889 est?
3065 4835 3291 4887 Elisu-us
3318 4842 3519 4893 tamen.
3552 4834 3642 4887 iu-

2051 4904 2198 4977 jectn
2228 4906 2282 4960 in
2307 4906 2534 4977 fluvium
2561 4908 2726 4977 ligno,
2760 4905 2906 4971 fecit,
2938 4905 3209 4977 utierrum
3237 4902 3641 4977 securistqund

2056 4975 2107 5029 in
2141 4976 2338 5031 ﬁumen
2387 4974 2688 5037 ceciderat.
2716 4985 2961 5030 enataret
2997 4974 3097 5045 (ιν
3142 4974 3264 5044 Reg.
3290 4976 3412 5045 (vi).
3452 4974 3542 5045 Sic
3570 4974 3639 5028 li.

2056 5046 2415 5119 Hieronymus
2443 5047 2496 5102 in
2540 5062 2661 5119 cap.
2693 5062 2893 5119 xssvtu
2938 5041 3109 5119 Isaiae,
3137 5041 3243 5119 ubi
3270 5044 3466 5119 dicitur
3497 5041 3640 5097 Eze-

2056 5118 2206 5171 chias
2223 5112 2451 5187 iussisse
2471 5117 2583 5172 suis
2600 5112 2873 5173 ulceribus
2894 5115 3149 5187 applicari
3176 5130 3407 5187 massam
3436 5112 3638 5167 ﬁeuuui

2056 5189 2139 5242 vel
2171 5184 2391 5243 ﬁcorum
2420 5204 2433 5243 :
2479 5189 2639 5257 Aiunt
2652 5225 2669 5248 .
2700 5186 2901 5257 inquit,
2931 5184 3155 5239 illelmei
3207 5185 3410 5239 verbum
3447 5198 3639 5257 suntsi,

2054 5258 2189 5320 quod
2216 5260 2587 5331 pra’termisere
2610 5255 2974 5331 Septuaginta,
2998 5257 3141 5310 ulcus
3162 5270 3366 5331 sonare,
3397 5272 3495 5331 non
3520 5255 3643 5307 rul-

2054 5345 2170 5401 nus.
2201 5328 2337 5381 Nam
2374 5338 2423 5385 et
2446 5330 2653 5401 Aquila,
2684 5323 3029 5401 Synthesis”
3050 5366 3065 5389 ,
3094 5336 3140 5378 et
3172 5324 3468 5401 Theodotio
3492 5330 3640 5401 itaes-

2051 5400 2374 5467 interpretati
2395 5396 2533 5463 sani,
2561 5417 2650 5469 per
2668 5396 2806 5468 quod
2837 5398 3070 5469 morbum
3091 5398 3284 5464 regium
3307 5396 3516 5469 intelligi
3546 5410 3639 5469 ang

2050 5464 2204 5525 lunt}
2231 5472 2312 5524 cui
2337 5464 2603 5540 contraria
2644 5464 3027 5540 palantum“!
3070 5467 3361 5540 suntptajn
3384 5466 3515 5517 cibo.
3544 5467 3639 5540 rei

2046 5541 2284 5611 apposita
2310 5532 2536 5611 corpori,
2566 5531 2894 5609 ᾳυὼειιιιιᾳιιε
2919 5546 3038 5594 sunt
3055 5536 3249 5611 dulcia.
3274 5533 3430 5611 Ergo,
3455 5544 3506 5586 ιιι
3537 5531 3653 5585 Iter

2044 5608 2271 5680 polentia
2317 5608 2705 5672 monstraretur.
2738 5608 2827 5679 per
2856 5624 2937 5663 res
2966 5608 3147 5663 noxias
3173 5616 3220 5662 et
3247 5608 3507 5675 aduersas.
3540 5623 3635 5656 sn-

2046 5679 2181 5753 nitas
2208 5682 2446 5736 restituta
2471 5692 2567 5753 est.
2592 5680 2676 5736 .lta
2711 5681 3091 5753 Hieronymus.

2078 5748 2144 5875 rb
2172 5753 2501 5809 Sententiant
2527 5750 2663 5807 hanc
2692 5751 2814 5807 vide
2833 5742 3082 5821 superius
3113 5745 3249 5823 (Lib.
3282 5762 3344 5817 tt,
3368 5764 3414 5801 c.
3439 5742 3508 5817 3)
3532 5760 3637 5800 ex-

2099 5835 2312 5875 tcatam.

2038 5835 2312 5890 plicatam.
