  <div class='ocr_page' id='page_1' title='image "/cluster/home/n/w/nwhite01/storage/ocr_20150623/50/hvd.32044096580717/114.png"; bbox 0 0 4016 6192; ppageno 0'>
   <div class='ocr_carea' id='block_1_1' title="bbox 276 298 378 355">
    <p class='ocr_par' dir='ltr' id='par_1_1' title="bbox 276 298 378 355">
     <span class='ocr_line' id='line_1_1' title="bbox 276 298 378 355; baseline -0.02 0"><span class='ocrx_word' id='word_1_1' title='bbox 276 298 378 355; x_wconf 69' lang='grc' dir='ltr'><strong>2ιό</strong></span> 
     </span>
    </p>
   </div>
   <div class='ocr_carea' id='block_1_2' title="bbox 1275 303 2549 400">
    <p class='ocr_par' dir='ltr' id='par_1_2' title="bbox 1275 303 2549 400">
     <span class='ocr_line' id='line_1_2' title="bbox 1275 303 2549 400; baseline -0.001 -37"><span class='ocrx_word' id='word_1_2' title='bbox 1275 309 1361 365; x_wconf 85' lang='lat' dir='ltr'><strong>DE</strong></span> <span class='ocrx_word' id='word_1_3' title='bbox 1401 306 1914 400; x_wconf 59' lang='lat' dir='ltr'><strong>lNC.\RN.\&#39;l:lUNE</strong></span> <span class='ocrx_word' id='word_1_4' title='bbox 1953 304 2223 363; x_wconf 77' lang='lat' dir='ltr'><strong>CHRISTI</strong></span> <span class='ocrx_word' id='word_1_5' title='bbox 2266 305 2395 360; x_wconf 81' lang='lat' dir='ltr'><strong>LIB.</strong></span> <span class='ocrx_word' id='word_1_6' title='bbox 2444 303 2549 362; x_wconf 66' lang='lat' dir='ltr'><strong>Hi.</strong></span> 
     </span>
    </p>
   </div>
   <div class='ocr_carea' id='block_1_3' title="bbox 3456 299 3566 356">
    <p class='ocr_par' dir='ltr' id='par_1_3' title="bbox 3456 299 3566 356">
     <span class='ocr_line' id='line_1_3' title="bbox 3456 299 3566 356; baseline 0.018 -2"><span class='ocrx_word' id='word_1_7' title='bbox 3456 299 3566 356; x_wconf 72' lang='lat' dir='ltr'><strong>2H</strong></span> 
     </span>
    </p>
   </div>
   <div class='ocr_carea' id='block_1_4' title="bbox 273 411 3560 488">
    <p class='ocr_par' dir='ltr' id='par_1_4' title="bbox 273 411 3560 488">
     <span class='ocr_line' id='line_1_4' title="bbox 273 411 3560 488; baseline -0.002 -15"><span class='ocrx_word' id='word_1_8' title='bbox 273 418 399 474; x_wconf 84' lang='lat' dir='ltr'><strong>dam</strong></span> <span class='ocrx_word' id='word_1_9' title='bbox 438 417 700 488; x_wconf 77' lang='lat' dir='ltr'><strong>pestifero</strong></span> <span class='ocrx_word' id='word_1_10' title='bbox 724 412 957 473; x_wconf 83' lang='lat' dir='ltr'><strong>tractatu</strong></span> <span class='ocrx_word' id='word_1_11' title='bbox 990 424 1113 484; x_wconf 92' lang='lat' dir='ltr'><strong>tuo,</strong></span> <span class='ocrx_word' id='word_1_12' title='bbox 1170 415 1393 471; x_wconf 80' lang='lat' dir='ltr'><strong>dicens:</strong></span> <span class='ocrx_word' id='word_1_13' title='bbox 1436 417 1699 483; x_wconf 83' lang='lat' dir='ltr'><strong>Quoniam</strong></span> <span class='ocrx_word' id='word_1_14' title='bbox 1729 416 1863 470; x_wconf 75' lang='lat' dir='ltr'><strong>divi-</strong></span> <span class='ocrx_word' id='word_1_15' title='bbox 1896 415 1945 476; x_wconf 82' lang='grc' dir='ltr'>Α</span> <span class='ocrx_word' id='word_1_16' title='bbox 1973 415 2246 484; x_wconf 83' lang='lat' dir='ltr'><strong>ptionem,</strong></span> <span class='ocrx_word' id='word_1_17' title='bbox 2280 426 2453 484; x_wconf 80' lang='lat' dir='ltr'><strong>pietas</strong></span> <span class='ocrx_word' id='word_1_18' title='bbox 2478 414 2661 468; x_wconf 83' lang='lat' dir='ltr'><strong>divina</strong></span> <span class='ocrx_word' id='word_1_19' title='bbox 2690 413 2957 483; x_wconf 84' lang='lat' dir='ltr'><strong>repararit</strong></span> <span class='ocrx_word' id='word_1_20' title='bbox 2993 432 3004 466; x_wconf 90' lang='lat'><strong>:</strong></span> <span class='ocrx_word' id='word_1_21' title='bbox 3038 411 3360 482; x_wconf 78' lang='lat' dir='ltr'><strong>Corruptam</strong></span> <span class='ocrx_word' id='word_1_22' title='bbox 3394 413 3560 477; x_wconf 84' lang='lat' dir='ltr'><strong>enim,</strong></span> 
     </span>
    </p>
   </div>
   <div class='ocr_carea' id='block_1_5' title="bbox 273 507 1872 581">
    <p class='ocr_par' dir='ltr' id='par_1_5' title="bbox 273 507 1872 581">
     <span class='ocr_line' id='line_1_5' title="bbox 273 507 1872 581; baseline -0.003 -14"><span class='ocrx_word' id='word_1_23' title='bbox 273 530 355 567; x_wconf 65' lang='lat' dir='ltr'><strong>nae</strong></span> <span class='ocrx_word' id='word_1_24' title='bbox 382 520 595 567; x_wconf 74' lang='lat' dir='ltr'><strong>natura:</strong></span> <span class='ocrx_word' id='word_1_25' title='bbox 617 512 796 581; x_wconf 79' lang='lat' dir='ltr'><strong>imago</strong></span> <span class='ocrx_word' id='word_1_26' title='bbox 823 522 907 567; x_wconf 87' lang='lat' dir='ltr'><strong>est</strong></span> <span class='ocrx_word' id='word_1_27' title='bbox 932 509 1117 576; x_wconf 83' lang='lat' dir='ltr'><strong>homo,</strong></span> <span class='ocrx_word' id='word_1_28' title='bbox 1145 508 1287 564; x_wconf 87' lang='lat' dir='ltr'><strong>hanc</strong></span> <span class='ocrx_word' id='word_1_29' title='bbox 1300 519 1476 563; x_wconf 81' lang='lat' dir='ltr'><strong>autem</strong></span> <span class='ocrx_word' id='word_1_30' title='bbox 1505 507 1731 579; x_wconf 63' lang='lat' dir='ltr'><strong>proiecit</strong></span> <span class='ocrx_word' id='word_1_31' title='bbox 1757 507 1872 563; x_wconf 82' lang='lat' dir='ltr'><strong>dia-</strong></span> 
     </span>
    </p>
   </div>
   <div class='ocr_carea' id='block_1_6' title="bbox 270 600 1870 672">
    <p class='ocr_par' dir='ltr' id='par_1_6' title="bbox 270 600 1870 672">
     <span class='ocr_line' id='line_1_6' title="bbox 270 600 1870 672; baseline -0.003 -15"><span class='ocrx_word' id='word_1_32' title='bbox 270 603 430 657; x_wconf 80' lang='lat' dir='ltr'><strong>bolus</strong></span> <span class='ocrx_word' id='word_1_33' title='bbox 458 603 965 672; x_wconf 84' lang='lat' dir='ltr'><strong>incorruptionem,</strong></span> <span class='ocrx_word' id='word_1_34' title='bbox 998 600 1167 656; x_wconf 79' lang='lat' dir='ltr'><strong>doluit</strong></span> <span class='ocrx_word' id='word_1_35' title='bbox 1201 601 1339 655; x_wconf 74' lang='lat' dir='ltr'><strong>sicut</strong></span> <span class='ocrx_word' id='word_1_36' title='bbox 1372 615 1468 669; x_wconf 90' lang='lat' dir='ltr'><strong>pro</strong></span> <span class='ocrx_word' id='word_1_37' title='bbox 1513 600 1744 670; x_wconf 91' lang='lat' dir='ltr'><strong>imagine</strong></span> <span class='ocrx_word' id='word_1_38' title='bbox 1774 615 1870 653; x_wconf 90' lang='lat' dir='ltr'><strong>sua</strong></span> 
     </span>
    </p>
   </div>
   <div class='ocr_carea' id='block_1_7' title="bbox 268 692 1868 762">
    <p class='ocr_par' dir='ltr' id='par_1_7' title="bbox 268 692 1868 762">
     <span class='ocr_line' id='line_1_7' title="bbox 268 692 1868 762; baseline -0.002 -14"><span class='ocrx_word' id='word_1_39' title='bbox 268 693 437 754; x_wconf 78' lang='lat' dir='ltr'><strong>Deus,</strong></span> <span class='ocrx_word' id='word_1_40' title='bbox 465 693 605 747; x_wconf 81' lang='lat' dir='ltr'><strong>sicut</strong></span> <span class='ocrx_word' id='word_1_41' title='bbox 638 708 738 762; x_wconf 83' lang='lat' dir='ltr'><strong>pro</strong></span> <span class='ocrx_word' id='word_1_42' title='bbox 765 702 940 746; x_wconf 85' lang='lat' dir='ltr'><strong>statua</strong></span> <span class='ocrx_word' id='word_1_43' title='bbox 966 707 1059 746; x_wconf 88' lang='lat' dir='ltr'><strong>sua</strong></span> <span class='ocrx_word' id='word_1_44' title='bbox 1085 692 1401 762; x_wconf 76' lang='lat' dir='ltr'><strong>imperator,</strong></span> <span class='ocrx_word' id='word_1_45' title='bbox 1456 701 1510 745; x_wconf 92' lang='lat' dir='ltr'><strong>et</strong></span> <span class='ocrx_word' id='word_1_46' title='bbox 1556 702 1868 761; x_wconf 76' lang='lat' dir='ltr'><strong>corruptam</strong></span> 
     </span>
    </p>
   </div>
   <div class='ocr_carea' id='block_1_8' title="bbox 268 782 1873 854">
    <p class='ocr_par' dir='ltr' id='par_1_8' title="bbox 268 782 1873 854">
     <span class='ocr_line' id='line_1_8' title="bbox 268 782 1873 854; baseline -0.001 -16"><span class='ocrx_word' id='word_1_47' title='bbox 268 794 488 853; x_wconf 78' lang='lat' dir='ltr'><strong>reparat</strong></span> <span class='ocrx_word' id='word_1_48' title='bbox 509 783 799 854; x_wconf 74' lang='lat' dir='ltr'><strong>imaginem</strong></span> <span class='ocrx_word' id='word_1_49' title='bbox 826 798 841 849; x_wconf 92' lang='lat'><strong>;</strong></span> <span class='ocrx_word' id='word_1_50' title='bbox 875 793 928 837; x_wconf 91' lang='lat' dir='ltr'><strong>et</strong></span> <span class='ocrx_word' id='word_1_51' title='bbox 951 783 1066 837; x_wconf 67' lang='lat' dir='ltr'><strong>sine</strong></span> <span class='ocrx_word' id='word_1_52' title='bbox 1090 785 1297 838; x_wconf 84' lang='lat' dir='ltr'><strong>semine</strong></span> <span class='ocrx_word' id='word_1_53' title='bbox 1320 783 1569 838; x_wconf 81' lang='lat' dir='ltr'><strong>formavit</strong></span> <span class='ocrx_word' id='word_1_54' title='bbox 1600 782 1667 838; x_wconf 91' lang='lat' dir='ltr'><strong>de</strong></span> <span class='ocrx_word' id='word_1_55' title='bbox 1700 782 1873 851; x_wconf 76' lang='lat' dir='ltr'><strong>Virgi-</strong></span> 
     </span>
    </p>
   </div>
   <div class='ocr_carea' id='block_1_9' title="bbox 266 875 1871 945">
    <p class='ocr_par' dir='ltr' id='par_1_9' title="bbox 266 875 1871 945">
     <span class='ocr_line' id='line_1_9' title="bbox 266 875 1871 945; baseline -0.001 -15"><span class='ocrx_word' id='word_1_56' title='bbox 266 892 333 930; x_wconf 84' lang='lat' dir='ltr'><strong>ne</strong></span> <span class='ocrx_word' id='word_1_57' title='bbox 359 884 640 939; x_wconf 88' lang='lat' dir='ltr'><strong>naturam,</strong></span> <span class='ocrx_word' id='word_1_58' title='bbox 663 875 959 930; x_wconf 87' lang='lat' dir='ltr'><strong>secundum</strong></span> <span class='ocrx_word' id='word_1_59' title='bbox 988 875 1133 929; x_wconf 84' lang='lat' dir='ltr'><strong>illum</strong></span> <span class='ocrx_word' id='word_1_60' title='bbox 1161 875 1253 945; x_wconf 91' lang='lat' dir='ltr'><strong>qui</strong></span> <span class='ocrx_word' id='word_1_61' title='bbox 1296 877 1414 930; x_wconf 87' lang='lat' dir='ltr'><strong>sine</strong></span> <span class='ocrx_word' id='word_1_62' title='bbox 1464 876 1672 930; x_wconf 89' lang='lat' dir='ltr'><strong>semine</strong></span> <span class='ocrx_word' id='word_1_63' title='bbox 1714 885 1871 929; x_wconf 88' lang='lat' dir='ltr'><strong>natus</strong></span> 
     </span>
    </p>
   </div>
   <div class='ocr_carea' id='block_1_10' title="bbox 264 967 1867 1038">
    <p class='ocr_par' dir='ltr' id='par_1_10' title="bbox 264 967 1867 1038">
     <span class='ocr_line' id='line_1_10' title="bbox 264 967 1867 1038; baseline -0.001 -16"><span class='ocrx_word' id='word_1_64' title='bbox 264 977 347 1022; x_wconf 87' lang='lat' dir='ltr'><strong>est</strong></span> <span class='ocrx_word' id='word_1_65' title='bbox 364 967 568 1033; x_wconf 72' lang='lat' dir='ltr'><strong>Adam,</strong></span> <span class='ocrx_word' id='word_1_66' title='bbox 583 980 631 1021; x_wconf 90' lang='lat' dir='ltr'><strong>et</strong></span> <span class='ocrx_word' id='word_1_67' title='bbox 656 968 1035 1038; x_wconf 85' lang='lat' dir='ltr'><strong>perhominem</strong></span> <span class='ocrx_word' id='word_1_68' title='bbox 1052 968 1337 1022; x_wconf 87' lang='lat' dir='ltr'><strong>humanam</strong></span> <span class='ocrx_word' id='word_1_69' title='bbox 1358 978 1603 1022; x_wconf 88' lang='lat' dir='ltr'><strong>naturam</strong></span> <span class='ocrx_word' id='word_1_70' title='bbox 1618 968 1867 1033; x_wconf 84' lang='lat' dir='ltr'><strong>suscitat;</strong></span> 
     </span>
    </p>
   </div>
   <div class='ocr_carea' id='block_1_11' title="bbox 264 1058 1871 1139">
    <p class='ocr_par' dir='ltr' id='par_1_11' title="bbox 264 1058 1871 1139">
     <span class='ocr_line' id='line_1_11' title="bbox 264 1058 1871 1139; baseline 0.001 -25"><span class='ocrx_word' id='word_1_71' title='bbox 264 1062 515 1130; x_wconf 57' lang='lat' dir='ltr'><strong>quoniam</strong></span> <span class='ocrx_word' id='word_1_72' title='bbox 540 1063 677 1139; x_wconf 75' lang='lat' dir='ltr'><strong>enim</strong></span> <span class='ocrx_word' id='word_1_73' title='bbox 698 1078 790 1134; x_wconf 86' lang='lat' dir='ltr'><strong>per</strong></span> <span class='ocrx_word' id='word_1_74' title='bbox 820 1058 1091 1117; x_wconf 71' lang='lat' dir='ltr'><strong>hominem</strong></span> <span class='ocrx_word' id='word_1_75' title='bbox 1106 1079 1265 1129; x_wconf 86' lang='lat' dir='ltr'><strong>mors,</strong></span> <span class='ocrx_word' id='word_1_76' title='bbox 1288 1061 1406 1117; x_wconf 85' lang='lat' dir='ltr'><strong>ideo</strong></span> <span class='ocrx_word' id='word_1_77' title='bbox 1434 1072 1478 1117; x_wconf 88' lang='lat' dir='ltr'><strong>et</strong></span> <span class='ocrx_word' id='word_1_78' title='bbox 1497 1079 1585 1135; x_wconf 86' lang='lat' dir='ltr'><strong>per</strong></span> <span class='ocrx_word' id='word_1_79' title='bbox 1612 1061 1871 1117; x_wconf 78' lang='lat' dir='ltr'><strong>hominem</strong></span> 
     </span>
    </p>
   </div>
   <div class='ocr_carea' id='block_1_12' title="bbox 264 1152 1870 1225">
    <p class='ocr_par' dir='ltr' id='par_1_12' title="bbox 264 1152 1870 1225">
     <span class='ocr_line' id='line_1_12' title="bbox 264 1152 1870 1225; baseline 0.001 -19"><span class='ocrx_word' id='word_1_80' title='bbox 264 1156 578 1207; x_wconf 79' lang='lat' dir='ltr'><strong>resurrectio</strong></span> <span class='ocrx_word' id='word_1_81' title='bbox 604 1164 923 1208; x_wconf 81' lang='lat' dir='ltr'><strong>mortuorum</strong></span> <span class='ocrx_word' id='word_1_82' title='bbox 947 1154 992 1225; x_wconf 90' lang='lat' dir='ltr'><strong>(l</strong></span> <span class='ocrx_word' id='word_1_83' title='bbox 1022 1152 1142 1209; x_wconf 90' lang='lat' dir='ltr'><strong>Cor.</strong></span> <span class='ocrx_word' id='word_1_84' title='bbox 1177 1160 1288 1224; x_wconf 81' lang='lat' dir='ltr'><strong>xv).</strong></span> <span class='ocrx_word' id='word_1_85' title='bbox 1313 1153 1690 1210; x_wconf 72' lang='lat' dir='ltr'><strong>Veneficorum</strong></span> <span class='ocrx_word' id='word_1_86' title='bbox 1734 1172 1870 1225; x_wconf 89' lang='lat' dir='ltr'><strong>quo-</strong></span> 
     </span>
    </p>
   </div>
   <div class='ocr_carea' id='block_1_13' title="bbox 266 1243 1870 1315">
    <p class='ocr_par' dir='ltr' id='par_1_13' title="bbox 266 1243 1870 1315">
     <span class='ocr_line' id='line_1_13' title="bbox 266 1243 1870 1315; baseline 0.003 -19"><span class='ocrx_word' id='word_1_87' title='bbox 266 1243 541 1306; x_wconf 83' lang='lat' dir='ltr'><strong>rumdam,</strong></span> <span class='ocrx_word' id='word_1_88' title='bbox 572 1252 632 1297; x_wconf 81' lang='lat' dir='ltr'><strong>ut</strong></span> <span class='ocrx_word' id='word_1_89' title='bbox 657 1244 828 1309; x_wconf 87' lang='lat' dir='ltr'><strong>aiunt,</strong></span> <span class='ocrx_word' id='word_1_90' title='bbox 855 1244 1191 1298; x_wconf 76' lang='lat' dir='ltr'><strong>consuetudo</strong></span> <span class='ocrx_word' id='word_1_91' title='bbox 1220 1252 1304 1299; x_wconf 93' lang='lat' dir='ltr'><strong>est</strong></span> <span class='ocrx_word' id='word_1_92' title='bbox 1334 1253 1391 1298; x_wconf 83' lang='lat' dir='ltr'><strong>ut</strong></span> <span class='ocrx_word' id='word_1_93' title='bbox 1420 1246 1471 1299; x_wconf 91' lang='lat' dir='ltr'><strong>iu</strong></span> <span class='ocrx_word' id='word_1_94' title='bbox 1509 1245 1718 1315; x_wconf 88' lang='lat' dir='ltr'><strong>poculis</strong></span> <span class='ocrx_word' id='word_1_95' title='bbox 1749 1262 1870 1315; x_wconf 73' lang='lat' dir='ltr'><strong>qua:</strong></span> 
     </span>
    </p>
   </div>
   <div class='ocr_carea' id='block_1_14' title="bbox 264 1335 1870 1407">
    <p class='ocr_par' dir='ltr' id='par_1_14' title="bbox 264 1335 1870 1407">
     <span class='ocr_line' id='line_1_14' title="bbox 264 1335 1870 1407; baseline 0.002 -17"><span class='ocrx_word' id='word_1_96' title='bbox 264 1335 557 1390; x_wconf 73' lang='lat' dir='ltr'><strong>conﬁdunt</strong></span> <span class='ocrx_word' id='word_1_97' title='bbox 592 1338 818 1391; x_wconf 80' lang='lat' dir='ltr'><strong>venenis</strong></span> <span class='ocrx_word' id='word_1_98' title='bbox 870 1336 1027 1391; x_wconf 88' lang='lat' dir='ltr'><strong>mella</strong></span> <span class='ocrx_word' id='word_1_99' title='bbox 1086 1337 1467 1407; x_wconf 82' lang='lat' dir='ltr'><strong>permisceant,</strong></span> <span class='ocrx_word' id='word_1_100' title='bbox 1526 1348 1584 1393; x_wconf 93' lang='lat' dir='ltr'><strong>ut</strong></span> <span class='ocrx_word' id='word_1_101' title='bbox 1627 1338 1870 1395; x_wconf 75' lang='lat' dir='ltr'><strong>dulcibus</strong></span> 
     </span>
    </p>
   </div>
   <div class='ocr_carea' id='block_1_15' title="bbox 265 1430 1867 1502">
    <p class='ocr_par' dir='ltr' id='par_1_15' title="bbox 265 1430 1867 1502">
     <span class='ocr_line' id='line_1_15' title="bbox 265 1430 1867 1502; baseline 0.002 -18"><span class='ocrx_word' id='word_1_102' title='bbox 265 1431 515 1485; x_wconf 79' lang='lat' dir='ltr'><strong>nocitura</strong></span> <span class='ocrx_word' id='word_1_103' title='bbox 557 1430 840 1496; x_wconf 87' lang='lat' dir='ltr'><strong>celentur;</strong></span> <span class='ocrx_word' id='word_1_104' title='bbox 869 1440 922 1486; x_wconf 89' lang='lat' dir='ltr'><strong>et</strong></span> <span class='ocrx_word' id='word_1_105' title='bbox 951 1431 1076 1485; x_wconf 91' lang='lat' dir='ltr'><strong>dum</strong></span> <span class='ocrx_word' id='word_1_106' title='bbox 1104 1430 1225 1502; x_wconf 83' lang='lat' dir='ltr'><strong>quis</strong></span> <span class='ocrx_word' id='word_1_107' title='bbox 1252 1431 1432 1487; x_wconf 88' lang='lat' dir='ltr'><strong>mellis</strong></span> <span class='ocrx_word' id='word_1_108' title='bbox 1460 1432 1746 1488; x_wconf 88' lang='lat' dir='ltr'><strong>dulcedine</strong></span> <span class='ocrx_word' id='word_1_109' title='bbox 1773 1448 1867 1489; x_wconf 77' lang='lat' dir='ltr'><strong>ca~</strong></span> 
     </span>
    </p>
   </div>
   <div class='ocr_carea' id='block_1_16' title="bbox 265 1522 1862 1595">
    <p class='ocr_par' dir='ltr' id='par_1_16' title="bbox 265 1522 1862 1595">
     <span class='ocr_line' id='line_1_16' title="bbox 265 1522 1862 1595; baseline 0.003 -21"><span class='ocrx_word' id='word_1_110' title='bbox 265 1522 434 1589; x_wconf 84' lang='lat' dir='ltr'><strong>pitur,</strong></span> <span class='ocrx_word' id='word_1_111' title='bbox 467 1523 665 1577; x_wconf 72' lang='lat' dir='ltr'><strong>veneni</strong></span> <span class='ocrx_word' id='word_1_112' title='bbox 692 1531 842 1591; x_wconf 82' lang='lat' dir='ltr'><strong>peste</strong></span> <span class='ocrx_word' id='word_1_113' title='bbox 868 1522 1185 1592; x_wconf 84' lang='lat' dir='ltr'><strong>perimatur.</strong></span> <span class='ocrx_word' id='word_1_114' title='bbox 1219 1523 1294 1578; x_wconf 86' lang='lat' dir='ltr'><strong>ita</strong></span> <span class='ocrx_word' id='word_1_115' title='bbox 1314 1540 1442 1595; x_wconf 82' lang='lat' dir='ltr'><strong>ergo</strong></span> <span class='ocrx_word' id='word_1_116' title='bbox 1469 1533 1520 1580; x_wconf 86' lang='lat' dir='ltr'><strong>et</strong></span> <span class='ocrx_word' id='word_1_117' title='bbox 1544 1533 1620 1593; x_wconf 92' lang='lat' dir='ltr'><strong>tu,</strong></span> <span class='ocrx_word' id='word_1_118' title='bbox 1645 1527 1862 1581; x_wconf 86' lang='lat' dir='ltr'><strong>dicens:</strong></span> 
     </span>
    </p>
   </div>
   <div class='ocr_carea' id='block_1_17' title="bbox 267 1614 1869 1688">
    <p class='ocr_par' dir='ltr' id='par_1_17' title="bbox 267 1614 1869 1688">
     <span class='ocr_line' id='line_1_17' title="bbox 267 1614 1869 1688; baseline 0.004 -21"><span class='ocrx_word' id='word_1_119' title='bbox 267 1614 477 1667; x_wconf 79' lang='lat' dir='ltr'><strong>Divina:</strong></span> <span class='ocrx_word' id='word_1_120' title='bbox 506 1622 719 1668; x_wconf 70' lang='lat' dir='ltr'><strong>natura:</strong></span> <span class='ocrx_word' id='word_1_121' title='bbox 751 1614 927 1685; x_wconf 82' lang='lat' dir='ltr'><strong>imago</strong></span> <span class='ocrx_word' id='word_1_122' title='bbox 972 1625 1054 1671; x_wconf 89' lang='lat' dir='ltr'><strong>est</strong></span> <span class='ocrx_word' id='word_1_123' title='bbox 1083 1616 1246 1671; x_wconf 89' lang='lat' dir='ltr'><strong>homo</strong></span> <span class='ocrx_word' id='word_1_124' title='bbox 1279 1634 1291 1670; x_wconf 87' lang='lat'><strong>:</strong></span> <span class='ocrx_word' id='word_1_125' title='bbox 1327 1618 1463 1673; x_wconf 90' lang='lat' dir='ltr'><strong>hanc</strong></span> <span class='ocrx_word' id='word_1_126' title='bbox 1491 1629 1669 1674; x_wconf 87' lang='lat' dir='ltr'><strong>autem</strong></span> <span class='ocrx_word' id='word_1_127' title='bbox 1692 1618 1869 1688; x_wconf 86' lang='lat' dir='ltr'><strong>proje-</strong></span> 
     </span>
    </p>
   </div>
   <div class='ocr_carea' id='block_1_18' title="bbox 263 1706 1867 1781">
    <p class='ocr_par' dir='ltr' id='par_1_18' title="bbox 263 1706 1867 1781">
     <span class='ocr_line' id='line_1_18' title="bbox 263 1706 1867 1781; baseline 0.003 -20"><span class='ocrx_word' id='word_1_128' title='bbox 263 1709 337 1761; x_wconf 89' lang='lat' dir='ltr'><strong>cit</strong></span> <span class='ocrx_word' id='word_1_129' title='bbox 364 1706 622 1761; x_wconf 76' lang='lat' dir='ltr'><strong>diabolus</strong></span> <span class='ocrx_word' id='word_1_130' title='bbox 671 1712 723 1763; x_wconf 90' lang='lat' dir='ltr'><strong>in</strong></span> <span class='ocrx_word' id='word_1_131' title='bbox 773 1709 1208 1779; x_wconf 84' lang='lat' dir='ltr'><strong>corruptionem;</strong></span> <span class='ocrx_word' id='word_1_132' title='bbox 1241 1708 1572 1767; x_wconf 88' lang='lat' dir='ltr'><strong>doluitsicut</strong></span> <span class='ocrx_word' id='word_1_133' title='bbox 1596 1726 1697 1781; x_wconf 90' lang='lat' dir='ltr'><strong>pro</strong></span> <span class='ocrx_word' id='word_1_134' title='bbox 1730 1713 1867 1766; x_wconf 88' lang='lat' dir='ltr'><strong>ima-</strong></span> 
     </span>
    </p>
   </div>
   <div class='ocr_carea' id='block_1_19' title="bbox 1974 505 3569 578">
    <p class='ocr_par' dir='ltr' id='par_1_19' title="bbox 1974 505 3569 578">
     <span class='ocr_line' id='line_1_19' title="bbox 1974 505 3569 578; baseline -0.001 -17"><span class='ocrx_word' id='word_1_135' title='bbox 1974 508 2173 577; x_wconf 88' lang='lat' dir='ltr'><strong>inquis,</strong></span> <span class='ocrx_word' id='word_1_136' title='bbox 2205 517 2423 578; x_wconf 81' lang='lat' dir='ltr'><strong>reparat</strong></span> <span class='ocrx_word' id='word_1_137' title='bbox 2453 507 2762 577; x_wconf 77' lang='lat' dir='ltr'><strong>imaginem.</strong></span> <span class='ocrx_word' id='word_1_138' title='bbox 2809 506 2927 561; x_wconf 87' lang='lat' dir='ltr'><strong>.lam</strong></span> <span class='ocrx_word' id='word_1_139' title='bbox 2974 505 3079 561; x_wconf 89' lang='lat' dir='ltr'><strong>hoc</strong></span> <span class='ocrx_word' id='word_1_140' title='bbox 3128 522 3287 575; x_wconf 86' lang='lat' dir='ltr'><strong>quam</strong></span> <span class='ocrx_word' id='word_1_141' title='bbox 3340 506 3569 563; x_wconf 84' lang='lat' dir='ltr'><strong>subdole</strong></span> 
     </span>
    </p>
   </div>
   <div class='ocr_carea' id='block_1_20' title="bbox 1973 599 3567 670">
    <p class='ocr_par' dir='ltr' id='par_1_20' title="bbox 1973 599 3567 670">
     <span class='ocr_line' id='line_1_20' title="bbox 1973 599 3567 670; baseline 0.001 -19"><span class='ocrx_word' id='word_1_142' title='bbox 1973 601 2113 670; x_wconf 87' lang='lat' dir='ltr'><strong>quod</strong></span> <span class='ocrx_word' id='word_1_143' title='bbox 2145 602 2246 667; x_wconf 88' lang='lat' dir='ltr'><strong>ais,</strong></span> <span class='ocrx_word' id='word_1_144' title='bbox 2275 610 2584 669; x_wconf 86' lang='lat' dir='ltr'><strong>corruptam</strong></span> <span class='ocrx_word' id='word_1_145' title='bbox 2618 608 2834 668; x_wconf 84' lang='lat' dir='ltr'><strong>reparat</strong></span> <span class='ocrx_word' id='word_1_146' title='bbox 2878 599 3185 669; x_wconf 75' lang='lat' dir='ltr'><strong>imaginem,</strong></span> <span class='ocrx_word' id='word_1_147' title='bbox 3242 599 3471 663; x_wconf 86' lang='lat' dir='ltr'><strong>scilicet,</strong></span> <span class='ocrx_word' id='word_1_148' title='bbox 3510 610 3567 653; x_wconf 85' lang='grc' dir='ltr'><strong>ιιι</strong></span> 
     </span>
    </p>
   </div>
   <div class='ocr_carea' id='block_1_21' title="bbox 1975 688 3567 761">
    <p class='ocr_par' dir='ltr' id='par_1_21' title="bbox 1975 688 3567 761">
     <span class='ocr_line' id='line_1_21' title="bbox 1975 688 3567 761; baseline 0.001 -16"><span class='ocrx_word' id='word_1_149' title='bbox 1975 692 2298 761; x_wconf 86' lang='lat' dir='ltr'><strong>persuadeas</strong></span> <span class='ocrx_word' id='word_1_150' title='bbox 2322 692 2452 745; x_wconf 90' lang='lat' dir='ltr'><strong>nihil</strong></span> <span class='ocrx_word' id='word_1_151' title='bbox 2477 692 2596 761; x_wconf 90' lang='lat' dir='ltr'><strong>plus</strong></span> <span class='ocrx_word' id='word_1_152' title='bbox 2616 688 2785 746; x_wconf 82' lang='lat' dir='ltr'><strong>fuisse</strong></span> <span class='ocrx_word' id='word_1_153' title='bbox 2817 691 2867 744; x_wconf 91' lang='lat' dir='ltr'><strong>in</strong></span> <span class='ocrx_word' id='word_1_154' title='bbox 2904 706 2970 744; x_wconf 90' lang='lat' dir='ltr'><strong>eo</strong></span> <span class='ocrx_word' id='word_1_155' title='bbox 3030 690 3081 744; x_wconf 92' lang='lat' dir='ltr'><strong>in</strong></span> <span class='ocrx_word' id='word_1_156' title='bbox 3111 705 3217 759; x_wconf 89' lang='lat' dir='ltr'><strong>quo</strong></span> <span class='ocrx_word' id='word_1_157' title='bbox 3269 689 3444 759; x_wconf 79' lang='lat' dir='ltr'><strong>imago</strong></span> <span class='ocrx_word' id='word_1_158' title='bbox 3480 707 3567 745; x_wconf 84' lang='lat' dir='ltr'><strong>rc-</strong></span> 
     </span>
    </p>
   </div>
   <div class='ocr_carea' id='block_1_22' title="bbox 1975 782 3564 854">
    <p class='ocr_par' dir='ltr' id='par_1_22' title="bbox 1975 782 3564 854">
     <span class='ocr_line' id='line_1_22' title="bbox 1975 782 3564 854; baseline -0.001 -19"><span class='ocrx_word' id='word_1_159' title='bbox 1975 785 2280 852; x_wconf 68' lang='lat' dir='ltr'><strong>parabatur,</strong></span> <span class='ocrx_word' id='word_1_160' title='bbox 2301 800 2455 854; x_wconf 80' lang='lat' dir='ltr'><strong>quam</strong></span> <span class='ocrx_word' id='word_1_161' title='bbox 2486 787 2538 838; x_wconf 89' lang='lat' dir='ltr'><strong>in</strong></span> <span class='ocrx_word' id='word_1_162' title='bbox 2561 799 2623 839; x_wconf 88' lang='lat' dir='ltr'><strong>ea</strong></span> <span class='ocrx_word' id='word_1_163' title='bbox 2652 784 2763 853; x_wconf 90' lang='lat' dir='ltr'><strong>ipsa</strong></span> <span class='ocrx_word' id='word_1_164' title='bbox 2789 782 3021 852; x_wconf 82' lang='lat' dir='ltr'><strong>imagine</strong></span> <span class='ocrx_word' id='word_1_165' title='bbox 3050 783 3317 837; x_wconf 80' lang='lat' dir='ltr'><strong>fueritcui</strong></span> <span class='ocrx_word' id='word_1_166' title='bbox 3346 798 3564 851; x_wconf 85' lang='lat' dir='ltr'><strong>repara-</strong></span> 
     </span>
    </p>
   </div>
   <div class='ocr_carea' id='block_1_23' title="bbox 1974 873 3568 946">
    <p class='ocr_par' dir='ltr' id='par_1_23' title="bbox 1974 873 3568 946">
     <span class='ocr_line' id='line_1_23' title="bbox 1974 873 3568 946; baseline -0.002 -17"><span class='ocrx_word' id='word_1_167' title='bbox 1974 878 2048 931; x_wconf 90' lang='lat' dir='ltr'><strong>tio</strong></span> <span class='ocrx_word' id='word_1_168' title='bbox 2078 876 2457 945; x_wconf 81' lang='lat' dir='ltr'><strong>praestabatur.</strong></span> <span class='ocrx_word' id='word_1_169' title='bbox 2514 879 2587 930; x_wconf 75' lang='lat' dir='ltr'><strong>Ac</strong></span> <span class='ocrx_word' id='word_1_170' title='bbox 2635 890 2734 944; x_wconf 87' lang='lat' dir='ltr'><strong>per</strong></span> <span class='ocrx_word' id='word_1_171' title='bbox 2768 875 2870 929; x_wconf 91' lang='lat' dir='ltr'><strong>hoc</strong></span> <span class='ocrx_word' id='word_1_172' title='bbox 2902 874 3042 929; x_wconf 83' lang='lat' dir='ltr'><strong>idem</strong></span> <span class='ocrx_word' id='word_1_173' title='bbox 3086 873 3568 946; x_wconf 85' lang='lat' dir='ltr'><strong>tantummodovis</strong></span> 
     </span>
    </p>
   </div>
   <div class='ocr_carea' id='block_1_24' title="bbox 1973 964 3568 1036">
    <p class='ocr_par' dir='ltr' id='par_1_24' title="bbox 1973 964 3568 1036">
     <span class='ocr_line' id='line_1_24' title="bbox 1973 964 3568 1036; baseline -0.004 -13"><span class='ocrx_word' id='word_1_174' title='bbox 1973 982 2095 1023; x_wconf 66' lang='lat' dir='ltr'><strong>esse</strong></span> <span class='ocrx_word' id='word_1_175' title='bbox 2125 967 2411 1020; x_wconf 85' lang='lat' dir='ltr'><strong>Dominum</strong></span> <span class='ocrx_word' id='word_1_176' title='bbox 2443 966 2584 1036; x_wconf 90' lang='lat' dir='ltr'><strong>quod</strong></span> <span class='ocrx_word' id='word_1_177' title='bbox 2619 966 2824 1029; x_wconf 78' lang='lat' dir='ltr'><strong>Adam;</strong></span> <span class='ocrx_word' id='word_1_178' title='bbox 2853 965 2985 1019; x_wconf 84' lang='lat' dir='ltr'><strong>nihil</strong></span> <span class='ocrx_word' id='word_1_179' title='bbox 3030 965 3150 1035; x_wconf 89' lang='lat' dir='ltr'><strong>plus</strong></span> <span class='ocrx_word' id='word_1_180' title='bbox 3186 964 3431 1034; x_wconf 78' lang='lat' dir='ltr'><strong>imaginis</strong></span> <span class='ocrx_word' id='word_1_181' title='bbox 3484 980 3568 1017; x_wconf 81' lang='lat' dir='ltr'><strong>rc-</strong></span> 
     </span>
    </p>
   </div>
   <div class='ocr_carea' id='block_1_25' title="bbox 1976 1059 3569 1131">
    <p class='ocr_par' dir='ltr' id='par_1_25' title="bbox 1976 1059 3569 1131">
     <span class='ocr_line' id='line_1_25' title="bbox 1976 1059 3569 1131; baseline -0.001 -16"><span class='ocrx_word' id='word_1_182' title='bbox 1976 1073 2277 1130; x_wconf 89' lang='lat' dir='ltr'><strong>paratorem</strong></span> <span class='ocrx_word' id='word_1_183' title='bbox 2311 1076 2471 1131; x_wconf 87' lang='lat' dir='ltr'><strong>quam</strong></span> <span class='ocrx_word' id='word_1_184' title='bbox 2515 1060 2684 1131; x_wconf 88' lang='lat' dir='ltr'><strong>ipsam</strong></span> <span class='ocrx_word' id='word_1_185' title='bbox 2723 1059 3010 1129; x_wconf 81' lang='lat' dir='ltr'><strong>imaginem</strong></span> <span class='ocrx_word' id='word_1_186' title='bbox 3066 1067 3434 1114; x_wconf 88' lang='lat' dir='ltr'><strong>corruentem.</strong></span> <span class='ocrx_word' id='word_1_187' title='bbox 3466 1059 3569 1113; x_wconf 87' lang='lat' dir='ltr'><strong>De-</strong></span> 
     </span>
    </p>
   </div>
   <div class='ocr_carea' id='block_1_26' title="bbox 1976 1149 3565 1226">
    <p class='ocr_par' dir='ltr' id='par_1_26' title="bbox 1976 1149 3565 1226">
     <span class='ocr_line' id='line_1_26' title="bbox 1976 1149 3565 1226; baseline -0.004 -18"><span class='ocrx_word' id='word_1_188' title='bbox 1976 1155 2138 1224; x_wconf 92' lang='lat' dir='ltr'><strong>nique</strong></span> <span class='ocrx_word' id='word_1_189' title='bbox 2159 1154 2284 1225; x_wconf 88' lang='lat' dir='ltr'><strong>quid</strong></span> <span class='ocrx_word' id='word_1_190' title='bbox 2328 1168 2478 1226; x_wconf 82' lang='lat' dir='ltr'><strong>agas,</strong></span> <span class='ocrx_word' id='word_1_191' title='bbox 2507 1152 2635 1222; x_wconf 87' lang='lat' dir='ltr'><strong>quid</strong></span> <span class='ocrx_word' id='word_1_192' title='bbox 2668 1152 2934 1216; x_wconf 84' lang='lat' dir='ltr'><strong>moliaris,</strong></span> <span class='ocrx_word' id='word_1_193' title='bbox 2965 1150 3314 1220; x_wconf 84' lang='lat' dir='ltr'><strong>sequentibus</strong></span> <span class='ocrx_word' id='word_1_194' title='bbox 3347 1149 3565 1218; x_wconf 86' lang='lat' dir='ltr'><strong>probas,</strong></span> 
     </span>
    </p>
   </div>
   <div class='ocr_carea' id='block_1_27' title="bbox 1974 1240 3567 1301">
    <p class='ocr_par' dir='ltr' id='par_1_27' title="bbox 1974 1240 3567 1301">
     <span class='ocr_line' id='line_1_27' title="bbox 1974 1240 3567 1301; baseline -0.004 -3"><span class='ocrx_word' id='word_1_195' title='bbox 1974 1244 2199 1301; x_wconf 86' lang='lat' dir='ltr'><strong>dicens:</strong></span> <span class='ocrx_word' id='word_1_196' title='bbox 2228 1244 2359 1299; x_wconf 87' lang='lat' dir='ltr'><strong>Sine</strong></span> <span class='ocrx_word' id='word_1_197' title='bbox 2408 1246 2619 1299; x_wconf 89' lang='lat' dir='ltr'><strong>semine</strong></span> <span class='ocrx_word' id='word_1_198' title='bbox 2672 1241 2920 1297; x_wconf 77' lang='lat' dir='ltr'><strong>fortnavit</strong></span> <span class='ocrx_word' id='word_1_199' title='bbox 2968 1252 3211 1295; x_wconf 82' lang='lat' dir='ltr'><strong>naturam</strong></span> <span class='ocrx_word' id='word_1_200' title='bbox 3267 1240 3567 1295; x_wconf 87' lang='lat' dir='ltr'><strong>secundum</strong></span> 
     </span>
    </p>
   </div>
   <div class='ocr_carea' id='block_1_28' title="bbox 1971 1333 3572 1407">
    <p class='ocr_par' dir='ltr' id='par_1_28' title="bbox 1971 1333 3572 1407">
     <span class='ocr_line' id='line_1_28' title="bbox 1971 1333 3572 1407; baseline -0.005 -17"><span class='ocrx_word' id='word_1_201' title='bbox 1971 1336 2123 1390; x_wconf 88' lang='lat' dir='ltr'><strong>illum</strong></span> <span class='ocrx_word' id='word_1_202' title='bbox 2151 1337 2241 1407; x_wconf 89' lang='lat' dir='ltr'><strong>qui</strong></span> <span class='ocrx_word' id='word_1_203' title='bbox 2273 1336 2391 1392; x_wconf 91' lang='lat' dir='ltr'><strong>sine</strong></span> <span class='ocrx_word' id='word_1_204' title='bbox 2419 1336 2625 1391; x_wconf 91' lang='lat' dir='ltr'><strong>semine</strong></span> <span class='ocrx_word' id='word_1_205' title='bbox 2657 1336 2895 1390; x_wconf 82' lang='lat' dir='ltr'><strong>nascitur</strong></span> <span class='ocrx_word' id='word_1_206' title='bbox 2935 1333 3126 1397; x_wconf 78' lang='lat' dir='ltr'><strong>Adam,</strong></span> <span class='ocrx_word' id='word_1_207' title='bbox 3172 1344 3225 1387; x_wconf 88' lang='lat' dir='ltr'><strong>et</strong></span> <span class='ocrx_word' id='word_1_208' title='bbox 3272 1347 3367 1402; x_wconf 85' lang='lat' dir='ltr'><strong>per</strong></span> <span class='ocrx_word' id='word_1_209' title='bbox 3395 1333 3572 1384; x_wconf 82' lang='lat' dir='ltr'><strong>immi-</strong></span> 
     </span>
    </p>
   </div>
   <div class='ocr_carea' id='block_1_29' title="bbox 1973 1425 3571 1485">
    <p class='ocr_par' dir='ltr' id='par_1_29' title="bbox 1973 1425 3571 1485">
     <span class='ocr_line' id='line_1_29' title="bbox 1973 1425 3571 1485; baseline -0.004 -1"><span class='ocrx_word' id='word_1_210' title='bbox 1973 1445 2094 1484; x_wconf 89' lang='lat' dir='ltr'><strong>nem</strong></span> <span class='ocrx_word' id='word_1_211' title='bbox 2134 1430 2421 1485; x_wconf 89' lang='lat' dir='ltr'><strong>humanam</strong></span> <span class='ocrx_word' id='word_1_212' title='bbox 2456 1438 2706 1484; x_wconf 90' lang='lat' dir='ltr'><strong>naturam</strong></span> <span class='ocrx_word' id='word_1_213' title='bbox 2736 1430 2981 1483; x_wconf 89' lang='lat' dir='ltr'><strong>suscitat.</strong></span> <span class='ocrx_word' id='word_1_214' title='bbox 3031 1426 3059 1466; x_wconf 69' lang='grc' dir='ltr'>δ</span> <span class='ocrx_word' id='word_1_215' title='bbox 3092 1425 3333 1483; x_wconf 89' lang='lat' dir='ltr'><strong>Similem</strong></span> <span class='ocrx_word' id='word_1_216' title='bbox 3368 1426 3419 1478; x_wconf 90' lang='lat' dir='ltr'><strong>in</strong></span> <span class='ocrx_word' id='word_1_217' title='bbox 3451 1440 3571 1478; x_wconf 91' lang='lat' dir='ltr'><strong>om-</strong></span> 
     </span>
    </p>
   </div>
   <div class='ocr_carea' id='block_1_30' title="bbox 1972 1517 3568 1591">
    <p class='ocr_par' dir='ltr' id='par_1_30' title="bbox 1972 1517 3568 1591">
     <span class='ocr_line' id='line_1_30' title="bbox 1972 1517 3568 1591; baseline -0.003 -15"><span class='ocrx_word' id='word_1_218' title='bbox 1972 1522 2132 1576; x_wconf 89' lang='lat' dir='ltr'><strong>nibus</strong></span> <span class='ocrx_word' id='word_1_219' title='bbox 2170 1530 2228 1574; x_wconf 88' lang='lat' dir='ltr'><strong>et</strong></span> <span class='ocrx_word' id='word_1_220' title='bbox 2255 1536 2435 1591; x_wconf 85' lang='lat' dir='ltr'><strong>parem</strong></span> <span class='ocrx_word' id='word_1_221' title='bbox 2460 1520 2590 1575; x_wconf 66' lang='lat' dir='ltr'><strong>Adae</strong></span> <span class='ocrx_word' id='word_1_222' title='bbox 2618 1522 2911 1574; x_wconf 89' lang='lat' dir='ltr'><strong>Dominum</strong></span> <span class='ocrx_word' id='word_1_223' title='bbox 2939 1520 3121 1574; x_wconf 85' lang='lat' dir='ltr'><strong>Jesum</strong></span> <span class='ocrx_word' id='word_1_224' title='bbox 3152 1518 3314 1574; x_wconf 80' lang='lat' dir='ltr'><strong>fuisse</strong></span> <span class='ocrx_word' id='word_1_225' title='bbox 3337 1517 3534 1573; x_wconf 81' lang='lat' dir='ltr'><strong>asscris</strong></span> <span class='ocrx_word' id='word_1_226' title='bbox 3558 1534 3568 1571; x_wconf 93' lang='lat'><strong>:</strong></span> 
     </span>
    </p>
   </div>
   <div class='ocr_carea' id='block_1_31' title="bbox 1972 1611 3568 1682">
    <p class='ocr_par' dir='ltr' id='par_1_31' title="bbox 1972 1611 3568 1682">
     <span class='ocr_line' id='line_1_31' title="bbox 1972 1611 3568 1682; baseline 0 -16"><span class='ocrx_word' id='word_1_227' title='bbox 1972 1612 2127 1666; x_wconf 87' lang='lat' dir='ltr'><strong>illum</strong></span> <span class='ocrx_word' id='word_1_228' title='bbox 2167 1614 2351 1682; x_wconf 86' lang='lat' dir='ltr'><strong>utique</strong></span> <span class='ocrx_word' id='word_1_229' title='bbox 2394 1612 2513 1667; x_wconf 87' lang='lat' dir='ltr'><strong>sine</strong></span> <span class='ocrx_word' id='word_1_230' title='bbox 2561 1614 2787 1682; x_wconf 89' lang='lat' dir='ltr'><strong>semine,</strong></span> <span class='ocrx_word' id='word_1_231' title='bbox 2845 1623 2899 1666; x_wconf 90' lang='lat' dir='ltr'><strong>et</strong></span> <span class='ocrx_word' id='word_1_232' title='bbox 2957 1613 3099 1667; x_wconf 90' lang='lat' dir='ltr'><strong>hunc</strong></span> <span class='ocrx_word' id='word_1_233' title='bbox 3152 1612 3268 1666; x_wconf 88' lang='lat' dir='ltr'><strong>sine</strong></span> <span class='ocrx_word' id='word_1_234' title='bbox 3319 1611 3568 1674; x_wconf 83' lang='lat' dir='ltr'><strong>semine;</strong></span> 
     </span>
    </p>
   </div>
   <div class='ocr_carea' id='block_1_32' title="bbox 1972 1702 3566 1767">
    <p class='ocr_par' dir='ltr' id='par_1_32' title="bbox 1972 1702 3566 1767">
     <span class='ocr_line' id='line_1_32' title="bbox 1972 1702 3566 1767; baseline 0.001 -13"><span class='ocrx_word' id='word_1_235' title='bbox 1972 1702 2121 1756; x_wconf 88' lang='lat' dir='ltr'><strong>illum</strong></span> <span class='ocrx_word' id='word_1_236' title='bbox 2159 1702 2431 1757; x_wconf 86' lang='lat' dir='ltr'><strong>hominem</strong></span> <span class='ocrx_word' id='word_1_237' title='bbox 2477 1705 2685 1767; x_wconf 89' lang='lat' dir='ltr'><strong>solum,</strong></span> <span class='ocrx_word' id='word_1_238' title='bbox 2729 1704 2873 1758; x_wconf 87' lang='lat' dir='ltr'><strong>hunc</strong></span> <span class='ocrx_word' id='word_1_239' title='bbox 2928 1704 3201 1759; x_wconf 86' lang='lat' dir='ltr'><strong>hominem</strong></span> <span class='ocrx_word' id='word_1_240' title='bbox 3244 1705 3566 1759; x_wconf 87' lang='lat' dir='ltr'><strong>solitarium.</strong></span> 
     </span>
    </p>
   </div>
   <div class='ocr_carea' id='block_1_33' title="bbox 261 1794 3572 1872">
    <p class='ocr_par' dir='ltr' id='par_1_33' title="bbox 261 1794 3572 1872">
     <span class='ocr_line' id='line_1_33' title="bbox 261 1794 3572 1872; baseline -0 -22"><span class='ocrx_word' id='word_1_241' title='bbox 261 1800 390 1868; x_wconf 79' lang='lat' dir='ltr'><strong>gine</strong></span> <span class='ocrx_word' id='word_1_242' title='bbox 430 1813 528 1852; x_wconf 88' lang='lat' dir='ltr'><strong>sua</strong></span> <span class='ocrx_word' id='word_1_243' title='bbox 583 1800 748 1861; x_wconf 86' lang='lat' dir='ltr'><strong>Deus,</strong></span> <span class='ocrx_word' id='word_1_244' title='bbox 807 1800 945 1854; x_wconf 80' lang='lat' dir='ltr'><strong>sicut</strong></span> <span class='ocrx_word' id='word_1_245' title='bbox 1000 1816 1098 1869; x_wconf 78' lang='lat' dir='ltr'><strong>pro</strong></span> <span class='ocrx_word' id='word_1_246' title='bbox 1147 1811 1321 1857; x_wconf 73' lang='lat' dir='ltr'><strong>statua</strong></span> <span class='ocrx_word' id='word_1_247' title='bbox 1371 1818 1464 1858; x_wconf 71' lang='lat' dir='ltr'><strong>sua</strong></span> <span class='ocrx_word' id='word_1_248' title='bbox 1519 1805 1812 1872; x_wconf 63' lang='lat' dir='ltr'><strong>imperato.-</strong></span> <span class='ocrx_word' id='word_1_249' title='bbox 1845 1822 1857 1857; x_wconf 73' lang='grc' dir='ltr'>ε</span> <span class='ocrx_word' id='word_1_250' title='bbox 1892 1802 1939 1861; x_wconf 81' lang='grc' dir='ltr'><strong>Β</strong></span> <span class='ocrx_word' id='word_1_251' title='bbox 1970 1795 2155 1862; x_wconf 81' lang='lat' dir='ltr'><strong>Acper</strong></span> <span class='ocrx_word' id='word_1_252' title='bbox 2185 1797 2286 1849; x_wconf 87' lang='lat' dir='ltr'><strong>hoc</strong></span> <span class='ocrx_word' id='word_1_253' title='bbox 2312 1794 2460 1849; x_wconf 81' lang='lat' dir='ltr'><strong>vides</strong></span> <span class='ocrx_word' id='word_1_254' title='bbox 2491 1804 2540 1849; x_wconf 90' lang='lat' dir='ltr'><strong>te</strong></span> <span class='ocrx_word' id='word_1_255' title='bbox 2569 1795 2858 1864; x_wconf 81' lang='lat' dir='ltr'><strong>diligenter</strong></span> <span class='ocrx_word' id='word_1_256' title='bbox 2893 1797 3100 1850; x_wconf 82' lang='lat' dir='ltr'><strong>cavisse</strong></span> <span class='ocrx_word' id='word_1_257' title='bbox 3129 1810 3191 1849; x_wconf 89' lang='lat' dir='ltr'><strong>ac</strong></span> <span class='ocrx_word' id='word_1_258' title='bbox 3224 1796 3572 1866; x_wconf 63' lang='lat' dir='ltr'><strong>prospexisse</strong></span> 
     </span>
    </p>
   </div>
   <div class='ocr_carea' id='block_1_34' title="bbox 266 1890 1869 1967">
    <p class='ocr_par' dir='ltr' id='par_1_34' title="bbox 266 1890 1869 1967">
     <span class='ocr_line' id='line_1_34' title="bbox 266 1890 1869 1967; baseline 0.007 -26"><span class='ocrx_word' id='word_1_259' title='bbox 266 1898 292 1925; x_wconf 81' lang='grc' dir='ltr'><strong>ι</strong></span> <span class='ocrx_word' id='word_1_260' title='bbox 321 1906 420 1944; x_wconf 82' lang='lat' dir='ltr'><strong>ora</strong></span> <span class='ocrx_word' id='word_1_261' title='bbox 452 1890 859 1959; x_wconf 83' lang='lat' dir='ltr'><strong>quodammodo</strong></span> <span class='ocrx_word' id='word_1_262' title='bbox 882 1894 1059 1963; x_wconf 90' lang='lat' dir='ltr'><strong>poculi</strong></span> <span class='ocrx_word' id='word_1_263' title='bbox 1089 1896 1391 1963; x_wconf 89' lang='lat' dir='ltr'><strong>pestilentis</strong></span> <span class='ocrx_word' id='word_1_264' title='bbox 1416 1897 1709 1952; x_wconf 84' lang='lat' dir='ltr'><strong>&#39;dulcediue</strong></span> <span class='ocrx_word' id='word_1_265' title='bbox 1736 1914 1869 1967; x_wconf 81' lang='lat' dir='ltr'><strong>qua-</strong></span> 
     </span>
    </p>
   </div>
   <div class='ocr_carea' id='block_1_35' title="bbox 262 1979 1866 2059">
    <p class='ocr_par' dir='ltr' id='par_1_35' title="bbox 262 1979 1866 2059">
     <span class='ocr_line' id='line_1_35' title="bbox 262 1979 1866 2059; baseline 0.007 -26"><span class='ocrx_word' id='word_1_266' title='bbox 262 1979 387 2034; x_wconf 81' lang='lat' dir='ltr'><strong>dam</strong></span> <span class='ocrx_word' id='word_1_267' title='bbox 413 1991 467 2035; x_wconf 91' lang='lat' dir='ltr'><strong>et</strong></span> <span class='ocrx_word' id='word_1_268' title='bbox 495 1981 652 2051; x_wconf 87' lang='lat' dir='ltr'><strong>quasi</strong></span> <span class='ocrx_word' id='word_1_269' title='bbox 681 1982 844 2038; x_wconf 89' lang='lat' dir='ltr'><strong>melle</strong></span> <span class='ocrx_word' id='word_1_270' title='bbox 863 1985 1233 2052; x_wconf 88' lang='lat' dir='ltr'><strong>circumlinis;</strong></span> <span class='ocrx_word' id='word_1_271' title='bbox 1260 1998 1315 2043; x_wconf 89' lang='lat' dir='ltr'><strong>ut</strong></span> <span class='ocrx_word' id='word_1_272' title='bbox 1373 1988 1687 2044; x_wconf 83' lang='lat' dir='ltr'><strong>haurientes</strong></span> <span class='ocrx_word' id='word_1_273' title='bbox 1719 1991 1866 2059; x_wconf 85' lang='lat' dir='ltr'><strong>inge-</strong></span> 
     </span>
    </p>
   </div>
   <div class='ocr_carea' id='block_1_36' title="bbox 260 2074 1865 2153">
    <p class='ocr_par' dir='ltr' id='par_1_36' title="bbox 260 2074 1865 2153">
     <span class='ocr_line' id='line_1_36' title="bbox 260 2074 1865 2153; baseline 0.006 -26"><span class='ocrx_word' id='word_1_274' title='bbox 260 2085 411 2128; x_wconf 86' lang='lat' dir='ltr'><strong>stum</strong></span> <span class='ocrx_word' id='word_1_275' title='bbox 446 2074 701 2144; x_wconf 72' lang='lat' dir='ltr'><strong>poculum</strong></span> <span class='ocrx_word' id='word_1_276' title='bbox 732 2079 997 2145; x_wconf 84' lang='lat' dir='ltr'><strong>homines,</strong></span> <span class='ocrx_word' id='word_1_277' title='bbox 1029 2078 1156 2133; x_wconf 90' lang='lat' dir='ltr'><strong>dum</strong></span> <span class='ocrx_word' id='word_1_278' title='bbox 1206 2080 1522 2136; x_wconf 87' lang='lat' dir='ltr'><strong>illecebrosa</strong></span> <span class='ocrx_word' id='word_1_279' title='bbox 1553 2083 1865 2153; x_wconf 81' lang='lat' dir='ltr'><strong>deguStant,</strong></span> 
     </span>
    </p>
   </div>
   <div class='ocr_carea' id='block_1_37' title="bbox 262 2166 1865 2243">
    <p class='ocr_par' dir='ltr' id='par_1_37' title="bbox 262 2166 1865 2243">
     <span class='ocr_line' id='line_1_37' title="bbox 262 2166 1865 2243; baseline 0.006 -23"><span class='ocrx_word' id='word_1_280' title='bbox 262 2166 579 2234; x_wconf 83' lang='lat' dir='ltr'><strong>perniciosa</strong></span> <span class='ocrx_word' id='word_1_281' title='bbox 607 2182 712 2221; x_wconf 86' lang='lat' dir='ltr'><strong>non</strong></span> <span class='ocrx_word' id='word_1_282' title='bbox 747 2172 1005 2226; x_wconf 88' lang='lat' dir='ltr'><strong>sentiant.</strong></span> <span class='ocrx_word' id='word_1_283' title='bbox 1048 2172 1136 2226; x_wconf 89' lang='lat' dir='ltr'><strong>Dei</strong></span> <span class='ocrx_word' id='word_1_284' title='bbox 1170 2188 1367 2229; x_wconf 91' lang='lat' dir='ltr'><strong>nomen</strong></span> <span class='ocrx_word' id='word_1_285' title='bbox 1410 2173 1619 2243; x_wconf 86' lang='lat' dir='ltr'><strong>objicis,</strong></span> <span class='ocrx_word' id='word_1_286' title='bbox 1652 2184 1708 2229; x_wconf 88' lang='lat' dir='ltr'><strong>ut</strong></span> <span class='ocrx_word' id='word_1_287' title='bbox 1736 2176 1865 2230; x_wconf 83' lang='lat' dir='ltr'><strong>reli-</strong></span> 
     </span>
    </p>
   </div>
   <div class='ocr_carea' id='block_1_38' title="bbox 261 2261 1867 2337">
    <p class='ocr_par' dir='ltr' id='par_1_38' title="bbox 261 2261 1867 2337">
     <span class='ocr_line' id='line_1_38' title="bbox 261 2261 1867 2337; baseline 0.007 -24"><span class='ocrx_word' id='word_1_288' title='bbox 261 2261 451 2329; x_wconf 80' lang='lat' dir='ltr'><strong>gionis</strong></span> <span class='ocrx_word' id='word_1_289' title='bbox 481 2261 703 2317; x_wconf 91' lang='lat' dir='ltr'><strong>nomine</strong></span> <span class='ocrx_word' id='word_1_290' title='bbox 732 2263 1043 2330; x_wconf 90' lang='lat' dir='ltr'><strong>mentiaris;</strong></span> <span class='ocrx_word' id='word_1_291' title='bbox 1093 2274 1276 2320; x_wconf 86' lang='lat' dir='ltr'><strong>sancta</strong></span> <span class='ocrx_word' id='word_1_292' title='bbox 1330 2268 1639 2337; x_wconf 73' lang='lat' dir='ltr'><strong>prmmittis,</strong></span> <span class='ocrx_word' id='word_1_293' title='bbox 1672 2277 1867 2337; x_wconf 83' lang='lat' dir='ltr'><strong>utper-</strong></span> 
     </span>
    </p>
   </div>
   <div class='ocr_carea' id='block_1_39' title="bbox 266 2353 1870 2426">
    <p class='ocr_par' dir='ltr' id='par_1_39' title="bbox 266 2353 1870 2426">
     <span class='ocr_line' id='line_1_39' title="bbox 266 2353 1870 2426; baseline 0.007 -24"><span class='ocrx_word' id='word_1_294' title='bbox 266 2368 430 2408; x_wconf 68' lang='lat' dir='ltr'><strong>versa</strong></span> <span class='ocrx_word' id='word_1_295' title='bbox 464 2353 829 2422; x_wconf 86' lang='lat' dir='ltr'><strong>persuadeas;</strong></span> <span class='ocrx_word' id='word_1_296' title='bbox 864 2362 920 2410; x_wconf 90' lang='lat' dir='ltr'><strong>et</strong></span> <span class='ocrx_word' id='word_1_297' title='bbox 938 2356 1245 2412; x_wconf 86' lang='lat' dir='ltr'><strong>ceulitendo</strong></span> <span class='ocrx_word' id='word_1_298' title='bbox 1278 2358 1440 2414; x_wconf 90' lang='lat' dir='ltr'><strong>Deum</strong></span> <span class='ocrx_word' id='word_1_299' title='bbox 1472 2359 1526 2413; x_wconf 86' lang='lat' dir='ltr'><strong>id</strong></span> <span class='ocrx_word' id='word_1_300' title='bbox 1560 2358 1785 2426; x_wconf 82' lang='lat' dir='ltr'><strong>elﬁcias,</strong></span> <span class='ocrx_word' id='word_1_301' title='bbox 1814 2369 1870 2413; x_wconf 91' lang='lat' dir='ltr'><strong>ut</strong></span> 
     </span>
    </p>
   </div>
   <div class='ocr_carea' id='block_1_40' title="bbox 262 2445 1867 2517">
    <p class='ocr_par' dir='ltr' id='par_1_40' title="bbox 262 2445 1867 2517">
     <span class='ocr_line' id='line_1_40' title="bbox 262 2445 1867 2517; baseline 0.004 -18"><span class='ocrx_word' id='word_1_302' title='bbox 262 2459 396 2499; x_wconf 79' lang='lat' dir='ltr'><strong>eum</strong></span> <span class='ocrx_word' id='word_1_303' title='bbox 449 2445 627 2513; x_wconf 90' lang='lat' dir='ltr'><strong>ipsum</strong></span> <span class='ocrx_word' id='word_1_304' title='bbox 655 2459 839 2515; x_wconf 81' lang='lat' dir='ltr'><strong>neges,</strong></span> <span class='ocrx_word' id='word_1_305' title='bbox 867 2462 1025 2517; x_wconf 91' lang='lat' dir='ltr'><strong>quem</strong></span> <span class='ocrx_word' id='word_1_306' title='bbox 1078 2449 1375 2504; x_wconf 82' lang='lat' dir='ltr'><strong>conﬁteris.</strong></span> <span class='ocrx_word' id='word_1_307' title='bbox 1414 2450 1547 2517; x_wconf 87' lang='lat' dir='ltr'><strong>Quis</strong></span> <span class='ocrx_word' id='word_1_308' title='bbox 1578 2453 1719 2506; x_wconf 87' lang='lat' dir='ltr'><strong>enim</strong></span> <span class='ocrx_word' id='word_1_309' title='bbox 1762 2468 1867 2506; x_wconf 92' lang='lat' dir='ltr'><strong>non</strong></span> 
     </span>
    </p>
   </div>
   <div class='ocr_carea' id='block_1_41' title="bbox 260 2535 1873 2614">
    <p class='ocr_par' dir='ltr' id='par_1_41' title="bbox 260 2535 1873 2614">
     <span class='ocr_line' id='line_1_41' title="bbox 260 2535 1873 2614; baseline 0.009 -28"><span class='ocrx_word' id='word_1_310' title='bbox 260 2535 423 2590; x_wconf 72' lang='lat' dir='ltr'><strong>ridet</strong></span> <span class='ocrx_word' id='word_1_311' title='bbox 459 2550 568 2605; x_wconf 90' lang='lat' dir='ltr'><strong>quo</strong></span> <span class='ocrx_word' id='word_1_312' title='bbox 600 2551 715 2602; x_wconf 90' lang='lat' dir='ltr'><strong>eas,</strong></span> <span class='ocrx_word' id='word_1_313' title='bbox 746 2539 873 2608; x_wconf 91' lang='lat' dir='ltr'><strong>quid</strong></span> <span class='ocrx_word' id='word_1_314' title='bbox 908 2539 1184 2596; x_wconf 82' lang='lat' dir='ltr'><strong>rnoliaris?</strong></span> <span class='ocrx_word' id='word_1_315' title='bbox 1216 2542 1359 2597; x_wconf 90' lang='lat' dir='ltr'><strong>Dicis</strong></span> <span class='ocrx_word' id='word_1_316' title='bbox 1404 2545 1601 2614; x_wconf 88' lang='lat' dir='ltr'><strong>quippe</strong></span> <span class='ocrx_word' id='word_1_317' title='bbox 1632 2561 1645 2598; x_wconf 89' lang='lat'><strong>:</strong></span> <span class='ocrx_word' id='word_1_318' title='bbox 1689 2545 1873 2601; x_wconf 90' lang='lat' dir='ltr'><strong>Doluit</strong></span> 
     </span>
    </p>
   </div>
   <div class='ocr_carea' id='block_1_42' title="bbox 263 2621 1864 2704">
    <p class='ocr_par' dir='ltr' id='par_1_42' title="bbox 263 2621 1864 2704">
     <span class='ocr_line' id='line_1_42' title="bbox 263 2621 1864 2704; baseline 0.007 -23"><span class='ocrx_word' id='word_1_319' title='bbox 263 2627 412 2681; x_wconf 75' lang='lat' dir='ltr'><strong>sicut</strong></span> <span class='ocrx_word' id='word_1_320' title='bbox 444 2642 545 2696; x_wconf 88' lang='lat' dir='ltr'><strong>pro</strong></span> <span class='ocrx_word' id='word_1_321' title='bbox 576 2621 808 2699; x_wconf 62' lang='lat' dir='ltr'><strong>imagine</strong></span> <span class='ocrx_word' id='word_1_322' title='bbox 834 2645 928 2685; x_wconf 89' lang='lat' dir='ltr'><strong>sua</strong></span> <span class='ocrx_word' id='word_1_323' title='bbox 957 2632 1124 2699; x_wconf 83' lang='lat' dir='ltr'><strong>Deus,</strong></span> <span class='ocrx_word' id='word_1_324' title='bbox 1152 2636 1291 2690; x_wconf 91' lang='lat' dir='ltr'><strong>sicut</strong></span> <span class='ocrx_word' id='word_1_325' title='bbox 1323 2650 1419 2704; x_wconf 90' lang='lat' dir='ltr'><strong>pro</strong></span> <span class='ocrx_word' id='word_1_326' title='bbox 1448 2646 1622 2692; x_wconf 81' lang='lat' dir='ltr'><strong>statua</strong></span> <span class='ocrx_word' id='word_1_327' title='bbox 1645 2653 1741 2693; x_wconf 89' lang='lat' dir='ltr'><strong>sua</strong></span> <span class='ocrx_word' id='word_1_328' title='bbox 1765 2638 1864 2693; x_wconf 92' lang='lat' dir='ltr'><strong>im-</strong></span> 
     </span>
    </p>
   </div>
   <div class='ocr_carea' id='block_1_43' title="bbox 265 2727 1873 2796">
    <p class='ocr_par' dir='ltr' id='par_1_43' title="bbox 265 2727 1873 2796">
     <span class='ocr_line' id='line_1_43' title="bbox 265 2727 1873 2796; baseline 0.009 -26"><span class='ocrx_word' id='word_1_329' title='bbox 265 2728 514 2787; x_wconf 80' lang='lat' dir='ltr'><strong>perator,</strong></span> <span class='ocrx_word' id='word_1_330' title='bbox 550 2730 604 2774; x_wconf 92' lang='lat' dir='ltr'><strong>et</strong></span> <span class='ocrx_word' id='word_1_331' title='bbox 633 2730 942 2791; x_wconf 87' lang='lat' dir='ltr'><strong>corruptam</strong></span> <span class='ocrx_word' id='word_1_332' title='bbox 980 2735 1194 2793; x_wconf 90' lang='lat' dir='ltr'><strong>reparat</strong></span> <span class='ocrx_word' id='word_1_333' title='bbox 1218 2727 1525 2796; x_wconf 86' lang='lat' dir='ltr'><strong>imaginem,</strong></span> <span class='ocrx_word' id='word_1_334' title='bbox 1560 2738 1611 2783; x_wconf 89' lang='lat' dir='ltr'><strong>et</strong></span> <span class='ocrx_word' id='word_1_335' title='bbox 1641 2730 1758 2785; x_wconf 89' lang='lat' dir='ltr'><strong>sine</strong></span> <span class='ocrx_word' id='word_1_336' title='bbox 1785 2745 1873 2785; x_wconf 88' lang='lat' dir='ltr'><strong>se—</strong></span> 
     </span>
    </p>
   </div>
   <div class='ocr_carea' id='block_1_44' title="bbox 263 2809 1868 2886">
    <p class='ocr_par' dir='ltr' id='par_1_44' title="bbox 263 2809 1868 2886">
     <span class='ocr_line' id='line_1_44' title="bbox 263 2809 1868 2886; baseline 0.008 -22"><span class='ocrx_word' id='word_1_337' title='bbox 263 2810 427 2865; x_wconf 77' lang='lat' dir='ltr'><strong>mine</strong></span> <span class='ocrx_word' id='word_1_338' title='bbox 443 2809 704 2866; x_wconf 75' lang='lat' dir='ltr'><strong>formavit</strong></span> <span class='ocrx_word' id='word_1_339' title='bbox 726 2814 792 2869; x_wconf 89' lang='lat' dir='ltr'><strong>de</strong></span> <span class='ocrx_word' id='word_1_340' title='bbox 823 2815 1046 2885; x_wconf 81' lang='lat' dir='ltr'><strong>Virgine</strong></span> <span class='ocrx_word' id='word_1_341' title='bbox 1074 2827 1344 2886; x_wconf 89' lang='lat' dir='ltr'><strong>naturam,</strong></span> <span class='ocrx_word' id='word_1_342' title='bbox 1395 2821 1688 2876; x_wconf 79' lang='lat' dir='ltr'><strong>secundum</strong></span> <span class='ocrx_word' id='word_1_343' title='bbox 1720 2822 1868 2877; x_wconf 87' lang='lat' dir='ltr'><strong>illum</strong></span> 
     </span>
    </p>
   </div>
   <div class='ocr_carea' id='block_1_45' title="bbox 260 2904 1872 2983">
    <p class='ocr_par' dir='ltr' id='par_1_45' title="bbox 260 2904 1872 2983">
     <span class='ocr_line' id='line_1_45' title="bbox 260 2904 1872 2983; baseline 0.009 -28"><span class='ocrx_word' id='word_1_344' title='bbox 260 2904 359 2972; x_wconf 78' lang='lat' dir='ltr'><strong>qui</strong></span> <span class='ocrx_word' id='word_1_345' title='bbox 396 2905 518 2959; x_wconf 87' lang='lat' dir='ltr'><strong>sine</strong></span> <span class='ocrx_word' id='word_1_346' title='bbox 538 2906 747 2963; x_wconf 86' lang='lat' dir='ltr'><strong>semine</strong></span> <span class='ocrx_word' id='word_1_347' title='bbox 770 2909 1013 2964; x_wconf 82' lang='lat' dir='ltr'><strong>nascitur</strong></span> <span class='ocrx_word' id='word_1_348' title='bbox 1042 2911 1232 2979; x_wconf 85' lang='lat' dir='ltr'><strong>Adam,</strong></span> <span class='ocrx_word' id='word_1_349' title='bbox 1264 2922 1318 2966; x_wconf 90' lang='lat' dir='ltr'><strong>et</strong></span> <span class='ocrx_word' id='word_1_350' title='bbox 1338 2929 1436 2983; x_wconf 88' lang='lat' dir='ltr'><strong>per</strong></span> <span class='ocrx_word' id='word_1_351' title='bbox 1478 2916 1748 2970; x_wconf 86' lang='lat' dir='ltr'><strong>hominem</strong></span> <span class='ocrx_word' id='word_1_352' title='bbox 1775 2919 1872 2969; x_wconf 85' lang='lat' dir='ltr'><strong>hu-</strong></span> 
     </span>
    </p>
   </div>
   <div class='ocr_carea' id='block_1_46' title="bbox 262 3003 1873 3079">
    <p class='ocr_par' dir='ltr' id='par_1_46' title="bbox 262 3003 1873 3079">
     <span class='ocr_line' id='line_1_46' title="bbox 262 3003 1873 3079; baseline 0.007 -30"><span class='ocrx_word' id='word_1_353' title='bbox 262 3011 493 3050; x_wconf 77' lang='lat' dir='ltr'><strong>manam</strong></span> <span class='ocrx_word' id='word_1_354' title='bbox 546 3008 793 3053; x_wconf 89' lang='lat' dir='ltr'><strong>naturam</strong></span> <span class='ocrx_word' id='word_1_355' title='bbox 851 3003 1111 3069; x_wconf 86' lang='lat' dir='ltr'><strong>suscitat;</strong></span> <span class='ocrx_word' id='word_1_356' title='bbox 1154 3006 1393 3073; x_wconf 83' lang='lat' dir='ltr'><strong>quoniam</strong></span> <span class='ocrx_word' id='word_1_357' title='bbox 1438 3008 1570 3059; x_wconf 87' lang='lat' dir='ltr'><strong>enim</strong></span> <span class='ocrx_word' id='word_1_358' title='bbox 1593 3024 1684 3079; x_wconf 90' lang='lat' dir='ltr'><strong>per</strong></span> <span class='ocrx_word' id='word_1_359' title='bbox 1713 3006 1873 3061; x_wconf 82' lang='lat' dir='ltr'><strong>homi-</strong></span> 
     </span>
    </p>
   </div>
   <div class='ocr_carea' id='block_1_47' title="bbox 262 3090 1873 3164">
    <p class='ocr_par' dir='ltr' id='par_1_47' title="bbox 262 3090 1873 3164">
     <span class='ocr_line' id='line_1_47' title="bbox 262 3090 1873 3164; baseline 0.007 -23"><span class='ocrx_word' id='word_1_360' title='bbox 262 3106 386 3142; x_wconf 85' lang='lat' dir='ltr'><strong>nem</strong></span> <span class='ocrx_word' id='word_1_361' title='bbox 429 3105 592 3159; x_wconf 88' lang='lat' dir='ltr'><strong>mors,</strong></span> <span class='ocrx_word' id='word_1_362' title='bbox 622 3090 738 3144; x_wconf 86' lang='lat' dir='ltr'><strong>ideo</strong></span> <span class='ocrx_word' id='word_1_363' title='bbox 780 3100 828 3145; x_wconf 87' lang='lat' dir='ltr'><strong>et</strong></span> <span class='ocrx_word' id='word_1_364' title='bbox 865 3110 957 3164; x_wconf 88' lang='lat' dir='ltr'><strong>per</strong></span> <span class='ocrx_word' id='word_1_365' title='bbox 995 3095 1251 3149; x_wconf 81' lang='lat' dir='ltr'><strong>hominem</strong></span> <span class='ocrx_word' id='word_1_366' title='bbox 1286 3098 1593 3152; x_wconf 81' lang='lat' dir='ltr'><strong>resurrectio</strong></span> <span class='ocrx_word' id='word_1_367' title='bbox 1641 3110 1873 3153; x_wconf 58' lang='lat' dir='ltr'><strong>mortutr</strong></span> 
     </span>
    </p>
   </div>
   <div class='ocr_carea' id='block_1_48' title="bbox 1972 1887 3571 1959">
    <p class='ocr_par' dir='ltr' id='par_1_48' title="bbox 1972 1887 3571 1959">
     <span class='ocr_line' id='line_1_48' title="bbox 1972 1887 3571 1959; baseline -0.001 -16"><span class='ocrx_word' id='word_1_368' title='bbox 1972 1902 2042 1943; x_wconf 89' lang='lat' dir='ltr'><strong>ne</strong></span> <span class='ocrx_word' id='word_1_369' title='bbox 2067 1887 2324 1943; x_wconf 87' lang='lat' dir='ltr'><strong>Dominus</strong></span> <span class='ocrx_word' id='word_1_370' title='bbox 2372 1888 2538 1944; x_wconf 83' lang='lat' dir='ltr'><strong>Jesus</strong></span> <span class='ocrx_word' id='word_1_371' title='bbox 2604 1888 2855 1943; x_wconf 85' lang='lat' dir='ltr'><strong>Christus</strong></span> <span class='ocrx_word' id='word_1_372' title='bbox 2901 1898 2993 1943; x_wconf 89' lang='lat' dir='ltr'><strong>aut</strong></span> <span class='ocrx_word' id='word_1_373' title='bbox 3045 1888 3217 1959; x_wconf 90' lang='lat' dir='ltr'><strong>major</strong></span> <span class='ocrx_word' id='word_1_374' title='bbox 3288 1891 3340 1944; x_wconf 93' lang='lat' dir='ltr'><strong>in</strong></span> <span class='ocrx_word' id='word_1_375' title='bbox 3391 1888 3571 1959; x_wconf 76' lang='lat' dir='ltr'><strong>aliquo</strong></span> 
     </span>
    </p>
   </div>
   <div class='ocr_carea' id='block_1_49' title="bbox 1972 1981 3568 2052">
    <p class='ocr_par' dir='ltr' id='par_1_49' title="bbox 1972 1981 3568 2052">
     <span class='ocr_line' id='line_1_49' title="bbox 1972 1981 3568 2052; baseline -0.001 -15"><span class='ocrx_word' id='word_1_376' title='bbox 1972 1981 2203 2047; x_wconf 79' lang='lat' dir='ltr'><strong>Adamo,</strong></span> <span class='ocrx_word' id='word_1_377' title='bbox 2229 1991 2323 2037; x_wconf 87' lang='lat' dir='ltr'><strong>aut</strong></span> <span class='ocrx_word' id='word_1_378' title='bbox 2353 1982 2491 2039; x_wconf 80' lang='lat' dir='ltr'><strong>forte</strong></span> <span class='ocrx_word' id='word_1_379' title='bbox 2518 1983 2710 2038; x_wconf 89' lang='lat' dir='ltr'><strong>melior</strong></span> <span class='ocrx_word' id='word_1_380' title='bbox 2742 1992 3055 2052; x_wconf 86' lang='lat' dir='ltr'><strong>putaretur;</strong></span> <span class='ocrx_word' id='word_1_381' title='bbox 3088 1998 3209 2037; x_wconf 89' lang='lat' dir='ltr'><strong>cum</strong></span> <span class='ocrx_word' id='word_1_382' title='bbox 3244 1984 3314 2037; x_wconf 88' lang='lat' dir='ltr'><strong>ita</strong></span> <span class='ocrx_word' id='word_1_383' title='bbox 3343 1998 3436 2037; x_wconf 84' lang='lat' dir='ltr'><strong>eos</strong></span> <span class='ocrx_word' id='word_1_384' title='bbox 3468 1983 3568 2036; x_wconf 74' lang='lat' dir='ltr'><strong>sibi</strong></span> 
     </span>
    </p>
   </div>
   <div class='ocr_carea' id='block_1_50' title="bbox 1973 2074 3570 2145">
    <p class='ocr_par' dir='ltr' id='par_1_50' title="bbox 1973 2074 3570 2145">
     <span class='ocr_line' id='line_1_50' title="bbox 1973 2074 3570 2145; baseline 0 -17"><span class='ocrx_word' id='word_1_385' title='bbox 1973 2075 2243 2129; x_wconf 88' lang='lat' dir='ltr'><strong>mensuris</strong></span> <span class='ocrx_word' id='word_1_386' title='bbox 2275 2075 2497 2145; x_wconf 84' lang='lat' dir='ltr'><strong>paribus</strong></span> <span class='ocrx_word' id='word_1_387' title='bbox 2551 2076 2979 2145; x_wconf 73' lang='lat' dir='ltr'><strong>comparaveris,</strong></span> <span class='ocrx_word' id='word_1_388' title='bbox 3024 2086 3081 2129; x_wconf 92' lang='lat' dir='ltr'><strong>ut</strong></span> <span class='ocrx_word' id='word_1_389' title='bbox 3110 2074 3491 2143; x_wconf 83' lang='lat' dir='ltr'><strong>derogaturum</strong></span> <span class='ocrx_word' id='word_1_390' title='bbox 3518 2085 3570 2128; x_wconf 86' lang='lat' dir='ltr'><strong>te</strong></span> 
     </span>
    </p>
   </div>
   <div class='ocr_carea' id='block_1_51' title="bbox 1974 2164 3571 2237">
    <p class='ocr_par' dir='ltr' id='par_1_51' title="bbox 1974 2164 3571 2237">
     <span class='ocr_line' id='line_1_51' title="bbox 1974 2164 3571 2237; baseline 0 -18"><span class='ocrx_word' id='word_1_391' title='bbox 1974 2165 2376 2235; x_wconf 86' lang='lat' dir='ltr'><strong>quodammodo</strong></span> <span class='ocrx_word' id='word_1_392' title='bbox 2407 2166 2538 2220; x_wconf 74' lang='lat' dir='ltr'><strong>Atla:</strong></span> <span class='ocrx_word' id='word_1_393' title='bbox 2564 2167 2763 2237; x_wconf 88' lang='lat' dir='ltr'><strong>aliquid</strong></span> <span class='ocrx_word' id='word_1_394' title='bbox 2821 2166 3100 2233; x_wconf 89' lang='lat' dir='ltr'><strong>crederes,</strong></span> <span class='ocrx_word' id='word_1_395' title='bbox 3134 2166 3178 2220; x_wconf 84' lang='lat' dir='ltr'><strong>si</strong></span> <span class='ocrx_word' id='word_1_396' title='bbox 3211 2164 3384 2221; x_wconf 91' lang='lat' dir='ltr'><strong>eidem</strong></span> <span class='ocrx_word' id='word_1_397' title='bbox 3411 2165 3571 2235; x_wconf 87' lang='lat' dir='ltr'><strong>quid-</strong></span> 
     </span>
    </p>
   </div>
   <div class='ocr_carea' id='block_1_52' title="bbox 1978 2259 2501 2329">
    <p class='ocr_par' dir='ltr' id='par_1_52' title="bbox 1978 2259 2501 2329">
     <span class='ocr_line' id='line_1_52' title="bbox 1978 2259 2501 2329; baseline 0.004 -18"><span class='ocrx_word' id='word_1_398' title='bbox 1978 2260 2120 2329; x_wconf 88' lang='lat' dir='ltr'><strong>piam</strong></span> <span class='ocrx_word' id='word_1_399' title='bbox 2148 2259 2501 2328; x_wconf 86' lang='lat' dir='ltr'><strong>praetulisses.</strong></span> 
     </span>
    </p>
   </div>
   <div class='ocr_carea' id='block_1_53' title="bbox 2579 2349 2957 2406">
    <p class='ocr_par' dir='ltr' id='par_1_53' title="bbox 2579 2349 2957 2406">
     <span class='ocr_line' id='line_1_53' title="bbox 2579 2349 2957 2406; baseline -0.003 -2"><span class='ocrx_word' id='word_1_400' title='bbox 2579 2349 2806 2406; x_wconf 70' lang='lat' dir='ltr'><strong>CAPUT</strong></span> <span class='ocrx_word' id='word_1_401' title='bbox 2847 2350 2957 2405; x_wconf 75' lang='lat' dir='ltr'><strong>Vll.</strong></span> 
     </span>
    </p>
   </div>
   <div class='ocr_carea' id='block_1_54' title="bbox 1979 2443 3570 2515">
    <p class='ocr_par' dir='ltr' id='par_1_54' title="bbox 1979 2443 3570 2515">
     <span class='ocr_line' id='line_1_54' title="bbox 1979 2443 3570 2515; baseline 0.001 -19"><span class='ocrx_word' id='word_1_402' title='bbox 1979 2443 2025 2496; x_wconf 88' lang='grc'><em>11</em></span> <span class='ocrx_word' id='word_1_403' title='bbox 2035 2444 2222 2497; x_wconf 76' lang='grc' dir='ltr'><strong>α’νειὶεὶ</strong></span> <span class='ocrx_word' id='word_1_404' title='bbox 2265 2444 2510 2515; x_wconf 79' lang='lat' dir='ltr'><strong>dogmata</strong></span> <span class='ocrx_word' id='word_1_405' title='bbox 2537 2461 2632 2498; x_wconf 90' lang='lat' dir='ltr'><strong>sua</strong></span> <span class='ocrx_word' id='word_1_406' title='bbox 2671 2444 2860 2498; x_wconf 72' lang='lat' dir='ltr'><strong>divina:</strong></span> <span class='ocrx_word' id='word_1_407' title='bbox 2890 2445 3182 2513; x_wconf 74' lang='lat' dir='ltr'><strong>Scriptum</strong></span> <span class='ocrx_word' id='word_1_408' title='bbox 3214 2443 3376 2513; x_wconf 84' lang='lat' dir='ltr'><strong>pallio</strong></span> <span class='ocrx_word' id='word_1_409' title='bbox 3407 2455 3570 2515; x_wconf 85' lang='lat' dir='ltr'><strong>tegere</strong></span> 
     </span>
    </p>
   </div>
   <div class='ocr_carea' id='block_1_55' title="bbox 2587 2524 2976 2569">
    <p class='ocr_par' dir='ltr' id='par_1_55' title="bbox 2587 2524 2976 2569">
     <span class='ocr_line' id='line_1_55' title="bbox 2587 2524 2976 2569; baseline 0 0"><span class='ocrx_word' id='word_1_410' title='bbox 2587 2524 2976 2569; x_wconf 85' lang='lat' dir='ltr'><strong>consueverunt.</strong></span> 
     </span>
    </p>
   </div>
   <div class='ocr_carea' id='block_1_56' title="bbox 2048 2630 3571 2702">
    <p class='ocr_par' dir='ltr' id='par_1_56' title="bbox 2048 2630 3571 2702">
     <span class='ocr_line' id='line_1_56' title="bbox 2048 2630 3571 2702; baseline -0.003 -17"><span class='ocrx_word' id='word_1_411' title='bbox 2048 2632 2306 2697; x_wconf 83' lang='lat' dir='ltr'><strong>Quoniam</strong></span> <span class='ocrx_word' id='word_1_412' title='bbox 2335 2631 2501 2696; x_wconf 81' lang='lat' dir='ltr'><strong>enim,</strong></span> <span class='ocrx_word' id='word_1_413' title='bbox 2529 2630 2737 2700; x_wconf 88' lang='lat' dir='ltr'><strong>inquis,</strong></span> <span class='ocrx_word' id='word_1_414' title='bbox 2763 2648 2855 2702; x_wconf 86' lang='lat' dir='ltr'><strong>per</strong></span> <span class='ocrx_word' id='word_1_415' title='bbox 2895 2631 3153 2685; x_wconf 77' lang='lat' dir='ltr'><strong>hominem</strong></span> <span class='ocrx_word' id='word_1_416' title='bbox 3188 2647 3351 2697; x_wconf 88' lang='lat' dir='ltr'><strong>mors,</strong></span> <span class='ocrx_word' id='word_1_417' title='bbox 3386 2630 3498 2684; x_wconf 82' lang='lat' dir='ltr'><strong>ideo</strong></span> <span class='ocrx_word' id='word_1_418' title='bbox 3525 2639 3571 2683; x_wconf 88' lang='lat' dir='ltr'><strong>et</strong></span> 
     </span>
    </p>
   </div>
   <div class='ocr_carea' id='block_1_57' title="bbox 1977 2722 3570 2793">
    <p class='ocr_par' dir='ltr' id='par_1_57' title="bbox 1977 2722 3570 2793">
     <span class='ocr_line' id='line_1_57' title="bbox 1977 2722 3570 2793; baseline -0.003 -16"><span class='ocrx_word' id='word_1_419' title='bbox 1977 2741 2061 2793; x_wconf 85' lang='lat' dir='ltr'><strong>per</strong></span> <span class='ocrx_word' id='word_1_420' title='bbox 2085 2724 2340 2778; x_wconf 78' lang='lat' dir='ltr'><strong>hominem</strong></span> <span class='ocrx_word' id='word_1_421' title='bbox 2371 2723 2678 2776; x_wconf 74' lang='lat' dir='ltr'><strong>resurrectio</strong></span> <span class='ocrx_word' id='word_1_422' title='bbox 2708 2732 3049 2788; x_wconf 82' lang='lat' dir='ltr'><strong>mortuorum.</strong></span> <span class='ocrx_word' id='word_1_423' title='bbox 3076 2722 3332 2787; x_wconf 80' lang='lat' dir='ltr'><strong>Etiamne</strong></span> <span class='ocrx_word' id='word_1_424' title='bbox 3354 2732 3570 2789; x_wconf 81' lang='lat' dir='ltr'><strong>aposto-</strong></span> 
     </span>
    </p>
   </div>
   <div class='ocr_carea' id='block_1_58' title="bbox 1974 2812 3571 2884">
    <p class='ocr_par' dir='ltr' id='par_1_58' title="bbox 1974 2812 3571 2884">
     <span class='ocr_line' id='line_1_58' title="bbox 1974 2812 3571 2884; baseline -0.001 -14"><span class='ocrx_word' id='word_1_425' title='bbox 1974 2817 2079 2871; x_wconf 88' lang='lat' dir='ltr'><strong>lico</strong></span> <span class='ocrx_word' id='word_1_426' title='bbox 2110 2816 2418 2871; x_wconf 87' lang='lat' dir='ltr'><strong>testimonio</strong></span> <span class='ocrx_word' id='word_1_427' title='bbox 2437 2815 2847 2884; x_wconf 83' lang='lat' dir='ltr'><strong>perversitatem</strong></span> <span class='ocrx_word' id='word_1_428' title='bbox 2877 2829 2939 2868; x_wconf 90' lang='lat' dir='ltr'><strong>ac</strong></span> <span class='ocrx_word' id='word_1_429' title='bbox 2960 2813 3137 2873; x_wconf 89' lang='lat' dir='ltr'><strong>scelus</strong></span> <span class='ocrx_word' id='word_1_430' title='bbox 3169 2815 3399 2884; x_wconf 89' lang='lat' dir='ltr'><strong>probare</strong></span> <span class='ocrx_word' id='word_1_431' title='bbox 3430 2812 3571 2869; x_wconf 87' lang='lat' dir='ltr'><strong>nite-</strong></span> 
     </span>
    </p>
   </div>
   <div class='ocr_carea' id='block_1_59' title="bbox 1975 2905 3564 2979">
    <p class='ocr_par' dir='ltr' id='par_1_59' title="bbox 1975 2905 3564 2979">
     <span class='ocr_line' id='line_1_59' title="bbox 1975 2905 3564 2979; baseline -0.001 -16"><span class='ocrx_word' id='word_1_432' title='bbox 1975 2910 2087 2964; x_wconf 83' lang='lat' dir='ltr'><strong>ris?</strong></span> <span class='ocrx_word' id='word_1_433' title='bbox 2115 2920 2169 2964; x_wconf 90' lang='lat' dir='ltr'><strong>et</strong></span> <span class='ocrx_word' id='word_1_434' title='bbox 2189 2907 2832 2979; x_wconf 70' lang='lat' dir='ltr'><strong>contagione‘impietatis</strong></span> <span class='ocrx_word' id='word_1_435' title='bbox 2865 2918 2967 2960; x_wconf 73' lang='lat' dir='ltr'><strong>tua:</strong></span> <span class='ocrx_word' id='word_1_436' title='bbox 3021 2907 3127 2961; x_wconf 82' lang='lat' dir='ltr'><strong>Vas</strong></span> <span class='ocrx_word' id='word_1_437' title='bbox 3170 2905 3451 2961; x_wconf 86' lang='lat' dir='ltr'><strong>electionis</strong></span> <span class='ocrx_word' id='word_1_438' title='bbox 3482 2907 3564 2961; x_wconf 84' lang='lat' dir='ltr'><strong>in-</strong></span> 
     </span>
    </p>
   </div>
   <div class='ocr_carea' id='block_1_60' title="bbox 1978 3000 3565 3071">
    <p class='ocr_par' dir='ltr' id='par_1_60' title="bbox 1978 3000 3565 3071">
     <span class='ocr_line' id='line_1_60' title="bbox 1978 3000 3565 3071; baseline -0.003 -13"><span class='ocrx_word' id='word_1_439' title='bbox 1978 3003 2145 3058; x_wconf 79' lang='lat' dir='ltr'><strong>famas</strong></span> <span class='ocrx_word' id='word_1_440' title='bbox 2166 3003 2189 3055; x_wconf 67' lang='grc' dir='ltr'><strong><em>ἲ</em></strong></span> <span class='ocrx_word' id='word_1_441' title='bbox 2211 3002 2481 3067; x_wconf 78' lang='lat' dir='ltr'><strong>videlicet,</strong></span> <span class='ocrx_word' id='word_1_442' title='bbox 2512 3010 2589 3068; x_wconf 86' lang='lat' dir='ltr'><strong>ut,</strong></span> <span class='ocrx_word' id='word_1_443' title='bbox 2621 3002 2746 3071; x_wconf 90' lang='lat' dir='ltr'><strong>quia</strong></span> <span class='ocrx_word' id='word_1_444' title='bbox 2770 3016 2796 3052; x_wconf 89' lang='lat' dir='ltr'><strong>a</strong></span> <span class='ocrx_word' id='word_1_445' title='bbox 2831 3010 2882 3054; x_wconf 89' lang='lat' dir='ltr'><strong>te</strong></span> <span class='ocrx_word' id='word_1_446' title='bbox 2905 3009 3092 3055; x_wconf 88' lang='lat' dir='ltr'><strong>auctor</strong></span> <span class='ocrx_word' id='word_1_447' title='bbox 3114 3000 3305 3055; x_wconf 86' lang='lat' dir='ltr'><strong>salutis</strong></span> <span class='ocrx_word' id='word_1_448' title='bbox 3331 3011 3433 3053; x_wconf 77' lang='lat' dir='ltr'><strong>tnze</strong></span> <span class='ocrx_word' id='word_1_449' title='bbox 3458 3015 3565 3055; x_wconf 88' lang='lat' dir='ltr'><strong>non</strong></span> 
     </span>
    </p>
   </div>
   <div class='ocr_carea' id='block_1_61' title="bbox 1978 3093 3572 3167">
    <p class='ocr_par' dir='ltr' id='par_1_61' title="bbox 1978 3093 3572 3167">
     <span class='ocr_line' id='line_1_61' title="bbox 1978 3093 3572 3167; baseline -0.001 -17"><span class='ocrx_word' id='word_1_450' title='bbox 1978 3096 2312 3167; x_wconf 81' lang='lat' dir='ltr'><strong>intelligitur,</strong></span> <span class='ocrx_word' id='word_1_451' title='bbox 2348 3095 2551 3149; x_wconf 89' lang='lat' dir='ltr'><strong>idcirco</strong></span> <span class='ocrx_word' id='word_1_452' title='bbox 2586 3094 2747 3148; x_wconf 88' lang='lat' dir='ltr'><strong>etiam</strong></span> <span class='ocrx_word' id='word_1_453' title='bbox 2803 3093 3088 3163; x_wconf 86' lang='lat' dir='ltr'><strong>Apostolus</strong></span> <span class='ocrx_word' id='word_1_454' title='bbox 3129 3094 3295 3147; x_wconf 90' lang='lat' dir='ltr'><strong>Deum</strong></span> <span class='ocrx_word' id='word_1_455' title='bbox 3339 3108 3572 3163; x_wconf 83' lang='lat' dir='ltr'><strong>negasse</strong></span> 
     </span>
    </p>
   </div>
   <div class='ocr_carea' id='block_1_62' title="bbox 262 3181 3569 3260">
    <p class='ocr_par' dir='ltr' id='par_1_62' title="bbox 262 3181 3569 3260">
     <span class='ocr_line' id='line_1_62' title="bbox 262 3181 3569 3260; baseline 0.003 -29"><span class='ocrx_word' id='word_1_456' title='bbox 262 3197 410 3232; x_wconf 74' lang='lat' dir='ltr'><strong>runt.</strong></span> <span class='ocrx_word' id='word_1_457' title='bbox 445 3181 561 3236; x_wconf 86' lang='lat' dir='ltr'><strong>lluc</strong></span> <span class='ocrx_word' id='word_1_458' title='bbox 588 3196 721 3252; x_wconf 83' lang='lat' dir='ltr'><strong>ergo</strong></span> <span class='ocrx_word' id='word_1_459' title='bbox 765 3193 913 3237; x_wconf 91' lang='lat' dir='ltr'><strong>tanto</strong></span> <span class='ocrx_word' id='word_1_460' title='bbox 950 3186 1153 3255; x_wconf 91' lang='lat' dir='ltr'><strong>studio,</strong></span> <span class='ocrx_word' id='word_1_461' title='bbox 1197 3187 1297 3242; x_wconf 91' lang='lat' dir='ltr'><strong>hoc</strong></span> <span class='ocrx_word' id='word_1_462' title='bbox 1326 3196 1477 3242; x_wconf 83' lang='lat' dir='ltr'><strong>tanta</strong></span> <span class='ocrx_word' id='word_1_463' title='bbox 1521 3198 1645 3245; x_wconf 86' lang='lat' dir='ltr'><strong>actu</strong></span> <span class='ocrx_word' id='word_1_464' title='bbox 1678 3190 1871 3260; x_wconf 58' lang='lat' dir='ltr'><strong>praelo-</strong></span> <span class='ocrx_word' id='word_1_465' title='bbox 1903 3192 1947 3254; x_wconf 90' lang='lat' dir='ltr'><strong>C</strong></span> <span class='ocrx_word' id='word_1_466' title='bbox 1981 3192 2241 3246; x_wconf 79' lang='lat' dir='ltr'><strong>videatur.</strong></span> <span class='ocrx_word' id='word_1_467' title='bbox 2283 3190 2349 3245; x_wconf 82' lang='lat' dir='ltr'><strong>Et</strong></span> <span class='ocrx_word' id='word_1_468' title='bbox 2399 3198 2606 3256; x_wconf 87' lang='lat' dir='ltr'><strong>tamen,</strong></span> <span class='ocrx_word' id='word_1_469' title='bbox 2646 3188 2691 3243; x_wconf 92' lang='lat' dir='ltr'><strong>si</strong></span> <span class='ocrx_word' id='word_1_470' title='bbox 2740 3188 3071 3258; x_wconf 81' lang='lat' dir='ltr'><strong>Apostolicis</strong></span> <span class='ocrx_word' id='word_1_471' title='bbox 3125 3188 3450 3242; x_wconf 83' lang='lat' dir='ltr'><strong>testimoniis</strong></span> <span class='ocrx_word' id='word_1_472' title='bbox 3491 3190 3569 3241; x_wconf 85' lang='lat' dir='ltr'><strong>uti</strong></span> 
     </span>
    </p>
   </div>
   <div class='ocr_carea' id='block_1_63' title="bbox 264 3272 1864 3351">
    <p class='ocr_par' dir='ltr' id='par_1_63' title="bbox 264 3272 1864 3351">
     <span class='ocr_line' id='line_1_63' title="bbox 264 3272 1864 3351; baseline 0.008 -26"><span class='ocrx_word' id='word_1_473' title='bbox 264 3272 593 3326; x_wconf 86' lang='lat' dir='ltr'><strong>cutionibus</strong></span> <span class='ocrx_word' id='word_1_474' title='bbox 625 3274 834 3330; x_wconf 90' lang='lat' dir='ltr'><strong>blandis</strong></span> <span class='ocrx_word' id='word_1_475' title='bbox 860 3275 1020 3331; x_wconf 75' lang='lat' dir='ltr'><strong>fallax</strong></span> <span class='ocrx_word' id='word_1_476' title='bbox 1056 3278 1337 3334; x_wconf 77' lang='lat' dir='ltr'><strong>insidiatur</strong></span> <span class='ocrx_word' id='word_1_477' title='bbox 1375 3281 1557 3351; x_wconf 87' lang='lat' dir='ltr'><strong>egisti,</strong></span> <span class='ocrx_word' id='word_1_478' title='bbox 1589 3291 1646 3337; x_wconf 93' lang='lat' dir='ltr'><strong>ut</strong></span> <span class='ocrx_word' id='word_1_479' title='bbox 1696 3283 1864 3337; x_wconf 88' lang='lat' dir='ltr'><strong>Deum</strong></span> 
     </span>
    </p>
   </div>
   <div class='ocr_carea' id='block_1_64' title="bbox 266 3363 1865 3435">
    <p class='ocr_par' dir='ltr' id='par_1_64' title="bbox 266 3363 1865 3435">
     <span class='ocr_line' id='line_1_64' title="bbox 266 3363 1865 3435; baseline 0.009 -19"><span class='ocrx_word' id='word_1_480' title='bbox 266 3363 322 3416; x_wconf 90' lang='lat' dir='ltr'><strong>in</strong></span> <span class='ocrx_word' id='word_1_481' title='bbox 372 3363 813 3431; x_wconf 72' lang='lat' dir='ltr'><strong>praecedentibus</strong></span> <span class='ocrx_word' id='word_1_482' title='bbox 842 3369 1145 3435; x_wconf 82' lang='lat' dir='ltr'><strong>nominans,</strong></span> <span class='ocrx_word' id='word_1_483' title='bbox 1174 3371 1239 3425; x_wconf 88' lang='lat' dir='ltr'><strong>ad</strong></span> <span class='ocrx_word' id='word_1_484' title='bbox 1274 3374 1546 3428; x_wconf 87' lang='lat' dir='ltr'><strong>hominem</strong></span> <span class='ocrx_word' id='word_1_485' title='bbox 1581 3375 1632 3429; x_wconf 93' lang='lat' dir='ltr'><strong>in</strong></span> <span class='ocrx_word' id='word_1_486' title='bbox 1674 3390 1865 3431; x_wconf 89' lang='lat' dir='ltr'><strong>conse-</strong></span> 
     </span>
    </p>
   </div>
   <div class='ocr_carea' id='block_1_65' title="bbox 268 3457 1869 3533">
    <p class='ocr_par' dir='ltr' id='par_1_65' title="bbox 268 3457 1869 3533">
     <span class='ocr_line' id='line_1_65' title="bbox 268 3457 1869 3533; baseline 0.007 -24"><span class='ocrx_word' id='word_1_487' title='bbox 268 3457 572 3521; x_wconf 80' lang='lat' dir='ltr'><strong>quentibus</strong></span> <span class='ocrx_word' id='word_1_488' title='bbox 608 3459 949 3529; x_wconf 69' lang='lat' dir='ltr'><strong>perrenires;</strong></span> <span class='ocrx_word' id='word_1_489' title='bbox 974 3469 1029 3515; x_wconf 82' lang='lat' dir='ltr'><strong>et</strong></span> <span class='ocrx_word' id='word_1_490' title='bbox 1058 3478 1180 3517; x_wconf 89' lang='lat' dir='ltr'><strong>cum</strong></span> <span class='ocrx_word' id='word_1_491' title='bbox 1227 3464 1403 3533; x_wconf 87' lang='lat' dir='ltr'><strong>ipsum</strong></span> <span class='ocrx_word' id='word_1_492' title='bbox 1435 3466 1662 3521; x_wconf 73' lang='lat' dir='ltr'><strong>Solitarii</strong></span> <span class='ocrx_word' id='word_1_493' title='bbox 1692 3467 1869 3521; x_wconf 84' lang='lat' dir='ltr'><strong>homi-</strong></span> 
     </span>
    </p>
   </div>
   <div class='ocr_carea' id='block_1_66' title="bbox 270 3550 1872 3625">
    <p class='ocr_par' dir='ltr' id='par_1_66' title="bbox 270 3550 1872 3625">
     <span class='ocr_line' id='line_1_66' title="bbox 270 3550 1872 3625; baseline 0.007 -23"><span class='ocrx_word' id='word_1_494' title='bbox 270 3550 355 3603; x_wconf 74' lang='lat' dir='ltr'><strong>nis</strong></span> <span class='ocrx_word' id='word_1_495' title='bbox 378 3553 712 3607; x_wconf 76' lang='lat' dir='ltr'><strong>eontumella</strong></span> <span class='ocrx_word' id='word_1_496' title='bbox 742 3563 862 3623; x_wconf 91' lang='lat' dir='ltr'><strong>post</strong></span> <span class='ocrx_word' id='word_1_497' title='bbox 888 3554 1153 3625; x_wconf 76' lang='lat' dir='ltr'><strong>aiiieeres,</strong></span> <span class='ocrx_word' id='word_1_498' title='bbox 1176 3559 1264 3612; x_wconf 90' lang='lat' dir='ltr'><strong>cui</strong></span> <span class='ocrx_word' id='word_1_499' title='bbox 1297 3558 1537 3613; x_wconf 68' lang='grc' dir='ltr'>ειὼιιοιω</span> <span class='ocrx_word' id='word_1_500' title='bbox 1556 3560 1872 3614; x_wconf 67' lang='lat' dir='ltr'><strong>humilitatis</strong></span> 
     </span>
    </p>
   </div>
   <div class='ocr_carea' id='block_1_67' title="bbox 269 3643 1868 3721">
    <p class='ocr_par' dir='ltr' id='par_1_67' title="bbox 269 3643 1868 3721">
     <span class='ocr_line' id='line_1_67' title="bbox 269 3643 1868 3721; baseline 0.005 -24"><span class='ocrx_word' id='word_1_501' title='bbox 269 3643 459 3699; x_wconf 69' lang='lat' dir='ltr'><strong>oilia&#39;o</strong></span> <span class='ocrx_word' id='word_1_502' title='bbox 476 3644 743 3701; x_wconf 81' lang='lat' dir='ltr'><strong>honorem</strong></span> <span class='ocrx_word' id='word_1_503' title='bbox 780 3648 871 3704; x_wconf 89' lang='lat' dir='ltr'><strong>Dei</strong></span> <span class='ocrx_word' id='word_1_504' title='bbox 895 3656 1022 3704; x_wconf 83' lang='lat' dir='ltr'><strong>ante</strong></span> <span class='ocrx_word' id='word_1_505' title='bbox 1041 3649 1351 3707; x_wconf 83' lang='lat' dir='ltr'><strong>detulisses.</strong></span> <span class='ocrx_word' id='word_1_506' title='bbox 1390 3652 1535 3707; x_wconf 81' lang='lat' dir='ltr'><strong>Dicis</strong></span> <span class='ocrx_word' id='word_1_507' title='bbox 1559 3668 1689 3721; x_wconf 83' lang='lat' dir='ltr'><strong>ergo</strong></span> <span class='ocrx_word' id='word_1_508' title='bbox 1727 3654 1868 3721; x_wconf 86' lang='lat' dir='ltr'><strong>quod</strong></span> 
     </span>
    </p>
   </div>
   <div class='ocr_carea' id='block_1_68' title="bbox 272 3734 1863 3815">
    <p class='ocr_par' dir='ltr' id='par_1_68' title="bbox 272 3734 1863 3815">
     <span class='ocr_line' id='line_1_68' title="bbox 272 3734 1863 3815; baseline 0.008 -27"><span class='ocrx_word' id='word_1_509' title='bbox 272 3734 570 3807; x_wconf 79' lang='lat' dir='ltr'><strong>imaginem</strong></span> <span class='ocrx_word' id='word_1_510' title='bbox 611 3738 732 3809; x_wconf 81' lang='lat' dir='ltr'><strong>Dei,</strong></span> <span class='ocrx_word' id='word_1_511' title='bbox 764 3756 925 3809; x_wconf 88' lang='lat' dir='ltr'><strong>quam</strong></span> <span class='ocrx_word' id='word_1_512' title='bbox 967 3742 1214 3798; x_wconf 88' lang='lat' dir='ltr'><strong>diabolus</strong></span> <span class='ocrx_word' id='word_1_513' title='bbox 1245 3743 1535 3815; x_wconf 73' lang='lat' dir='ltr'><strong>proiecerit</strong></span> <span class='ocrx_word' id='word_1_514' title='bbox 1586 3747 1639 3801; x_wconf 89' lang='lat' dir='ltr'><strong>in</strong></span> <span class='ocrx_word' id='word_1_515' title='bbox 1678 3760 1863 3801; x_wconf 70' lang='lat' dir='ltr'><strong>corru:</strong></span> 
     </span>
    </p>
   </div>
   <div class='ocr_carea' id='block_1_69' title="bbox 1976 3279 3571 3354">
    <p class='ocr_par' dir='ltr' id='par_1_69' title="bbox 1976 3279 3571 3354">
     <span class='ocr_line' id='line_1_69' title="bbox 1976 3279 3571 3354; baseline -0.003 -16"><span class='ocrx_word' id='word_1_516' title='bbox 1976 3285 2237 3354; x_wconf 76' lang='lat' dir='ltr'><strong>placebat,</strong></span> <span class='ocrx_word' id='word_1_517' title='bbox 2262 3299 2360 3338; x_wconf 88' lang='lat' dir='ltr'><strong>cur</strong></span> <span class='ocrx_word' id='word_1_518' title='bbox 2401 3297 2508 3337; x_wconf 87' lang='lat' dir='ltr'><strong>uno</strong></span> <span class='ocrx_word' id='word_1_519' title='bbox 2555 3281 2671 3351; x_wconf 85' lang='lat' dir='ltr'><strong>ejus</strong></span> <span class='ocrx_word' id='word_1_520' title='bbox 2727 3289 3014 3341; x_wconf 80' lang='lat' dir='ltr'><strong>contentus</strong></span> <span class='ocrx_word' id='word_1_521' title='bbox 3043 3293 3236 3335; x_wconf 86' lang='lat' dir='ltr'><strong>cuncta</strong></span> <span class='ocrx_word' id='word_1_522' title='bbox 3269 3279 3482 3342; x_wconf 83' lang='lat' dir='ltr'><strong>siluisti,</strong></span> <span class='ocrx_word' id='word_1_523' title='bbox 3515 3290 3571 3333; x_wconf 89' lang='lat' dir='ltr'><strong>et</strong></span> 
     </span>
    </p>
   </div>
   <div class='ocr_carea' id='block_1_70' title="bbox 1977 3371 3571 3440">
    <p class='ocr_par' dir='ltr' id='par_1_70' title="bbox 1977 3371 3571 3440">
     <span class='ocr_line' id='line_1_70' title="bbox 1977 3371 3571 3440; baseline -0.004 -9"><span class='ocrx_word' id='word_1_524' title='bbox 1977 3379 2080 3432; x_wconf 89' lang='lat' dir='ltr'><strong>hoc</strong></span> <span class='ocrx_word' id='word_1_525' title='bbox 2112 3391 2219 3431; x_wconf 91' lang='lat' dir='ltr'><strong>non</strong></span> <span class='ocrx_word' id='word_1_526' title='bbox 2251 3375 2538 3430; x_wconf 87' lang='lat' dir='ltr'><strong>subdidisti</strong></span> <span class='ocrx_word' id='word_1_527' title='bbox 2571 3374 2750 3427; x_wconf 88' lang='lat' dir='ltr'><strong>statim</strong></span> <span class='ocrx_word' id='word_1_528' title='bbox 2789 3391 2803 3426; x_wconf 87' lang='lat'><strong><em>:</em></strong></span> <span class='ocrx_word' id='word_1_529' title='bbox 2841 3372 3037 3426; x_wconf 83' lang='lat' dir='ltr'><strong>Paulus</strong></span> <span class='ocrx_word' id='word_1_530' title='bbox 3088 3376 3351 3440; x_wconf 85' lang='lat' dir='ltr'><strong>apostolus</strong></span> <span class='ocrx_word' id='word_1_531' title='bbox 3382 3374 3445 3425; x_wconf 90' lang='lat' dir='ltr'><strong>ab</strong></span> <span class='ocrx_word' id='word_1_532' title='bbox 3475 3371 3571 3425; x_wconf 86' lang='lat' dir='ltr'><strong>ho-</strong></span> 
     </span>
    </p>
   </div>
   <div class='ocr_carea' id='block_1_71' title="bbox 1976 3463 3569 3539">
    <p class='ocr_par' dir='ltr' id='par_1_71' title="bbox 1976 3463 3569 3539">
     <span class='ocr_line' id='line_1_71' title="bbox 1976 3463 3569 3539; baseline -0.003 -16"><span class='ocrx_word' id='word_1_533' title='bbox 1976 3468 2196 3523; x_wconf 85' lang='lat' dir='ltr'><strong>minibus</strong></span> <span class='ocrx_word' id='word_1_534' title='bbox 2227 3484 2387 3539; x_wconf 83' lang='lat' dir='ltr'><strong>neque</strong></span> <span class='ocrx_word' id='word_1_535' title='bbox 2414 3483 2502 3537; x_wconf 89' lang='lat' dir='ltr'><strong>per</strong></span> <span class='ocrx_word' id='word_1_536' title='bbox 2540 3467 2824 3532; x_wconf 83' lang='lat' dir='ltr'><strong>hominem,</strong></span> <span class='ocrx_word' id='word_1_537' title='bbox 2858 3466 2946 3519; x_wconf 85' lang='lat' dir='ltr'><strong>sed</strong></span> <span class='ocrx_word' id='word_1_538' title='bbox 2974 3482 3063 3537; x_wconf 83' lang='lat' dir='ltr'><strong>per</strong></span> <span class='ocrx_word' id='word_1_539' title='bbox 3090 3464 3267 3520; x_wconf 88' lang='lat' dir='ltr'><strong>Jesum</strong></span> <span class='ocrx_word' id='word_1_540' title='bbox 3308 3463 3569 3519; x_wconf 81' lang='lat' dir='ltr'><strong>Christum</strong></span> 
     </span>
    </p>
   </div>
   <div class='ocr_carea' id='block_1_72' title="bbox 1977 3557 3569 3633">
    <p class='ocr_par' dir='ltr' id='par_1_72' title="bbox 1977 3557 3569 3633">
     <span class='ocr_line' id='line_1_72' title="bbox 1977 3557 3569 3633; baseline -0.004 -18"><span class='ocrx_word' id='word_1_541' title='bbox 1977 3559 2174 3633; x_wconf 81' lang='lat' dir='ltr'><strong>(Colat.</strong></span> <span class='ocrx_word' id='word_1_542' title='bbox 2210 3559 2289 3629; x_wconf 82' lang='lat'><strong>1)?</strong></span> <span class='ocrx_word' id='word_1_543' title='bbox 2315 3569 2409 3613; x_wconf 86' lang='lat' dir='ltr'><strong>aut</strong></span> <span class='ocrx_word' id='word_1_544' title='bbox 2440 3557 2570 3614; x_wconf 88' lang='lat' dir='ltr'><strong>illud</strong></span> <span class='ocrx_word' id='word_1_545' title='bbox 2602 3576 2614 3611; x_wconf 84' lang='lat'><strong>:</strong></span> <span class='ocrx_word' id='word_1_546' title='bbox 2651 3557 2973 3625; x_wconf 81' lang='lat' dir='ltr'><strong>Sapientiam</strong></span> <span class='ocrx_word' id='word_1_547' title='bbox 3006 3557 3265 3625; x_wconf 84' lang='lat' dir='ltr'><strong>loquimur</strong></span> <span class='ocrx_word' id='word_1_548' title='bbox 3293 3557 3425 3609; x_wconf 85' lang='lat' dir='ltr'><strong>inter</strong></span> <span class='ocrx_word' id='word_1_549' title='bbox 3452 3574 3569 3625; x_wconf 79' lang='lat' dir='ltr'><strong>per-</strong></span> 
     </span>
    </p>
   </div>
   <div class='ocr_carea' id='block_1_73' title="bbox 1979 3646 3565 3721">
    <p class='ocr_par' dir='ltr' id='par_1_73' title="bbox 1979 3646 3565 3721">
     <span class='ocr_line' id='line_1_73' title="bbox 1979 3646 3565 3721; baseline -0.002 -16"><span class='ocrx_word' id='word_1_550' title='bbox 1979 3656 2137 3721; x_wconf 79' lang='lat' dir='ltr'><strong>fectos</strong></span> <span class='ocrx_word' id='word_1_551' title='bbox 2161 3651 2201 3719; x_wconf 93' lang='lat' dir='ltr'><strong>(l</strong></span> <span class='ocrx_word' id='word_1_552' title='bbox 2225 3650 2351 3704; x_wconf 76' lang='lat' dir='ltr'><strong>Cor.</strong></span> <span class='ocrx_word' id='word_1_553' title='bbox 2380 3649 2477 3719; x_wconf 78' lang='lat' dir='ltr'><strong>It)?</strong></span> <span class='ocrx_word' id='word_1_554' title='bbox 2524 3660 2590 3704; x_wconf 29' lang='lat' dir='ltr'><strong>et.</strong></span> <span class='ocrx_word' id='word_1_555' title='bbox 2634 3659 2755 3719; x_wconf 85' lang='lat' dir='ltr'><strong>post</strong></span> <span class='ocrx_word' id='word_1_556' title='bbox 2800 3649 2903 3701; x_wconf 84' lang='lat' dir='ltr'><strong>alia</strong></span> <span class='ocrx_word' id='word_1_557' title='bbox 2939 3664 2951 3699; x_wconf 91' lang='lat'>:</span> <span class='ocrx_word' id='word_1_558' title='bbox 2990 3646 3156 3712; x_wconf 85' lang='lat' dir='ltr'><strong>Quam</strong></span> <span class='ocrx_word' id='word_1_559' title='bbox 3180 3665 3345 3713; x_wconf 88' lang='lat' dir='ltr'><strong>nemo,</strong></span> <span class='ocrx_word' id='word_1_560' title='bbox 3372 3648 3565 3717; x_wconf 79' lang='lat' dir='ltr'><strong>inquit.</strong></span> 
     </span>
    </p>
   </div>
   <div class='ocr_carea' id='block_1_74' title="bbox 1977 3740 3567 3815">
    <p class='ocr_par' dir='ltr' id='par_1_74' title="bbox 1977 3740 3567 3815">
     <span class='ocr_line' id='line_1_74' title="bbox 1977 3740 3567 3815; baseline -0.001 -19"><span class='ocrx_word' id='word_1_561' title='bbox 1977 3745 2268 3815; x_wconf 79' lang='lat' dir='ltr'><strong>principum</strong></span> <span class='ocrx_word' id='word_1_562' title='bbox 2292 3742 2465 3797; x_wconf 79' lang='lat' dir='ltr'><strong>stcculi</strong></span> <span class='ocrx_word' id='word_1_563' title='bbox 2489 3743 2651 3815; x_wconf 81' lang='lat' dir='ltr'><strong>hujus</strong></span> <span class='ocrx_word' id='word_1_564' title='bbox 2670 3741 2923 3815; x_wconf 77' lang='lat' dir='ltr'><strong>cognorit.</strong></span> <span class='ocrx_word' id='word_1_565' title='bbox 2950 3740 3009 3794; x_wconf 86' lang='lat' dir='ltr'><strong>Si</strong></span> <span class='ocrx_word' id='word_1_566' title='bbox 3031 3740 3164 3794; x_wconf 87' lang='lat' dir='ltr'><strong>enim</strong></span> <span class='ocrx_word' id='word_1_567' title='bbox 3195 3741 3567 3810; x_wconf 77' lang='lat' dir='ltr'><strong>cognovissent.</strong></span> 
     </span>
    </p>
   </div>
   <div class='ocr_carea' id='block_1_75' title="bbox 1354 3877 2501 3937">
    <p class='ocr_par' dir='ltr' id='par_1_75' title="bbox 1354 3877 2501 3937">
     <span class='ocr_line' id='line_1_75' title="bbox 1354 3877 2501 3937; baseline -0.003 -3"><span class='ocrx_word' id='word_1_568' title='bbox 1354 3879 1611 3935; x_wconf 82' lang='lat' dir='ltr'><strong>ALARDI</strong></span> <span class='ocrx_word' id='word_1_569' title='bbox 1650 3878 1881 3937; x_wconf 64' lang='lat' dir='ltr'><strong>GAZAEI</strong></span> <span class='ocrx_word' id='word_1_570' title='bbox 1921 3877 2501 3934; x_wconf 53' lang='lat' dir='ltr'><strong>COMMENTARIUS».</strong></span> 
     </span>
    </p>
   </div>
   <div class='ocr_carea' id='block_1_76' title="bbox 275 3964 1871 4033">
    <p class='ocr_par' dir='ltr' id='par_1_76' title="bbox 275 3964 1871 4033">
     <span class='ocr_line' id='line_1_76' title="bbox 275 3964 1871 4033; baseline 0.005 -16"><span class='ocrx_word' id='word_1_571' title='bbox 275 3979 460 4032; x_wconf 80' lang='lat' dir='ltr'><strong>eosque</strong></span> <span class='ocrx_word' id='word_1_572' title='bbox 487 3964 597 4033; x_wconf 86' lang='lat' dir='ltr'><strong>igni</strong></span> <span class='ocrx_word' id='word_1_573' title='bbox 621 3967 856 4031; x_wconf 86' lang='lat' dir='ltr'><strong>tradidit,</strong></span> <span class='ocrx_word' id='word_1_574' title='bbox 889 3969 1061 4022; x_wconf 84' lang='lat' dir='ltr'><strong>dicens</strong></span> <span class='ocrx_word' id='word_1_575' title='bbox 1090 3987 1108 4023; x_wconf 83' lang='lat'><strong>.&#39;</strong></span> <span class='ocrx_word' id='word_1_576' title='bbox 1135 3969 1251 4024; x_wconf 85' lang='lat' dir='ltr'><strong>Non</strong></span> <span class='ocrx_word' id='word_1_577' title='bbox 1278 3973 1494 4024; x_wconf 87' lang='lat' dir='ltr'><strong>monebit</strong></span> <span class='ocrx_word' id='word_1_578' title='bbox 1519 3973 1571 4025; x_wconf 89' lang='lat' dir='ltr'><strong>in</strong></span> <span class='ocrx_word' id='word_1_579' title='bbox 1600 3973 1730 4027; x_wconf 83' lang='lat' dir='ltr'><strong>cella</strong></span> <span class='ocrx_word' id='word_1_580' title='bbox 1763 3990 1871 4025; x_wconf 86' lang='lat' dir='ltr'><strong>mea</strong></span> 
     </span>
    </p>
   </div>
   <div class='ocr_carea' id='block_1_77' title="bbox 280 4033 1873 4114">
    <p class='ocr_par' dir='ltr' id='par_1_77' title="bbox 280 4033 1873 4114">
     <span class='ocr_line' id='line_1_77' title="bbox 280 4033 1873 4114; baseline 0.006 -29"><span class='ocrx_word' id='word_1_581' title='bbox 280 4033 532 4114; x_wconf 50' lang='lat' dir='ltr'><strong>Domi-nee</strong></span> <span class='ocrx_word' id='word_1_582' title='bbox 550 4046 950 4114; x_wconf 60' lang='lat' dir='ltr'><strong>nostrtrsanctte</strong></span> <span class='ocrx_word' id='word_1_583' title='bbox 976 4039 1357 4114; x_wconf 64' lang='lat' dir='ltr'><strong>Dei/{euitricis</strong></span> <span class='ocrx_word' id='word_1_584' title='bbox 1386 4059 1679 4114; x_wconf 82' lang='lat' dir='ltr'><strong>semperque</strong></span> <span class='ocrx_word' id='word_1_585' title='bbox 1719 4044 1873 4111; x_wconf 80' lang='lat' dir='ltr'><strong>virgi-</strong></span> 
     </span>
    </p>
   </div>
   <div class='ocr_carea' id='block_1_78' title="bbox 278 4103 1871 4186">
    <p class='ocr_par' dir='ltr' id='par_1_78' title="bbox 278 4103 1871 4186">
     <span class='ocr_line' id='line_1_78' title="bbox 278 4103 1871 4186; baseline 0.007 -29"><span class='ocrx_word' id='word_1_586' title='bbox 278 4106 358 4157; x_wconf 75' lang='lat' dir='ltr'><strong>nis</strong></span> <span class='ocrx_word' id='word_1_587' title='bbox 390 4103 864 4186; x_wconf 32' lang='lat' dir='ltr'><strong>Dorice-inimicus</strong></span> <span class='ocrx_word' id='word_1_588' title='bbox 894 4109 1023 4186; x_wconf 67' lang='lat' dir='ltr'><strong>llaec</strong></span> <span class='ocrx_word' id='word_1_589' title='bbox 1061 4112 1148 4165; x_wconf 89' lang='lat' dir='ltr'><strong>ibi.</strong></span> <span class='ocrx_word' id='word_1_590' title='bbox 1180 4111 1453 4186; x_wconf 81' lang='lat' dir='ltr'><strong>Eiusmodi</strong></span> <span class='ocrx_word' id='word_1_591' title='bbox 1493 4103 1713 4184; x_wconf 72' lang='lat' dir='ltr'><strong>namque</strong></span> <span class='ocrx_word' id='word_1_592' title='bbox 1758 4103 1871 4186; x_wconf 64' lang='lat' dir='ltr'><strong>[cie-</strong></span> 
     </span>
    </p>
   </div>
   <div class='ocr_carea' id='block_1_79' title="bbox 278 4174 1864 4256">
    <p class='ocr_par' dir='ltr' id='par_1_79' title="bbox 278 4174 1864 4256">
     <span class='ocr_line' id='line_1_79' title="bbox 278 4174 1864 4256; baseline 0.007 -30"><span class='ocrx_word' id='word_1_593' title='bbox 278 4174 553 4256; x_wconf 49' lang='lat' dir='ltr'><strong>runtnlibri</strong></span> <span class='ocrx_word' id='word_1_594' title='bbox 572 4175 818 4256; x_wconf 58' lang='grc' dir='ltr'><strong>ἱμὶΑιιρδ</strong></span> <span class='ocrx_word' id='word_1_595' title='bbox 847 4182 921 4256; x_wconf 90' lang='lat' dir='ltr'><strong>ut</strong></span> <span class='ocrx_word' id='word_1_596' title='bbox 948 4183 1196 4256; x_wconf 70' lang='lat' dir='ltr'><strong>diximus)</strong></span> <span class='ocrx_word' id='word_1_597' title='bbox 1224 4174 1314 4250; x_wconf 81' lang='lat' dir='ltr'><strong>per</strong></span> <span class='ocrx_word' id='word_1_598' title='bbox 1331 4184 1566 4256; x_wconf 78' lang='lat' dir='ltr'><strong>diversas</strong></span> <span class='ocrx_word' id='word_1_599' title='bbox 1594 4174 1729 4239; x_wconf 71' lang='lat' dir='ltr'><strong>orbis</strong></span> <span class='ocrx_word' id='word_1_600' title='bbox 1750 4174 1864 4256; x_wconf 80' lang='lat' dir='ltr'><strong>por-</strong></span> 
     </span>
    </p>
   </div>
   <div class='ocr_carea' id='block_1_80' title="bbox 279 4246 1867 4327">
    <p class='ocr_par' dir='ltr' id='par_1_80' title="bbox 279 4246 1867 4327">
     <span class='ocr_line' id='line_1_80' title="bbox 279 4246 1867 4327; baseline 0.008 -31"><span class='ocrx_word' id='word_1_601' title='bbox 279 4246 665 4327; x_wconf 48' lang='lat' dir='ltr'><strong>test&#39;h&#39;estoriy</strong></span> <span class='ocrx_word' id='word_1_602' title='bbox 716 4246 1023 4327; x_wconf 22' lang='lat' dir='ltr'><strong>dit&#39;ul‘gavit;</strong></span> <span class='ocrx_word' id='word_1_603' title='bbox 1054 4246 1285 4327; x_wconf 75' lang='lat' dir='ltr'><strong>quorum</strong></span> <span class='ocrx_word' id='word_1_604' title='bbox 1321 4253 1665 4321; x_wconf 84' lang='lat' dir='ltr'><strong>blasphemias</strong></span> <span class='ocrx_word' id='word_1_605' title='bbox 1712 4246 1867 4320; x_wconf 65' lang='lat' dir='ltr'><strong>idem,</strong></span> 
     </span>
    </p>
   </div>
   <div class='ocr_carea' id='block_1_81' title="bbox 279 4318 1866 4396">
    <p class='ocr_par' dir='ltr' id='par_1_81' title="bbox 279 4318 1866 4396">
     <span class='ocr_line' id='line_1_81' title="bbox 279 4318 1866 4396; baseline 0.011 -31"><span class='ocrx_word' id='word_1_606' title='bbox 279 4318 366 4381; x_wconf 80' lang='lat' dir='ltr'><strong>qui</strong></span> <span class='ocrx_word' id='word_1_607' title='bbox 391 4318 832 4396; x_wconf 79' lang='lat' dir='ltr'><strong>supra,_Cyril_lus</strong></span> <span class='ocrx_word' id='word_1_608' title='bbox 861 4318 1076 4377; x_wconf 66' lang='lat' dir='ltr'><strong>Beorsini</strong></span> <span class='ocrx_word' id='word_1_609' title='bbox 1101 4325 1306 4396; x_wconf 83' lang='lat' dir='ltr'><strong>collegit</strong></span> <span class='ocrx_word' id='word_1_610' title='bbox 1334 4334 1379 4377; x_wconf 84' lang='lat' dir='ltr'><strong>et</strong></span> <span class='ocrx_word' id='word_1_611' title='bbox 1401 4318 1700 4392; x_wconf 76' lang='lat' dir='ltr'><strong>confutavit.</strong></span> <span class='ocrx_word' id='word_1_612' title='bbox 1729 4318 1866 4382; x_wconf 53' lang='lat' dir='ltr'><strong>Hac?</strong></span> 
     </span>
    </p>
   </div>
   <div class='ocr_carea' id='block_1_82' title="bbox 281 4388 1642 4450">
    <p class='ocr_par' dir='ltr' id='par_1_82' title="bbox 281 4388 1642 4450">
     <span class='ocr_line' id='line_1_82' title="bbox 281 4388 1642 4450; baseline 0.01 -13"><span class='ocrx_word' id='word_1_613' title='bbox 281 4396 440 4440; x_wconf 73' lang='lat' dir='ltr'><strong>u-nns</strong></span> <span class='ocrx_word' id='word_1_614' title='bbox 468 4402 531 4441; x_wconf 70' lang='lat' dir='ltr'><strong>ex</strong></span> <span class='ocrx_word' id='word_1_615' title='bbox 569 4388 800 4444; x_wconf 77' lang='lat' dir='ltr'><strong>Bai-uitio</strong></span> <span class='ocrx_word' id='word_1_616' title='bbox 822 4404 875 4445; x_wconf 88' lang='lat' dir='ltr'><strong>ct</strong></span> <span class='ocrx_word' id='word_1_617' title='bbox 904 4396 1219 4450; x_wconf 71' lang='lat' dir='ltr'><strong>aut-toribus</strong></span> <span class='ocrx_word' id='word_1_618' title='bbox 1233 4388 1316 4446; x_wconf 45' lang='lat' dir='ltr'><strong>vult</strong></span> <span class='ocrx_word' id='word_1_619' title='bbox 1348 4411 1412 4449; x_wconf 85' lang='lat' dir='ltr'><strong>eo</strong></span> <span class='ocrx_word' id='word_1_620' title='bbox 1442 4388 1642 4450; x_wconf 69' lang='lat' dir='ltr'><strong>citatis.</strong></span> 
     </span>
    </p>
   </div>
   <div class='ocr_carea' id='block_1_83' title="bbox 354 4458 1868 4537">
    <p class='ocr_par' dir='ltr' id='par_1_83' title="bbox 354 4458 1868 4537">
     <span class='ocr_line' id='line_1_83' title="bbox 354 4458 1868 4537; baseline 0.009 -28"><span class='ocrx_word' id='word_1_621' title='bbox 354 4458 859 4537; x_wconf 39' lang='lat' dir='ltr'><strong>{meliusEt-lasso</strong></span> <span class='ocrx_word' id='word_1_622' title='bbox 909 4481 1024 4518; x_wconf 87' lang='lat' dir='ltr'><strong>oras</strong></span> <span class='ocrx_word' id='word_1_623' title='bbox 1070 4467 1361 4537; x_wconf 65' lang='lat' dir='ltr'><strong>legeretur,</strong></span> <span class='ocrx_word' id='word_1_624' title='bbox 1402 4466 1556 4535; x_wconf 77' lang='lat' dir='ltr'><strong>juxta</strong></span> <span class='ocrx_word' id='word_1_625' title='bbox 1591 4467 1717 4523; x_wconf 89' lang='lat' dir='ltr'><strong>illud</strong></span> <span class='ocrx_word' id='word_1_626' title='bbox 1768 4468 1868 4527; x_wconf 79' lang='lat' dir='ltr'><strong>Lu-</strong></span> 
     </span>
    </p>
   </div>
   <div class='ocr_carea' id='block_1_84' title="bbox 280 4530 1874 4668">
    <p class='ocr_par' dir='ltr' id='par_1_84' title="bbox 280 4530 1874 4668">
     <span class='ocr_line' id='line_1_84' title="bbox 280 4530 1874 4668; baseline 0.01 -89"><span class='ocrx_word' id='word_1_627' title='bbox 280 4530 486 4668; x_wconf 52' lang='lat' dir='ltr'><strong>genita</strong></span> <span class='ocrx_word' id='word_1_628' title='bbox 519 4530 581 4584; x_wconf 92' lang='lat' dir='ltr'><strong>D.</strong></span> <span class='ocrx_word' id='word_1_629' title='bbox 618 4530 943 4605; x_wconf 76' lang='lat' dir='ltr'><strong>ilieronytuu</strong></span> <span class='ocrx_word' id='word_1_630' title='bbox 990 4530 1218 4591; x_wconf 75' lang='lat' dir='ltr'><strong>relatnm</strong></span> <span class='ocrx_word' id='word_1_631' title='bbox 1244 4536 1247 4537; x_wconf 57' lang='grc'><strong><em>⁷</em></strong></span> <span class='ocrx_word' id='word_1_632' title='bbox 1274 4540 1326 4592; x_wconf 92' lang='lat' dir='ltr'><strong>in</strong></span> <span class='ocrx_word' id='word_1_633' title='bbox 1349 4530 1575 4606; x_wconf 79' lang='lat' dir='ltr'><strong>epistola</strong></span> <span class='ocrx_word' id='word_1_634' title='bbox 1606 4539 1671 4594; x_wconf 88' lang='lat' dir='ltr'><strong>ad</strong></span> <span class='ocrx_word' id='word_1_635' title='bbox 1702 4538 1874 4609; x_wconf 85' lang='lat' dir='ltr'><strong>Ctesi-</strong></span> 
     </span>
     <span class='ocr_line' id='line_1_85' title="bbox 338 4613 597 4656; baseline 0.023 -6"><span class='ocrx_word' id='word_1_636' title='bbox 338 4613 424 4653; x_wconf 85' lang='grc' dir='ltr'>ιοιι</span> <span class='ocrx_word' id='word_1_637' title='bbox 457 4616 545 4654; x_wconf 87' lang='lat' dir='ltr'><strong>cm</strong></span> <span class='ocrx_word' id='word_1_638' title='bbox 579 4618 597 4656; x_wconf 75' lang='grc' dir='ltr'><em>τ</em></span> 
     </span>
    </p>
   </div>
   <div class='ocr_carea' id='block_1_85' title="bbox 338 4613 597 4656">
    <p class='ocr_par' dir='ltr' id='par_1_85' title="bbox 338 4613 597 4656">
     <span class='ocr_line' id='line_1_86' title="bbox 338 4613 597 4656; baseline 0.019 -6"><span class='ocrx_word' id='word_1_639' title='bbox 338 4613 545 4654; x_wconf 71' lang='grc'><strong>10111011]</strong></span> <span class='ocrx_word' id='word_1_640' title='bbox 579 4618 597 4656; x_wconf 73' lang='grc' dir='ltr'><em>τ</em></span> 
     </span>
    </p>
   </div>
   <div class='ocr_carea' id='block_1_86' title="bbox 406 4712 1548 4777">
    <p class='ocr_par' dir='ltr' id='par_1_86' title="bbox 406 4712 1548 4777">
     <span class='ocr_line' id='line_1_87' title="bbox 406 4712 1548 4777; baseline 0.012 -16"><span class='ocrx_word' id='word_1_641' title='bbox 406 4712 482 4777; x_wconf 58' lang='lat' dir='ltr'><strong>Ac</strong></span> <span class='ocrx_word' id='word_1_642' title='bbox 503 4713 658 4764; x_wconf 68' lang='lat' dir='ltr'><strong>veluti</strong></span> <span class='ocrx_word' id='word_1_643' title='bbox 685 4718 851 4777; x_wconf 85' lang='lat' dir='ltr'><strong>pueris</strong></span> <span class='ocrx_word' id='word_1_644' title='bbox 876 4720 1113 4769; x_wconf 85' lang='lat' dir='ltr'><strong>absinthia</strong></span> <span class='ocrx_word' id='word_1_645' title='bbox 1139 4727 1269 4771; x_wconf 84' lang='lat' dir='ltr'><strong>tetra</strong></span> <span class='ocrx_word' id='word_1_646' title='bbox 1290 4725 1548 4774; x_wconf 75' lang='lat' dir='ltr'><strong>medentes</strong></span> 
     </span>
    </p>
   </div>
   <div class='ocr_carea' id='block_1_87' title="bbox 405 4775 1641 4850">
    <p class='ocr_par' dir='ltr' id='par_1_87' title="bbox 405 4775 1641 4850">
     <span class='ocr_line' id='line_1_88' title="bbox 405 4775 1641 4850; baseline 0.013 -29"><span class='ocrx_word' id='word_1_647' title='bbox 405 4775 946 4850; x_wconf 37' lang='lat' dir='ltr'><strong>(iuniorem—conantur,</strong></span> <span class='ocrx_word' id='word_1_648' title='bbox 966 4785 1100 4850; x_wconf 65' lang='lat' dir='ltr'><strong>prius</strong></span> <span class='ocrx_word' id='word_1_649' title='bbox 1122 4797 1232 4832; x_wconf 84' lang='lat' dir='ltr'><strong>oras</strong></span> <span class='ocrx_word' id='word_1_650' title='bbox 1254 4787 1421 4850; x_wconf 79' lang='lat' dir='ltr'><strong>pocula</strong></span> <span class='ocrx_word' id='word_1_651' title='bbox 1445 4788 1641 4843; x_wconf 10' lang='lat' dir='ltr'><strong>circum.</strong></span> 
     </span>
    </p>
   </div>
   <div class='ocr_carea' id='block_1_88' title="bbox 407 4842 1508 4911">
    <p class='ocr_par' dir='ltr' id='par_1_88' title="bbox 407 4842 1508 4911">
     <span class='ocr_line' id='line_1_89' title="bbox 407 4842 1508 4911; baseline 0.008 -24"><span class='ocrx_word' id='word_1_652' title='bbox 407 4842 712 4898; x_wconf 66' lang='lat' dir='ltr'><strong>mntingunt</strong></span> <span class='ocrx_word' id='word_1_653' title='bbox 731 4842 857 4892; x_wconf 88' lang='lat' dir='ltr'><strong>dulci</strong></span> <span class='ocrx_word' id='word_1_654' title='bbox 882 4844 1039 4893; x_wconf 76' lang='lat' dir='ltr'><strong>mellis</strong></span> <span class='ocrx_word' id='word_1_655' title='bbox 1059 4842 1283 4910; x_wconf 67' lang='lat' dir='ltr'><strong>ﬂavoque</strong></span> <span class='ocrx_word' id='word_1_656' title='bbox 1302 4848 1508 4911; x_wconf 83' lang='lat' dir='ltr'><strong>liquore.</strong></span> 
     </span>
    </p>
   </div>
   <div class='ocr_carea' id='block_1_89' title="bbox 284 4940 1883 5023">
    <p class='ocr_par' dir='ltr' id='par_1_89' title="bbox 284 4940 1883 5023">
     <span class='ocr_line' id='line_1_90' title="bbox 284 4940 1883 5023; baseline 0.009 -29"><span class='ocrx_word' id='word_1_657' title='bbox 284 4940 493 5004; x_wconf 73' lang='lat' dir='ltr'><strong>Quibus</strong></span> <span class='ocrx_word' id='word_1_658' title='bbox 521 4947 797 5023; x_wconf 77' lang='lat' dir='ltr'><strong>v_ers_ihus_</strong></span> <span class='ocrx_word' id='word_1_659' title='bbox 827 4948 888 5002; x_wconf 88' lang='lat' dir='ltr'><strong>D.</strong></span> <span class='ocrx_word' id='word_1_660' title='bbox 913 4949 1299 5023; x_wconf 78' lang='lat' dir='ltr'><strong>_liieronymns</strong></span> <span class='ocrx_word' id='word_1_661' title='bbox 1330 4952 1579 5007; x_wconf 80' lang='lat' dir='ltr'><strong>Ruﬁnum</strong></span> <span class='ocrx_word' id='word_1_662' title='bbox 1615 4957 1883 5022; x_wconf 52' lang='lat' dir='ltr'><strong>perstrin-</strong></span> 
     </span>
    </p>
   </div>
   <div class='ocr_carea' id='block_1_90' title="bbox 288 5015 1879 5096">
    <p class='ocr_par' dir='ltr' id='par_1_90' title="bbox 288 5015 1879 5096">
     <span class='ocr_line' id='line_1_91' title="bbox 288 5015 1879 5096; baseline 0.008 -31"><span class='ocrx_word' id='word_1_663' title='bbox 288 5029 442 5096; x_wconf 67' lang='lat' dir='ltr'><strong>gens,</strong></span> <span class='ocrx_word' id='word_1_664' title='bbox 474 5015 736 5096; x_wconf 36' lang='lat' dir='ltr'><strong>qui,.ha‘c</strong></span> <span class='ocrx_word' id='word_1_665' title='bbox 778 5017 964 5096; x_wconf 79' lang='lat' dir='ltr'><strong>fraude</strong></span> <span class='ocrx_word' id='word_1_666' title='bbox 1015 5015 1161 5096; x_wconf 60' lang='lat' dir='ltr'><strong>usus,</strong></span> <span class='ocrx_word' id='word_1_667' title='bbox 1198 5025 1249 5096; x_wconf 88' lang='lat' dir='ltr'><strong>in</strong></span> <span class='ocrx_word' id='word_1_668' title='bbox 1298 5025 1437 5078; x_wconf 86' lang='lat' dir='ltr'><strong>libro</strong></span> <span class='ocrx_word' id='word_1_669' title='bbox 1465 5015 1730 5096; x_wconf 40' lang='lat' dir='ltr'><strong>quem-&quot;de</strong></span> <span class='ocrx_word' id='word_1_670' title='bbox 1770 5026 1879 5081; x_wconf 84' lang='lat' dir='ltr'><strong>Mo-</strong></span> 
     </span>
    </p>
   </div>
   <div class='ocr_carea' id='block_1_91' title="bbox 288 5088 1876 5162">
    <p class='ocr_par' dir='ltr' id='par_1_91' title="bbox 288 5088 1876 5162">
     <span class='ocr_line' id='line_1_92' title="bbox 288 5088 1876 5162; baseline 0.009 -27"><span class='ocrx_word' id='word_1_671' title='bbox 288 5088 477 5162; x_wconf 73' lang='lat' dir='ltr'><strong>nachis</strong></span> <span class='ocrx_word' id='word_1_672' title='bbox 511 5088 732 5162; x_wconf 67' lang='lat' dir='ltr'><strong>scripsit</strong></span> <span class='ocrx_word' id='word_1_673' title='bbox 768 5090 963 5143; x_wconf 77' lang='lat' dir='ltr'><strong>multos</strong></span> <span class='ocrx_word' id='word_1_674' title='bbox 1005 5092 1340 5162; x_wconf 65' lang='lat' dir='ltr'><strong>Origenistas</strong></span> <span class='ocrx_word' id='word_1_675' title='bbox 1380 5088 1713 5160; x_wconf 66' lang='lat' dir='ltr'><strong>interseruit,</strong></span> <span class='ocrx_word' id='word_1_676' title='bbox 1755 5112 1876 5150; x_wconf 78' lang='lat' dir='ltr'><strong>mox</strong></span> 
     </span>
    </p>
   </div>
   <div class='ocr_carea' id='block_1_92' title="bbox 288 5154 1880 5237">
    <p class='ocr_par' dir='ltr' id='par_1_92' title="bbox 288 5154 1880 5237">
     <span class='ocr_line' id='line_1_93' title="bbox 288 5154 1880 5237; baseline 0.009 -31"><span class='ocrx_word' id='word_1_677' title='bbox 288 5154 475 5237; x_wconf 67' lang='lat' dir='ltr'><strong>subdit</strong></span> <span class='ocrx_word' id='word_1_678' title='bbox 495 5172 516 5236; x_wconf 83' lang='lat'><strong>_:</strong></span> <span class='ocrx_word' id='word_1_679' title='bbox 542 5155 631 5209; x_wconf 84' lang='lat' dir='ltr'><strong>lla</strong></span> <span class='ocrx_word' id='word_1_680' title='bbox 662 5157 751 5212; x_wconf 87' lang='lat' dir='ltr'><strong>ille</strong></span> <span class='ocrx_word' id='word_1_681' title='bbox 796 5154 1240 5237; x_wconf 17' lang='lat' dir='ltr'><strong>unum_JoAarinem</strong></span> <span class='ocrx_word' id='word_1_682' title='bbox 1271 5166 1322 5217; x_wconf 87' lang='lat' dir='ltr'><strong>in</strong></span> <span class='ocrx_word' id='word_1_683' title='bbox 1365 5167 1527 5233; x_wconf 77' lang='lat' dir='ltr'><strong>ipsius</strong></span> <span class='ocrx_word' id='word_1_684' title='bbox 1556 5164 1674 5219; x_wconf 84' lang='lat' dir='ltr'><strong>libri</strong></span> <span class='ocrx_word' id='word_1_685' title='bbox 1702 5154 1880 5235; x_wconf 78' lang='lat' dir='ltr'><strong>posuit</strong></span> 
     </span>
    </p>
   </div>
   <div class='ocr_carea' id='block_1_93' title="bbox 290 5230 1879 5307">
    <p class='ocr_par' dir='ltr' id='par_1_93' title="bbox 290 5230 1879 5307">
     <span class='ocr_line' id='line_1_94' title="bbox 290 5230 1879 5307; baseline 0.009 -31"><span class='ocrx_word' id='word_1_686' title='bbox 290 5230 562 5307; x_wconf 61' lang='lat' dir='ltr'><strong>principio,</strong></span> <span class='ocrx_word' id='word_1_687' title='bbox 591 5245 743 5299; x_wconf 84' lang='lat' dir='ltr'><strong>quem</strong></span> <span class='ocrx_word' id='word_1_688' title='bbox 782 5230 1181 5307; x_wconf 72' lang='lat' dir='ltr'><strong>et__cotholicnm</strong></span> <span class='ocrx_word' id='word_1_689' title='bbox 1229 5245 1275 5287; x_wconf 89' lang='lat' dir='ltr'><strong>et</strong></span> <span class='ocrx_word' id='word_1_690' title='bbox 1321 5230 1555 5289; x_wconf 84' lang='lat' dir='ltr'><strong>sanctum</strong></span> <span class='ocrx_word' id='word_1_691' title='bbox 1586 5230 1748 5307; x_wconf 76' lang='lat' dir='ltr'><strong>fuisse</strong></span> <span class='ocrx_word' id='word_1_692' title='bbox 1780 5255 1879 5291; x_wconf 86' lang='lat' dir='ltr'><strong>non</strong></span> 
     </span>
    </p>
   </div>
   <div class='ocr_carea' id='block_1_94' title="bbox 290 5295 1879 5375">
    <p class='ocr_par' dir='ltr' id='par_1_94' title="bbox 290 5295 1879 5375">
     <span class='ocr_line' id='line_1_95' title="bbox 290 5295 1879 5375; baseline 0.013 -32"><span class='ocrx_word' id='word_1_693' title='bbox 290 5295 498 5375; x_wconf 74' lang='lat' dir='ltr'><strong>dubium</strong></span> <span class='ocrx_word' id='word_1_694' title='bbox 518 5295 616 5375; x_wconf 65' lang='lat' dir='ltr'><strong>est,</strong></span> <span class='ocrx_word' id='word_1_695' title='bbox 642 5308 813 5375; x_wconf 22' lang='lat' dir='ltr'><strong>ut_perA</strong></span> <span class='ocrx_word' id='word_1_696' title='bbox 826 5301 968 5375; x_wconf 72' lang='lat' dir='ltr'><strong>illius</strong></span> <span class='ocrx_word' id='word_1_697' title='bbox 978 5307 1308 5375; x_wconf 73' lang='lat' dir='ltr'><strong>occasionem</strong></span> <span class='ocrx_word' id='word_1_698' title='bbox 1326 5317 1537 5375; x_wconf 26' lang='lat' dir='ltr'><strong>‘ca‘teros</strong></span> <span class='ocrx_word' id='word_1_699' title='bbox 1554 5295 1678 5375; x_wconf 71' lang='lat' dir='ltr'><strong>quos</strong></span> <span class='ocrx_word' id='word_1_700' title='bbox 1702 5324 1879 5372; x_wconf 72' lang='lat' dir='ltr'><strong>posue-</strong></span> 
     </span>
    </p>
   </div>
   <div class='ocr_carea' id='block_1_95' title="bbox 289 5364 1879 5432">
    <p class='ocr_par' dir='ltr' id='par_1_95' title="bbox 289 5364 1879 5432">
     <span class='ocr_line' id='line_1_96' title="bbox 289 5364 1879 5432; baseline 0.011 -17"><span class='ocrx_word' id='word_1_701' title='bbox 289 5375 366 5416; x_wconf 79' lang='lat' dir='ltr'><strong>rat</strong></span> <span class='ocrx_word' id='word_1_702' title='bbox 391 5364 657 5423; x_wconf 59' lang='lat' dir='ltr'><strong>hereticos</strong></span> <span class='ocrx_word' id='word_1_703' title='bbox 688 5364 935 5424; x_wconf 65' lang='lat' dir='ltr'><strong>Ecclesia!</strong></span> <span class='ocrx_word' id='word_1_704' title='bbox 970 5370 1338 5428; x_wconf 72' lang='lat' dir='ltr'><strong>introduceret.</strong></span> <span class='ocrx_word' id='word_1_705' title='bbox 1390 5376 1443 5430; x_wconf 92' lang='lat' dir='ltr'><strong>In</strong></span> <span class='ocrx_word' id='word_1_706' title='bbox 1474 5364 1720 5432; x_wconf 76' lang='lat' dir='ltr'><strong>eamdem</strong></span> <span class='ocrx_word' id='word_1_707' title='bbox 1755 5394 1879 5431; x_wconf 80' lang='lat' dir='ltr'><strong>scn-</strong></span> 
     </span>
    </p>
   </div>
   <div class='ocr_carea' id='block_1_96' title="bbox 292 5438 1880 5518">
    <p class='ocr_par' dir='ltr' id='par_1_96' title="bbox 292 5438 1880 5518">
     <span class='ocr_line' id='line_1_97' title="bbox 292 5438 1880 5518; baseline 0.009 -32"><span class='ocrx_word' id='word_1_708' title='bbox 292 5438 850 5518; x_wconf 39' lang='lat' dir='ltr'><strong>t‘entiamhcregorius</strong></span> <span class='ocrx_word' id='word_1_709' title='bbox 903 5442 1270 5518; x_wconf 67' lang='lat' dir='ltr'><strong>Nazianzenus</strong></span> <span class='ocrx_word' id='word_1_710' title='bbox 1314 5448 1454 5518; x_wconf 82' lang='lat' dir='ltr'><strong>(Lib.</strong></span> <span class='ocrx_word' id='word_1_711' title='bbox 1510 5452 1573 5501; x_wconf 90' lang='lat' dir='ltr'><strong>de</strong></span> <span class='ocrx_word' id='word_1_712' title='bbox 1616 5448 1751 5503; x_wconf 82' lang='lat' dir='ltr'><strong>Fide</strong></span> <span class='ocrx_word' id='word_1_713' title='bbox 1778 5452 1880 5502; x_wconf 79' lang='lat' dir='ltr'><strong>sire</strong></span> 
     </span>
    </p>
   </div>
   <div class='ocr_carea' id='block_1_97' title="bbox 295 5507 1878 5590">
    <p class='ocr_par' dir='ltr' id='par_1_97' title="bbox 295 5507 1878 5590">
     <span class='ocr_line' id='line_1_98' title="bbox 295 5507 1878 5590; baseline 0.009 -31"><span class='ocrx_word' id='word_1_714' title='bbox 295 5507 557 5590; x_wconf 45' lang='lat' dir='ltr'><strong>(fructs)</strong></span> <span class='ocrx_word' id='word_1_715' title='bbox 590 5528 605 5566; x_wconf 88' lang='lat'><strong>:</strong></span> <span class='ocrx_word' id='word_1_716' title='bbox 642 5509 710 5566; x_wconf 85' lang='lat' dir='ltr'><strong>Ut</strong></span> <span class='ocrx_word' id='word_1_717' title='bbox 747 5514 896 5577; x_wconf 87' lang='lat' dir='ltr'><strong>solet,</strong></span> <span class='ocrx_word' id='word_1_718' title='bbox 952 5514 1143 5590; x_wconf 77' lang='lat' dir='ltr'><strong>inquit.</strong></span> <span class='ocrx_word' id='word_1_719' title='bbox 1196 5507 1383 5571; x_wconf 73' lang='lat' dir='ltr'><strong>lethrile</strong></span> <span class='ocrx_word' id='word_1_720' title='bbox 1425 5522 1664 5590; x_wconf 78' lang='lat' dir='ltr'><strong>poculum</strong></span> <span class='ocrx_word' id='word_1_721' title='bbox 1715 5522 1878 5573; x_wconf 79' lang='lat' dir='ltr'><strong>mellis</strong></span> 
     </span>
    </p>
   </div>
   <div class='ocr_carea' id='block_1_98' title="bbox 291 5576 1880 5662">
    <p class='ocr_par' dir='ltr' id='par_1_98' title="bbox 291 5576 1880 5662">
     <span class='ocr_line' id='line_1_99' title="bbox 291 5576 1880 5662; baseline 0.01 -34"><span class='ocrx_word' id='word_1_722' title='bbox 291 5576 560 5662; x_wconf 59' lang='lat' dir='ltr'><strong>dulcedine</strong></span> <span class='ocrx_word' id='word_1_723' title='bbox 588 5576 927 5662; x_wconf 74' lang='lat' dir='ltr'><strong>temperatum</strong></span> <span class='ocrx_word' id='word_1_724' title='bbox 955 5576 1207 5662; x_wconf 71' lang='lat' dir='ltr'><strong>suavitate</strong></span> <span class='ocrx_word' id='word_1_725' title='bbox 1238 5576 1465 5662; x_wconf 74' lang='lat' dir='ltr'><strong>fallente.</strong></span> <span class='ocrx_word' id='word_1_726' title='bbox 1492 5594 1776 5662; x_wconf 82' lang='lat' dir='ltr'><strong>perimere;</strong></span> <span class='ocrx_word' id='word_1_727' title='bbox 1806 5595 1880 5644; x_wconf 90' lang='lat' dir='ltr'><strong>sic</strong></span> 
     </span>
    </p>
   </div>
   <div class='ocr_carea' id='block_1_99' title="bbox 292 5648 1879 5730">
    <p class='ocr_par' dir='ltr' id='par_1_99' title="bbox 292 5648 1879 5730">
     <span class='ocr_line' id='line_1_100' title="bbox 292 5648 1879 5730; baseline 0.012 -34"><span class='ocrx_word' id='word_1_728' title='bbox 292 5654 339 5696; x_wconf 84' lang='lat' dir='ltr'><strong>et</strong></span> <span class='ocrx_word' id='word_1_729' title='bbox 370 5648 465 5730; x_wconf 74' lang='lat' dir='ltr'><strong>hoc</strong></span> <span class='ocrx_word' id='word_1_730' title='bbox 496 5648 699 5730; x_wconf 73' lang='lat' dir='ltr'><strong>malum</strong></span> <span class='ocrx_word' id='word_1_731' title='bbox 730 5658 1096 5730; x_wconf 60' lang='grc' dir='ltr'><strong>(Ιιτῐειεέρρε),</strong></span> <span class='ocrx_word' id='word_1_732' title='bbox 1121 5648 1217 5727; x_wconf 75' lang='lat' dir='ltr'><strong>per</strong></span> <span class='ocrx_word' id='word_1_733' title='bbox 1238 5648 1606 5715; x_wconf 47' lang='lat' dir='ltr'><strong>&#39;blandim&#39;enta</strong></span> <span class='ocrx_word' id='word_1_734' title='bbox 1648 5648 1879 5724; x_wconf 82' lang='lat' dir='ltr'><strong>aurium,</strong></span> 
     </span>
    </p>
   </div>
   <div class='ocr_carea' id='block_1_100' title="bbox 294 5720 1883 5797">
    <p class='ocr_par' dir='ltr' id='par_1_100' title="bbox 294 5720 1883 5797">
     <span class='ocr_line' id='line_1_101' title="bbox 294 5720 1883 5797; baseline 0.006 -21"><span class='ocrx_word' id='word_1_735' title='bbox 294 5720 603 5797; x_wconf 52' lang='lat' dir='ltr'><strong>lydien&#39;ium</strong></span> <span class='ocrx_word' id='word_1_736' title='bbox 650 5743 833 5780; x_wconf 83' lang='lat' dir='ltr'><strong>sensus</strong></span> <span class='ocrx_word' id='word_1_737' title='bbox 871 5720 1244 5797; x_wconf 10' lang='lat' dir='ltr'><strong>quadainr&#39;labe</strong></span> <span class='ocrx_word' id='word_1_738' title='bbox 1280 5733 1661 5792; x_wconf 82' lang='lat' dir='ltr'><strong>contaminans.</strong></span> <span class='ocrx_word' id='word_1_739' title='bbox 1706 5720 1883 5787; x_wconf 46' lang='lat' dir='ltr'><strong>conta;</strong></span> 
     </span>
    </p>
   </div>
   <div class='ocr_carea' id='block_1_101' title="bbox 288 5786 1883 5869">
    <p class='ocr_par' dir='ltr' id='par_1_101' title="bbox 288 5786 1883 5869">
     <span class='ocr_line' id='line_1_102' title="bbox 288 5786 1883 5869; baseline 0.013 -30"><span class='ocrx_word' id='word_1_740' title='bbox 288 5816 295 5825; x_wconf 72' lang='grc' dir='ltr'><strong>ι</strong></span> <span class='ocrx_word' id='word_1_741' title='bbox 326 5792 434 5847; x_wconf 73' lang='lat' dir='ltr'><strong>tene</strong></span> <span class='ocrx_word' id='word_1_742' title='bbox 470 5795 766 5852; x_wconf 67' lang='lat' dir='ltr'><strong>adharente</strong></span> <span class='ocrx_word' id='word_1_743' title='bbox 796 5786 980 5858; x_wconf 71' lang='lat' dir='ltr'><strong>injicit.</strong></span> <span class='ocrx_word' id='word_1_744' title='bbox 1017 5786 1319 5869; x_wconf 10' lang='lat' dir='ltr'><strong>Etpeadem</strong></span> <span class='ocrx_word' id='word_1_745' title='bbox 1374 5786 1723 5860; x_wconf 80' lang='lat' dir='ltr'><strong>similitudine</strong></span> <span class='ocrx_word' id='word_1_746' title='bbox 1755 5820 1883 5862; x_wconf 88' lang='lat' dir='ltr'><strong>usus</strong></span> 
     </span>
    </p>
   </div>
   <div class='ocr_carea' id='block_1_102' title="bbox 1977 3968 3567 4039">
    <p class='ocr_par' dir='ltr' id='par_1_102' title="bbox 1977 3968 3567 4039">
     <span class='ocr_line' id='line_1_103' title="bbox 1977 3968 3567 4039; baseline -0.001 -14"><span class='ocrx_word' id='word_1_747' title='bbox 1977 3970 2090 4036; x_wconf 83' lang='lat' dir='ltr'><strong>The</strong></span> <span class='ocrx_word' id='word_1_748' title='bbox 2114 3971 2345 4034; x_wconf 79' lang='lat' dir='ltr'><strong>uloretus</strong></span> <span class='ocrx_word' id='word_1_749' title='bbox 2378 3968 2465 4039; x_wconf 78' lang='lat' dir='ltr'><strong>(In</strong></span> <span class='ocrx_word' id='word_1_750' title='bbox 2500 3970 2743 4036; x_wconf 72' lang='lat' dir='ltr'><strong>promtnio</strong></span> <span class='ocrx_word' id='word_1_751' title='bbox 2774 3970 2862 4023; x_wconf 89' lang='lat' dir='ltr'><strong>lib.</strong></span> <span class='ocrx_word' id='word_1_752' title='bbox 2884 3986 2901 4039; x_wconf 82' lang='grc' dir='ltr'><strong>ι</strong></span> <span class='ocrx_word' id='word_1_753' title='bbox 2940 3969 3132 4023; x_wconf 74' lang='lat' dir='ltr'><strong>Il&#39;wret.</strong></span> <span class='ocrx_word' id='word_1_754' title='bbox 3166 3968 3325 4039; x_wconf 85' lang='lat' dir='ltr'><strong>Fab.)</strong></span> <span class='ocrx_word' id='word_1_755' title='bbox 3375 3987 3388 4023; x_wconf 90' lang='lat'>:</span> <span class='ocrx_word' id='word_1_756' title='bbox 3439 3968 3567 4034; x_wconf 85' lang='lat' dir='ltr'><strong>Cum</strong></span> 
     </span>
    </p>
   </div>
   <div class='ocr_carea' id='block_1_103' title="bbox 1975 4041 3571 4112">
    <p class='ocr_par' dir='ltr' id='par_1_103' title="bbox 1975 4041 3571 4112">
     <span class='ocr_line' id='line_1_104' title="bbox 1975 4041 3571 4112; baseline 0.001 -19"><span class='ocrx_word' id='word_1_757' title='bbox 1975 4041 2206 4101; x_wconf 87' lang='lat' dir='ltr'><strong>homines</strong></span> <span class='ocrx_word' id='word_1_758' title='bbox 2253 4042 2445 4109; x_wconf 72' lang='lat' dir='ltr'><strong>inqut,</strong></span> <span class='ocrx_word' id='word_1_759' title='bbox 2477 4060 2570 4094; x_wconf 86' lang='lat' dir='ltr'><strong>sua</strong></span> <span class='ocrx_word' id='word_1_760' title='bbox 2610 4044 2908 4107; x_wconf 81' lang='lat' dir='ltr'><strong>Operatione</strong></span> <span class='ocrx_word' id='word_1_761' title='bbox 2941 4042 3122 4111; x_wconf 84' lang='lat' dir='ltr'><strong>dignos</strong></span> <span class='ocrx_word' id='word_1_762' title='bbox 3172 4041 3399 4112; x_wconf 71' lang='lat' dir='ltr'><strong>elegisset</strong></span> <span class='ocrx_word' id='word_1_763' title='bbox 3434 4043 3571 4112; x_wconf 60' lang='lat' dir='ltr'><strong>(diu-</strong></span> 
     </span>
    </p>
   </div>
   <div class='ocr_carea' id='block_1_104' title="bbox 1979 4111 3565 4183">
    <p class='ocr_par' dir='ltr' id='par_1_104' title="bbox 1979 4111 3565 4183">
     <span class='ocr_line' id='line_1_105' title="bbox 1979 4111 3565 4183; baseline 0.003 -20"><span class='ocrx_word' id='word_1_764' title='bbox 1979 4112 2176 4180; x_wconf 77' lang='lat' dir='ltr'><strong>holus),</strong></span> <span class='ocrx_word' id='word_1_765' title='bbox 2210 4122 2256 4165; x_wconf 87' lang='lat' dir='ltr'><strong>et</strong></span> <span class='ocrx_word' id='word_1_766' title='bbox 2286 4122 2545 4180; x_wconf 84' lang='lat' dir='ltr'><strong>tamquam</strong></span> <span class='ocrx_word' id='word_1_767' title='bbox 2587 4115 2733 4168; x_wconf 83' lang='lat' dir='ltr'><strong>melle</strong></span> <span class='ocrx_word' id='word_1_768' title='bbox 2761 4113 2993 4183; x_wconf 33' lang='lat' dir='ltr'><strong>quodam,</strong></span> <span class='ocrx_word' id='word_1_769' title='bbox 3024 4128 3077 4166; x_wconf 88' lang='lat' dir='ltr'><strong>os</strong></span> <span class='ocrx_word' id='word_1_770' title='bbox 3110 4111 3278 4181; x_wconf 66' lang='lat' dir='ltr'><strong>poculi</strong></span> <span class='ocrx_word' id='word_1_771' title='bbox 3307 4111 3565 4176; x_wconf 68' lang='lat' dir='ltr'><strong>illivissel,</strong></span> 
     </span>
    </p>
   </div>
   <div class='ocr_carea' id='block_1_105' title="bbox 1976 4183 3567 4253">
    <p class='ocr_par' dir='ltr' id='par_1_105' title="bbox 1976 4183 3567 4253">
     <span class='ocr_line' id='line_1_106' title="bbox 1976 4183 3567 4253; baseline 0.001 -18"><span class='ocrx_word' id='word_1_772' title='bbox 1976 4183 2183 4247; x_wconf 70' lang='lat' dir='ltr'><strong>exi&#39;iale</strong></span> <span class='ocrx_word' id='word_1_773' title='bbox 2201 4184 2458 4247; x_wconf 79' lang='lat' dir='ltr'><strong>mendacii</strong></span> <span class='ocrx_word' id='word_1_774' title='bbox 2483 4200 2724 4237; x_wconf 62' lang='lat' dir='ltr'><strong>venenum</strong></span> <span class='ocrx_word' id='word_1_775' title='bbox 2760 4184 3051 4247; x_wconf 83' lang='lat' dir='ltr'><strong>hominibus</strong></span> <span class='ocrx_word' id='word_1_776' title='bbox 3077 4184 3276 4237; x_wconf 84' lang='lat' dir='ltr'><strong>obtulit.</strong></span> <span class='ocrx_word' id='word_1_777' title='bbox 3300 4185 3374 4253; x_wconf 26' lang='lat' dir='ltr'><strong>\At</strong></span> <span class='ocrx_word' id='word_1_778' title='bbox 3400 4185 3567 4237; x_wconf 88' lang='lat' dir='ltr'><strong>multo</strong></span> 
     </span>
    </p>
   </div>
   <div class='ocr_carea' id='block_1_106' title="bbox 1975 4253 3565 4322">
    <p class='ocr_par' dir='ltr' id='par_1_106' title="bbox 1975 4253 3565 4322">
     <span class='ocr_line' id='line_1_107' title="bbox 1975 4253 3565 4322; baseline -0.001 -14"><span class='ocrx_word' id='word_1_779' title='bbox 1975 4256 2284 4322; x_wconf 84' lang='lat' dir='ltr'><strong>expressius</strong></span> <span class='ocrx_word' id='word_1_780' title='bbox 2330 4253 2642 4308; x_wconf 86' lang='lat' dir='ltr'><strong>Vincentius</strong></span> <span class='ocrx_word' id='word_1_781' title='bbox 2694 4255 2989 4313; x_wconf 81' lang='lat' dir='ltr'><strong>Lirinensis</strong></span> <span class='ocrx_word' id='word_1_782' title='bbox 3034 4257 3102 4315; x_wconf 39' lang='lat' dir='ltr'><strong>in,</strong></span> <span class='ocrx_word' id='word_1_783' title='bbox 3140 4254 3565 4308; x_wconf 68' lang='lat' dir='ltr'><strong>(fommonitorio</strong></span> 
     </span>
    </p>
   </div>
   <div class='ocr_carea' id='block_1_107' title="bbox 1977 4322 3568 4395">
    <p class='ocr_par' dir='ltr' id='par_1_107' title="bbox 1977 4322 3568 4395">
     <span class='ocr_line' id='line_1_108' title="bbox 1977 4322 3568 4395; baseline 0 -17"><span class='ocrx_word' id='word_1_784' title='bbox 1977 4322 2130 4393; x_wconf 80' lang='lat' dir='ltr'><strong>(Cap.</strong></span> <span class='ocrx_word' id='word_1_785' title='bbox 2161 4326 2253 4395; x_wconf 75' lang='grc'><strong>55)</strong></span> <span class='ocrx_word' id='word_1_786' title='bbox 2282 4342 2295 4377; x_wconf 91' lang='lat'>:</span> <span class='ocrx_word' id='word_1_787' title='bbox 2324 4324 2508 4390; x_wconf 80' lang='lat' dir='ltr'><strong>Tanto,</strong></span> <span class='ocrx_word' id='word_1_788' title='bbox 2542 4327 2731 4392; x_wconf 85' lang='lat' dir='ltr'><strong>inquit,</strong></span> <span class='ocrx_word' id='word_1_789' title='bbox 2769 4343 2932 4395; x_wconf 74' lang='lat' dir='ltr'><strong>magis</strong></span> <span class='ocrx_word' id='word_1_790' title='bbox 2978 4325 3191 4391; x_wconf 72' lang='lat' dir='ltr'><strong>carendi</strong></span> <span class='ocrx_word' id='word_1_791' title='bbox 3229 4341 3290 4375; x_wconf 82' lang='lat' dir='ltr'><strong>ac</strong></span> <span class='ocrx_word' id='word_1_792' title='bbox 3331 4327 3568 4391; x_wconf 78' lang='lat' dir='ltr'><strong>pertime-</strong></span> 
     </span>
    </p>
   </div>
   <div class='ocr_carea' id='block_1_108' title="bbox 1970 4394 3567 4467">
    <p class='ocr_par' dir='ltr' id='par_1_108' title="bbox 1970 4394 3567 4467">
     <span class='ocr_line' id='line_1_109' title="bbox 1970 4394 3567 4467; baseline -0.003 -18"><span class='ocrx_word' id='word_1_793' title='bbox 1970 4394 2295 4467; x_wconf 76' lang='lat' dir='ltr'><strong>scendisttnl</strong></span> <span class='ocrx_word' id='word_1_794' title='bbox 2322 4395 2573 4467; x_wconf 76' lang='lat' dir='ltr'><strong>ltterelici.</strong></span> <span class='ocrx_word' id='word_1_795' title='bbox 2601 4404 2790 4460; x_wconf 77' lang='lat' dir='ltr'><strong>qutmlo</strong></span> <span class='ocrx_word' id='word_1_796' title='bbox 2819 4394 3064 4467; x_wconf 80' lang='lat' dir='ltr'><strong>occultius</strong></span> <span class='ocrx_word' id='word_1_797' title='bbox 3092 4396 3415 4467; x_wconf 58' lang='lat' dir='ltr'><strong>subdivinte</strong></span> <span class='ocrx_word' id='word_1_798' title='bbox 3441 4395 3567 4467; x_wconf 77' lang='lat' dir='ltr'><strong>legis</strong></span> 
     </span>
    </p>
   </div>
   <div class='ocr_carea' id='block_1_109' title="bbox 1979 4465 3569 4535">
    <p class='ocr_par' dir='ltr' id='par_1_109' title="bbox 1979 4465 3569 4535">
     <span class='ocr_line' id='line_1_110' title="bbox 1979 4465 3569 4535; baseline 0 -18"><span class='ocrx_word' id='word_1_799' title='bbox 1979 4466 2289 4525; x_wconf 81' lang='lat' dir='ltr'><strong>umbraculis</strong></span> <span class='ocrx_word' id='word_1_800' title='bbox 2302 4467 2524 4519; x_wconf 87' lang='lat' dir='ltr'><strong>latitant.</strong></span> <span class='ocrx_word' id='word_1_801' title='bbox 2552 4466 2738 4519; x_wconf 87' lang='lat' dir='ltr'><strong>Sciunt</strong></span> <span class='ocrx_word' id='word_1_802' title='bbox 2762 4468 2895 4530; x_wconf 75' lang='lat' dir='ltr'><strong>enim</strong></span> <span class='ocrx_word' id='word_1_803' title='bbox 2935 4466 3121 4535; x_wconf 71' lang='lat' dir='ltr'><strong>{olores</strong></span> <span class='ocrx_word' id='word_1_804' title='bbox 3148 4482 3267 4517; x_wconf 80' lang='lat' dir='ltr'><strong>suos</strong></span> <span class='ocrx_word' id='word_1_805' title='bbox 3290 4466 3420 4522; x_wconf 84' lang='lat' dir='ltr'><strong>nulli</strong></span> <span class='ocrx_word' id='word_1_806' title='bbox 3438 4465 3569 4534; x_wconf 77' lang='lat' dir='ltr'><strong>{orte</strong></span> 
     </span>
    </p>
   </div>
   <div class='ocr_carea' id='block_1_110' title="bbox 1978 4535 3569 4605">
    <p class='ocr_par' dir='ltr' id='par_1_110' title="bbox 1978 4535 3569 4605">
     <span class='ocr_line' id='line_1_111' title="bbox 1978 4535 3569 4605; baseline 0 -17"><span class='ocrx_word' id='word_1_807' title='bbox 1978 4537 2083 4605; x_wconf 49' lang='lat' dir='ltr'><strong>cito.</strong></span> <span class='ocrx_word' id='word_1_808' title='bbox 2115 4554 2237 4605; x_wconf 79' lang='lat' dir='ltr'><strong>ese</strong></span> <span class='ocrx_word' id='word_1_809' title='bbox 2261 4538 2562 4601; x_wconf 82' lang='lat' dir='ltr'><strong>placituros,</strong></span> <span class='ocrx_word' id='word_1_810' title='bbox 2600 4538 2643 4588; x_wconf 87' lang='lat' dir='ltr'><strong>si</strong></span> <span class='ocrx_word' id='word_1_811' title='bbox 2682 4539 2809 4589; x_wconf 84' lang='lat' dir='ltr'><strong>nudi</strong></span> <span class='ocrx_word' id='word_1_812' title='bbox 2856 4547 2903 4589; x_wconf 90' lang='lat' dir='ltr'><strong>et</strong></span> <span class='ocrx_word' id='word_1_813' title='bbox 2951 4536 3205 4603; x_wconf 83' lang='lat' dir='ltr'><strong>simplices</strong></span> <span class='ocrx_word' id='word_1_814' title='bbox 3231 4535 3569 4603; x_wconf 68' lang='lat' dir='ltr'><strong>exhaleutur;</strong></span> 
     </span>
    </p>
   </div>
   <div class='ocr_carea' id='block_1_111' title="bbox 1904 4596 3569 4677">
    <p class='ocr_par' dir='ltr' id='par_1_111' title="bbox 1904 4596 3569 4677">
     <span class='ocr_line' id='line_1_112' title="bbox 1904 4596 3569 4677; baseline -0.001 -17"><span class='ocrx_word' id='word_1_815' title='bbox 1904 4596 1951 4653; x_wconf 81' lang='grc' dir='ltr'>Ῑ)</span> <span class='ocrx_word' id='word_1_816' title='bbox 1978 4598 2130 4677; x_wconf 79' lang='lat' dir='ltr'><strong>atque</strong></span> <span class='ocrx_word' id='word_1_817' title='bbox 2155 4596 2347 4660; x_wconf 77' lang='lat' dir='ltr'><strong>idcirco</strong></span> <span class='ocrx_word' id='word_1_818' title='bbox 2369 4623 2455 4660; x_wconf 89' lang='lat' dir='ltr'><strong>eos</strong></span> <span class='ocrx_word' id='word_1_819' title='bbox 2498 4596 2711 4661; x_wconf 75' lang='lat' dir='ltr'><strong>rtelestis</strong></span> <span class='ocrx_word' id='word_1_820' title='bbox 2757 4607 2944 4677; x_wconf 83' lang='lat' dir='ltr'><strong>eloquii</strong></span> <span class='ocrx_word' id='word_1_821' title='bbox 2996 4596 3132 4660; x_wconf 77' lang='lat' dir='ltr'><strong>velut</strong></span> <span class='ocrx_word' id='word_1_822' title='bbox 3197 4602 3416 4674; x_wconf 74' lang='lat' dir='ltr'><strong>quodam</strong></span> <span class='ocrx_word' id='word_1_823' title='bbox 3449 4596 3569 4659; x_wconf 50' lang='lat' dir='ltr'><strong>aro;</strong></span> 
     </span>
    </p>
   </div>
   <div class='ocr_carea' id='block_1_112' title="bbox 1981 4677 3568 4748">
    <p class='ocr_par' dir='ltr' id='par_1_112' title="bbox 1981 4677 3568 4748">
     <span class='ocr_line' id='line_1_113' title="bbox 1981 4677 3568 4748; baseline -0.001 -19"><span class='ocrx_word' id='word_1_824' title='bbox 1981 4691 2115 4732; x_wconf 81' lang='lat' dir='ltr'><strong>male</strong></span> <span class='ocrx_word' id='word_1_825' title='bbox 2137 4687 2436 4747; x_wconf 83' lang='lat' dir='ltr'><strong>aspergunt.</strong></span> <span class='ocrx_word' id='word_1_826' title='bbox 2464 4687 2521 4731; x_wconf 88' lang='lat' dir='ltr'><strong>ut</strong></span> <span class='ocrx_word' id='word_1_827' title='bbox 2548 4677 2634 4731; x_wconf 84' lang='lat' dir='ltr'><strong>ille</strong></span> <span class='ocrx_word' id='word_1_828' title='bbox 2664 4679 2751 4748; x_wconf 87' lang='lat' dir='ltr'><strong>qui</strong></span> <span class='ocrx_word' id='word_1_829' title='bbox 2781 4678 3059 4733; x_wconf 88' lang='lat' dir='ltr'><strong>humanum</strong></span> <span class='ocrx_word' id='word_1_830' title='bbox 3101 4678 3253 4748; x_wconf 81' lang='lat' dir='ltr'><strong>facile</strong></span> <span class='ocrx_word' id='word_1_831' title='bbox 3295 4677 3568 4748; x_wconf 81' lang='lat' dir='ltr'><strong>despiceret</strong></span> 
     </span>
    </p>
   </div>
   <div class='ocr_carea' id='block_1_113' title="bbox 1979 4746 3570 4819">
    <p class='ocr_par' dir='ltr' id='par_1_113' title="bbox 1979 4746 3570 4819">
     <span class='ocr_line' id='line_1_114' title="bbox 1979 4746 3570 4819; baseline 0 -18"><span class='ocrx_word' id='word_1_832' title='bbox 1979 4764 2221 4807; x_wconf 84' lang='lat' dir='ltr'><strong>errorem,</strong></span> <span class='ocrx_word' id='word_1_833' title='bbox 2254 4746 2426 4801; x_wconf 83' lang='lat' dir='ltr'><strong>divina</strong></span> <span class='ocrx_word' id='word_1_834' title='bbox 2454 4765 2553 4819; x_wconf 85' lang='lat' dir='ltr'><strong>non</strong></span> <span class='ocrx_word' id='word_1_835' title='bbox 2582 4746 2734 4819; x_wconf 79' lang='lat' dir='ltr'><strong>facile</strong></span> <span class='ocrx_word' id='word_1_836' title='bbox 2788 4759 3078 4805; x_wconf 85' lang='lat' dir='ltr'><strong>contemnat</strong></span> <span class='ocrx_word' id='word_1_837' title='bbox 3102 4746 3570 4811; x_wconf 32' lang='lat' dir='ltr'><strong>&#39;oracttla.vltar]tte</strong></span> 
     </span>
    </p>
   </div>
   <div class='ocr_carea' id='block_1_114' title="bbox 1978 4818 3569 4889">
    <p class='ocr_par' dir='ltr' id='par_1_114' title="bbox 1978 4818 3569 4889">
     <span class='ocr_line' id='line_1_115' title="bbox 1978 4818 3569 4889; baseline -0.001 -19"><span class='ocrx_word' id='word_1_838' title='bbox 1978 4819 2176 4889; x_wconf 70' lang='lat' dir='ltr'><strong>faciunt</strong></span> <span class='ocrx_word' id='word_1_839' title='bbox 2202 4819 2341 4888; x_wconf 89' lang='lat' dir='ltr'><strong>quod</strong></span> <span class='ocrx_word' id='word_1_840' title='bbox 2380 4821 2431 4872; x_wconf 87' lang='lat' dir='ltr'><strong>hi</strong></span> <span class='ocrx_word' id='word_1_841' title='bbox 2475 4818 2639 4873; x_wconf 82' lang='lat' dir='ltr'><strong>solent</strong></span> <span class='ocrx_word' id='word_1_842' title='bbox 2674 4820 2759 4886; x_wconf 86' lang='lat' dir='ltr'><strong>qui</strong></span> <span class='ocrx_word' id='word_1_843' title='bbox 2810 4823 3035 4888; x_wconf 80' lang='lat' dir='ltr'><strong>pat&#39;t&#39;ults</strong></span> <span class='ocrx_word' id='word_1_844' title='bbox 3073 4829 3279 4872; x_wconf 86' lang='lat' dir='ltr'><strong>austera</strong></span> <span class='ocrx_word' id='word_1_845' title='bbox 3330 4826 3569 4889; x_wconf 61' lang='lat' dir='ltr'><strong>quautam</strong></span> 
     </span>
    </p>
   </div>
   <div class='ocr_carea' id='block_1_115' title="bbox 1979 4886 3571 4961">
    <p class='ocr_par' dir='ltr' id='par_1_115' title="bbox 1979 4886 3571 4961">
     <span class='ocr_line' id='line_1_116' title="bbox 1979 4886 3571 4961; baseline 0.001 -21"><span class='ocrx_word' id='word_1_846' title='bbox 1979 4886 2312 4961; x_wconf 79' lang='lat' dir='ltr'><strong>temperaturi</strong></span> <span class='ocrx_word' id='word_1_847' title='bbox 2341 4889 2554 4961; x_wconf 85' lang='lat' dir='ltr'><strong>pocula,</strong></span> <span class='ocrx_word' id='word_1_848' title='bbox 2588 4886 2881 4961; x_wconf 60' lang='lat' dir='ltr'><strong>priusroras</strong></span> <span class='ocrx_word' id='word_1_849' title='bbox 2914 4890 3062 4943; x_wconf 83' lang='lat' dir='ltr'><strong>melle</strong></span> <span class='ocrx_word' id='word_1_850' title='bbox 3100 4886 3481 4951; x_wconf 77' lang='lat' dir='ltr'><strong>circumlinunt,</strong></span> <span class='ocrx_word' id='word_1_851' title='bbox 3514 4899 3571 4941; x_wconf 86' lang='lat' dir='ltr'><strong>ut</strong></span> 
     </span>
    </p>
   </div>
   <div class='ocr_carea' id='block_1_116' title="bbox 1978 4958 3537 5027">
    <p class='ocr_par' dir='ltr' id='par_1_116' title="bbox 1978 4958 3537 5027">
     <span class='ocr_line' id='line_1_117' title="bbox 1978 4958 3537 5027; baseline -0.001 -15"><span class='ocrx_word' id='word_1_852' title='bbox 1978 4958 2187 5012; x_wconf 76' lang='lat' dir='ltr'><strong>incauta</strong></span> <span class='ocrx_word' id='word_1_853' title='bbox 2206 4958 2351 5025; x_wconf 75' lang='lat' dir='ltr'><strong>tetas,</strong></span> <span class='ocrx_word' id='word_1_854' title='bbox 2367 4977 2499 5013; x_wconf 82' lang='lat' dir='ltr'><strong>-cum</strong></span> <span class='ocrx_word' id='word_1_855' title='bbox 2527 4958 2848 5014; x_wconf 66' lang='lat' dir='ltr'><strong>dulcedinem</strong></span> <span class='ocrx_word' id='word_1_856' title='bbox 2870 4962 3205 5027; x_wconf 79' lang='lat' dir='ltr'><strong>prtrsenserit,</strong></span> <span class='ocrx_word' id='word_1_857' title='bbox 3258 4961 3537 5012; x_wconf 86' lang='lat' dir='ltr'><strong>amaritudi</strong></span> 
     </span>
    </p>
   </div>
   <div class='ocr_carea' id='block_1_117' title="bbox 1983 5030 3570 5101">
    <p class='ocr_par' dir='ltr' id='par_1_117' title="bbox 1983 5030 3570 5101">
     <span class='ocr_line' id='line_1_118' title="bbox 1983 5030 3570 5101; baseline -0.001 -18"><span class='ocrx_word' id='word_1_858' title='bbox 1983 5047 2096 5083; x_wconf 65' lang='lat' dir='ltr'><strong>nam</strong></span> <span class='ocrx_word' id='word_1_859' title='bbox 2127 5046 2227 5091; x_wconf 82' lang='lat' dir='ltr'><strong>non</strong></span> <span class='ocrx_word' id='word_1_860' title='bbox 2258 5032 2575 5101; x_wconf 76' lang='lat' dir='ltr'><strong>reformidet.</strong></span> <span class='ocrx_word' id='word_1_861' title='bbox 2605 5030 2757 5095; x_wconf 85' lang='lat' dir='ltr'><strong>Quod</strong></span> <span class='ocrx_word' id='word_1_862' title='bbox 2782 5034 2931 5085; x_wconf 85' lang='lat' dir='ltr'><strong>etiam</strong></span> <span class='ocrx_word' id='word_1_863' title='bbox 2954 5030 3033 5084; x_wconf 87' lang='lat' dir='ltr'><strong>Itis</strong></span> <span class='ocrx_word' id='word_1_864' title='bbox 3065 5047 3196 5083; x_wconf 71' lang='lat' dir='ltr'><strong>cura</strong></span> <span class='ocrx_word' id='word_1_865' title='bbox 3225 5032 3404 5097; x_wconf 80' lang='lat' dir='ltr'><strong>estqui</strong></span> <span class='ocrx_word' id='word_1_866' title='bbox 3433 5030 3570 5101; x_wconf 85' lang='lat' dir='ltr'><strong>mala</strong></span> 
     </span>
    </p>
   </div>
   <div class='ocr_carea' id='block_1_118' title="bbox 1982 5100 3570 5171">
    <p class='ocr_par' dir='ltr' id='par_1_118' title="bbox 1982 5100 3570 5171">
     <span class='ocr_line' id='line_1_119' title="bbox 1982 5100 3570 5171; baseline 0 -20"><span class='ocrx_word' id='word_1_867' title='bbox 1982 5102 2213 5171; x_wconf 85' lang='lat' dir='ltr'><strong>gramina</strong></span> <span class='ocrx_word' id='word_1_868' title='bbox 2275 5100 2323 5167; x_wconf 86' lang='lat' dir='ltr'><strong>et</strong></span> <span class='ocrx_word' id='word_1_869' title='bbox 2387 5105 2569 5155; x_wconf 80' lang='lat' dir='ltr'><strong>noxios</strong></span> <span class='ocrx_word' id='word_1_870' title='bbox 2632 5118 2807 5155; x_wconf 86' lang='lat' dir='ltr'><strong>succos</strong></span> <span class='ocrx_word' id='word_1_871' title='bbox 2859 5104 3247 5154; x_wconf 83' lang='lat' dir='ltr'><strong>medicaminum</strong></span> <span class='ocrx_word' id='word_1_872' title='bbox 3306 5100 3570 5153; x_wconf 68' lang='lat' dir='ltr'><strong>vocabulis</strong></span> 
     </span>
    </p>
   </div>
   <div class='ocr_carea' id='block_1_119' title="bbox 1984 5172 3573 5243">
    <p class='ocr_par' dir='ltr' id='par_1_119' title="bbox 1984 5172 3573 5243">
     <span class='ocr_line' id='line_1_120' title="bbox 1984 5172 3573 5243; baseline 0.001 -20"><span class='ocrx_word' id='word_1_873' title='bbox 1984 5172 2326 5243; x_wconf 75' lang='lat' dir='ltr'><strong>prtt&#39;ralorant</strong></span> <span class='ocrx_word' id='word_1_874' title='bbox 2348 5212 2361 5234; x_wconf 94' lang='lat'><strong>,</strong></span> <span class='ocrx_word' id='word_1_875' title='bbox 2401 5183 2453 5224; x_wconf 86' lang='lat' dir='ltr'><strong>ut</strong></span> <span class='ocrx_word' id='word_1_876' title='bbox 2496 5189 2641 5224; x_wconf 77' lang='lat' dir='ltr'><strong>neruo</strong></span> <span class='ocrx_word' id='word_1_877' title='bbox 2675 5178 2807 5239; x_wconf 60' lang='lat' dir='ltr'><strong>fere.</strong></span> <span class='ocrx_word' id='word_1_878' title='bbox 2834 5173 2916 5224; x_wconf 87' lang='lat' dir='ltr'><strong>ubi</strong></span> <span class='ocrx_word' id='word_1_879' title='bbox 2938 5190 3094 5243; x_wconf 84' lang='lat' dir='ltr'><strong>supra</strong></span> <span class='ocrx_word' id='word_1_880' title='bbox 3126 5173 3367 5243; x_wconf 83' lang='lat' dir='ltr'><strong>scriptum</strong></span> <span class='ocrx_word' id='word_1_881' title='bbox 3396 5174 3573 5240; x_wconf 62' lang='lat' dir='ltr'><strong>legerit</strong></span> 
     </span>
    </p>
   </div>
   <div class='ocr_carea' id='block_1_120' title="bbox 1984 5242 3565 5312">
    <p class='ocr_par' dir='ltr' id='par_1_120' title="bbox 1984 5242 3565 5312">
     <span class='ocr_line' id='line_1_121' title="bbox 1984 5242 3565 5312; baseline 0 -17"><span class='ocrx_word' id='word_1_882' title='bbox 1984 5242 2292 5304; x_wconf 86' lang='lat' dir='ltr'><strong>remedium,</strong></span> <span class='ocrx_word' id='word_1_883' title='bbox 2322 5244 2606 5312; x_wconf 75' lang='lat' dir='ltr'><strong>suspicetur</strong></span> <span class='ocrx_word' id='word_1_884' title='bbox 2653 5258 2922 5296; x_wconf 84' lang='lat' dir='ltr'><strong>venenum.</strong></span> <span class='ocrx_word' id='word_1_885' title='bbox 2970 5242 3102 5295; x_wconf 87' lang='lat' dir='ltr'><strong>Vide</strong></span> <span class='ocrx_word' id='word_1_886' title='bbox 3151 5242 3396 5294; x_wconf 78' lang='lat' dir='ltr'><strong>eumdem</strong></span> <span class='ocrx_word' id='word_1_887' title='bbox 3444 5258 3565 5308; x_wconf 85' lang='lat' dir='ltr'><strong>cap.</strong></span> 
     </span>
    </p>
   </div>
   <div class='ocr_carea' id='block_1_121' title="bbox 1983 5312 3571 5382">
    <p class='ocr_par' dir='ltr' id='par_1_121' title="bbox 1983 5312 3571 5382">
     <span class='ocr_line' id='line_1_122' title="bbox 1983 5312 3571 5382; baseline 0.001 -18"><span class='ocrx_word' id='word_1_888' title='bbox 1983 5313 2231 5381; x_wconf 84' lang='lat' dir='ltr'><strong>sequenti</strong></span> <span class='ocrx_word' id='word_1_889' title='bbox 2273 5312 2516 5382; x_wconf 74' lang='lat' dir='ltr'><strong>ejusdem</strong></span> <span class='ocrx_word' id='word_1_890' title='bbox 2566 5313 2715 5379; x_wconf 89' lang='lat' dir='ltr'><strong>libri,</strong></span> <span class='ocrx_word' id='word_1_891' title='bbox 2761 5324 2816 5368; x_wconf 89' lang='lat' dir='ltr'><strong>et</strong></span> <span class='ocrx_word' id='word_1_892' title='bbox 2855 5313 3113 5367; x_wconf 74' lang='lat' dir='ltr'><strong>lreumum</strong></span> <span class='ocrx_word' id='word_1_893' title='bbox 3155 5313 3188 5366; x_wconf 93' lang='lat' dir='ltr'><strong>l.</strong></span> <span class='ocrx_word' id='word_1_894' title='bbox 3227 5326 3280 5365; x_wconf 88' lang='lat' dir='ltr'><strong>tu</strong></span> <span class='ocrx_word' id='word_1_895' title='bbox 3314 5313 3571 5366; x_wconf 64' lang='lat' dir='ltr'><strong>:Itlt‘t‘l‘SttS</strong></span> 
     </span>
    </p>
   </div>
   <div class='ocr_carea' id='block_1_122' title="bbox 1985 5383 2478 5452">
    <p class='ocr_par' dir='ltr' id='par_1_122' title="bbox 1985 5383 2478 5452">
     <span class='ocr_line' id='line_1_123' title="bbox 1985 5383 2478 5452; baseline -0.002 -15"><span class='ocrx_word' id='word_1_896' title='bbox 1985 5383 2219 5437; x_wconf 71' lang='lat' dir='ltr'><strong>haereses</strong></span> <span class='ocrx_word' id='word_1_897' title='bbox 2239 5398 2355 5452; x_wconf 78' lang='lat' dir='ltr'><strong>cap.</strong></span> <span class='ocrx_word' id='word_1_898' title='bbox 2393 5383 2478 5438; x_wconf 86' lang='lat' dir='ltr'><strong>l9.</strong></span> 
     </span>
    </p>
   </div>
   <div class='ocr_carea' id='block_1_123' title="bbox 2056 5450 3565 5522">
    <p class='ocr_par' dir='ltr' id='par_1_123' title="bbox 2056 5450 3565 5522">
     <span class='ocr_line' id='line_1_124' title="bbox 2056 5450 3565 5522; baseline -0.005 -15"><span class='ocrx_word' id='word_1_899' title='bbox 2056 5452 2082 5491; x_wconf 69' lang='grc' dir='ltr'>ι’</span> <span class='ocrx_word' id='word_1_900' title='bbox 2104 5454 2221 5507; x_wconf 89' lang='lat' dir='ltr'><strong>Alia</strong></span> <span class='ocrx_word' id='word_1_901' title='bbox 2255 5450 2477 5509; x_wconf 73' lang='lat' dir='ltr'><strong>lizcresis</strong></span> <span class='ocrx_word' id='word_1_902' title='bbox 2508 5452 2759 5517; x_wconf 79' lang='lat' dir='ltr'><strong>Nestorii,</strong></span> <span class='ocrx_word' id='word_1_903' title='bbox 2787 5452 2919 5506; x_wconf 87' lang='lat' dir='ltr'><strong>nihil</strong></span> <span class='ocrx_word' id='word_1_904' title='bbox 2963 5453 3192 5522; x_wconf 88' lang='lat' dir='ltr'><strong>amplius</strong></span> <span class='ocrx_word' id='word_1_905' title='bbox 3217 5450 3430 5506; x_wconf 83' lang='lat' dir='ltr'><strong>Christo</strong></span> <span class='ocrx_word' id='word_1_906' title='bbox 3462 5454 3565 5505; x_wconf 78' lang='lat' dir='ltr'><strong>lio-</strong></span> 
     </span>
    </p>
   </div>
   <div class='ocr_carea' id='block_1_124' title="bbox 1983 5523 3573 5594">
    <p class='ocr_par' dir='ltr' id='par_1_124' title="bbox 1983 5523 3573 5594">
     <span class='ocr_line' id='line_1_125' title="bbox 1983 5523 3573 5594; baseline 0.001 -17"><span class='ocrx_word' id='word_1_907' title='bbox 1983 5523 2128 5578; x_wconf 87' lang='lat' dir='ltr'><strong>mino</strong></span> <span class='ocrx_word' id='word_1_908' title='bbox 2163 5540 2320 5594; x_wconf 88' lang='lat' dir='ltr'><strong>quam</strong></span> <span class='ocrx_word' id='word_1_909' title='bbox 2370 5524 2577 5578; x_wconf 79' lang='lat' dir='ltr'><strong>Atlamo</strong></span> <span class='ocrx_word' id='word_1_910' title='bbox 2628 5525 2940 5585; x_wconf 83' lang='lat' dir='ltr'><strong>tribuentis,</strong></span> <span class='ocrx_word' id='word_1_911' title='bbox 3018 5536 3071 5577; x_wconf 92' lang='lat' dir='ltr'><strong>et</strong></span> <span class='ocrx_word' id='word_1_912' title='bbox 3151 5533 3439 5591; x_wconf 64' lang='lat' dir='ltr'><strong>utrumque</strong></span> <span class='ocrx_word' id='word_1_913' title='bbox 3476 5540 3573 5594; x_wconf 43' lang='lat' dir='ltr'><strong>ex:</strong></span> 
     </span>
    </p>
   </div>
   <div class='ocr_carea' id='block_1_125' title="bbox 1981 5593 3568 5665">
    <p class='ocr_par' dir='ltr' id='par_1_125' title="bbox 1981 5593 3568 5665">
     <span class='ocr_line' id='line_1_126' title="bbox 1981 5593 3568 5665; baseline -0.001 -16"><span class='ocrx_word' id='word_1_914' title='bbox 1981 5593 2412 5665; x_wconf 66' lang='lat' dir='ltr'><strong>a‘quantiszqua:</strong></span> <span class='ocrx_word' id='word_1_915' title='bbox 2431 5608 2607 5648; x_wconf 88' lang='lat' dir='ltr'><strong>tamen</strong></span> <span class='ocrx_word' id='word_1_916' title='bbox 2642 5596 2692 5648; x_wconf 86' lang='lat' dir='ltr'><strong>in</strong></span> <span class='ocrx_word' id='word_1_917' title='bbox 2721 5594 2803 5647; x_wconf 92' lang='lat' dir='ltr'><strong>illa</strong></span> <span class='ocrx_word' id='word_1_918' title='bbox 2832 5594 3084 5663; x_wconf 78' lang='lat' dir='ltr'><strong>primaria</strong></span> <span class='ocrx_word' id='word_1_919' title='bbox 3111 5604 3164 5647; x_wconf 77' lang='lat' dir='ltr'><strong>et</strong></span> <span class='ocrx_word' id='word_1_920' title='bbox 3186 5594 3462 5665; x_wconf 84' lang='lat' dir='ltr'><strong>principali</strong></span> <span class='ocrx_word' id='word_1_921' title='bbox 3488 5593 3568 5649; x_wconf 51' lang='lat' dir='ltr'><strong>in;</strong></span> 
     </span>
    </p>
   </div>
   <div class='ocr_carea' id='block_1_126' title="bbox 1983 5665 3581 5739">
    <p class='ocr_par' dir='ltr' id='par_1_126' title="bbox 1983 5665 3581 5739">
     <span class='ocr_line' id='line_1_127' title="bbox 1983 5665 3581 5739; baseline 0 -20"><span class='ocrx_word' id='word_1_922' title='bbox 1983 5667 2237 5739; x_wconf 73' lang='lat' dir='ltr'><strong>cluditur,</strong></span> <span class='ocrx_word' id='word_1_923' title='bbox 2288 5683 2389 5735; x_wconf 82' lang='lat' dir='ltr'><strong>qua</strong></span> <span class='ocrx_word' id='word_1_924' title='bbox 2438 5666 2715 5739; x_wconf 75' lang='lat' dir='ltr'><strong>Christum</strong></span> <span class='ocrx_word' id='word_1_925' title='bbox 2769 5680 2874 5720; x_wconf 85' lang='lat' dir='ltr'><strong>non</strong></span> <span class='ocrx_word' id='word_1_926' title='bbox 2920 5665 3017 5721; x_wconf 84' lang='lat' dir='ltr'><strong>nisi</strong></span> <span class='ocrx_word' id='word_1_927' title='bbox 3071 5682 3259 5739; x_wconf 68' lang='lat' dir='ltr'><strong>purum</strong></span> <span class='ocrx_word' id='word_1_928' title='bbox 3295 5680 3342 5723; x_wconf 85' lang='lat' dir='ltr'><strong>ct</strong></span> <span class='ocrx_word' id='word_1_929' title='bbox 3387 5666 3581 5739; x_wconf 39' lang='lat' dir='ltr'><strong>solita:</strong></span> 
     </span>
    </p>
   </div>
   <div class='ocr_carea' id='block_1_127' title="bbox 1985 5736 2752 5793">
    <p class='ocr_par' dir='ltr' id='par_1_127' title="bbox 1985 5736 2752 5793">
     <span class='ocr_line' id='line_1_128' title="bbox 1985 5736 2752 5793; baseline -0.003 -2"><span class='ocrx_word' id='word_1_930' title='bbox 1985 5739 2120 5791; x_wconf 86' lang='lat' dir='ltr'><strong>rium</strong></span> <span class='ocrx_word' id='word_1_931' title='bbox 2154 5737 2427 5793; x_wconf 87' lang='lat' dir='ltr'><strong>hominem</strong></span> <span class='ocrx_word' id='word_1_932' title='bbox 2454 5736 2752 5791; x_wconf 83' lang='lat' dir='ltr'><strong>asserebat.</strong></span> 
     </span>
    </p>
   </div>
  </div>
