4016 6192
449 351 554 404 915

1777 352 1856 405 J0
1875 353 2058 406 \NMS
2099 353 2407 408 CASSIANI

3628 357 3734 414 ’ὶιῦ

451 480 724 536 numquam
764 467 1036 518 Dominum
1080 467 1358 533 ritujestatis
1403 468 1776 535 cruri/i.rissent
1807 465 2036 537 (Ibid)?
2070 483 2112 534 Α
2147 480 2251 524 tam
2279 472 2450 524 honor
2491 483 2571 525 est
2597 517 2611 537 ,
2644 485 2804 538 quam
2859 471 3074 539 injuria.
3110 472 3295 543 Neque
3335 476 3478 529 enim
3533 477 3585 532 in
3634 478 3738 532 hoc

452 557 530 611 vel
581 558 709 611 illud
761 576 772 609 :
833 557 1090 622 Quoniam
1144 559 1196 608 in
1255 558 1367 624 ipso
1419 558 1615 611 habitat
1664 560 1829 612 omnis
1875 559 2039 629 pleni—

448 650 572 702 :udo
621 650 903 702 divinitatis
947 651 1290 720 corporaliter
1335 648 1577 718 (Ccloss.
1609 666 1643 703 ll
1667 651 1723 718 )?
1753 660 1806 704 et
1844 668 1855 702 :
1895 649 2039 705 Unus

449 743 700 795 Dominus
726 741 878 795 Iesus
905 742 1162 808 Christus,
1186 759 1276 811 per
1290 759 1439 812 quem
1464 745 1635 797 omnia
1659 744 1704 815 (l
1729 743 1849 797 Cor.
1885 742 2039 814 vui)?

447 843 470 866 ί·
510 837 588 886 An
623 836 675 884 in
704 843 853 900 parte
883 833 1196 901 Apustolum
1237 833 1493 901 probans,
1537 835 1588 885 in
1649 844 1800 899 parte
1853 849 2041 902 repro-

447 924 582 976 lians
607 964 622 982 .
647 923 698 977 in
729 940 794 979 co
823 933 1026 978 tantum
1055 939 1178 978 eum
1211 925 1426 993 recipis,
1465 927 1518 978 in
1556 939 1663 995 quo
1703 942 1800 993 pro
1823 925 2038 994 dispen-

447 1017 663 1070 satione
694 1017 966 1071 hmninem
990 1019 1258 1072 Christum
1292 1019 1563 1083 nominat;
1599 1018 1650 1072 in
1676 1033 1741 1073 co
1767 1019 2037 1087 repudias,

448 1107 635 1176 inquo
691 1109 897 1162 Deum?
939 1109 1139 1164 Paulus
1178 1111 1320 1165 enim
1375 1110 1646 1164 hominem
1693 1109 1876 1166 Jestnn
1933 1127 2036 1164 non

451 1211 641 1266 negat;
674 1200 766 1254 sed
811 1201 976 1256 Deum
1011 1211 1190 1256 tamen
1229 1200 1481 1256 eumdem
1511 1200 1784 1255 hominem
1817 1200 2037 1256 conﬁte-

452 1299 539 1344 tur
575 1309 585 1342 :
619 1300 672 1345 et
704 1293 771 1344 ita
826 1292 1060 1346 lntmano
1101 1293 1287 1363 generi
1335 1307 1429 1360 per
1485 1291 1757 1346 hominem
1798 1307 2043 1347 resurre-

449 1367 684 1438 ctionem
735 1385 948 1440 venisse
979 1385 1265 1454 pr:edicat,
1297 1396 1354 1438 ut
1383 1385 1434 1437 in
1471 1385 1685 1439 homine
1717 1393 1893 1439 tamen
1925 1385 2040 1455 ipso

452 1472 619 1527 Deum
644 1477 1012 1531 resurrexisse
1032 1478 1332 1531 conﬁrmet.
1353 1476 1487 1531 Vide
1510 1476 1672 1540 enim,
1694 1491 1760 1529 an
1782 1492 1924 1538 eum,
1950 1475 2040 1543 qui

452 1575 838 1643 resurrexerit,
873 1575 1043 1631 Deum
1089 1577 1373 1645 praedicet,
1408 1579 1498 1646 qui
1541 1593 1695 1642 eum,
1734 1578 1826 1648 qui
1865 1578 2041 1632 cruci-

450 1668 593 1721 ﬁxus
623 1676 736 1735 est,
763 1668 932 1725 Deum
965 1670 1260 1739 maiestatis
1287 1687 1407 1727 esse
1432 1676 1698 1726 testatur?

1037 1804 1264 1860 CAPUT
1308 1805 1440 1860 VIII.

450 1897 632 1950 Solum
678 1898 951 1966 imaginem
996 1899 1205 1953 deitativ
1247 1897 1450 1952 Christo
1497 1899 1726 1950 tribuunt
1775 1897 2030 1959 hteretici,

518 1967 733 2033 ideoque
776 1984 894 2020 cum
939 1969 1066 2033 Deo,
1109 1985 1212 2022 non
1243 1971 1315 2022 uti
1360 1970 1521 2022 Deum
1567 1970 1926 2022 honorandum
1944 1985 2033 2022 asc

517 2048 714 2093 serunt.

516 2132 623 2184 Sed
669 2142 879 2195 tamen.
929 2148 996 2187 ne
1041 2133 1324 2187 Dominum
1372 2135 1558 2190 Jesum
1593 2135 1744 2202 quasi
1778 2149 1939 2188 unum
1966 2137 2035 2190 de

446 2221 603 2288 plebe
625 2223 900 2282 crederes.
931 2223 1128 2278 dedisti
1151 2226 1200 2278 ei
1229 2225 1432 2294 aliquid
1463 2225 1762 2294 dignitatis,
1789 2226 2033 2280 tribuens

446 2312 497 2365 ei
531 2312 792 2367 honorem
824 2323 881 2368 ut
908 2324 1100 2368 sancto
1125 2315 1350 2381 homini,
1385 2331 1491 2369 non
1539 2316 1876 2371 divinitatem
1906 2331 2034 2371 veto

449 2401 652 2456 homini
699 2417 764 2457 ac
794 2417 924 2458 vero
973 2404 1104 2458 Deo.
1149 2405 1289 2470 Quid
1337 2407 1483 2461 enim
1533 2407 1716 2463 dicis?
1763 2407 2038 2464 Formavit

448 2493 587 2547 Deus
615 2493 946 2548 Douiiuicam
978 2495 1411 2552 Incarnationem
1443 2515 1456 2551 :
1482 2497 1510 2536 δ
1538 2498 1774 2554 theotoci
1808 2499 2034 2556 formam

450 2587 778 2641 honoremus
808 2603 932 2642 cum
964 2590 1071 2644 Deo
1095 2631 1112 2657 ,
1141 2591 1282 2646 sicut
1319 2606 1481 2646 unam
1521 2591 1748 2647 formam
1777 2593 1994 2650 deitatis
2019 2638 2032 2660 ,

447 2681 588 2733 sicut
615 2680 810 2736 divina:
837 2683 1132 2740 voluntatis
1160 2685 1577 2756 inseparabilem
1607 2698 1868 2755 statuam,
1897 2690 2038 2744 sit-ut

449 2770 738 2842 imaginem
762 2772 980 2830 latentis
1001 2775 1119 2832 Dei.
1145 2776 1407 2846 Superius
1430 2777 1724 2849 imaginem
1748 2780 1842 2836 Dei
1860 2780 2032 2836 Adam

447 2879 570 2919 esse
615 2864 836 2936 dixisti,
887 2867 976 2924 hic
1019 2868 1294 2926 Christum
1347 2873 1636 2942 imaginem
1675 2874 1850 2930 dicis:
1882 2875 2032 2930 illum

448 2965 680 3013 statuam
707 2999 722 3024 ,
766 2969 820 3014 et
850 2959 993 3016 hunc
1019 2971 1273 3018 statuam.
1304 2962 1410 3019 Sed
1440 2967 1629 3034 gratia:
1656 2964 1911 3021 videlicet
1939 2966 2035 3021 tibi

451 3069 548 3118 pro
580 3051 787 3108 honore
814 3053 907 3110 Dei
935 3057 1158 3125 agenda:
1189 3065 1338 3125 sunt,
1370 3057 1512 3127 quod
1539 3058 1777 3114 theotoci
1807 3058 2034 3114 formam

451 3145 824 3203 honorandam
869 3163 992 3202 cum
1029 3147 1139 3203 Deo
1163 3163 1282 3205 esse
1309 3150 1616 3212 concedis;
1671 3151 1722 3205 in
1778 3165 1886 3222 quo
1928 3165 2034 3205 non

2141 563 2259 628 ipso
2285 562 2476 616 tribuis
2512 562 2740 615 Domino
2769 561 2896 617 .Iesu
2919 563 3142 618 Christo
3185 566 3446 620 honorem
3479 568 3737 624 divinita-

2142 655 2232 716 tis,
2263 656 2358 709 sed
2394 671 2562 723 negas
2589 672 2602 708 :
2634 654 2837 710 Suhtili
2871 657 3072 724 quippe
3104 658 3395 726 impietatis
3421 668 3537 714 arte
3567 661 3740 717 hono-

2144 747 2369 800 randum
2402 763 2524 800 cum
2555 747 2666 802 Deo
2694 747 2862 810 dicis,
2894 763 2962 801 ne
3010 748 3177 802 Deum
3218 764 3341 804 esse
3390 749 3610 806 lateat-is
3636 772 3651 810 :
3678 765 3739 809 et

2143 839 2248 892 hoc
2298 839 2414 906 ipso
2439 880 2454 904 ,
2486 855 2592 901 quo
2621 839 2820 894 videris
2869 856 2990 894 emn
3023 841 3289 897 fallaciter
3333 844 3687 913 COIIjllttxiSs‘n
3715 891 3734 917 ,

2144 931 2442 1000 disjungas.
2465 930 2600 984 Nam
2631 947 2752 985 cum
2781 933 2965 1000 utique
2991 948 3114 987 eum
3141 949 3247 988 non
3277 943 3334 989 ut
3355 936 3520 990 Deum
3552 937 3742 992 colen-

2145 1023 2297 1090 dum,
2328 1023 2420 1076 sed
2451 1027 2602 1091 quasi
2635 1041 2754 1078 cum
2793 1026 2899 1079 Deo
2931 1025 3309 1083 honorandum
3341 1046 3462 1084 esse
3488 1030 3741 1100 blasphe-

2144 1129 2280 1182 mes,
2310 1115 2428 1169 ideo
2465 1117 2513 1171 ei
2542 1116 2947 1172 tribuisdivinte
2962 1118 3256 1174 vicinitatis
3274 1120 3734 1190 conjuncnoneni,

2146 1220 2202 1264 ut
2232 1208 2456 1264 deitatis
2502 1209 2718 1263 auferas
2770 1212 3077 1267 veritatem.
3133 1212 3460 1282 Impiissime
3493 1224 3550 1270 et
3587 1217 3742 1270 calli-

2142 1302 2366 1357 dissime
2395 1303 2564 1358 Ιιομιὶε
2595 1303 2710 1369 Dei,
2745 1319 3005 1374 peragere
3024 1305 3103 1359 vis
3128 1306 3306 1360 scelus
3331 1308 3607 1376 negantis,
3633 1309 3740 1362 sub

2144 1395 2363 1449 nomine
2388 1395 2720 1449 conliteutis.
2748 1395 3110 1458 Honoremus,
3143 1397 3341 1466 inquis.
3376 1398 3516 1452 sicut
3536 1398 3738 1453 divina:

2144 1487 2440 1539 voluntatis
2489 1487 2901 1555 inseparabilem
2945 1497 3220 1553 statuam,
3248 1488 3390 1544 sicut
3445 1490 3738 1558 imaginem

2144 1576 2363 1630 latentis
2396 1576 2508 1629 Dei.
2557 1575 2796 1631 Profecit
2825 1577 3076 1631 videlicet
3104 1578 3247 1648 apud
3276 1595 3396 1644 nos,
3443 1594 3540 1648 per
3565 1583 3742 1636 bene-

2145 1674 2266 1729 ﬁcia
2315 1689 2434 1735 sua.
2487 1674 2661 1729 honor
2707 1675 2980 1729 Creatoris
3022 1690 3086 1728 ac
3135 1674 3515 1744 Redemptoris
3559 1678 3738 1730 nostri

2147 1767 2356 1822 Domini
2386 1765 2513 1822 Jesu
2540 1765 2762 1821 Chrisni.
2795 1766 2851 1820 Si
2884 1767 3007 1820 ideo
3038 1767 3106 1819 ab
3139 1781 3203 1818 eo
3233 1765 3298 1819 de
3326 1776 3532 1821 mterno
3562 1765 3740 1821 inter-

2066 1848 2110 1906 Β
2142 1862 2218 1913 itu
2259 1858 2528 1928 redempti
2565 1873 2774 1926 sumus,
2808 1868 2863 1911 ut
2894 1857 3311 1924 Redemptorcm
3346 1867 3590 1912 nostrum
3623 1869 3741 1911 sta-

2142 1963 2289 2006 tuam
2322 1951 2666 2005 diceremus:
2715 1949 2882 2020 digno
2936 1950 3189 2004 videlicet
3233 1949 3515 2018 obsequio,
3569 1950 3740 2019 digno

2142 2045 2286 2098 cultu
2309 2043 2642 2112 respondere
2670 2042 2990 2112 benignitati
3010 2058 3072 2097 ac
3102 2043 3286 2110 pietati
3312 2044 3455 2097 illius
3485 2042 3739 2110 nitimur,

2141 2138 2186 2191 si
2221 2136 2588 2205 maiestatem,
2615 2152 2774 2205 quam
2808 2137 2900 2190 ille
2929 2147 3150 2204 propter
3181 2151 3284 2190 nos
3318 2136 3601 2191 humiliare
3623 2152 3738 2194 non

2142 2230 2341 2296 tenuit,
2371 2245 2473 2284 nos
2501 2230 2663 2283 etiam
2696 2229 2913 2284 auferre
2942 2244 3229 2284 conemur.

2760 2387 2990 2444 CAPUT
3017 2385 3109 2443 IX.

2143 2500 2337 2556 Errare
2365 2503 2481 2556 illos
2502 2543 2518 2568 ,
2547 2503 2635 2566 qui
2665 2501 2858 2556 Christi
2899 2511 3070 2573 ortum
3102 2503 3356 2555 occultum
3402 2504 3560 2573 fuisse
3589 2507 3738 2559 dixe-

2210 2582 2364 2637 runt;
2393 2589 2507 2625 cum
2526 2573 2677 2625 etiant
2706 2573 3018 2644 patriarcha!
3040 2572 3200 2627 Iacob
3225 2572 3494 2644 manifeste
3513 2576 3737 2628 dentou-

2211 2653 2401 2697 stratus
2425 2644 2597 2712 fuerit.

2209 2780 2314 2836 Sed
2337 2794 2568 2836 excusas
2591 2779 2849 2836 videlicet
2869 2780 3071 2834 illatam
3095 2780 3325 2836 Domino
3341 2782 3740 2840 contumeliam

2139 2871 2338 2926 subditi
2371 2871 2598 2926 honoris
2629 2869 2834 2940 ofﬁcio,
2865 2871 3092 2926 dicens:
3135 2880 3410 2941 tamquam
3443 2873 3740 2944 imaginem

2141 2965 2359 3020 latentis
2394 2966 2512 3020 Dei.
2547 2965 2761 3042 quhoc,
2800 2963 2947 3034 quod
2983 2965 3273 3036 imaginem
3299 2965 3456 3032 dicis,
3485 2966 3741 3023 humana)

2139 3073 2259 3114 eum
2290 3072 2574 3127 comparas
2603 3057 2928 3111 conditioni.
2959 3055 3013 3110 In
3045 3057 3168 3121 hoc,
3198 3056 3342 3126 quod
3367 3057 3584 3112 latentis
3615 3057 3738 3122 Dei,

2139 3150 2459 3205 rertisslmze
2504 3149 2734 3220 dcrogas
2764 3145 3034 3219 dignitati.
3080 3157 3102 3186 ε
3137 3146 3278 3202 Deus
3325 3149 3506 3215 enim,
3561 3149 3740 3220 inquit

1535 3263 1792 3318 ALARDI
1830 3265 2060 3321 GAZ/EI
2100 3262 2662 3320 COMMENTARIUS.

523 3359 547 3386 ⁸
583 3349 813 3405 Attende
858 3352 910 3405 in
939 3350 1191 3406 Nestorio
1226 3367 1513 3408 commune
1544 3352 1920 3409 hxrcticorum
1956 3356 2035 3410 in—
2064 3356 2110 3418 C
2144 3355 2288 3408 tione
2321 3354 2552 3409 theotoci
2596 3353 2821 3407 formam
2853 3367 2974 3407 cum
3009 3353 3120 3407 Deo
3148 3351 3518 3407 honorandam
3554 3363 3612 3409 et
3641 3356 3741 3409 ad-

449 3421 701 3488 gt-nium,
747 3433 803 3478 et
848 3423 1126 3492 antiquum
1172 3423 1457 3476 artiﬁcium
1509 3425 1560 3478 in
1613 3425 1991 3490 pervertendis
2019 3468 2035 3490 ,

451 3495 786 3560 truncaudis,
805 3501 862 3548 et
878 3493 943 3565 ad
970 3507 1095 3546 suos
1114 3507 1306 3549 sensus
1331 3495 1721 3564 detorqucndis
1743 3495 2039 3565 Scriptnris

449 3579 825 3632 smpenumero
851 3580 880 3619 a
921 3563 1174 3619 Patribus
1223 3563 1900 3621 notatum.Tcrtulliauns
1943 3569 2034 3623 lib.

448 3635 518 3690 de
546 3637 1051 3706 Prascriptioiiihus
1098 3636 1357 3690 adversus
1406 3637 1688 3691 haereticos
1721 3653 1734 3689 :
1769 3636 1997 3693 Heresis
2019 3681 2034 3702 ,

453 3709 625 3776 inquit
670 3705 821 3777 (Cap.
858 3710 974 3774 l7).
1016 3724 1114 3762 non
1139 3708 1315 3779 recipit
1345 3708 1597 3776 quasdam
1637 3707 1955 3779 Scripturas.
1990 3721 2038 3764 ct

449 3779 493 3830 si
522 3795 646 3851 quas
674 3780 854 3851 recipit
874 3820 887 3840 ,
920 3779 1293 3850 adjectionibus
1322 3790 1368 3835 et
1400 3780 1802 3833 detractionibus
1831 3781 1900 3833 ad
1930 3781 2036 3834 dis-

447 3849 752 3920 positionem
783 3849 1006 3904 instituti
1049 3851 1130 3904 sui
1158 3851 1437 3904 intervertit
1478 3867 1496 3904 :
1533 3859 1578 3904 et
1609 3851 1652 3905 si
1695 3851 1899 3922 recipit,
1934 3867 2036 3906 non

449 3921 628 3994 recipit
676 3923 900 3994 integras
935 3937 952 3977 :
983 3923 1100 3976 etsi
1138 3923 1462 3991 aliquatenus
1507 3922 1734 3993 integras
1781 3921 1992 3990 pra’stat
2019 3965 2034 3987 ,

449 3990 1028 4046 niltilontinus'diversas
1049 3990 1393 4055 expositiones
1408 3990 1748 4045 commentata
1770 3995 2030 4047 convertit.

449 4061 505 4131 ξ.
549 4060 854 4131 Cyprianus
881 4059 978 4116 lih.
1010 4062 1077 4114 de
1109 4060 1326 4117 Unitate
1355 4063 1612 4117 Ecclesite
1646 4080 1658 4115 :
1695 4061 2034 4129 Corruptores

449 4129 721 4200 Evangelii
761 4141 912 4194 atque
959 4133 1252 4202 interpretes
1298 4133 1420 4200 falsi
1463 4141 1685 4184 extrema
1725 4145 1944 4198 ponunt,
1987 4145 2034 4188 et

446 4203 718 4273 superiora
757 4210 1101 4273 prwtereunt,
1132 4203 1298 4273 partis
1345 4218 1589 4273 memores
1612 4213 1658 4256 ct
1697 4215 1891 4273 partem
1915 4206 2035 4259 sub-

447 4272 566 4326 dole
591 4271 999 4341 comprimentes.
1031 4271 1099 4326 Ut
1124 4271 1222 4343 ipsi
1249 4273 1311 4326 ab
1346 4272 1574 4326 Ecclesia
1603 4271 1748 4326 scissi
1778 4283 1932 4343 sunt:
1962 4277 2034 4334 ita

445 4343 660 4410 capituli
703 4345 857 4398 unius
911 4342 1213 4399 sententiam
1245 4346 1485 4398 scindunt
1516 4343 1678 4408 (Vide
1708 4344 1776 4396 ibi
1808 4342 2035 4400 Pttntelii

447 4418 670 4498 notam):
701 4415 760 4498 υἔ
795 4415 1125 4498 Augustinus
1157 4413 1346 4498 haeresi
1369 4414 1438 4468 46
1463 4415 1669 4498 Scilicet
1711 4413 2034 4498 hiauicluro-

447 4500 565 4540 rum
595 4505 608 4540 :
641 4485 817 4552 Ipsius
842 4528 858 4550 ,
890 4485 1103 4554 inquit,
1138 4487 1253 4539 novi
1289 4485 1596 4539 Testamenti
1630 4486 1913 4553 scripturas
1959 4488 2033 4541 ita

445 4557 640 4624 legunt,
676 4569 752 4617 ut.
776 4559 912 4626 quod
935 4557 1203 4616 voluerint.
1227 4557 1349 4626 inde
1374 4558 1658 4623 arripiant;
1679 4556 1816 4626 quod
1846 4558 2029 4623 nolint,

445 4629 702 4696 rejiciant.
738 4625 802 4683 Et
836 4628 1026 4680 licerrsi
1069 4628 1139 4683 70
1177 4646 1188 4679 :
1224 4625 1669 4687 Prisciltianistte,
1694 4625 1906 4692 inquit,
1938 4629 2031 4685 hoc

2144 3425 2414 3479 orandam
2445 3425 2794 3494 prmdicahat.
2843 3423 3021 3490 Quare
3073 3424 3267 3494 merito
3297 3424 3494 3494 ambigi
3540 3427 3736 3492 possit,

2144 3495 2419 3561 theodoci,
2445 3493 2513 3549 an
2544 3495 2832 3549 theodochi
2859 3495 3038 3564 petius
3072 3493 3356 3564 legendum
3384 3493 3490 3547 sit:
3532 3511 3655 3548 nam
3685 3508 3741 3552 et

2140 3567 2230 3620 ille
2253 3565 2545 3621 theodochi
2587 3566 2812 3621 formam
2840 3563 2896 3619 et
2935 3565 3222 3634 imaginem
3253 3563 3467 3619 Christo
3501 3565 3738 3634 attinge-

2142 3639 2230 3690 hat
2255 3679 2267 3697 .
2302 3639 2350 3691 id
2385 3645 2505 3702 est,
2540 3653 2697 3700 quam
2741 3638 2985 3706 gerebat,
3029 3651 3094 3691 ac
3141 3651 3250 3706 prae
3276 3651 3335 3690 se
3369 3635 3574 3690 ferebat
3617 3635 3741 3705 ipse

2139 3708 2390 3781 t_:hristus
2435 3708 2678 3781 θεοδόχος
2713 3709 2803 3781 Dei
2845 3717 3130 3781 susceptor
3167 3718 3220 3781 et
3261 3706 3461 3781 hospes
3507 3725 3520 3760 :
3579 3711 3739 3778 cujus

2140 3777 2282 3832 Deus
2312 3776 2680 3846 inquilinus'et
2713 3778 3062 3838 inhabitator.
3093 3787 3150 3831 ιιι
3181 3780 3294 3844 ipse
3323 3776 3554 3831 volebat.

2213 3860 2233 3886 ε
2265 3850 2518 3914 Quamvis
2552 3851 2638 3903 hic
2668 3851 2815 3903 locus
2853 3850 2922 3902 de
2947 3847 3188 3902 secundo
3221 3848 3420 3902 Christi
3461 3849 3734 3915 adventu,

2140 3936 2330 3988 nempe
2351 3922 2415 3972 ad
2437 3920 2720 3986 judicium.
2743 3920 3028 3973 manifeste
3055 3920 3398 3986 intelligatur,
3426 3927 3481 3971 nl
3502 3934 3736 3984 sequen-

2141 3991 2208 4044 tia
2238 3993 2481 4058 ejusdem
2513 3991 2702 4060 psalmi
2734 3990 2952 4054 docent,
2983 4000 3036 4045 et
3060 3989 3245 4043 Patres
3271 3991 3731 4057 interpretantur,

2139 4062 2343 4117 Anetor
2368 4073 2543 4118 tamen
2568 4062 2632 4116 ad
2659 4061 2886 4130 primum
2911 4062 3199 4114 adventum
3231 4062 3278 4111 in
3299 4075 3514 4113 carnem
3537 4060 3732 4127 refert,

2139 4131 2190 4184 in
2219 4149 2326 4203 quo
2348 4133 2498 4199 dicit,
2531 4149 2652 4187 cum
2677 4133 2838 4187 etiam
2872 4131 3421 4203 manifestevenissc.
3453 4147 3557 4183 non
3584 4134 3731 4201 quod

2139 4201 2263 4256 tunc
2293 4205 2543 4258 omnibus
2575 4204 2890 4265 innotuerit,
2917 4213 2969 4258 et
3003 4201 3374 4254 maniiestatus
3407 4203 3601 4263 tuerit;
3633 4204 3731 4256 sed

2137 4274 2275 4342 quod
2307 4275 2696 4329 sufﬁcientibus
2731 4275 2925 4341 signis.
2956 4283 3065 4342 tutu
3095 4289 3125 4324 e
3155 4273 3315 4336 Ctelo,
3365 4283 3476 4326 tum
3503 4273 3551 4324 iu
3586 4283 3732 4328 terra

2136 4344 2295 4398 editis
2319 4345 2659 4400 innotescere
2701 4343 2964 4414 potuerit,
2995 4351 3050 4414 et
3080 4343 3262 4414 multis
3296 4344 3622 4402 innotuerit.
3665 4361 3733 4400 ac

2139 4416 2394 4482 paulatim
2450 4415 2618 4481 magis
2668 4413 2732 4469 ac
2785 4415 2956 4476 magis
3012 4413 3342 4466 inclaruerit.
3395 4414 3512 4477 Quo
3561 4414 3737 4476 etiam

2139 4488 2298 4540 modo
2321 4487 2530 4540 videtur
2555 4488 2615 4540 D.
2649 4485 3007 4556 IlierOnymus
3029 4484 3276 4556 eumdem
3306 4483 3606 4538 Psalmistze
3643 4488 3728 4538 lo-

2135 4571 2256 4610 cum
2281 4558 2348 4611 de
2379 4559 2550 4625 primo
2579 4556 2774 4610 Christi
2806 4555 3040 4610 adventu
3074 4555 3446 4622 interpretari.
3479 4555 3732 4610 scribens

2137 4626 2187 4679 in
2217 4643 2267 4685 c.
2301 4645 2404 4681 xxx
2438 4627 2584 4679 I~ai.1‘
2606 4669 2620 4690 ,
2667 4627 2756 4680 ubi
2801 4627 2938 4680 alios
2969 4626 3260 4692 Scriptura:
3295 4627 3442 4679 lucos
3474 4640 3595 4677 curn
3629 4643 3734 4678 co-

441 4693 746 4753 versutiores
781 4699 1102 4789 Μαᾼιιὶειιωὶδἶ
1131 4698 1269 4789 qupd
1300 4699 1429 4752 nihil
1457 4699 1831 4789 scripturqruni
1863 4699 2029 4754 Cano-
2059 4731 2109 4789 υ
2135 4697 2256 4780 dein
2285 4698 2514 4782 confert,
2559 4698 2707 4750 illum
2738 4699 3038 4789 prtcserti'tu
3075 4696 3312 4789 Lucum
3371 4693 3568 4789 [Ignem
3613 4713 3730 4778 rens

441 4771 671 4824 uicorum
723 4771 1010 4840 repudiarit,
1059 4771 1210 4823 simul
1260 4787 1375 4822 cum
1427 4767 1762 4839 aprocryphis
1809 4769 2029 4838 legentes

441 4842 614 4894 omnia
643 4850 688 4894 et
726 4842 776 4893 in
806 4841 1106 4893 auctoritate
1145 4853 1402 4894 sumentes
1430 4857 1446 4894 :
1472 4841 1563 4894 sed
1604 4841 1656 4892 in
1694 4856 1813 4893 suos
1847 4858 2026 4895 sensus

436 4913 824 4983 allegorizando
855 4920 1121 4975 vertentes,
1154 4911 1400 4979 quidquid
1431 4916 1482 4964 in
1523 4912 1710 4964 sanctis
1742 4910 1884 4983 libris
1917 4923 2020 4974 est,

431 4981 573 5050 quod
602 4999 777 5038 eorum
803 4991 991 5035 evertat
1018 4997 1260 5036 errorem.
1289 4983 1360 5036 [te
1392 4985 1490 5035 hac
1515 4983 1702 5036 eadem
1741 4981 2023 5037 lizcretico-

434 5068 551 5106 rum
585 5053 769 5108 fraude
797 5053 957 5109 latins
982 5051 1194 5106 disserit
1231 5054 1579 5121 Epiphanius,
1607 5053 1800 5106 haeres.
1834 5052 1921 5106 4'2.

505 5123 532 5162 δ
562 5125 852 5190 'I'heotoci,
886 5124 935 5179 id
969 5133 1072 5187 cst,
1115 5140 1144 5176 a
1180 5123 1290 5177 Deo
1320 5124 1514 5192 geniti,
1551 5140 1576 5175 a
1609 5124 1870 5184 θεὸτοκος.
1907 5141 2011 5178 non

428 5195 654 5258 θωτὸκος
678 5214 690 5265 ξ
719 5196 786 5250 de
801 5211 1028 5265 quorum
1061 5195 1376 5265 discrimine
1402 5194 1538 5246 alias
1563 5197 1765 5262 cginuts
1796 5194 1898 5258 (Ad
1919 5198 2009 5249 lib.

434 5280 464 5316 ν
499 5281 614 5335 cap.
647 5264 724 5336 Ξ).
754 5264 953 5335 Impius
1001 5265 1265 5336 siquidem
1307 5264 1625 5326 Nestorius,
1685 5265 1843 5328 cujus
1899 5267 2011 5320 hazc

428 5347 554 5391 sunt
579 5337 764 5401 verba,
798 5337 933 5391 duas
962 5337 1014 5388 in
1045 5335 1263 5390 Chri~to
1287 5337 1623 5388 constituens
1648 5351 1931 5402 personas,
1956 5347 2013 5390 ct

427 5423 492 5462 ex
537 5409 892 5476 consequenti
941 5408 1076 5459 duos
1109 5407 1266 5469 ﬁlios,
1297 5406 1525 5460 alterum
1559 5406 1852 5476 hominem,
1883 5405 2011 5461 alte-

427 5491 542 5532 rum
593 5475 803 5543 Deum;
847 5477 1120 5532 hominem
1156 5479 1302 5531 illum
1331 5477 1558 5532 subinde
1601 5475 1825 5531 vocabat
1859 5476 2011 5531 theo-

426 5549 566 5612 loci,
598 5551 648 5602 id
677 5562 790 5615 est,
821 5549 913 5604 lilii
959 5549 1050 5603 Dei
1087 5549 1340 5612 formam,
1373 5559 1637 5612 Statuam,
1687 5547 2004 5615 imaginem,

425 5634 682 5686 orgattum
711 5634 764 5673 ct
794 5618 879 5672 his
909 5618 1127 5678 similia.
1163 5629 1217 5672 ut
1247 5634 1313 5672 ex
1363 5617 1788 5684 pueri-dentibus
1818 5618 2004 5686 liquet,

425 5688 566 5741 unde
603 5689 780 5742 statim
831 5688 916 5742 hic
967 5687 1192 5753 exponit
1229 5706 1241 5739 :
1299 5687 1585 5758 Imaginem
1627 5686 1720 5741 Dei
1760 5687 2000 5755 latentis;

427 5758 676 5824 quamvis
704 5761 836 5811 alias
866 5759 1114 5830 eumdem
1166 5761 1326 5814 etiam
1355 5759 1632 5830 Θεοδόχον,
1667 5758 1720 5812 id
1753 5768 1835 5812 est
1859 5803 1872 5822 ,
1905 5759 1998 5812 Dt-i

2137 4769 2334 4822 mittere
2355 4771 2405 4822 in
2435 4779 2639 4822 terram.
2667 4777 2711 4820 et
2741 4784 2891 4832 quam
2915 4766 3030 4820 volo
3057 4775 3112 4818 ut
3133 4767 3347 4818 ardeat!
3369 4767 3478 4836 (sic
3504 4769 3616 4833 ipse
3645 4769 3694 4821 ci
3718 4801 3733 4812 -

2133 4842 2226 4908 tat)
2261 4841 2347 4909 qui
2390 4841 2456 4894 de
2490 4841 2662 4904 primo
2694 4839 2926 4892 adventu
2983 4838 3124 4894 haud
3163 4837 3328 4892 dubie
3374 4838 3721 4909 intelligitur.

2127 4911 2236 4963 Cur
2256 4908 2432 4965 autem
2464 4927 2570 4964 non
2618 4911 2866 4964 omnibus
2891 4911 3072 4964 statim
3105 4909 3422 4961 manifestus
3466 4923 3588 4961 esse
3614 4908 3722 4962 tle-

2125 4979 2299 5035 huerit
2353 4981 2551 5037 Christi
2601 4982 2890 5041 adventus,
2923 4993 2975 5033 et
3008 4982 3236 5033 lintnaua
3281 4978 3566 5037 nativitas.
3606 4989 3726 5034 tres

2122 5051 2357 5108 rationes
2389 5053 2542 5107 aliert
2573 5051 2635 5105 D.
2670 5053 2906 5106 Thomas
2952 5053 3032 5114 (ut
3064 5069 3097 5117 p
3129 5092 3140 5105 .
3179 5068 3229 5116 q.
3259 5049 3348 5111 36,
3381 5060 3480 5101 art.
3519 5047 3586 5117 t):
3622 5048 3726 5102 Di-

2117 5122 2358 5190 cendum,
2393 5125 2583 5190 inqttit,
2625 5124 2760 5190 quod
2783 5123 3022 5175 natiritas
3049 5119 3239 5176 Christi
3276 5137 3377 5172 non
3407 5119 3579 5172 debuit
3609 5138 3727 5176 esse

2113 5196 2449 5248 communiter
2490 5195 2722 5247 omnibus
2765 5194 3054 5261 manifesta.
3095 5193 3270 5244 Primo
3313 5192 3541 5261 quidem,
3593 5194 3722 5258 quia

2117 5279 2204 5330 per
2255 5264 2354 5318 hoc
2411 5267 2652 5333 impedito
2711 5264 2887 5330 [uisset
2949 5263 3178 5316 humana
3224 5262 3542 5330 redemptio,
3601 5278 3721 5330 qua!

2112 5350 2201 5402 per
2231 5352 2428 5389 crucem
2460 5340 2575 5406 ejus
2603 5345 2808 5406 peracta
2831 5345 2937 5388 est:
2966 5337 3086 5402 quia
3118 5344 3170 5386 ιιι
3199 5333 3388 5406 dicitur
3434 5333 3615 5406 prima:
3644 5333 3720 5406 ad

2113 5406 2232 5459 Cor.
2262 5422 2296 5460 ιι
2324 5423 2336 5460 :
2392 5407 2453 5460 Si
2482 5403 2854 5476 cognovissent,
2899 5421 3177 5476 numquam
3224 5404 3501 5457 Dominum
3532 5403 3721 5476 gloria:

2111 5479 2506 5547 cruci/ixisscnt.
2545 5474 2815 5542 Secundo,
2846 5478 2965 5547 quia
2993 5474 3088 5528 hoc
3125 5475 3446 5547 diminuisset
3473 5474 3718 5547 meritum

2109 5546 2254 5614 ﬁdei,
2300 5566 2387 5613 per
2407 5565 2559 5617 quam
2588 5557 2798 5618 venerat
2819 5544 3045 5618 homines
3080 5545 3397 5618 justi/icore,
3427 5544 3736 5618 securrduns‘

2109 5612 2244 5671 illud
2278 5612 2622 5674 Romanorum
2649 5634 2737 5671 tn:
2767 5617 2983 5671 Iustitia
3015 5612 3106 5670 De'i
3129 5633 3216 5680 per
3238 5617 3390 5681 ﬁdem
3409 5613 3534 5668 Jcstt
3557 5612 3715 5673 Chri-

2108 5692 2191 5742 sti.
2243 5691 2302 5744 Si
2345 5691 2482 5742 enim
2513 5690 2794 5759 manifestis
2827 5689 3033 5741 iudiciis
3080 5688 3281 5759 Christo
3329 5687 3714 5759 nasccnteejita

2110 5762 2346 5813 nativitas
2373 5763 2604 5812 omnibus
2629 5755 2916 5826 appareret,
2943 5764 3059 5831 jam
3089 5758 3350 5831 totlct'ctur
3379 5755 3510 5831 ratio
3540 5756 3664 5831 ﬁdei
3686 5797 3702 5816 ,

420 5823 788 5902 susceptorcm
828 5836 882 5882 et
921 5828 1188 5896 hospitem
1218 5823 1547 5886 anm-"erei':
1577 5841 1630 5883 et
1664 5841 1884 5894 utraque
1918 5845 2003 5884 ra-

2144 5847 2222 5885 tta:
2249 5842 2319 5884 est
2347 5823 2709 5903 argumentum
2734 5846 2832 5883 non
2858 5823 3217 5901 apparentium
3241 5869 3254 5894 ,
3287 5837 3339 5880 ut
3380 5827 3567 5880 dicitur
3599 5823 3714 5880 lle-
