4016 6192
485 249 584 306 199

1786 232 2068 292 JOANNIS
2104 232 2420 293 CASSIAM

3637 239 3752 295 200

479 360 665 432 ejectis
703 359 971 430 quondam
1014 355 1280 411 idolorum
1323 352 1556 407 cultibus
1587 351 2062 419 exterminatisqne
2094 357 2139 409 Λ
2172 353 2270 407 bus
2299 354 2413 407 lia-c
2442 351 2544 407 diei
2575 360 2818 422 possunt.
2846 350 3015 407 Nemo
3041 351 3182 407 enim
3211 368 3275 406 cx
3306 350 3391 406 his
3422 355 3749 412 antetiorem

478 454 817 521 simulacris,
861 450 1036 507 fecisti
1063 463 1128 502 ex
1162 444 1300 500 lanis
1327 444 1633 499 daemonum
1663 443 1859 510 templa
1896 444 2065 495 virtu-

476 526 613 613 tum,
649 545 896 597 inserens
921 539 975 593 in
1005 550 1267 592 cavernas
1295 543 1607 606 serpentum
1634 542 1689 589 et
1717 533 2061 602 scorpionum

479 638 730 707 tulgentis
756 631 976 689 luminis
1013 628 1219 696 radios,
1246 636 1305 685 et
1329 643 1395 682 ex
1420 627 1691 682 cubilibus
1722 641 1971 680 errorum
2002 640 2065 679 ac

478 725 872 795 turpitudinum
904 721 1099 777 domos
1127 728 1567 781 ornamentorum
1600 733 1664 773 ac
1704 716 2062 788 pulchritudi-

477 832 604 871 num
648 813 951 879 reddidisti,
984 812 1057 866 ita
1090 810 1343 866 omnibus
1378 825 1605 880 quorum
1661 810 1849 865 oculos
1891 810 2065 877 caligo

480 907 751 962 haeretica:
795 902 1162 975 perversitatis
1206 901 1417 957 obsedit
1456 901 1629 955 lucem
1679 899 2081 955 misericordite-

480 1011 583 1054 tua:
612 1014 676 1053 ac
706 999 945 1052 veritatis
974 995 1194 1050 infunde
1218 1038 1235 1061 ,
1267 1004 1326 1049 ut
1365 993 1756 1053 lncarnationis
1804 1002 1910 1047 tute
1954 1009 2066 1045 nta-

479 1105 639 1160 gnum
667 1104 732 1143 ac
758 1086 1097 1167 salutiferum
1144 1092 1546 1139 sacramentum
1579 1094 1823 1138 reserato
1848 1082 2063 1136 tandem

479 1200 544 1239 ac
570 1199 704 1252 puro
729 1183 934 1236 lumine
957 1187 1299 1241 contuentes,
1330 1177 1403 1231 ita
1429 1184 1487 1232 te
1513 1192 1581 1247 ex
1607 1185 1951 1230 sacrosancto
1976 1175 2066 1227 illo

484 1274 845 1331 immaculata;
870 1273 1108 1342 Virginis
1130 1279 1284 1327 utero
1307 1268 1507 1323 editum
1537 1266 1736 1322 mundo
1760 1282 1943 1331 verum
1970 1266 2068 1319 ho—

485 1372 681 1421 minem
712 1381 833 1421 esse
861 1366 1181 1431 intelligant,
1209 1370 1268 1415 ut
1294 1374 1479 1414 verum
1514 1368 1695 1414 tamen
1728 1357 1894 1412 Deum
1924 1371 2069 1411 sem-

484 1466 583 1530 per
611 1459 777 1514 fuisse
806 1464 1157 1527 cognoscant.

1101 1547 1184 1601 CA
1196 1547 1327 1603 PUT
1370 1545 1437 1602 li.

588 1641 832 1697 Dissolvi!
863 1641 1195 1708 objectionem
1225 1645 1479 1703 sumptam
1516 1649 1580 1687 ea:
1608 1631 1717 1708 illis
1752 1629 1916 1685 verbis
1939 1644 1959 1683 :

890 1705 1054 1763 Nemo
1086 1711 1392 1762 anteriorem
1423 1723 1475 1759 se
1505 1705 1662 1775 parit.

558 1827 633 1879 Ae
662 1825 967 1893 priusquam
988 1821 1054 1875 de
1082 1820 1167 1874 his
1193 1820 1354 1875 rebus
1381 1816 1527 1887 loqui
1552 1814 1751 1883 incipio
1772 1828 1905 1883 quas
1937 1825 2069 1866 ncc—

483 1917 610 1970 dttm
651 1916 800 1969 libris
829 1913 1200 1982 superioribus
1243 1911 1520 1981 pratlibavi
1542 1951 1558 1975 ,
1590 1923 1803 1977 tequum
1833 1906 2087 1961 arbitror.

485 2021 539 2061 ut
581 2007 756 2062 enitar
794 2007 1078 2060 exsolvere
1118 2019 1237 2072 qua:
1272 2003 1381 2071 jam
1424 2011 1547 2055 ante
1589 1999 1850 2070 promisi,
1883 2009 1939 2051 ut
1968 2014 2064 2051 ex-

487 2104 629 2172 pleta
664 2100 878 2171 penitus
907 2099 1201 2166 Sponsione
1222 2138 1238 2160 ,
1273 2096 1495 2150 liberius
1525 2094 1594 2149 de
1639 2093 1855 2146 intactis
1882 2092 2065 2145 dicere

483 2194 686 2262 ordiar,
727 2208 848 2247 cum
889 2192 957 2247 de
996 2189 1250 2260 pollicitis
1288 2188 1629 2244 satisfecero.
1683 2188 1774 2242 Ait
1821 2201 1952 2255 ergo
1997 2185 2063 2239 ad

484 2282 870 2343 destruendam
904 2299 1074 2339 sacra:
1107 2281 1404 2337 nativitatis
1437 2280 1598 2334 ﬁdem
1628 2279 1855 2333 sibilans
1887 2278 1937 2332 in
1972 2277 2065 2332 Dei

486 2378 722 2433 Ecclesia
757 2391 928 2429 novus
955 2373 1182 2429 coluber
1212 2390 1226 2425 :
1259 2381 1284 2409 ι
1315 2372 1486 2427 Nemo
1524 2370 1850 2427 anterimetn
1884 2384 1941 2423 se
1973 2383 2067 2438 pa-

482 2472 573 2525 rit.
622 2470 860 2525 Primum
899 2481 1031 2536 ergo
1071 2473 1125 2520 te
1166 2480 1274 2519 non
1322 2464 1498 2518 solum
1551 2463 1679 2531 quid
1726 2462 1917 2529 dicas,
1967 2463 2062 2517 sed

483 2561 644 2618 etiam
678 2558 819 2613 unde
849 2557 998 2612 dicas
1018 2598 1031 2621 ,
1062 2557 1273 2611 nescire
1303 2555 1561 2609 arbitror.
1593 2555 1648 2609 Si
1682 2556 1824 2607 enim
1857 2555 2058 2617 scires,

483 2664 576 2708 aut
614 2652 942 2722 intelligercs
971 2649 1113 2704 unde
1142 2647 1357 2703 diceres
1377 2689 1394 2715 ,
1430 2662 1767 2718 nequaquam
1801 2647 2057 2715 unigeniti

484 2747 574 2800 Dei
617 2744 948 2799 nativitatem
993 2741 1241 2796 mortalis
1278 2740 1646 2810 opiniuncula:
1685 2741 1892 2795 ratione
1929 2754 2059 2794 ecu-

479 2854 669 2904 seres;
713 2852 886 2906 neque
923 2837 972 2893 ei
1014 2837 1105 2902 qui
1140 2846 1289 2889 extra
1321 2841 1640 2901 conceptum
1673 2833 1924 2888 humanm
1952 2834 2062 2887 ori-

478 2929 617 2996 ginis
646 2940 798 2981 natus
825 2939 902 2982 est
926 2968 942 2993 ,
972 2926 1223 2981 humanis
1252 2924 1677 2979 deiiuitiunculis
1709 2925 2060 2993 pratjndicare

479 3028 757 3083 tentares;
799 3026 890 3070 aut
931 3027 1174 3072 terrenas
1215 3016 1682 3083 impossibilitates
1721 3017 1915 3071 divinre
1943 3031 2058 3072 om-

2166 459 2227 498 se
2257 446 2480 513 gignere
2511 446 2800 515 praevalet,
2833 445 2955 514 quia
2987 460 3050 501 ea
3093 461 3215 515 quae
3252 456 3375 501 orta
3410 450 3522 517 jam
3555 451 3753 503 iuerint

2169 537 2345 591 redire
2378 537 2433 591 in
2468 536 2517 590 id
2552 552 2768 591 rursum
2800 550 2908 590 non
2940 546 3185 606 queunt,
3216 547 3274 591 ut
3302 552 3438 592 nou
3472 540 3748 596 creatione

2164 638 2513 697 generentur.
2558 627 2629 682 Et
2672 628 2793 683 id‘eo
2840 644 2998 683 nemo
3045 627 3376 683 anteriorem
3418 642 3483 684 se
3526 645 3750 697 parcre.

2166 720 2421 788 quoniam
2451 734 2552 774 nec
2580 720 2908 774 anteriorem
2950 719 3172 789 gignere
3212 728 3429 788 potest,
3475 721 3597 789 quia
3646 739 3751 775 non

2169 814 2316 864 venit
2342 826 2502 863 causa
2540 812 2785 878 pariendi
2820 811 2918 866 nisi
2948 827 3013 868 ex
3046 811 3405 877 possibilitate
3433 814 3750 883 generandi.

2169 904 2247 957 Tn
2277 919 2408 972 ergo
2438 904 2488 957 id
2523 903 2574 956 in
2619 904 2900 961 nativitate
2931 904 3326 974 omnipotentis
3358 906 3453 960 Dei
3476 947 3492 970 ,
3526 908 3667 973 qtiod
3700 910 3751 959 iu

2167 1007 2292 1050 ortu
2328 1005 2670 1051 lorreuorum
2703 997 3014 1053 animalium
3055 999 3509 1054 considerandum
3555 1003 3754 1070 putas?

2167 1098 2225 1145 ct
2262 1088 2311 1141 ei
2353 1097 2599 1143 naturam
2630 1087 2877 1142 ltninana:
2905 1088 3240 1143 conditionis
3272 1090 3471 1155 obiicis
3491 1132 3506 1154 ,
3549 1092 3640 1159 qui
3672 1101 3757 1145 cst

2168 1187 2310 1231 aucti
2334 1194 2360 1231 r
2389 1178 2502 1246 ipse
2531 1179 2780 1237 naturae?
2815 1178 2975 1234 Vides
3003 1193 3135 1250 ergo
3154 1220 3171 1246 ,
3205 1191 3260 1234 ut
3284 1195 3452 1249 supra
3481 1181 3624 1246 dixi,
3660 1201 3755 1236 nc-

2169 1269 2313 1325 scire
2343 1277 2397 1324 te
2427 1269 2568 1324 unde
2598 1279 2690 1323 aut
2721 1270 2787 1325 de
2814 1268 2922 1337 quo
2950 1269 3101 1324 diras
3123 1312 3139 1336 ,
3169 1271 3261 1340 qui
3293 1269 3530 1327 facturas
3560 1273 3751 1329 laetari

2168 1376 2486 1430 comparas,
2533 1372 2585 1415 ct
2633 1361 2698 1416 ad
2744 1362 3117 1416 testimandam
3162 1361 3259 1418 Dei
3299 1364 3751 1434 omnipotentiam

2169 1469 2355 1509 earum
2387 1470 2567 1509 rerum
2596 1454 2843 1522 exemplo
2873 1456 3045 1508 uteris
3065 1496 3083 1521 ,
3116 1469 3238 1524 qua:
3270 1457 3400 1525 ipsze
3431 1459 3615 1527 utique
3644 1476 3692 1510 n-
3719 1475 3751 1511 ιι

2171 1555 2352 1601 essent
2372 1585 2387 1611 ,
2419 1546 2521 1600 nisi
2557 1546 2789 1614 idipsum
2818 1562 2881 1601 ex
2911 1545 3022 1602 Deo
3050 1556 3233 1602 essent
3259 1546 3405 1616 quod
3434 1557 3580 1602 sunt.
3614 1549 3756 1603 Dens

2171 1653 2300 1706 ergo
2325 1651 2381 1691 ut
2416 1636 2619 1695 voluit.
2651 1648 2705 1691 et
2732 1636 2950 1706 quando
2975 1638 3183 1706 voluit,
3224 1646 3280 1699 et
3317 1653 3382 1695 ex
3424 1653 3488 1694 ea
3528 1654 3629 1708 qua
3658 1655 3756 1691 vo-

2099 1726 2142 1786 Β
2172 1732 2300 1796 luit,
2329 1731 2566 1784 advenit.
2595 1729 2703 1783 Nec
2732 1740 2942 1798 tempus
2966 1730 3014 1784 ei
3038 1770 3053 1795 ,
3084 1744 3184 1785 nec
3211 1744 3436 1797 persona
3458 1771 3474 1794 ,
3503 1746 3600 1784 nec
3624 1747 3689 1784 co
3713 1754 3756 1780 ι-

2168 1823 2394 1876 snetndo
2428 1822 2702 1877 hominum
2724 1862 2738 1883 ,
2775 1836 2874 1875 nee
2904 1822 3152 1890 exempla
3199 1825 3381 1875 rerum
3426 1822 3756 1891 pra-judica-

2170 1924 2326 1977 runt;
2357 1916 2479 1980 quia
2512 1913 2774 1967 obsistere
2802 1913 2851 1967 ei
2884 1929 2988 1966 non
3020 1914 3192 1981 potuit
3224 1913 3308 1967 lex
3338 1922 3709 1968 creaturarum
3734 1958 3750 1976 ,

2167 2009 2256 2076 qui
2296 2017 2375 2059 est
2416 2015 2628 2060 creator
2675 2005 2790 2075 ipse
2831 2015 3172 2059 Cunctorum.
3217 2004 3285 2058 Et
3330 2020 3486 2073 posse
3517 2006 3563 2059 ei
3604 2006 3751 2074 qut-tl

2171 2100 2339 2151 voluit
2381 2109 2685 2168 promptum
2729 2096 2864 2163 fuit,
2905 2098 3027 2168 quia
3073 2107 3310 2164 potestas
3349 2097 3517 2151 adfuit
3560 2099 3759 2151 volun-

2170 2191 2287 2244 tati.
2321 2190 2408 2245 Vis
2446 2192 2591 2246 SCil‘e
2632 2191 2971 2258 aliquatenus
3013 2200 3208 2256 quanta
3251 2191 3322 2244 sit
3365 2191 3754 2256 omttipotentia

2170 2281 2310 2336 Dei?
2336 2297 2437 2350 ego
2466 2283 2514 2336 id
2546 2281 2709 2336 etiam
2740 2281 3028 2335 Dominum
3057 2282 3125 2335 de
3150 2282 3415 2335 creaturis
3439 2268 3551 2335 suis
3576 2281 3757 2335 facere

2168 2388 2325 2442 posse
2351 2373 2548 2438 credo,
2581 2372 2720 2443 quod
2754 2380 2809 2429 tu
2838 2388 2958 2426 cum
2986 2373 3051 2426 de
3079 2386 3137 2426 se
3167 2370 3283 2441 ipso
3312 2370 3491 2425 facere
3518 2372 3757 2439 potuisse

2168 2480 2274 2518 non
2305 2464 2505 2519 credis.
2539 2463 2726 2518 Omnia
2757 2465 2902 2517 enim
2946 2463 3242 2539 animantia
3283 2478 3405 2532 qua:
3448 2466 3753 2531 posteriora

2166 2572 2223 2612 se
2247 2557 2482 2627 pariunt,
2501 2557 2544 2609 si
2575 2556 2732 2611 modo
2759 2555 2808 2609 id
2840 2556 2980 2610 Deus
3000 2556 3207 2624 jubeat,
3225 2554 3254 2594 ι’
3281 2556 3553 2610 anteriora
3578 2557 3755 2610 nmlto

2165 2664 2226 2704 se
2254 2663 2447 2719 parere
2485 2656 2730 2719 possunt.
2774 2646 2903 2701 Nam
2932 2656 2986 2701 et
3013 2646 3115 2700 cibi
3142 2646 3241 2715 ipsi
3282 2657 3335 2699 et
3365 2646 3551 2715 pocula
3573 2686 3590 2712 ,
3615 2648 3658 2699 si
3685 2662 3751 2701 ea

2166 2742 2475 2798 Diviuitatis
2515 2742 2769 2796 Volunt-5
2805 2741 2910 2809 sit,
2959 2741 3009 2794 in
3051 2748 3349 2809 conceptus
3392 2740 3652 2810 quosdam
3692 2751 3755 2794 et

2166 2835 2450 2904 progenies
2477 2835 2615 2889 verti
2643 2842 2888 2902 possunt.
2939 2832 3107 2900 Aqua:
3147 2829 3384 2901 denique
3421 2832 3585 2899 ipsae,
3633 2834 3755 2898 qui-

2165 2927 2265 2981 bus
2292 2925 2360 2980 ab
2390 2924 2612 2979 exordio
2643 2939 2818 2978 rerum
2853 2922 3197 2977 manantibus
3219 2963 3233 2986 ,
3261 2931 3319 2975 et
3339 2923 3532 2991 quibus
3563 2924 3752 2975 admo-

2163 3019 2288 3074 dum
2319 3017 2495 3088 omnia
2521 3017 2813 3071 auimantia
2838 3027 3086 3081 utuntur,
3113 3014 3389 3084 corporari
3412 3056 3427 3080 ,
3452 3014 3495 3067 si
3527 3013 3577 3067 id
3604 3016 3752 3069 Dens

479 3108 790 3180 nipotentiae
828 3108 1129 3177 objiceres,
1171 3108 1215 3162 si
1261 3107 1373 3162 Deo
1406 3107 1741 3176 impossibile
1771 3108 1918 3184 nihil
1938 3123 2058 3164 esse
2083 3096 2132 3158 ε
2160 3112 2384 3181 jubeat,
2420 3110 2472 3163 in
2516 3108 2818 3164 visceribus
2857 3116 2910 3160 ct
2954 3105 3100 3175 gigni
3129 3110 3397 3175 “possunt.
3432 3106 3560 3170 Quis
3601 3106 3748 3158 enim

476 3201 843 3269 cognovisses.
877 3197 1047 3252 Nemo
1073 3212 1201 3267 ergo
1220 3237 1235 3261 ,
1266 3197 1442 3265 inquis
1465 3238 1479 3263 ,
1514 3198 1846 3253 anteriorem
1877 3214 1936 3255 se
1964 3215 2058 3270 pa-

476 3291 566 3345 rit.
601 3288 696 3344 Dic
726 3288 857 3343 mihi
881 3329 895 3351 ,
923 3302 1107 3358 quaeso
1130 3327 1144 3351 ,
1173 3286 1240 3341 de
1265 3287 1462 3365 quibus
1488 3297 1539 3340 te
1572 3287 1717 3357 loqui
1748 3291 1959 3356 causis,
1992 3291 2058 3346 de

470 3395 700 3451 quorum
727 3378 1077 3433 animantium
1103 3378 1339 3432 aestimas
1364 3376 1595 3432 delinire
1620 3380 1865 3434 naturis?
1889 3380 2057 3436 bomi-

474 3475 629 3527 n‘hus
659 3478 712 3526 te
734 3486 803 3525 an
833 3470 990 3537 ieris,
1016 3468 1204 3524 avibus
1231 3483 1298 3523 an
1330 3469 1625 3537 pecudibus
1654 3469 1823 3539 legem
1854 3487 2058 3540 ponere

472 3563 672 3638 putas?
703 3562 803 3618 Ista
836 3562 979 3617 enim
1010 3570 1132 3615 sunt
1163 3569 1218 3617 et
1247 3556 1357 3623 alia
1392 3560 1806 3631 hujuscemodi,
1838 3562 1906 3618 de
1936 3566 2054 3635 qni-

2166 3202 2333 3257 sat-ris
2360 3201 2613 3270 operibus
2644 3199 2860 3253 modum
2903 3205 3139 3263 statuet,
3172 3207 3261 3249 aut
3293 3196 3528 3249 divinam
3564 3200 3750 3263 provi-

2165 3294 2404 3349 dentiam
2437 3291 2886 3346 rircumscrihet?
2913 3300 3000 3341 aut
3035 3300 3057 3328 ε
3086 3290 3234 3359 quis,
3262 3298 3318 3340 ut
3347 3288 3599 3355 scriptum
3633 3297 3747 3354 cst,

2165 3386 2295 3440 dicit
2322 3386 2404 3438 ei:
2440 3383 2577 3449 Quid
2613 3382 2781 3450 fecisti
2816 3379 3013 3449 (Isaia:
3038 3396 3143 3435 XLV
3168 3380 3231 3452 )?
3265 3378 3321 3433 Si
3364 3393 3525 3447 negas
3563 3377 3749 3433 omnia

2166 3478 2333 3532 Dt-um
2367 3489 2524 3545 posse
2546 3518 2560 3541 ,
2596 3489 2735 3543 nega
2758 3476 3082 3527 anteriotem
3114 3473 3259 3526 nasci
3291 3485 3358 3525 ex
3394 3469 3555 3544 Maria
3581 3511 3596 3534 ,
3631 3469 3750 3521 Dm

2166 3576 2455 3629 nascente,
2492 3563 2754 3635 potuisse.
2789 3565 2843 3617 Si
2876 3575 3057 3616 autem
3090 3560 3424 3632 impossibile
3457 3560 3566 3613 Deo
3607 3558 3745 3613 nihil

1536 3673 1792 3728 ALARDI
1832 3674 2065 3734 GAZ/El
2106 3676 2675 3736 COMMLN'l‘AlltUS.

542 3802 567 3829 ⁸
608 3789 685 3844 De
723 3789 824 3843 hoc
863 3786 1093 3842 Nestorii
1133 3786 1402 3841 axiomatc
1434 3784 1725 3854 aliquoties
1755 3787 1963 3856 egimus
1994 3792 2046 3844 in

473 3860 923 3931 pt‘mcetletitilttis.

543 3933 566 3970 δ
593 3928 1033 4000 Magnoquidctn
1063 3926 1323 4000 miraculo
1356 3924 1404 3980 id
1426 3924 1467 4000 ll
1490 3939 1584 4000 iret
1609 3968 1623 3990 ,
1645 3927 1687 3981 si
1723 3929 1874 3983 fieret
1901 3933 2045 3996 quod

472 3997 761 4067 numquam
792 3998 989 4067 factum
1016 3997 1235 4067 legitur,
1266 4007 1323 4050 ut
1348 3999 1547 4051 animal
1571 4000 1840 4064 quoddam
1864 4002 2008 4055 aliud
2030 4044 2045 4067 ,

472 4066 789 4139 quodprius
815 4066 1021 4139 exstitit
1040 4107 1055 4131 ,
1084 4066 1281 4139 animal
1308 4067 1372 4117 de
1399 4083 1540 4118 novo
1565 4067 1807 4134 gigneret
1833 4085 1897 4124 ac
1926 4088 2047 4139 pro-

469 4137 1068 4209 ducercthuttd‘essel
1114 4137 1356 4189 anterius
1387 4151 1447 4209 se
1492 4152 1704 4201 parere,
1747 4137 2044 4209 secundum

472 4210 635 4265 verba
683 4204 975 4275 Nestorii),
1019 4220 1123 4259 non
1169 4215 1348 4259 tamen
1394 4204 1504 4258 Deo
1549 4206 1900 4274 iuqiossibdi,
1946 4230 2043 4266 nec

471 4289 577 4335 tam
609 4277 949 4350 admirabili,
990 4290 1052 4350 ac
1090 4277 1692 4350 supernaturaliquam
1718 4288 1804 4331 est
1844 4296 2043 4350 mystc-

468 4354 605 4406 rium
636 4346 1053 4405 lncarnationis.
1089 4347 1272 4401 Potest
1299 4347 1441 4400 enim
1476 4346 1615 4400 Deus
1645 4347 1783 4400 idem
1817 4346 2040 4406 nm'ncrn

464 4437 664 4486 corpus
703 4422 1066 4483 exstinctum,
1114 4417 1280 4472 immo
1323 4416 1378 4472 in
1421 4432 1527 4489 sua
1558 4417 1727 4485 prima
1776 4419 2040 4489 principia
2090 4482 2095 4487 ,

467 4492 797 4556 resolutum,
844 4490 1168 4551 restituere,
1212 4497 1271 4541 ut
1312 4498 1455 4542 certa
1504 4488 1607 4542 tide
1648 4488 1928 4545 credimus
1958 4488 2040 4549 de

465 4563 865 4617 resurrectione
896 4557 1194 4614 hominum.
1228 4558 1407 4612 l’otrst
1443 4568 1497 4612 et
1536 4558 1603 4613 de
1644 4559 1906 4627 lapidibus
1945 4580 2035 4616 stt-

463 4633 668 4688 scitare
701 4631 840 4684 lilios
871 4628 1129 4693 Abrahae,
1170 4638 1360 4699 etiam
1393 4628 1470 4699 de
1499 4630 1651 4697 aquis
1679 4644 1838 4697 quam
1868 4631 1934 4685 de
1961 4634 2039 4687 ci-

466 4705 549 4758 bis
577 4712 633 4757 et
666 4702 879 4768 potilius
914 4699 1187 4753 hominem
1219 4699 1299 4752 vel
1335 4698 1560 4761 quodvis
1600 4700 1797 4753 animal
1840 4704 2038 4767 produ-

2154 3812 2181 3842 c
2210 3809 2273 3846 or
2301 3791 2387 3845 inti
2415 3805 2576 3850 cate.
2617 3799 2764 3843 certe
2804 3805 2907 3847 non
2946 3789 3137 3853 video,
3183 3789 3283 3842 nisi
3321 3803 3487 3857 aquas
3528 3788 3581 3841 in
3625 3796 3740 3841 tota

2154 3865 2331 3931 Specie
2362 3858 2691 3929 accipiamus
2723 3877 2840 3927 qua:
2870 3860 3293 3931 anterhomiueut
3320 3858 3554 3913 condth
3582 3872 3735 3931 sum,

2150 3933 2291 4001 quod
2323 3931 2391 3985 de
2416 3932 2551 3986 cibis
2585 3932 2770 3985 itidem
2802 3946 2865 3987 ac
2898 3930 3113 3996 potibus
3142 3930 3246 3984 dici
3281 3939 3483 4001 potest.
3519 3933 3586 3981 At
3618 3930 3742 3981 ha-c

2154 4000 2398 4068 exciupla
2432 4018 2538 4055 non
2567 4002 2793 4055 multum
2824 4016 3050 4070 urgere,
3082 4003 3215 4054 satis
3247 4000 3582 4068 perspicuum
3614 4012 3694 4052 esr
3722 4014 3740 4065 ;

2153 4092 2329 4143 neque
2368 4075 2526 4127 aliter
2564 4087 2592 4125 a
2634 4073 2890 4125 Cassiano
2929 4072 3132 4139 prolata
3176 4070 3375 4134 fuisse,
3407 4070 3505 4143 nisi
3541 4080 3601 4121 ut
3628 4071 3742 4143 “alis

2150 4140 2417 4213 quatenus
2456 4159 2570 4197 retu
2608 4151 2946 4210 exponeret,
2985 4151 3042 4195 et
3077 4143 3252 4195 obiter
3279 4141 3587 4194 ostenderet
3619 4140 3739 4213 licri

2155 4212 2312 4282 ναμε
2355 4230 2448 4283 per
2486 4213 2722 4265 divinam
2769 4214 3060 4283 potentiam
3103 4220 3160 4264 ut
3196 4212 3738 4283 posterioranterio-

2152 4301 2263 4338 rt-m
2293 4302 2352 4338 se
2382 4284 2587 4351 pariat,
2617 4294 2803 4337 contra
2832 4282 3065 4336 Nestorii
3093 4284 3340 4345 axioma;
3372 4282 3597 4351 proinde
3626 4296 3736 4351 non

2149 4372 2270 4408 esse
2324 4350 2432 4409 Deo
2476 4354 2810 4420 impossibile
2851 4361 2910 4406 ut
2950 4352 3112 4407 Maria
3157 4350 3487 4408 anteriorem
3529 4364 3588 4404 se
3634 4350 3735 4405 Dei

2148 4423 2346 4478 Filium
2377 4428 2663 4493 pepereﬂt,
2681 4434 2972 4479 altestantc
2998 4425 3212 4491 angelo,
3232 4424 3358 4492 quia
3383 4437 3487 4475 non
3508 4422 3605 4473 erit
3633 4421 3737 4473 im.

2148 4480 2391 4562 possibile
2423 4480 2759 4561 u'pud'Deum
2797 4510 2944 4547 mune
2982 4480 3376 4562 verbuml'Luc.
3401 4493 3472 4563 ι).
3511 4492 3575 4544 Et
3614 4494 3739 4558 ipso

2145 4567 2429 4631 salvatore
2464 4566 2720 4618 dicente:
2760 4564 2937 4629 Pater,
2975 4568 3147 4618 omnia
3188 4565 3278 4617 tibi
3320 4563 3583 4631 possibilia
3610 4574 3738 4616 sunt

2145 4630 2339 4704 (Marc.
2380 4638 2530 4702 XIV),
2567 4650 2687 4704 qua:
2725 4636 2932 4689 scilicet
2969 4635 3242 4703 possdtilia
3285 4630 3412 4688 sunt
3442 4634 3690 4685 alnolutc
3718 4674 3734 4697 ,

2143 4720 2239 4759 Seu
2275 4722 2393 4771 qua!
2434 4722 2537 4757 non
2580 4706 2858 4771 implicant
2896 4705 3423 4770 contradimirmem,
3469 4711 3527 4756 nl
3564 4719 3739 4759 exm-

463 4788 625 4838 cere;
655 4765 841 4838 sicque
870 4769 978 4845 cibi
1010 4769 1108 4838 ipsi
1140 4780 1192 4822 el
1224 4771 1411 4836 pocula
1456 4768 1509 4821 iu
1547 4765 1849 4845 conceptus
1871 4788 2035 4839 quus-
2064 4765 2116 4825 D
2144 4777 2221 4829 uit
2252 4765 2309 4830 Si
2344 4776 2581 4829 Thomas
2622 4765 2809 4844 ('l’arl.
2840 4790 2877 4835 ι,
2910 4793 2962 4845 q.
2990 4774 3092 4843 25,
3124 4784 3221 4829 art.
3254 4778 3332 4841 3.),
3374 4765 3493 4844 post
3525 4773 3588 4827 D.
3624 4777 3739 4826 Λιι-

462 4848 584 4898 dam
627 4856 691 4897 ac
735 4842 1014 4909 progenies
1058 4846 1417 4904 verterentur,
1468 4850 1523 4891 ιιι
1573 4840 1656 4893 hic
1702 4840 1919 4896 dicitur.
1973 4845 2037 4898 lit

465 4924 748 4969 vertuntur
776 4926 905 4965 sane
929 4910 1090 4963 etiam
1119 4913 1251 4964 citra
1281 4910 1597 4963 miraculum
1617 4952 1631 4975 ,
1660 4923 1793 4975 etc.,
1823 4914 1946 4966 dum
1983 4915 2033 4969 iu

463 4981 816 5037 stilistantiam
848 4980 964 5033 aliti
992 4989 1045 5034 et
1077 4980 1128 5033 in
1164 4981 1443 5035 materiam
1480 4982 1837 5035 sementinam
1881 4997 2035 5038 natu-

463 5057 645 5109 raliter
688 5059 1097 5115 convertuntur,
1150 5051 1292 5105 unde
1342 5050 1479 5104 fetus
1515 5061 1568 5104 et
1610 5053 1897 5121 progenies
1934 5071 2033 5108 na-

461 5132 720 5189 scuntur;
750 5138 850 5190 qua
883 5123 1091 5193 ratione
1122 5123 1178 5193 ﬁt
1207 5133 1263 5175 ut
1296 5121 1488 5185 homo,
1530 5123 1613 5176 vel
1656 5125 2035 5193 quodciunqne

462 5195 660 5249 animal
682 5236 697 5254 .
724 5191 1047 5247 anteriorem
1071 5233 1086 5257 ,
1119 5192 1169 5245 id
1195 5203 1311 5259 est,
1339 5191 1699 5263 antiquiorem
1727 5209 1785 5247 se
1811 5191 2032 5262 gignere

458 5281 522 5319 ac
550 5281 738 5334 parere
763 5265 1161 5333 quodammodo
1186 5264 1453 5327 videatur,
1484 5265 1606 5317 dum
1635 5263 1685 5316 id
1714 5268 1854 5334 quod
1884 5267 2032 5334 prius

460 5337 665 5390 exstitit
716 5336 766 5388 iu
813 5334 970 5388 aliam
1018 5336 1372 5403 substantiam
1418 5342 1663 5403 emergit.
1710 5334 1826 5402 Qua
1871 5337 2030 5389 etiam

463 5407 669 5459 ratione
697 5418 885 5475 aqua),
931 5418 1052 5474 qua:
1092 5415 1215 5458 ante
1259 5402 1529 5459 hominem
1575 5402 1934 5462 exstiterunt.
1980 5418 2033 5460 et

461 5476 686 5554 proinde
714 5476 1015 5554 anteriores
1044 5475 1260 5554 homine
1299 5481 1459 5539 sunt,
1508 5478 1559 5554 in
1591 5489 1834 5554 corpore
1858 5476 2030 5529 homi-

2141 4848 2419 4916 gustinum
2449 4846 2545 4899 ιιι).
2579 4860 2610 4916 v
2640 4848 2706 4898 de
2738 4845 2969 4900 Civitate
3004 4847 3094 4916 Dei
3127 4861 3246 4914 cap.
3284 4845 3369 4899 10.

2219 4928 2240 4954 ι
2276 4917 2447 4971 Locus
2477 4927 2562 4970 est
2588 4915 2740 4971 Isaiae
2761 4956 2775 4980 ,
2806 4919 2894 4984 qui
2925 4918 2974 4969 iu
3007 4912 3231 4984 Vulgata
3256 4915 3495 4969 editione
3523 4912 3603 4966 sic
3637 4913 3739 4964 ha—

2144 4986 2269 5041 ltet:
2306 4986 2573 5057 Numquid
2602 4988 2727 5039 dicit
2767 4986 2931 5039 lutum
2971 4987 3285 5057 ﬁqrtlodsuo,
3318 4986 3457 5049 Quid
3499 4986 3651 5055 fucis,
3686 4994 3736 5037 rt

2142 5074 2272 5118 opus
2313 5055 2673 5124 tuum'absqtte
2703 5058 2938 5110 manibus
2968 5059 3086 5110 est?
3125 5055 3210 5109 γω
3252 5059 3336 5123 qui
3383 5057 3508 5108 dicit
3551 5056 3729 5125 putri.

2146 5129 2282 5195 Quid
2310 5145 2521 5199 generos
2540 5128 2565 5179 ?
2589 5137 2637 5180 et
2668 5127 2909 5199 mulieri,
2927 5128 3062 5192 Quid
3097 5131 3325 5199 partui-is
3349 5128 3500 5199 ?‘t1u_i
3535 5127 3736 5199 similis

2142 5195 2587 5253 luetts'let‘cmit’e
2638 5214 2812 5252 xvut:
2862 5195 3132 5262 Numquid
3177 5202 3309 5249 sicut
3361 5196 3550 5264 ﬁgulus
3594 5195 3734 5257 ista,

2142 5284 2242 5339 n_on
2273 5279 2449 5339 potero
2478 5270 2614 5321 vobis
2643 5270 2813 5336 facere
2832 5310 2845 5329 ,
2880 5270 3060 5321 (lamus
3092 5264 3307 5321 Israel?
3336 5270 3408 5320 ait
3444 5266 3733 5319 Dominus.

2138 5337 2424 5391 Ecreisteut
2452 5341 2612 5392 lutum
2639 5341 2693 5391 in
2723 5357 2875 5392 utmtu
2904 5339 3073 5409 ﬁguli.
3104 5338 3176 5391 sic
3205 5354 3291 5389 vos
3323 5340 3375 5409 in
3400 5350 3555 5409 unum
3588 5352 3733 5399 nam,

2136 5408 2320 5462 domus
2367 5409 2551 5462 Israel.
2597 5412 2765 5474 Quem
2816 5407 2993 5463 locum
3035 5409 3278 5463 imitatus
3319 5407 3608 5477 Apostolus
3659 5412 3732 5457 ait

2136 5476 2409 5551 Romanos
2460 5494 2512 5551 lx
2554 5482 2742 5533 scribit
2788 5497 2801 5532 :
2853 5479 3121 5549 Numquid
3172 5481 3296 5532 dicit
3337 5476 3632 5551 ﬁgmentum
3684 5480 3735 5528 ei

461 5545 545 5597 nis
571 5548 846 5612 corporari
864 5588 878 5613 ,
909 5545 960 5598 id
988 5555 1101 5608 est.
1133 5546 1184 5598 in
1211 5558 1410 5615 corpus
1433 5545 1727 5599 animatum
1755 5544 2028 5598 cll'ormari

461 5626 683 5684 queunt.
735 5617 803 5667 At
846 5616 1118 5683 quomodo
1165 5624 1291 5670 tunc
1324 5630 1458 5684 aqua
1493 5617 1576 5669 vel
1617 5616 1777 5670 homo
1817 5617 2031 5669 dicatur

460 5688 783 5739 anteriorem
825 5685 906 5739 vel
948 5689 1184 5742 anterius
1222 5704 1279 5742 se
1312 5702 1538 5756 parere,
1582 5696 1635 5739 ut
1679 5688 1889 5742 videtur
1924 5693 2029 5740 An-

2133 5551 2222 5616 qui
2255 5565 2307 5601 se
2345 5549 2495 5618 [inin
2516 5565 2535 5602 :
2568 5550 2705 5612 Quid
2739 5567 2816 5601 me
2847 5554 3009 5619 ft‘t‘lsll
3038 5551 3152 5603 sic?
3187 5549 3545 5615 ginnon'ltabet
3576 5558 3736 5616 ναιε-

2133 5629 2316 5672 slalem
2338 5620 2529 5688 ﬁgulus
2549 5622 2644 5673 luti
2671 5637 2733 5673 ea:
2756 5628 2929 5674 eadem
2958 5638 3130 5674 massa
3156 5619 3493 5690 {ticere'aliud
3513 5620 3728 5689 quidem

2134 5706 2219 5743 ras
2248 5690 2295 5744 i‘:
2323 5690 2566 5745 Itoni/rem
2588 5731 2605 5758 ,
2636 5693 2779 5745 aliud
2810 5709 2921 5746 ccio
2954 5710 3004 5746 tn
3036 5694 3441 5747 contumeliam?
