4016 6192
404 379 510 450 an

408 512 504 564 Ima

406 598 678 670 quomodo
704 596 973 662 disparem
1004 602 1031 639 a
1059 584 1142 639 sui
1173 581 1436 652 qualitate
1473 575 1834 633 substantiam
1877 574 1992 629 dis-

407 664 504 760 par
531 696 718 742 natura
744 676 1063 751 generavit?
1094 668 1401 743 praesertim
1438 683 1559 723 cum
1604 666 1655 721 id
1700 666 1841 733 quod
1887 664 1991 718 Do-

407 754 617 835 ininicte
656 770 922 828 nativitati
966 765 1199 822 maxime
1238 759 1528 827 convenit,
1572 756 1856 813 nobilioris
1897 754 1992 808 ad-

401 870 621 928 modum
653 866 734 922 rei
758 872 909 919 ortus
938 877 1005 915 ex
1036 857 1302 913 inferiore
1334 851 1704 924 processerit?
1738 850 1832 904 Dic
1861 848 1987 901 mihi

399 979 533 1031 ergo
580 957 853 1031 quomodo
895 969 961 1009 ex
1012 952 1098 1005 illa
1146 964 1301 1018 aqua:
1346 945 1693 1015 simplicitate
1740 943 1990 1013 egregius

400 1056 511 1109 vini
560 1062 615 1107 et
640 1046 974 1104 admirabilis
1026 1056 1189 1111 sapor
1236 1048 1396 1094 natus
1445 1038 1557 1092 sit?
1603 1034 1876 1105 quomodo
1920 1033 1991 1087 sit

400 1145 546 1200 aliud
570 1142 847 1202 haustum,
871 1133 1015 1190 aliud
1042 1131 1313 1188 infusum?
1340 1127 1608 1198 Numquid
1639 1128 1874 1182 cisterna
1900 1125 1988 1180 illa

402 1237 484 1289 vel
534 1241 724 1302 puteus
769 1228 908 1282 hanc
952 1236 1195 1277 naturam
1242 1219 1464 1287 habuit,
1509 1227 1567 1273 ut
1609 1232 1776 1288 aquas
1818 1231 1886 1271 ex
1930 1230 1990 1270 se

399 1336 649 1399 sumptas
686 1325 738 1379 in
779 1321 981 1399 optima
1013 1317 1133 1373 vina
1164 1315 1437 1372 mutaret?
1470 1318 1575 1367 Aut
1607 1310 1865 1381 numquid
1898 1325 1993 1363 va-

400 1435 583 1477 sorum
613 1417 665 1473 id
697 1402 930 1486 qualitas
950 1453 965 1477 ,
985 1421 1095 1466 aut
1124 1407 1499 1463 ministrorum
1530 1405 1640 1474 egit
1682 1402 1991 1457 industria?

402 1513 539 1568 nihil
573 1511 755 1579 utique
785 1507 1000 1560 horum.
1034 1502 1101 1555 Et
1129 1498 1401 1571 quomodo
1442 1495 1571 1551 iacti
1611 1496 1748 1550 ratio
1788 1494 1990 1562 cegita-

407 1605 550 1659 tione
578 1599 760 1656 cordis
790 1611 895 1652 non
924 1588 1425 1662 comprehenditur,
1466 1594 1585 1642 cum
1633 1585 1759 1640 facti
1808 1596 1985 1639 tamen

400 1696 600 1752 veritas
627 1689 979 1749 conscientize
1002 1685 1263 1741 firmitate
1288 1679 1577 1737 servetur?
1598 1686 1625 1716 ⁸
1644 1676 1801 1733 Caeco
1827 1691 1990 1746 super

403 1788 591 1841 oculos
623 1785 678 1838 in
712 1779 1011 1850 Evangelio
1037 1773 1257 1851 (Joanu.
1282 1773 1366 1845 ιιι)
1396 1772 1567 1827 lutum
1601 1769 1833 1839 positum
1862 1778 1985 1833 est,

1736 371 2017 429 JOANNIS
2056 366 2364 426 CASSIANI

546 511 729 561 vinum
756 504 821 557 de
846 498 1001 569 aquis
1030 492 1261 564 legimus
1292 490 1311 560 (
1337 487 1531 543 Joann.
1559 501 1601 541 tt
1632 487 1670 556 ).
1716 485 1811 539 Dic
1851 483 1984 538 mihi
2012 488 2061 546 Α
2090 491 2208 536 tens
2262 482 2402 535 Deus
2457 488 2614 533 natus
2663 488 2783 542 est,
2825 477 2961 532 dicis
2991 494 3003 529 :
3040 476 3404 532 iiomoousios
3450 478 3687 548 parienti

3579 296 3687 422 sin

2093 573 2253 629 debet
2281 586 2404 628 esse
2424 571 2675 626 nativitas
2706 588 2718 623 :
2744 570 2900 640 quasi
2931 584 3063 625 vero
3092 585 3215 625 cum
3235 569 3481 638 quolibet
3506 570 3686 627 homi-

2095 681 2219 717 num
2244 663 2492 717 humanis
2516 663 2727 733 legihus
2750 676 2902 731 agas,
2924 663 3007 716 cui
3028 661 3512 730 impossibilitatem
3530 677 3684 716 suam

2092 755 2340 825 objicias,
2383 770 2544 825 quem
2579 766 2792 808 terrena
2832 752 3143 807 infirmitate
3181 752 3492 808 concludas.
3522 752 3687 808 Com-

2092 863 2308 901 munem
2356 846 2597 901 omnium
2641 846 2779 901 dicis
2816 846 3186 901 conditionem
3226 859 3349 900 esse
3389 845 3681 911 nascendi,

2091 940 2337 995 eamdem
2363 940 2538 1009 legem
2566 953 2688 995 esse
2711 938 3043 1009 generandi;
3068 953 3173 994 non
3200 938 3442 1009 potuisse
3466 941 3687 1010 penitus.

2092 1029 2144 1084 in
2180 1030 2534 1086 universitate
2578 1034 2796 1099 generis
2847 1030 3066 1085 humani
3107 1031 3196 1085 uni
3236 1040 3447 1085 tantum
3480 1032 3687 1087 homin-

2090 1124 2431 1194 contingere,
2465 1124 2607 1194 quod
2642 1125 2875 1178 vetuerit
2908 1124 3049 1177 Deus
3078 1121 3337 1178 omnibus
3370 1126 3652 1192 provenire

2090 1217 2208 1273 Non
2238 1218 2500 1285 intelligis
2524 1216 2593 1272 de
2618 1226 2727 1286 quo
2754 1216 2928 1281 dicas,
2953 1231 3057 1269 non
3089 1215 3239 1269 vides
3261 1217 3329 1269 de
3360 1231 3464 1282 quo
3495 1215 3647 1284 loqus

2090 1314 2165 1364 ris
2190 1326 2206 1365 ε
2236 1310 2361 1380 quia
2379 1299 2571 1363 auctor
2594 1309 2781 1378 utique
2805 1308 3048 1363 omnium
3076 1308 3442 1362 conditionum
3470 1319 3524 1363 et
3551 1323 3613 1361 Cb
3640 1342 3657 1362 .-

2089 1411 2296 1457 ctarum
2330 1403 2417 1457 lex
2444 1410 2758 1457 naturarum
2788 1410 2891 1466 est,
2918 1416 3016 1471 per
3039 1416 3197 1470 quem
3223 1410 3324 1467 est,
3344 1409 3401 1454 et
3424 1401 3548 1471 quia
3570 1401 3682 1470 ,uid

2092 1493 2256 1548 homo
2281 1503 2480 1564 potest,
2497 1503 2548 1548 et
2574 1493 2831 1563 quidquid
2851 1507 2954 1546 nan
2976 1502 3180 1561 potest;
3201 1494 3322 1563 quia
3349 1472 3683 1556 ipseutrius-

2090 1600 2196 1653 que
2229 1585 2308 1640 rei
2339 1584 2556 1653 penitus
2593 1584 2809 1640 modum
2845 1584 3059 1651 statuit,
3103 1593 3159 1638 et
3200 1599 3481 1653 usquequo
3526 1600 3681 1640 acce-

2089 1675 2217 1732 dere
2264 1676 2525 1743 facultas,
2571 1685 2627 1730 et
2668 1690 2779 1746 quo
2818 1674 3049 1730 ulterius
3099 1692 3202 1729 non
3258 1676 3682 1745 progrederetur

2091 1764 2398 1820 infirmitas.
2428 1765 2599 1832 Quam
2640 1765 2831 1819 insane
2860 1778 2992 1834 ergo
3021 1773 3075 1817 tu
3105 1764 3152 1817 ei
3187 1764 3675 1834 impossiliilitatent

389 1889 452 1934 et
484 1872 839 1932 ocnliabluto
872 1871 980 1924 nati
1026 1876 1177 1924 sunt.
1218 1864 1488 1934 Numquid
1526 1870 1622 1917 aut
1663 1875 1802 1932 aqua
1846 1860 1986 1914 hanc
2017 1862 2065 1922 B
2093 1855 2377 1911 humanam
2405 1857 2621 1927 objicis,
2667 1857 2752 1910 cui
2789 1855 3117 1926 possibilitas
3165 1854 3279 1925 ipsa
3327 1856 3589 1912 debetur?
3616 1859 3677 1914 Si

390 1976 645 2025 'naturam
672 1962 858 2018 habuit
876 1970 931 2015 ut
953 1959 1142 2014 oculos
1164 1956 1409 2027 pareret?
1426 1964 1520 2009 aut
1540 1953 1708 2009 lutum
1733 1963 1791 2007 ut
1811 1952 1986 2006 lucem

386 2057 649 2116 'crearetl
681 2054 813 2109 nihil
842 2052 1026 2122 utique
1070 2050 1295 2112 horum,
1343 2046 1642 2116 praesertim
1682 2058 1804 2098 cum
1848 2057 1987 2112 aqua

396 2166 544 2206 caeco
571 2147 700 2203 nihil
740 2143 1021 2209 conferat,
1057 2141 1230 2195 lutum
1271 2148 1451 2193 autem
1483 2136 1791 2191 videntibus
1821 2136 1985 2189 etiam

397 2245 592 2299 obesse
635 2239 821 2308 possit.
871 2234 939 2291 Et
982 2232 1256 2304 quomodo
1298 2246 1387 2285 res
1429 2229 1659 2284 nocendi
1703 2228 1807 2282 vim
1843 2228 1895 2281 iu
1928 2240 1988 2281 se

401 2337 609 2391 habens
637 2331 874 2387 olticium
908 2314 1135 2382 remedii
1165 2338 1229 2379 ac
1252 2322 1447 2379 salutis
1470 2318 1752 2385 exhibuit;
1784 2331 1835 2373 et
1866 2333 1988 2387 quas

398 2428 591 2482 obesse
642 2420 791 2478 sanis
841 2419 1013 2481 solet,
1065 2416 1220 2487 quasi
1271 2414 1522 2470 ministra
1569 2422 1699 2466 tunc
1743 2411 1991 2466 sanitatis

401 2517 546 2574 fuit?
580 2514 719 2569 Dicis
750 2513 932 2580 itaque
966 2507 1059 2562 Dei
1094 2506 1235 2561 hanc
1277 2504 1537 2559 tribuisse
1566 2503 1860 2567 virtutem,
1895 2500 1988 2554 Dei

389 2606 718 2678 praestitisse
745 2598 1066 2657 medicinam
1095 2615 1108 2651 :
1138 2605 1193 2651 et
1221 2594 1405 2649 omnia
1442 2594 1557 2646 haec
1585 2604 1706 2661 qua:
1750 2590 1990 2645 diximus

397 2694 847 2765 omnipotentiam
872 2690 1087 2760 penitus
1112 2684 1364 2742 en‘ecisse
1389 2685 1648 2749 divinam,
1676 2683 1767 2753 qui
1794 2692 1989 2752 potens

398 2793 470 2849 sit
499 2790 683 2860 utique
713 2794 766 2841 et
794 2801 860 2840 ex
893 2781 1131 2837 insolitis
1162 2793 1305 2834 nova
1334 2777 1574 2833 condere
1596 2814 1611 2840 ,
1652 2785 1710 2830 et
1745 2790 1815 2830 ex
1858 2789 1989 2829 con-

400 2884 579 2941 trariis
610 2877 847 2934 salubria
877 2874 1245 2937 constituere,
1286 2880 1340 2925 et
1378 2885 1440 2924 ea
1482 2882 1603 2938 quae
1638 2869 1691 2923 in
1736 2865 1990 2935 impossi.

395 2976 698 3033 bilitatibus
728 2982 890 3039 atque
935 2966 989 3021 in
1028 2964 1336 3021 eilicientiis
1376 2962 1477 3017 sita
1519 2961 1665 3027 sint,
1711 2959 1763 3013 in
1805 2973 1984 3012 rerum

396 3065 789 3139 possibilitates
821 3058 1157 3126 elIectusque
1189 3061 1423 3109 mutare.
1528 3106 1554 3119 ,

1008 3164 1372 3240 ςΑρυτιγ.

395 3272 563 3326 Deum
593 3276 726 3323 sicut
753 3272 804 3317 t‘n
831 3272 981 3316 rebus
1004 3272 1200 3315 etatem
1219 3298 1233 3323 ,
1266 3272 1337 3311 ua
1366 3273 1420 3310 ιη
1451 3272 1688 3321 tempora:

709 3333 1128 3403 amnipotentiam
1157 3344 1304 3381 suam
1334 3324 1688 3380 declarauisse.

466 3433 611 3487 Idem
643 3442 774 3498 ergo
807 3426 874 3479 de
903 3432 1026 3478 ortu
1056 3419 1230 3489 ipsius
1274 3417 1523 3481 Domini,
1549 3414 1691 3485 quod
1723 3415 1790 3468 de
1824 3415 1985 3469 rebus

393 3523 647 3583 omnibus
677 3519 962 3574 conilt‘ere.
999 3510 1182 3567 Crede
1231 3509 1399 3563 Deum
1430 3517 1645 3568 natum.
1688 3515 1745 3560 ut
1792 3505 1979 3572 voluit,

395 3631 556 3688 quem
606 3627 715 3667 non
758 3623 920 3677 negas
960 3602 1207 3675 potuisse
1242 3598 1385 3669 quod
1418 3596 1587 3652 voluit
1627 3612 1644 3650 :
1690 3596 1792 3651 nisi
1840 3595 1983 3652 forte

394 3687 671 3770 virtutem,
697 3717 820 3773 qua:
864 3699 913 3754 ei
955 3698 1024 3753 ad
1053 3693 1159 3749 alia
1187 3690 1369 3748 omnia
1416 3688 1613 3759 adfuit,
1644 3687 1711 3743 ad
1744 3687 1978 3758 seipsum

393 3802 630 3859 aestimas
654 3796 925 3863 defuisse;
951 3803 1008 3852 et
1036 3788 1139 3864 ipsi
1165 3791 1231 3846 ad
1250 3789 1595 3846 nativitatem
1627 3801 1779 3842 suam
1803 3786 1980 3839 omni-

397 3891 636 3964 potentia
681 3904 776 3946 sua
818 3888 1011 3951 defuit,
1038 3900 1157 3956 qua:
1196 3883 1266 3938 ab
1293 3894 1362 3938 eo
1393 3878 1691 3951 procedens
1733 3878 1979 3932 universa

395 3984 722 4055 penetravit.
753 3980 835 4041 Tu
874 3978 1008 4035 mihi
1039 3978 1092 4031 in
1143 3975 1422 4030 nativitate
1472 3971 1714 4038 Domini,
1746 3971 1976 4037 obiicis:

397 4080 566 4132 Nemo
592 4072 919 4129 anteriorem
949 4084 1010 4124 se
1035 4068 1203 4137 parit;
1232 4077 1285 4121 et
1306 4067 1363 4121 in
1391 4075 1571 4134 partu,
1600 4078 1710 4134 quo
1730 4064 1983 4131 omnipo-

2090 1965 2379 2021 personam
2408 1949 2620 2004 Domini
2649 1950 2881 2005 terrenis
2907 1948 3311 2002 infirmitatibus
3339 1950 3595 2015 a'stimes,
3624 1961 3679 2005 et

2090 2043 2539 2112 omnipotentiam
2580 2041 2673 2096 Dei
2705 2042 2953 2095 humanis
2984 2039 3283 2095 ratiOuibus
3310 2040 3572 2109 metiaris,
3598 2041 3676 2094 tti-

2090 2134 2164 2189 hil
2188 2136 2391 2204 utique,
2408 2133 2549 2204 quod
2572 2133 2865 2188 secundum
2888 2128 3180 2201 corporeas
3212 2130 3374 2201 ipsius
3400 2130 3678 2201 passiones

2094 2228 2204 2282 Deo
2235 2242 2530 2297 congruum
2554 2226 2825 2294 videatur,
2853 2226 3121 2281 invenies.
3144 2225 3198 2280 Si
3224 2226 3367 2279 enim
3388 2224 3681 2279 verisimile

2091 2322 2258 2375 videri
2291 2328 2485 2391 potest,
2521 2329 2577 2374 ut
2625 2318 2787 2374 Maria
2830 2318 3159 2373 anteriorem
3200 2333 3259 2372 se
3290 2318 3453 2372 Deum
3480 2333 3679 2385 parere

2090 2430 2196 2466 non
2222 2412 2482 2481 quiverit,
2515 2410 2786 2482 quomodo
2813 2409 3110 2465 verisimile
3153 2411 3251 2463 erit
3277 2447 3291 2469 ,
3325 2407 3467 2477 quod
3497 2407 3679 2460 cruci-

2092 2506 2233 2558 fixus
2264 2505 2332 2559 ab
2364 2503 2677 2558 hominibus
2711 2504 2848 2556 Deus
2880 2502 3077 2555 fuerit?
3104 2510 3156 2555 et
3185 2506 3366 2552 tamen
3412 2497 3553 2551 idem
3585 2498 3678 2565 qui

2089 2593 2388 2649 crucifixus
2412 2604 2516 2659 est,
2545 2594 2682 2647 Deus
2714 2592 2829 2661 ipse
2859 2589 3109 2660 praedixit
3141 2605 3157 2643 :
3189 2587 3217 2627 δ
3250 2588 3312 2642 Si
3340 2588 3505 2657 adiget
3529 2588 3679 2641 homo

2090 2688 2258 2741 Deum
2288 2704 2455 2750 suum,
2481 2687 2604 2756 quia
2628 2702 2714 2739 vos
2736 2685 2941 2756 aﬁigitis
2972 2699 3049 2737 me
3071 2682 3328 2753 (Malach.
3355 2680 3449 2734 In?
3476 2680 3535 2735 Si
3557 2681 3680 2735 ideo

2092 2788 2248 2833 natus
2274 2796 2339 2834 ex
2369 2778 2591 2848 Virgine
2622 2778 2885 2831 Dominus
2916 2791 3020 2828 non
3045 2773 3342 2842 potabitur,
3372 2773 3494 2842 quia
3526 2781 3683 2826 ante-

2089 2874 2202 2926 rior
2235 2870 2463 2941 parienti
2494 2870 2685 2937 fuerit,
2712 2869 2802 2937 qui
2846 2867 3174 2936 nascebatur
3198 2884 3212 2919 :
3241 2865 3513 2937 quomodo
3538 2866 3680 2919 Deus

2087 2966 2404 3035 sanguinem
2435 2963 2687 3018 habuisse
2710 2963 2989 3017 creditur?
3014 2972 3064 3015 et
3097 2970 3272 3014 tamen
3296 2959 3361 3013 ad
3392 2958 3679 3029 presbyte-

2088 3076 2183 3117 ros
2200 3060 2557 3131 Ephesiorum
2589 3057 2823 3112 dicitur:
2852 3055 3033 3126 [legite
3063 3052 3350 3107 Ecclesium
3380 3049 3499 3119 Dei,
3521 3068 3680 3123 quam

2087 3156 2353 3226 acquisivit
2375 3153 2623 3226 sanguine
2651 3168 2746 3205 suo
2766 3151 2907 3221 (Act.
2938 3150 3051 3218 xx).
3077 3140 3381 3210 Postremo,
3408 3144 3680 3213 quomodo

593 3276 726 3323 sicut
750 3260 804 3317 in
831 3262 981 3316 rebus
1004 3231 1233 3323 ceteris,
1266 3259 1337 3311 ita
1366 3256 1420 3310 in
1451 3254 1722 3321 temporali
1752 3262 1862 3306 om.
1891 3269 1983 3306 δυο
2011 3231 2057 3294 C
2082 3254 2276 3299 auctor
2300 3245 2423 3298 vitae
2469 3244 2709 3311 privatus
2756 3241 2864 3294 vita
2914 3236 3349 3294 existimabiturl
3396 3235 3464 3291 Et
3498 3244 3677 3289 tamen

2088 3335 2315 3402 Petrus,
2347 3334 2636 3395 Auctorem,
2673 3332 2881 3400 inquit,
2924 3330 3041 3384 vitm
3086 3327 3419 3398 interlecistis
3463 3325 3675 3399 (Actor.

2086 3440 2141 3479 Ill
2161 3426 2204 3497 ).
2233 3423 2406 3478 Nemo
2437 3424 2488 3477 in
2521 3421 2681 3477 terris
2711 3423 2880 3491 situs,
2931 3420 2986 3475 in
3029 3420 3181 3474 caelis
3218 3433 3341 3474 esse
3368 3425 3544 3488 potest
3574 3434 3588 3469 :
3624 3425 3682 3471 et

2085 3515 2360 3586 quomodo
2393 3514 2656 3569 Dominus
2697 3515 2814 3581 ipse
2840 3512 2995 3578 dicit,
3027 3502 3202 3565 Filius
3232 3510 3456 3564 hominis
3481 3508 3572 3580 qui
3602 3516 3683 3561 ω

2083 3607 2136 3659 in
2170 3604 2651 3679 εωιο(.1οαη.ιιι)ἳ
2673 3604 2732 3661 Si
2755 3604 2992 3673 denique
3012 3602 3137 3656 ideo
3166 3612 3351 3655 natum
3377 3615 3441 3655 ex
3462 3598 3682 3669 Virgine

2089 3696 2259 3752 Deum
2305 3711 2411 3753 non
2463 3707 2641 3766 putas,
2682 3700 2807 3766 quia
2856 3692 3207 3749 homoousios
3239 3690 3468 3762 parienti
3514 3692 3682 3746 debet

2087 3804 2207 3845 esse
2237 3789 2489 3861 nativitas
2521 3806 2536 3843 :
2579 3789 2854 3859 quomodo
2883 3804 2972 3844 res
2993 3786 3284 3841 dissimiles
3311 3800 3377 3840 ex
3398 3784 3683 3839 dissimili-

2089 3881 2191 3937 bus
2224 3882 2528 3937 crediturus
2556 3897 2615 3936 es
2647 3879 2959 3937 substitisse
2989 3879 3231 3934 naturis?
3263 3878 3404 3948 Ergo
3454 3877 3594 3946 apud
3627 3888 3682 3931 te

2088 3988 2189 4029 nec
2214 3973 2525 4030 coturnices
2564 3973 2740 4030 subito
2771 3983 2965 4027 ventus
2995 3972 3191 4035 intulit,
3238 3985 3337 4027 nec
3363 3983 3555 4025 manna
3583 3970 3683 4026 de-

2089 4068 2245 4135 cidit,
2278 4085 2377 4126 nec
2408 4068 2591 4131 vinum
2634 4082 2700 4125 ex
2732 4082 2871 4138 aqua
2915 4066 3139 4137 prodiit,
3186 4079 3289 4121 nec
3312 4063 3479 4121 multa
3510 4062 3678 4118 millia

1462 4175 1648 4231 ALAB
1658 4173 1721 4229 οι
1759 4172 1992 4230 GAZ/El
2029 4175 2409 4235 COMMENTA
2422 4180 2600 4237 RIUS.

648 4280 919 4339 Vmomqne
938 4278 1071 4338 jussu
1091 4271 1298 4339 fundere

646 4335 852 4391 Mutatit
883 4335 1011 4387 unda
1036 4335 1299 4397 originem.

398 4428 505 4484 Nec
530 4423 946 4498 possum_eliattt_
962 4420 1236 4488 elegantes
1260 4415 1363 4471 bac
1389 4414 1456 4470 de
1481 4429 1539 4469 re
1567 4410 1775 4470 Sedulii
1791 4427 1980 4467 versus

396 4493 673 4570 prmterire
704 4494 899 4566 (Carm.
928 4493 968 4547 ι.
1000 4499 1120 4558 tu):

460 4593 619 4642 Prima
641 4600 743 4638 sua:
766 4584 1004 4634 Dominus
1031 4580 1256 4643 thalamis
1274 4579 1502 4643 dignatus
1524 4580 1701 4627 adesse

454 4653 660 4703 Virtutis
681 4650 971 4714 documenta
992 4642 1150 4714 dedit,
1171 4642 1472 4714 convivaque
1492 4651 1711 4714 praesens

458 4701 692 4770 i’ascere,
718 4723 811 4759 non
832 4707 957 4771 pasci
978 4705 1185 4754 veniens
1200 4701 1502 4813 (Smirabile),
1518 4701 1649 4749 lusas

460 4777 511 4813 In
539 4776 703 4813 winnm
720 4768 964 4813 convertit
989 4779 1140 4813 aquas
1164 4778 1176 4813 :
1233 4765 1448 4813 imittere
1471 4763 1649 4813 gaudet

458 4763 512 4826 in
539 4763 703 4824 vinum
720 4763 964 4820 convertit
989 4779 1140 4830 aquas
1164 4778 1189 4830 :_
1200 4763 1448 4813 dimittere
1471 4763 1686 4824 gaudent

455 4825 698 4887 Pallorem
722 4833 893 4882 latices
918 4844 930 4879 :
956 4825 1156 4878 mutavit
1176 4825 1293 4876 lusa
1314 4838 1539 4888 saporem

460 4898 596 4951 Unda
620 4908 777 4950 suum.
802 4894 976 4953 largita
997 4902 1207 4950 merum,
1229 4899 1520 4953 mensasque
1542 4895 1632 4948 pur
1654 4896 1827 4933 omnes

455 4948 629 5013 Dulcia
651 4972 744 5008 non
768 4948 1169 5003 nato'rnbuerunt
1194 4948 1363 5011 pocula
1387 4955 1564 5013 musto.

456 5009 692 5085 implevit,
705 5032 793 5068 sex
822 5027 944 5085 ergo
968 5013 1101 5085 lacus
1122 5009 1214 5085 hoc
1239 5016 1439 5085 nectare
1468 5009 1722 5085 (lin-istm;

352 5130 364 5138 .
458 5070 918 5158 tjuippejeraanul
946 5076 1197 5147 vilisoet‘at,
1208 5073 1414 5158 “virtute
1438 5070 1606 5158 coana

459 5131 640 5197 Oiiiliia'
654 5131 964 5198 fructificans,
989 5137 1126 5198 cuius
1146 5134 1240 5184 sub
1261 5133 1483 5198 tegmine
1501 5131 1676 5181 blando

461 5190 884 5258 illitisvittocciduas
907 5190 978 5259 (id
997 5190 1084 5255 esi,
1108 5190 1431 5259 immortales,
1449 5200 1530 5259 aut
1552 5190 1824 5259 perpetuas)
1851 5203 1976 5239 enu-

1413 5255 1519 5317 [ιι-ιι
1543 5256 1793 5316 ιηιιιρὶῐιυδ
1809 5264 1944 5301 uvas.

468 5359 495 5387 δ
537 5350 784 5417 Plerique
831 5345 1156 5411 interpretes
1204 5338 1513 5393 existimant
1554 5337 1683 5417 ideo
1704 5336 1897 5417 _lutum
1946 5350 1977 5389 a

400 5425 619 5477 Christo
650 5414 885 5492 positum
922 5438 1085 5492 super
1124 5421 1314 5474 oculos
1362 5418 1488 5492 caci
1523 5417 1633 5492 nati
1666 5414 1980 5492 (Joan._tx),

402 5511 511 5555 quo
536 5484 704 5553 nauis
728 5484 1009 5561 apparerei
1028 5490 1109 5546 vis
1131 5498 1187 5543 et
1209 5486 1526 5561 magnitudo
1550 5484 1817 5561 miraculi.
1841 5485 1980 5561 lite-1

401 5551 511 5619 nim
536 5563 580 5616 si
613 5551 716 5615 alia
741 5551 996 5617 r'c'minus
1010 5551 1440 5616 visuicontiaria
1472 5551 1982 5622 curavisset,videri

386 5634 673 5700 potuisset
707 5647 815 5685 non
872 5633 1079 5692 divina.
1112 5632 1207 5687 sed
1237 5628 1481 5700 naturali
1506 5628 1879 5700 aliquagatque
1902 5640 1981 5700 se-

403 5696 548 5755 é—reta
615 5702 998 5756 medicamenti
1032 5705 1235 5769 virtute
1299 5698 1576 5755 curavisse
1631 5698 1895 5769 (Molliunt.
1930 5696 1983 5745 in

403 5774 743 5836 f.'ant;rent.).
770 5770 902 5825 Cum
921 5780 1099 5825 autem
1126 5767 1237 5825 loto
1262 5769 1551 5829 curavi-rit,
1582 5786 1689 5831 quo
1714 5767 1846 5819 nihil
1873 5781 1982 5816 nta-

2084 4270 2179 4325 luti
2207 4274 2424 4339 virtute,
2456 4274 2550 4330 sed
2582 4274 2759 4329 divina
2800 4270 3000 4329 Christi
3033 4270 3292 4339 potentia,
3332 4268 3674 4339 curationem

2083 4341 2252 4399 fuisse
2290 4338 2506 4400 factam.
2537 4346 2684 4400 Solet
2718 4346 2858 4400 Deus
2890 4342 2990 4398 hac
3027 4338 3095 4397 de
3132 4356 3295 4396 causa
3326 4341 3392 4394 ad
3427 4338 3675 4394 facienda

2085 4416 2363 4482 miracula,
2416 4417 2578 4471 rebus
2626 4415 2700 4469 uti
2756 4415 2987 4469 maxime
3026 4410 3343 4482 contrariis.
3377 4409 3521 4464 Nihil
3560 4422 3669 4482 est,

2082 4488 2226 4554 quod
2252 4480 2421 4555 aquas
2458 4487 2630 4555 magis
2658 4500 2870 4539 amaras
2899 4493 3060 4551 atque
3094 4481 3433 4555 inmutabiles
3458 4480 3679 4555 reddat

2082 4549 2242 4624 quam
2290 4549 2411 4612 sal:
2455 4549 2579 4625 quis
2607 4557 2750 4611 enim
2803 4549 3037 4609 marinas
3086 4553 3231 4607 hibat
3275 4549 3676 4625 aquaslAtqui

2084 4621 2315 4683 Elisasus
2364 4621 2607 4683 imttiisso
2654 4629 2705 4681 in
2758 4641 2969 4679 amaras
3015 4639 3183 4691 aqtzas
3227 4623 3361 4687 sale,
3393 4621 3578 4676 dulces
3605 4636 3678 4677 ac

2003 4714 2056 4773 Ῑ)
2081 4699 2612 4773 ροιειὺιιεεξτεῴιὶἀιι
2634 4692 2728 4773 (ιγ
2760 4696 2889 4765 Reg.
2915 4700 2995 4762 tt).
3027 4694 3167 4773 Quid
3203 4705 3307 4746 tam
3333 4692 3673 4773 contrarium

2083 4761 2423 4825 extrahendo
2444 4770 2512 4823 de
2534 4761 2687 4834 aquis
2700 4761 2869 4830 ferto,
2892 4761 3050 4835 quam
3070 4765 3301 4833 lignum;
3325 4761 3466 4830 quod
3492 4764 3672 4835 ipsum

2083 4855 2143 4894 re
2172 4841 2275 4895 alia
2304 4832 2637 4903 extrahatur,
2689 4832 3056 4892 tteeesseest?
3091 4832 3317 4888 Elisa-ns
3344 4842 3545 4903 tamen.
3578 4832 3671 4885 in-

2078 4909 2224 4977 jecto
2255 4910 2309 4965 in
2334 4910 2557 4979 fluvium
2588 4902 2753 4979 ligno,
2786 4906 2932 4971 fecit,
2965 4906 3236 4979 utierrum
3263 4902 3671 4979 seenriqunod

2083 4972 2135 5033 in
2169 4980 2366 5035 flumen
2414 4972 2714 5040 ceciderat.
2742 4986 2987 5032 enataret
3024 4974 3123 5046 (IV
3169 4974 3291 5044 Reg.
3317 4975 3439 5046 Δγι).
3478 4972 3569 5046 Sic
3598 4972 3670 5026 II.

2084 5051 2441 5123 Hieronymus
2470 5050 2523 5106 in
2567 5064 2687 5123 cap.
2720 5063 2920 5123 xxxviii
2963 5040 3136 5123 Isaiae,
3164 5040 3270 5123 ‘ub'i
3296 5043 3494 5123 dicitur
3525 5040 3670 5095 Eze-

2084 5124 2233 5175 chias
2251 5111 2479 5191 iussisse
2499 5120 2610 5175 suis
2627 5111 2900 5191 ulceribus
2922 5115 3183 5191 applicari
3203 5129 3434 5191 massam
3464 5111 3669 5166 ficuunt

2083 5194 2167 5247 vel
2199 5184 2420 5247 ficorum
2448 5207 2461 5246 :
2508 5192 2697 5250 Aiunt.
2728 5189 2928 5258 inquit,
2958 5184 3183 5258 'Ilebraei
3235 5184 3438 5238 uerbum
3475 5196 3669 5258 sum,

2082 5262 2217 5325 quod
2250 5264 2616 5327 praetermittere
2638 5253 3002 5332 Septuaginta,
3026 5257 3168 5309 ulcus
3190 5269 3394 5332 agitare.
3425 5253 3675 5332 nougunl-

2082 5323 2199 5387 nus.
2229 5323 2367 5386 Nam
2402 5341 2453 5388 et
2475 5333 2681 5403 Aquila,
2713 5323 3057 5403 'Syntinadtus
3078 5366 3093 5389 ,
3123 5336 3168 5379 et
3201 5323 3497 5403 Theodoti-9.
3522 5328 3672 5401 ἥλιος

2080 5405 2403 5473 interpretati
2424 5394 2563 5466 siml,
2591 5394 2679 5472 per
2696 5394 2835 5470 qu'od
2866 5398 3098 5473 morbum
3120 5396 3313 5463 regium
3336 5394 3546 5473 intelligi
3575 5408 3673 5473 om:

2080 5464 2232 5529 lunt}
2260 5475 2341 5527 cui
2367 5464 2633 5543 contraria
2673 5464 3056 5542 putanturmel
3099 5466 3390 5543 sumptuum
3414 5464 3546 5517 cibo.
3576 5466 3672 5543 tet

2076 5545 2313 5615 apposita
2340 5534 2567 5613 corpori,
2588 5530 2923 5611 quacumque
2942 5530 3067 5594 sunt
3084 5530 3278 5615 dulcia.
3303 5532 3460 5615 lirgo,
3486 5543 3538 5585 ιιι
3569 5530 3686 5585 ιιιιίε

2073 5607 2300 5685 polentia
2346 5607 2857 5685 ntoitstrarctur,_per
2885 5625 2966 5665 res
2995 5608 3177 5662 noxias
3203 5616 3250 5662 et
3277 5607 3539 5674 aduersas,
3573 5620 3669 5657 suo

2078 5680 2211 5753 nitas
2238 5686 2477 5740 restituta
2502 5694 2598 5753 est.
2624 5680 2706 5738 vita
2740 5682 3121 5753 Hieronymus.

2147 5752 2175 5793 δ
2203 5756 2532 5812 Sententiant
2558 5752 2693 5809 hanc
2722 5752 2844 5809 vide
2864 5741 3112 5822 superius
3143 5746 3280 5824 (Lib.
3313 5761 3375 5817 ιι,
3399 5762 3445 5800 c.
3471 5741 3540 5816 ὃ)
3566 5759 3671 5800 ex-

401 5825 1335 5923 igist'ontra'riuntoculisysgcredi
1374 5858 1477 5894 non
1520 5825 1728 5908 poterat
1754 5836 1983 5891 natutali
2069 5825 2344 5895 tilitatem.
