  <div class='ocr_page' id='page_1' title='image "/cluster/home/n/w/nwhite01/storage/ocr_20150623/50/hvd.32044096580717/124.png"; bbox 0 0 4016 6192; ppageno 0'>
   <div class='ocr_carea' id='block_1_1' title="bbox 300 302 397 360">
    <p class='ocr_par' dir='ltr' id='par_1_1' title="bbox 300 302 397 360">
     <span class='ocr_line' id='line_1_1' title="bbox 300 302 397 360; baseline -0.031 0"><span class='ocrx_word' id='word_1_1' title='bbox 300 302 397 360; x_wconf 68' lang='grc' dir='ltr'>1ιό</span> 
     </span>
    </p>
   </div>
   <div class='ocr_carea' id='block_1_2' title="bbox 1287 309 2561 403">
    <p class='ocr_par' dir='ltr' id='par_1_2' title="bbox 1287 309 2561 403">
     <span class='ocr_line' id='line_1_2' title="bbox 1287 309 2561 403; baseline -0.007 -35"><span class='ocrx_word' id='word_1_2' title='bbox 1287 313 1373 369; x_wconf 89' lang='lat' dir='ltr'><strong>DE</strong></span> <span class='ocrx_word' id='word_1_3' title='bbox 1412 311 1925 403; x_wconf 45' lang='lat' dir='ltr'><strong>INCARNAyUNE</strong></span> <span class='ocrx_word' id='word_1_4' title='bbox 1965 310 2234 368; x_wconf 77' lang='lat' dir='ltr'><strong>CHRISTI</strong></span> <span class='ocrx_word' id='word_1_5' title='bbox 2278 311 2407 365; x_wconf 81' lang='lat' dir='ltr'><strong>LIB.</strong></span> <span class='ocrx_word' id='word_1_6' title='bbox 2455 309 2561 368; x_wconf 63' lang='lat' dir='ltr'><strong>HT.</strong></span> 
     </span>
    </p>
   </div>
   <div class='ocr_carea' id='block_1_3' title="bbox 3467 306 3577 363">
    <p class='ocr_par' dir='ltr' id='par_1_3' title="bbox 3467 306 3577 363">
     <span class='ocr_line' id='line_1_3' title="bbox 3467 306 3577 363; baseline 0.027 -3"><span class='ocrx_word' id='word_1_7' title='bbox 3467 306 3577 363; x_wconf 72' lang='lat' dir='ltr'><strong>2H</strong></span> 
     </span>
    </p>
   </div>
   <div class='ocr_carea' id='block_1_4' title="bbox 294 418 3572 492">
    <p class='ocr_par' dir='ltr' id='par_1_4' title="bbox 294 418 3572 492">
     <span class='ocr_line' id='line_1_4' title="bbox 294 418 3572 492; baseline -0.001 -14"><span class='ocrx_word' id='word_1_8' title='bbox 294 422 418 479; x_wconf 79' lang='lat' dir='ltr'><strong>dam</strong></span> <span class='ocrx_word' id='word_1_9' title='bbox 456 422 709 492; x_wconf 74' lang='lat' dir='ltr'><strong>pestifero</strong></span> <span class='ocrx_word' id='word_1_10' title='bbox 733 418 971 477; x_wconf 81' lang='lat' dir='ltr'><strong>tractatu</strong></span> <span class='ocrx_word' id='word_1_11' title='bbox 1002 428 1124 488; x_wconf 86' lang='lat' dir='ltr'><strong>luo,</strong></span> <span class='ocrx_word' id='word_1_12' title='bbox 1182 420 1405 475; x_wconf 78' lang='lat' dir='ltr'><strong>dicens:</strong></span> <span class='ocrx_word' id='word_1_13' title='bbox 1448 421 1711 487; x_wconf 85' lang='lat' dir='ltr'><strong>Quoniam</strong></span> <span class='ocrx_word' id='word_1_14' title='bbox 1741 422 1875 475; x_wconf 78' lang='lat' dir='ltr'><strong>divi-</strong></span> <span class='ocrx_word' id='word_1_15' title='bbox 1908 421 1956 481; x_wconf 79' lang='grc' dir='ltr'><strong>Δ</strong></span> <span class='ocrx_word' id='word_1_16' title='bbox 1985 420 2258 489; x_wconf 85' lang='lat' dir='ltr'><strong>ptionem,</strong></span> <span class='ocrx_word' id='word_1_17' title='bbox 2292 432 2465 490; x_wconf 78' lang='lat' dir='ltr'><strong>pietas</strong></span> <span class='ocrx_word' id='word_1_18' title='bbox 2490 420 2665 474; x_wconf 85' lang='lat' dir='ltr'><strong>divina</strong></span> <span class='ocrx_word' id='word_1_19' title='bbox 2702 419 2969 490; x_wconf 87' lang='lat' dir='ltr'><strong>repararit</strong></span> <span class='ocrx_word' id='word_1_20' title='bbox 3005 438 3017 472; x_wconf 88' lang='lat'><strong>:</strong></span> <span class='ocrx_word' id='word_1_21' title='bbox 3051 418 3372 489; x_wconf 79' lang='lat' dir='ltr'><strong>Corruptam</strong></span> <span class='ocrx_word' id='word_1_22' title='bbox 3406 421 3572 484; x_wconf 82' lang='lat' dir='ltr'><strong>enim.</strong></span> 
     </span>
    </p>
   </div>
   <div class='ocr_carea' id='block_1_5' title="bbox 292 512 1884 584">
    <p class='ocr_par' dir='ltr' id='par_1_5' title="bbox 292 512 1884 584">
     <span class='ocr_line' id='line_1_5' title="bbox 292 512 1884 584; baseline -0.002 -13"><span class='ocrx_word' id='word_1_23' title='bbox 292 534 372 571; x_wconf 65' lang='lat' dir='ltr'><strong>tta!</strong></span> <span class='ocrx_word' id='word_1_24' title='bbox 399 524 606 571; x_wconf 74' lang='lat' dir='ltr'><strong>natura:</strong></span> <span class='ocrx_word' id='word_1_25' title='bbox 627 516 807 584; x_wconf 87' lang='lat' dir='ltr'><strong>imago</strong></span> <span class='ocrx_word' id='word_1_26' title='bbox 832 526 919 571; x_wconf 85' lang='lat' dir='ltr'><strong>est</strong></span> <span class='ocrx_word' id='word_1_27' title='bbox 945 514 1128 580; x_wconf 84' lang='lat' dir='ltr'><strong>homo,</strong></span> <span class='ocrx_word' id='word_1_28' title='bbox 1156 513 1298 569; x_wconf 89' lang='lat' dir='ltr'><strong>hanc</strong></span> <span class='ocrx_word' id='word_1_29' title='bbox 1312 524 1487 568; x_wconf 84' lang='lat' dir='ltr'><strong>autem</strong></span> <span class='ocrx_word' id='word_1_30' title='bbox 1517 512 1742 583; x_wconf 74' lang='lat' dir='ltr'><strong>projecit</strong></span> <span class='ocrx_word' id='word_1_31' title='bbox 1769 512 1884 568; x_wconf 84' lang='lat' dir='ltr'><strong>dia-</strong></span> 
     </span>
    </p>
   </div>
   <div class='ocr_carea' id='block_1_6' title="bbox 290 604 1882 676">
    <p class='ocr_par' dir='ltr' id='par_1_6' title="bbox 290 604 1882 676">
     <span class='ocr_line' id='line_1_6' title="bbox 290 604 1882 676; baseline -0.003 -15"><span class='ocrx_word' id='word_1_32' title='bbox 290 607 444 661; x_wconf 82' lang='lat' dir='ltr'><strong>hnlas</strong></span> <span class='ocrx_word' id='word_1_33' title='bbox 474 607 523 660; x_wconf 90' lang='lat' dir='ltr'><strong>in</strong></span> <span class='ocrx_word' id='word_1_34' title='bbox 542 607 977 676; x_wconf 73' lang='lat' dir='ltr'><strong>corruptionem,</strong></span> <span class='ocrx_word' id='word_1_35' title='bbox 1010 604 1179 660; x_wconf 78' lang='lat' dir='ltr'><strong>doluit</strong></span> <span class='ocrx_word' id='word_1_36' title='bbox 1213 605 1351 660; x_wconf 68' lang='lat' dir='ltr'><strong>sicut</strong></span> <span class='ocrx_word' id='word_1_37' title='bbox 1385 620 1480 674; x_wconf 87' lang='lat' dir='ltr'><strong>pro</strong></span> <span class='ocrx_word' id='word_1_38' title='bbox 1525 605 1756 674; x_wconf 77' lang='lat' dir='ltr'><strong>imagine</strong></span> <span class='ocrx_word' id='word_1_39' title='bbox 1786 620 1882 658; x_wconf 88' lang='lat' dir='ltr'><strong>sua</strong></span> 
     </span>
    </p>
   </div>
   <div class='ocr_carea' id='block_1_7' title="bbox 286 696 1880 766">
    <p class='ocr_par' dir='ltr' id='par_1_7' title="bbox 286 696 1880 766">
     <span class='ocr_line' id='line_1_7' title="bbox 286 696 1880 766; baseline -0.001 -15"><span class='ocrx_word' id='word_1_40' title='bbox 286 698 449 758; x_wconf 79' lang='lat' dir='ltr'><strong>Deos.</strong></span> <span class='ocrx_word' id='word_1_41' title='bbox 479 698 616 751; x_wconf 83' lang='lat' dir='ltr'><strong>sicut</strong></span> <span class='ocrx_word' id='word_1_42' title='bbox 648 712 749 766; x_wconf 91' lang='lat' dir='ltr'><strong>pro</strong></span> <span class='ocrx_word' id='word_1_43' title='bbox 776 706 952 751; x_wconf 85' lang='lat' dir='ltr'><strong>statua</strong></span> <span class='ocrx_word' id='word_1_44' title='bbox 978 712 1071 751; x_wconf 87' lang='lat' dir='ltr'><strong>sua</strong></span> <span class='ocrx_word' id='word_1_45' title='bbox 1096 696 1413 766; x_wconf 92' lang='lat' dir='ltr'><strong>imperator,</strong></span> <span class='ocrx_word' id='word_1_46' title='bbox 1467 706 1521 750; x_wconf 89' lang='lat' dir='ltr'><strong>et</strong></span> <span class='ocrx_word' id='word_1_47' title='bbox 1568 708 1880 766; x_wconf 86' lang='lat' dir='ltr'><strong>corruptam</strong></span> 
     </span>
    </p>
   </div>
   <div class='ocr_carea' id='block_1_8' title="bbox 286 787 1885 858">
    <p class='ocr_par' dir='ltr' id='par_1_8' title="bbox 286 787 1885 858">
     <span class='ocr_line' id='line_1_8' title="bbox 286 787 1885 858; baseline -0.001 -16"><span class='ocrx_word' id='word_1_48' title='bbox 286 798 501 857; x_wconf 78' lang='lat' dir='ltr'><strong>reparat</strong></span> <span class='ocrx_word' id='word_1_49' title='bbox 521 788 810 858; x_wconf 70' lang='lat' dir='ltr'><strong>imaginem</strong></span> <span class='ocrx_word' id='word_1_50' title='bbox 836 803 853 853; x_wconf 89' lang='lat'><strong>;</strong></span> <span class='ocrx_word' id='word_1_51' title='bbox 886 797 941 841; x_wconf 88' lang='lat' dir='ltr'><strong>et</strong></span> <span class='ocrx_word' id='word_1_52' title='bbox 963 788 1077 842; x_wconf 64' lang='lat' dir='ltr'><strong>sine</strong></span> <span class='ocrx_word' id='word_1_53' title='bbox 1102 790 1308 843; x_wconf 81' lang='lat' dir='ltr'><strong>semine</strong></span> <span class='ocrx_word' id='word_1_54' title='bbox 1332 788 1581 842; x_wconf 82' lang='lat' dir='ltr'><strong>formavit</strong></span> <span class='ocrx_word' id='word_1_55' title='bbox 1612 788 1678 842; x_wconf 90' lang='lat' dir='ltr'><strong>de</strong></span> <span class='ocrx_word' id='word_1_56' title='bbox 1712 787 1885 856; x_wconf 79' lang='lat' dir='ltr'><strong>Virgi-</strong></span> 
     </span>
    </p>
   </div>
   <div class='ocr_carea' id='block_1_9' title="bbox 283 880 1882 949">
    <p class='ocr_par' dir='ltr' id='par_1_9' title="bbox 283 880 1882 949">
     <span class='ocr_line' id='line_1_9' title="bbox 283 880 1882 949; baseline 0 -15"><span class='ocrx_word' id='word_1_57' title='bbox 283 896 348 934; x_wconf 76' lang='lat' dir='ltr'><strong>ne</strong></span> <span class='ocrx_word' id='word_1_58' title='bbox 374 888 651 944; x_wconf 82' lang='lat' dir='ltr'><strong>naturam,</strong></span> <span class='ocrx_word' id='word_1_59' title='bbox 674 880 971 935; x_wconf 88' lang='lat' dir='ltr'><strong>secundum</strong></span> <span class='ocrx_word' id='word_1_60' title='bbox 999 880 1145 934; x_wconf 85' lang='lat' dir='ltr'><strong>illum</strong></span> <span class='ocrx_word' id='word_1_61' title='bbox 1172 880 1265 949; x_wconf 88' lang='lat' dir='ltr'><strong>qui</strong></span> <span class='ocrx_word' id='word_1_62' title='bbox 1308 882 1425 934; x_wconf 85' lang='lat' dir='ltr'><strong>sine</strong></span> <span class='ocrx_word' id='word_1_63' title='bbox 1476 880 1683 935; x_wconf 86' lang='lat' dir='ltr'><strong>semine</strong></span> <span class='ocrx_word' id='word_1_64' title='bbox 1726 890 1882 934; x_wconf 84' lang='lat' dir='ltr'><strong>natus</strong></span> 
     </span>
    </p>
   </div>
   <div class='ocr_carea' id='block_1_10' title="bbox 280 971 1879 1042">
    <p class='ocr_par' dir='ltr' id='par_1_10' title="bbox 280 971 1879 1042">
     <span class='ocr_line' id='line_1_10' title="bbox 280 971 1879 1042; baseline -0.001 -15"><span class='ocrx_word' id='word_1_65' title='bbox 280 981 360 1027; x_wconf 83' lang='lat' dir='ltr'><strong>est</strong></span> <span class='ocrx_word' id='word_1_66' title='bbox 376 971 579 1038; x_wconf 69' lang='lat' dir='ltr'><strong>Adam,</strong></span> <span class='ocrx_word' id='word_1_67' title='bbox 594 984 643 1025; x_wconf 90' lang='lat' dir='ltr'><strong>et</strong></span> <span class='ocrx_word' id='word_1_68' title='bbox 667 988 763 1042; x_wconf 91' lang='lat' dir='ltr'><strong>per</strong></span> <span class='ocrx_word' id='word_1_69' title='bbox 776 972 1046 1027; x_wconf 79' lang='lat' dir='ltr'><strong>hominem</strong></span> <span class='ocrx_word' id='word_1_70' title='bbox 1063 972 1349 1027; x_wconf 90' lang='lat' dir='ltr'><strong>humanam</strong></span> <span class='ocrx_word' id='word_1_71' title='bbox 1369 983 1615 1028; x_wconf 87' lang='lat' dir='ltr'><strong>naturam</strong></span> <span class='ocrx_word' id='word_1_72' title='bbox 1630 974 1879 1038; x_wconf 89' lang='lat' dir='ltr'><strong>suscitat;</strong></span> 
     </span>
    </p>
   </div>
   <div class='ocr_carea' id='block_1_11' title="bbox 280 1064 1882 1143">
    <p class='ocr_par' dir='ltr' id='par_1_11' title="bbox 280 1064 1882 1143">
     <span class='ocr_line' id='line_1_11' title="bbox 280 1064 1882 1143; baseline 0.002 -24"><span class='ocrx_word' id='word_1_73' title='bbox 280 1066 525 1135; x_wconf 60' lang='lat' dir='ltr'><strong>quoniam</strong></span> <span class='ocrx_word' id='word_1_74' title='bbox 552 1068 689 1143; x_wconf 72' lang='lat' dir='ltr'><strong>enim</strong></span> <span class='ocrx_word' id='word_1_75' title='bbox 709 1082 800 1138; x_wconf 84' lang='lat' dir='ltr'><strong>per</strong></span> <span class='ocrx_word' id='word_1_76' title='bbox 831 1064 1101 1121; x_wconf 70' lang='lat' dir='ltr'><strong>hominem</strong></span> <span class='ocrx_word' id='word_1_77' title='bbox 1118 1084 1277 1134; x_wconf 85' lang='lat' dir='ltr'><strong>mors,</strong></span> <span class='ocrx_word' id='word_1_78' title='bbox 1300 1065 1417 1122; x_wconf 80' lang='lat' dir='ltr'><strong>ideo</strong></span> <span class='ocrx_word' id='word_1_79' title='bbox 1445 1076 1490 1121; x_wconf 89' lang='lat' dir='ltr'><strong>et</strong></span> <span class='ocrx_word' id='word_1_80' title='bbox 1508 1084 1597 1139; x_wconf 83' lang='lat' dir='ltr'><strong>per</strong></span> <span class='ocrx_word' id='word_1_81' title='bbox 1623 1066 1882 1122; x_wconf 75' lang='lat' dir='ltr'><strong>hominem</strong></span> 
     </span>
    </p>
   </div>
   <div class='ocr_carea' id='block_1_12' title="bbox 280 1157 1881 1231">
    <p class='ocr_par' dir='ltr' id='par_1_12' title="bbox 280 1157 1881 1231">
     <span class='ocr_line' id='line_1_12' title="bbox 280 1157 1881 1231; baseline 0.002 -21"><span class='ocrx_word' id='word_1_82' title='bbox 280 1160 589 1211; x_wconf 69' lang='lat' dir='ltr'><strong>resurrectio</strong></span> <span class='ocrx_word' id='word_1_83' title='bbox 615 1168 935 1212; x_wconf 86' lang='lat' dir='ltr'><strong>mortuorum</strong></span> <span class='ocrx_word' id='word_1_84' title='bbox 958 1158 1002 1230; x_wconf 92' lang='lat' dir='ltr'><strong>(l</strong></span> <span class='ocrx_word' id='word_1_85' title='bbox 1032 1157 1153 1214; x_wconf 88' lang='lat' dir='ltr'><strong>Cor.</strong></span> <span class='ocrx_word' id='word_1_86' title='bbox 1189 1164 1300 1229; x_wconf 79' lang='lat' dir='ltr'><strong>xv).</strong></span> <span class='ocrx_word' id='word_1_87' title='bbox 1325 1158 1702 1215; x_wconf 79' lang='lat' dir='ltr'><strong>Veneﬁcorum</strong></span> <span class='ocrx_word' id='word_1_88' title='bbox 1746 1177 1881 1231; x_wconf 87' lang='lat' dir='ltr'><strong>quo-</strong></span> 
     </span>
    </p>
   </div>
   <div class='ocr_carea' id='block_1_13' title="bbox 281 1246 1881 1320">
    <p class='ocr_par' dir='ltr' id='par_1_13' title="bbox 281 1246 1881 1320">
     <span class='ocr_line' id='line_1_13' title="bbox 281 1246 1881 1320; baseline 0.004 -21"><span class='ocrx_word' id='word_1_89' title='bbox 281 1246 552 1310; x_wconf 80' lang='lat' dir='ltr'><strong>rumdam.</strong></span> <span class='ocrx_word' id='word_1_90' title='bbox 583 1256 643 1301; x_wconf 84' lang='lat' dir='ltr'><strong>ut</strong></span> <span class='ocrx_word' id='word_1_91' title='bbox 668 1248 840 1313; x_wconf 86' lang='lat' dir='ltr'><strong>aiunt,</strong></span> <span class='ocrx_word' id='word_1_92' title='bbox 866 1249 1202 1303; x_wconf 78' lang='lat' dir='ltr'><strong>consuetudo</strong></span> <span class='ocrx_word' id='word_1_93' title='bbox 1230 1257 1316 1304; x_wconf 85' lang='lat' dir='ltr'><strong>est</strong></span> <span class='ocrx_word' id='word_1_94' title='bbox 1344 1258 1403 1303; x_wconf 89' lang='grc' dir='ltr'><strong>ιιι</strong></span> <span class='ocrx_word' id='word_1_95' title='bbox 1430 1251 1482 1303; x_wconf 83' lang='grc' dir='ltr'>ἰιι</span> <span class='ocrx_word' id='word_1_96' title='bbox 1520 1251 1729 1320; x_wconf 88' lang='lat' dir='ltr'><strong>poculis</strong></span> <span class='ocrx_word' id='word_1_97' title='bbox 1760 1267 1881 1320; x_wconf 77' lang='lat' dir='ltr'><strong>qua:</strong></span> 
     </span>
    </p>
   </div>
   <div class='ocr_carea' id='block_1_14' title="bbox 278 1339 1881 1411">
    <p class='ocr_par' dir='ltr' id='par_1_14' title="bbox 278 1339 1881 1411">
     <span class='ocr_line' id='line_1_14' title="bbox 278 1339 1881 1411; baseline 0.003 -17"><span class='ocrx_word' id='word_1_98' title='bbox 278 1339 569 1394; x_wconf 77' lang='lat' dir='ltr'><strong>conﬁciunt</strong></span> <span class='ocrx_word' id='word_1_99' title='bbox 604 1342 828 1395; x_wconf 85' lang='lat' dir='ltr'><strong>venenis</strong></span> <span class='ocrx_word' id='word_1_100' title='bbox 881 1341 1038 1396; x_wconf 85' lang='lat' dir='ltr'><strong>mella</strong></span> <span class='ocrx_word' id='word_1_101' title='bbox 1097 1342 1478 1411; x_wconf 85' lang='lat' dir='ltr'><strong>permisceant,</strong></span> <span class='ocrx_word' id='word_1_102' title='bbox 1537 1352 1596 1398; x_wconf 93' lang='lat' dir='ltr'><strong>ut</strong></span> <span class='ocrx_word' id='word_1_103' title='bbox 1638 1344 1881 1400; x_wconf 75' lang='lat' dir='ltr'><strong>dulcibus</strong></span> 
     </span>
    </p>
   </div>
   <div class='ocr_carea' id='block_1_15' title="bbox 278 1434 1879 1507">
    <p class='ocr_par' dir='ltr' id='par_1_15' title="bbox 278 1434 1879 1507">
     <span class='ocr_line' id='line_1_15' title="bbox 278 1434 1879 1507; baseline 0.003 -19"><span class='ocrx_word' id='word_1_104' title='bbox 278 1435 527 1489; x_wconf 83' lang='lat' dir='ltr'><strong>nocitura</strong></span> <span class='ocrx_word' id='word_1_105' title='bbox 569 1434 851 1500; x_wconf 84' lang='lat' dir='ltr'><strong>celentur;</strong></span> <span class='ocrx_word' id='word_1_106' title='bbox 880 1444 933 1490; x_wconf 91' lang='lat' dir='ltr'><strong>et</strong></span> <span class='ocrx_word' id='word_1_107' title='bbox 962 1435 1087 1489; x_wconf 90' lang='lat' dir='ltr'><strong>dum</strong></span> <span class='ocrx_word' id='word_1_108' title='bbox 1115 1435 1235 1507; x_wconf 88' lang='lat' dir='ltr'><strong>quis</strong></span> <span class='ocrx_word' id='word_1_109' title='bbox 1264 1436 1442 1492; x_wconf 86' lang='lat' dir='ltr'><strong>mellis</strong></span> <span class='ocrx_word' id='word_1_110' title='bbox 1472 1437 1757 1493; x_wconf 86' lang='lat' dir='ltr'><strong>dulcedine</strong></span> <span class='ocrx_word' id='word_1_111' title='bbox 1784 1453 1879 1493; x_wconf 91' lang='lat' dir='ltr'><strong>ca-</strong></span> 
     </span>
    </p>
   </div>
   <div class='ocr_carea' id='block_1_16' title="bbox 278 1526 1873 1599">
    <p class='ocr_par' dir='ltr' id='par_1_16' title="bbox 278 1526 1873 1599">
     <span class='ocr_line' id='line_1_16' title="bbox 278 1526 1873 1599; baseline 0.004 -22"><span class='ocrx_word' id='word_1_112' title='bbox 278 1526 444 1593; x_wconf 80' lang='lat' dir='ltr'><strong>pitur,</strong></span> <span class='ocrx_word' id='word_1_113' title='bbox 479 1526 677 1580; x_wconf 82' lang='lat' dir='ltr'><strong>veneni</strong></span> <span class='ocrx_word' id='word_1_114' title='bbox 702 1536 852 1595; x_wconf 78' lang='lat' dir='ltr'><strong>peste</strong></span> <span class='ocrx_word' id='word_1_115' title='bbox 879 1527 1197 1596; x_wconf 82' lang='lat' dir='ltr'><strong>perimatur.</strong></span> <span class='ocrx_word' id='word_1_116' title='bbox 1231 1528 1305 1583; x_wconf 83' lang='lat' dir='ltr'><strong>[ta</strong></span> <span class='ocrx_word' id='word_1_117' title='bbox 1325 1545 1453 1599; x_wconf 86' lang='lat' dir='ltr'><strong>ergo</strong></span> <span class='ocrx_word' id='word_1_118' title='bbox 1480 1538 1531 1585; x_wconf 94' lang='lat' dir='ltr'><strong>et</strong></span> <span class='ocrx_word' id='word_1_119' title='bbox 1556 1538 1631 1598; x_wconf 89' lang='lat' dir='ltr'><strong>tu,</strong></span> <span class='ocrx_word' id='word_1_120' title='bbox 1656 1533 1873 1587; x_wconf 86' lang='lat' dir='ltr'><strong>dicens:</strong></span> 
     </span>
    </p>
   </div>
   <div class='ocr_carea' id='block_1_17' title="bbox 279 1618 1880 1693">
    <p class='ocr_par' dir='ltr' id='par_1_17' title="bbox 279 1618 1880 1693">
     <span class='ocr_line' id='line_1_17' title="bbox 279 1618 1880 1693; baseline 0.006 -23"><span class='ocrx_word' id='word_1_121' title='bbox 279 1618 489 1670; x_wconf 75' lang='lat' dir='ltr'><strong>Diriuzc</strong></span> <span class='ocrx_word' id='word_1_122' title='bbox 518 1626 730 1672; x_wconf 77' lang='lat' dir='ltr'><strong>natura:</strong></span> <span class='ocrx_word' id='word_1_123' title='bbox 762 1618 937 1689; x_wconf 81' lang='lat' dir='ltr'><strong>imago</strong></span> <span class='ocrx_word' id='word_1_124' title='bbox 982 1629 1065 1675; x_wconf 85' lang='lat' dir='ltr'><strong>est</strong></span> <span class='ocrx_word' id='word_1_125' title='bbox 1095 1621 1257 1675; x_wconf 90' lang='lat' dir='ltr'><strong>homo</strong></span> <span class='ocrx_word' id='word_1_126' title='bbox 1290 1639 1302 1674; x_wconf 91' lang='lat'>:</span> <span class='ocrx_word' id='word_1_127' title='bbox 1337 1623 1475 1678; x_wconf 90' lang='lat' dir='ltr'><strong>hanc</strong></span> <span class='ocrx_word' id='word_1_128' title='bbox 1502 1634 1679 1679; x_wconf 86' lang='lat' dir='ltr'><strong>autem</strong></span> <span class='ocrx_word' id='word_1_129' title='bbox 1704 1624 1880 1693; x_wconf 86' lang='lat' dir='ltr'><strong>proje-</strong></span> 
     </span>
    </p>
   </div>
   <div class='ocr_carea' id='block_1_18' title="bbox 276 1710 1878 1787">
    <p class='ocr_par' dir='ltr' id='par_1_18' title="bbox 276 1710 1878 1787">
     <span class='ocr_line' id='line_1_18' title="bbox 276 1710 1878 1787; baseline 0.005 -23"><span class='ocrx_word' id='word_1_130' title='bbox 276 1713 345 1764; x_wconf 86' lang='lat' dir='ltr'><strong>eit</strong></span> <span class='ocrx_word' id='word_1_131' title='bbox 373 1710 633 1765; x_wconf 84' lang='lat' dir='ltr'><strong>diabolus</strong></span> <span class='ocrx_word' id='word_1_132' title='bbox 682 1716 733 1766; x_wconf 90' lang='lat' dir='ltr'><strong>in</strong></span> <span class='ocrx_word' id='word_1_133' title='bbox 784 1714 1220 1783; x_wconf 81' lang='lat' dir='ltr'><strong>corruptionem;</strong></span> <span class='ocrx_word' id='word_1_134' title='bbox 1252 1713 1423 1770; x_wconf 88' lang='lat' dir='ltr'><strong>doluit</strong></span> <span class='ocrx_word' id='word_1_135' title='bbox 1446 1716 1583 1772; x_wconf 88' lang='lat' dir='ltr'><strong>sicut</strong></span> <span class='ocrx_word' id='word_1_136' title='bbox 1607 1731 1708 1787; x_wconf 92' lang='lat' dir='ltr'><strong>pro</strong></span> <span class='ocrx_word' id='word_1_137' title='bbox 1742 1718 1878 1772; x_wconf 87' lang='lat' dir='ltr'><strong>ima-</strong></span> 
     </span>
    </p>
   </div>
   <div class='ocr_carea' id='block_1_19' title="bbox 1986 512 3581 583">
    <p class='ocr_par' dir='ltr' id='par_1_19' title="bbox 1986 512 3581 583">
     <span class='ocr_line' id='line_1_19' title="bbox 1986 512 3581 583; baseline 0.001 -17"><span class='ocrx_word' id='word_1_138' title='bbox 1986 513 2185 583; x_wconf 86' lang='lat' dir='ltr'><strong>inqais,</strong></span> <span class='ocrx_word' id='word_1_139' title='bbox 2218 524 2435 583; x_wconf 78' lang='lat' dir='ltr'><strong>reparat</strong></span> <span class='ocrx_word' id='word_1_140' title='bbox 2465 513 2774 583; x_wconf 84' lang='lat' dir='ltr'><strong>imaginem.</strong></span> <span class='ocrx_word' id='word_1_141' title='bbox 2821 512 2939 568; x_wconf 80' lang='lat' dir='ltr'><strong>Jam</strong></span> <span class='ocrx_word' id='word_1_142' title='bbox 2986 512 3091 568; x_wconf 86' lang='lat' dir='ltr'><strong>hoc</strong></span> <span class='ocrx_word' id='word_1_143' title='bbox 3140 528 3299 582; x_wconf 79' lang='lat' dir='ltr'><strong>quam</strong></span> <span class='ocrx_word' id='word_1_144' title='bbox 3352 513 3581 569; x_wconf 82' lang='lat' dir='ltr'><strong>subdolo</strong></span> 
     </span>
    </p>
   </div>
   <div class='ocr_carea' id='block_1_20' title="bbox 1984 606 3579 676">
    <p class='ocr_par' dir='ltr' id='par_1_20' title="bbox 1984 606 3579 676">
     <span class='ocr_line' id='line_1_20' title="bbox 1984 606 3579 676; baseline 0.001 -19"><span class='ocrx_word' id='word_1_145' title='bbox 1984 607 2125 675; x_wconf 86' lang='lat' dir='ltr'><strong>quod</strong></span> <span class='ocrx_word' id='word_1_146' title='bbox 2157 607 2258 673; x_wconf 85' lang='lat' dir='ltr'><strong>ais,</strong></span> <span class='ocrx_word' id='word_1_147' title='bbox 2287 616 2595 676; x_wconf 84' lang='lat' dir='ltr'><strong>corruptam</strong></span> <span class='ocrx_word' id='word_1_148' title='bbox 2630 615 2846 675; x_wconf 85' lang='lat' dir='ltr'><strong>reparat</strong></span> <span class='ocrx_word' id='word_1_149' title='bbox 2889 606 3197 676; x_wconf 75' lang='lat' dir='ltr'><strong>imaginem,</strong></span> <span class='ocrx_word' id='word_1_150' title='bbox 3254 606 3482 670; x_wconf 76' lang='lat' dir='ltr'><strong>scilicet,</strong></span> <span class='ocrx_word' id='word_1_151' title='bbox 3522 617 3579 659; x_wconf 87' lang='lat' dir='ltr'><strong>ttt</strong></span> 
     </span>
    </p>
   </div>
   <div class='ocr_carea' id='block_1_21' title="bbox 1986 695 3579 767">
    <p class='ocr_par' dir='ltr' id='par_1_21' title="bbox 1986 695 3579 767">
     <span class='ocr_line' id='line_1_21' title="bbox 1986 695 3579 767; baseline 0.001 -16"><span class='ocrx_word' id='word_1_152' title='bbox 1986 697 2309 766; x_wconf 86' lang='lat' dir='ltr'><strong>persuadeas</strong></span> <span class='ocrx_word' id='word_1_153' title='bbox 2334 698 2463 751; x_wconf 84' lang='lat' dir='ltr'><strong>nihil</strong></span> <span class='ocrx_word' id='word_1_154' title='bbox 2488 699 2608 767; x_wconf 90' lang='lat' dir='ltr'><strong>plus</strong></span> <span class='ocrx_word' id='word_1_155' title='bbox 2628 695 2797 752; x_wconf 84' lang='lat' dir='ltr'><strong>fuisse</strong></span> <span class='ocrx_word' id='word_1_156' title='bbox 2829 698 2880 750; x_wconf 91' lang='lat' dir='ltr'><strong>in</strong></span> <span class='ocrx_word' id='word_1_157' title='bbox 2916 713 2981 751; x_wconf 92' lang='lat' dir='ltr'><strong>eo</strong></span> <span class='ocrx_word' id='word_1_158' title='bbox 3041 697 3093 751; x_wconf 90' lang='lat' dir='ltr'><strong>in</strong></span> <span class='ocrx_word' id='word_1_159' title='bbox 3123 712 3229 766; x_wconf 87' lang='lat' dir='ltr'><strong>quo</strong></span> <span class='ocrx_word' id='word_1_160' title='bbox 3281 696 3455 767; x_wconf 86' lang='lat' dir='ltr'><strong>imago</strong></span> <span class='ocrx_word' id='word_1_161' title='bbox 3491 714 3579 752; x_wconf 85' lang='lat' dir='ltr'><strong>re-</strong></span> 
     </span>
    </p>
   </div>
   <div class='ocr_carea' id='block_1_22' title="bbox 1986 789 3576 860">
    <p class='ocr_par' dir='ltr' id='par_1_22' title="bbox 1986 789 3576 860">
     <span class='ocr_line' id='line_1_22' title="bbox 1986 789 3576 860; baseline 0.003 -22"><span class='ocrx_word' id='word_1_162' title='bbox 1986 791 2291 857; x_wconf 64' lang='lat' dir='ltr'><strong>parabatur,</strong></span> <span class='ocrx_word' id='word_1_163' title='bbox 2312 806 2467 860; x_wconf 70' lang='lat' dir='ltr'><strong>quam</strong></span> <span class='ocrx_word' id='word_1_164' title='bbox 2497 793 2549 844; x_wconf 92' lang='lat' dir='ltr'><strong>in</strong></span> <span class='ocrx_word' id='word_1_165' title='bbox 2573 805 2634 845; x_wconf 90' lang='lat' dir='ltr'><strong>ea</strong></span> <span class='ocrx_word' id='word_1_166' title='bbox 2664 791 2775 859; x_wconf 89' lang='lat' dir='ltr'><strong>ipsa</strong></span> <span class='ocrx_word' id='word_1_167' title='bbox 2801 789 3033 859; x_wconf 81' lang='lat' dir='ltr'><strong>imagine</strong></span> <span class='ocrx_word' id='word_1_168' title='bbox 3063 790 3329 844; x_wconf 83' lang='lat' dir='ltr'><strong>fueritcui</strong></span> <span class='ocrx_word' id='word_1_169' title='bbox 3357 805 3576 858; x_wconf 86' lang='lat' dir='ltr'><strong>repara-</strong></span> 
     </span>
    </p>
   </div>
   <div class='ocr_carea' id='block_1_23' title="bbox 1986 880 3579 951">
    <p class='ocr_par' dir='ltr' id='par_1_23' title="bbox 1986 880 3579 951">
     <span class='ocr_line' id='line_1_23' title="bbox 1986 880 3579 951; baseline -0.001 -17"><span class='ocrx_word' id='word_1_170' title='bbox 1986 883 2059 936; x_wconf 92' lang='lat' dir='ltr'><strong>tio</strong></span> <span class='ocrx_word' id='word_1_171' title='bbox 2090 882 2469 951; x_wconf 67' lang='lat' dir='ltr'><strong>prazstahatur.</strong></span> <span class='ocrx_word' id='word_1_172' title='bbox 2525 886 2599 936; x_wconf 87' lang='lat' dir='ltr'><strong>Ac</strong></span> <span class='ocrx_word' id='word_1_173' title='bbox 2647 897 2745 951; x_wconf 83' lang='lat' dir='ltr'><strong>per</strong></span> <span class='ocrx_word' id='word_1_174' title='bbox 2779 882 2881 935; x_wconf 90' lang='lat' dir='ltr'><strong>hoc</strong></span> <span class='ocrx_word' id='word_1_175' title='bbox 2914 881 3054 936; x_wconf 89' lang='lat' dir='ltr'><strong>idem</strong></span> <span class='ocrx_word' id='word_1_176' title='bbox 3099 880 3473 935; x_wconf 87' lang='lat' dir='ltr'><strong>tantummodo</strong></span> <span class='ocrx_word' id='word_1_177' title='bbox 3497 882 3579 933; x_wconf 91' lang='lat' dir='ltr'><strong>vis</strong></span> 
     </span>
    </p>
   </div>
   <div class='ocr_carea' id='block_1_24' title="bbox 1984 972 3579 1042">
    <p class='ocr_par' dir='ltr' id='par_1_24' title="bbox 1984 972 3579 1042">
     <span class='ocr_line' id='line_1_24' title="bbox 1984 972 3579 1042; baseline -0.002 -14"><span class='ocrx_word' id='word_1_178' title='bbox 1984 987 2107 1028; x_wconf 57' lang='lat' dir='ltr'><strong>esse</strong></span> <span class='ocrx_word' id='word_1_179' title='bbox 2138 973 2423 1026; x_wconf 89' lang='lat' dir='ltr'><strong>Dominum</strong></span> <span class='ocrx_word' id='word_1_180' title='bbox 2455 972 2596 1042; x_wconf 87' lang='lat' dir='ltr'><strong>quod</strong></span> <span class='ocrx_word' id='word_1_181' title='bbox 2631 972 2835 1037; x_wconf 82' lang='lat' dir='ltr'><strong>Adam;</strong></span> <span class='ocrx_word' id='word_1_182' title='bbox 2864 972 2996 1026; x_wconf 83' lang='lat' dir='ltr'><strong>nihil</strong></span> <span class='ocrx_word' id='word_1_183' title='bbox 3041 972 3162 1042; x_wconf 90' lang='lat' dir='ltr'><strong>plus</strong></span> <span class='ocrx_word' id='word_1_184' title='bbox 3197 972 3443 1041; x_wconf 76' lang='lat' dir='ltr'><strong>imaginis</strong></span> <span class='ocrx_word' id='word_1_185' title='bbox 3496 987 3579 1025; x_wconf 89' lang='lat' dir='ltr'><strong>rc-</strong></span> 
     </span>
    </p>
   </div>
   <div class='ocr_carea' id='block_1_25' title="bbox 1987 1065 3581 1137">
    <p class='ocr_par' dir='ltr' id='par_1_25' title="bbox 1987 1065 3581 1137">
     <span class='ocr_line' id='line_1_25' title="bbox 1987 1065 3581 1137; baseline -0.001 -16"><span class='ocrx_word' id='word_1_186' title='bbox 1987 1078 2289 1135; x_wconf 90' lang='lat' dir='ltr'><strong>paratorem</strong></span> <span class='ocrx_word' id='word_1_187' title='bbox 2322 1083 2483 1137; x_wconf 83' lang='lat' dir='ltr'><strong>quam</strong></span> <span class='ocrx_word' id='word_1_188' title='bbox 2526 1067 2695 1137; x_wconf 87' lang='lat' dir='ltr'><strong>ipsam</strong></span> <span class='ocrx_word' id='word_1_189' title='bbox 2735 1065 3021 1136; x_wconf 80' lang='lat' dir='ltr'><strong>imaginem</strong></span> <span class='ocrx_word' id='word_1_190' title='bbox 3078 1075 3446 1121; x_wconf 87' lang='lat' dir='ltr'><strong>corruentem.</strong></span> <span class='ocrx_word' id='word_1_191' title='bbox 3478 1066 3581 1120; x_wconf 86' lang='lat' dir='ltr'><strong>De-</strong></span> 
     </span>
    </p>
   </div>
   <div class='ocr_carea' id='block_1_26' title="bbox 1987 1155 3577 1231">
    <p class='ocr_par' dir='ltr' id='par_1_26' title="bbox 1987 1155 3577 1231">
     <span class='ocr_line' id='line_1_26' title="bbox 1987 1155 3577 1231; baseline -0.004 -17"><span class='ocrx_word' id='word_1_192' title='bbox 1987 1160 2149 1229; x_wconf 88' lang='lat' dir='ltr'><strong>nique</strong></span> <span class='ocrx_word' id='word_1_193' title='bbox 2170 1160 2296 1231; x_wconf 87' lang='lat' dir='ltr'><strong>quid</strong></span> <span class='ocrx_word' id='word_1_194' title='bbox 2340 1174 2489 1231; x_wconf 85' lang='lat' dir='ltr'><strong>agas,</strong></span> <span class='ocrx_word' id='word_1_195' title='bbox 2518 1158 2646 1228; x_wconf 88' lang='lat' dir='ltr'><strong>quid</strong></span> <span class='ocrx_word' id='word_1_196' title='bbox 2680 1159 2945 1223; x_wconf 89' lang='lat' dir='ltr'><strong>moliaris,</strong></span> <span class='ocrx_word' id='word_1_197' title='bbox 2976 1157 3326 1227; x_wconf 86' lang='lat' dir='ltr'><strong>sequentibus</strong></span> <span class='ocrx_word' id='word_1_198' title='bbox 3359 1155 3577 1225; x_wconf 89' lang='lat' dir='ltr'><strong>prohas,</strong></span> 
     </span>
    </p>
   </div>
   <div class='ocr_carea' id='block_1_27' title="bbox 1985 1247 3577 1307">
    <p class='ocr_par' dir='ltr' id='par_1_27' title="bbox 1985 1247 3577 1307">
     <span class='ocr_line' id='line_1_27' title="bbox 1985 1247 3577 1307; baseline -0.003 -4"><span class='ocrx_word' id='word_1_199' title='bbox 1985 1249 2210 1307; x_wconf 88' lang='lat' dir='ltr'><strong>dicens:</strong></span> <span class='ocrx_word' id='word_1_200' title='bbox 2239 1250 2371 1305; x_wconf 86' lang='lat' dir='ltr'><strong>Sine</strong></span> <span class='ocrx_word' id='word_1_201' title='bbox 2420 1252 2630 1305; x_wconf 90' lang='lat' dir='ltr'><strong>semine</strong></span> <span class='ocrx_word' id='word_1_202' title='bbox 2684 1248 2931 1303; x_wconf 80' lang='lat' dir='ltr'><strong>formavit</strong></span> <span class='ocrx_word' id='word_1_203' title='bbox 2979 1258 3222 1301; x_wconf 85' lang='lat' dir='ltr'><strong>naturam</strong></span> <span class='ocrx_word' id='word_1_204' title='bbox 3278 1247 3577 1301; x_wconf 85' lang='lat' dir='ltr'><strong>secundum</strong></span> 
     </span>
    </p>
   </div>
   <div class='ocr_carea' id='block_1_28' title="bbox 1983 1340 3583 1412">
    <p class='ocr_par' dir='ltr' id='par_1_28' title="bbox 1983 1340 3583 1412">
     <span class='ocr_line' id='line_1_28' title="bbox 1983 1340 3583 1412; baseline -0.004 -17"><span class='ocrx_word' id='word_1_205' title='bbox 1983 1342 2135 1395; x_wconf 91' lang='lat' dir='ltr'><strong>illum</strong></span> <span class='ocrx_word' id='word_1_206' title='bbox 2162 1343 2253 1412; x_wconf 86' lang='lat' dir='ltr'><strong>qui</strong></span> <span class='ocrx_word' id='word_1_207' title='bbox 2285 1343 2403 1398; x_wconf 91' lang='lat' dir='ltr'><strong>sine</strong></span> <span class='ocrx_word' id='word_1_208' title='bbox 2430 1342 2636 1397; x_wconf 88' lang='lat' dir='ltr'><strong>semine</strong></span> <span class='ocrx_word' id='word_1_209' title='bbox 2668 1342 2906 1397; x_wconf 80' lang='lat' dir='ltr'><strong>nascitur</strong></span> <span class='ocrx_word' id='word_1_210' title='bbox 2946 1340 3137 1402; x_wconf 81' lang='lat' dir='ltr'><strong>Adam,</strong></span> <span class='ocrx_word' id='word_1_211' title='bbox 3182 1350 3235 1394; x_wconf 90' lang='lat' dir='ltr'><strong>et</strong></span> <span class='ocrx_word' id='word_1_212' title='bbox 3283 1354 3378 1407; x_wconf 88' lang='lat' dir='ltr'><strong>per</strong></span> <span class='ocrx_word' id='word_1_213' title='bbox 3406 1340 3583 1390; x_wconf 89' lang='lat' dir='ltr'><strong>homi-</strong></span> 
     </span>
    </p>
   </div>
   <div class='ocr_carea' id='block_1_29' title="bbox 1984 1432 3582 1490">
    <p class='ocr_par' dir='ltr' id='par_1_29' title="bbox 1984 1432 3582 1490">
     <span class='ocr_line' id='line_1_29' title="bbox 1984 1432 3582 1490; baseline -0.004 -1"><span class='ocrx_word' id='word_1_214' title='bbox 1984 1450 2105 1489; x_wconf 91' lang='lat' dir='ltr'><strong>nem</strong></span> <span class='ocrx_word' id='word_1_215' title='bbox 2145 1436 2432 1490; x_wconf 88' lang='lat' dir='ltr'><strong>humanam</strong></span> <span class='ocrx_word' id='word_1_216' title='bbox 2467 1444 2718 1490; x_wconf 90' lang='lat' dir='ltr'><strong>naturam</strong></span> <span class='ocrx_word' id='word_1_217' title='bbox 2747 1437 2993 1489; x_wconf 88' lang='lat' dir='ltr'><strong>suscitat.</strong></span> <span class='ocrx_word' id='word_1_218' title='bbox 3042 1432 3070 1473; x_wconf 74' lang='grc' dir='ltr'>δ</span> <span class='ocrx_word' id='word_1_219' title='bbox 3103 1432 3344 1489; x_wconf 85' lang='lat' dir='ltr'><strong>Similem</strong></span> <span class='ocrx_word' id='word_1_220' title='bbox 3378 1432 3429 1485; x_wconf 93' lang='lat' dir='ltr'><strong>in</strong></span> <span class='ocrx_word' id='word_1_221' title='bbox 3462 1447 3582 1484; x_wconf 91' lang='lat' dir='ltr'><strong>om-</strong></span> 
     </span>
    </p>
   </div>
   <div class='ocr_carea' id='block_1_30' title="bbox 1983 1524 3579 1597">
    <p class='ocr_par' dir='ltr' id='par_1_30' title="bbox 1983 1524 3579 1597">
     <span class='ocr_line' id='line_1_30' title="bbox 1983 1524 3579 1597; baseline -0.002 -16"><span class='ocrx_word' id='word_1_222' title='bbox 1983 1527 2143 1581; x_wconf 88' lang='lat' dir='ltr'><strong>nibus</strong></span> <span class='ocrx_word' id='word_1_223' title='bbox 2181 1535 2239 1580; x_wconf 81' lang='lat' dir='ltr'><strong>et</strong></span> <span class='ocrx_word' id='word_1_224' title='bbox 2268 1542 2447 1597; x_wconf 88' lang='lat' dir='ltr'><strong>parem</strong></span> <span class='ocrx_word' id='word_1_225' title='bbox 2472 1527 2601 1581; x_wconf 72' lang='lat' dir='ltr'><strong>Ada:</strong></span> <span class='ocrx_word' id='word_1_226' title='bbox 2631 1527 2922 1581; x_wconf 88' lang='lat' dir='ltr'><strong>Dominum</strong></span> <span class='ocrx_word' id='word_1_227' title='bbox 2950 1526 3133 1580; x_wconf 86' lang='lat' dir='ltr'><strong>Jesum</strong></span> <span class='ocrx_word' id='word_1_228' title='bbox 3164 1525 3325 1580; x_wconf 83' lang='lat' dir='ltr'><strong>fuisse</strong></span> <span class='ocrx_word' id='word_1_229' title='bbox 3348 1524 3579 1579; x_wconf 78' lang='lat' dir='ltr'><strong>asseris:</strong></span> 
     </span>
    </p>
   </div>
   <div class='ocr_carea' id='block_1_31' title="bbox 1985 1617 3579 1688">
    <p class='ocr_par' dir='ltr' id='par_1_31' title="bbox 1985 1617 3579 1688">
     <span class='ocr_line' id='line_1_31' title="bbox 1985 1617 3579 1688; baseline 0.001 -17"><span class='ocrx_word' id='word_1_230' title='bbox 1985 1617 2138 1671; x_wconf 86' lang='lat' dir='ltr'><strong>illum</strong></span> <span class='ocrx_word' id='word_1_231' title='bbox 2179 1619 2362 1688; x_wconf 85' lang='lat' dir='ltr'><strong>utique</strong></span> <span class='ocrx_word' id='word_1_232' title='bbox 2406 1617 2523 1673; x_wconf 86' lang='lat' dir='ltr'><strong>sine</strong></span> <span class='ocrx_word' id='word_1_233' title='bbox 2572 1620 2797 1687; x_wconf 88' lang='lat' dir='ltr'><strong>semine,</strong></span> <span class='ocrx_word' id='word_1_234' title='bbox 2856 1629 2910 1672; x_wconf 92' lang='lat' dir='ltr'><strong>et</strong></span> <span class='ocrx_word' id='word_1_235' title='bbox 2968 1619 3109 1674; x_wconf 89' lang='lat' dir='ltr'><strong>hunc</strong></span> <span class='ocrx_word' id='word_1_236' title='bbox 3162 1619 3279 1672; x_wconf 87' lang='lat' dir='ltr'><strong>sine</strong></span> <span class='ocrx_word' id='word_1_237' title='bbox 3330 1618 3579 1681; x_wconf 86' lang='lat' dir='ltr'><strong>semine;</strong></span> 
     </span>
    </p>
   </div>
   <div class='ocr_carea' id='block_1_32' title="bbox 1983 1707 3577 1774">
    <p class='ocr_par' dir='ltr' id='par_1_32' title="bbox 1983 1707 3577 1774">
     <span class='ocr_line' id='line_1_32' title="bbox 1983 1707 3577 1774; baseline 0.002 -14"><span class='ocrx_word' id='word_1_238' title='bbox 1983 1707 2131 1762; x_wconf 88' lang='lat' dir='ltr'><strong>illum</strong></span> <span class='ocrx_word' id='word_1_239' title='bbox 2171 1708 2443 1763; x_wconf 88' lang='lat' dir='ltr'><strong>hominem</strong></span> <span class='ocrx_word' id='word_1_240' title='bbox 2489 1711 2696 1774; x_wconf 87' lang='lat' dir='ltr'><strong>solum,</strong></span> <span class='ocrx_word' id='word_1_241' title='bbox 2740 1712 2884 1764; x_wconf 89' lang='lat' dir='ltr'><strong>hunc</strong></span> <span class='ocrx_word' id='word_1_242' title='bbox 2938 1711 3211 1765; x_wconf 85' lang='lat' dir='ltr'><strong>hominem</strong></span> <span class='ocrx_word' id='word_1_243' title='bbox 3256 1712 3577 1765; x_wconf 87' lang='lat' dir='ltr'><strong>solitarium.</strong></span> 
     </span>
    </p>
   </div>
   <div class='ocr_carea' id='block_1_33' title="bbox 273 1801 3583 1877">
    <p class='ocr_par' dir='ltr' id='par_1_33' title="bbox 273 1801 3583 1877">
     <span class='ocr_line' id='line_1_33' title="bbox 273 1801 3583 1877; baseline 0.001 -24"><span class='ocrx_word' id='word_1_244' title='bbox 273 1804 399 1871; x_wconf 82' lang='lat' dir='ltr'><strong>gine</strong></span> <span class='ocrx_word' id='word_1_245' title='bbox 441 1816 539 1856; x_wconf 87' lang='lat' dir='ltr'><strong>sua</strong></span> <span class='ocrx_word' id='word_1_246' title='bbox 595 1803 759 1865; x_wconf 86' lang='lat' dir='ltr'><strong>Deus,</strong></span> <span class='ocrx_word' id='word_1_247' title='bbox 818 1804 956 1858; x_wconf 82' lang='lat' dir='ltr'><strong>sicut</strong></span> <span class='ocrx_word' id='word_1_248' title='bbox 1011 1821 1109 1874; x_wconf 77' lang='lat' dir='ltr'><strong>pro</strong></span> <span class='ocrx_word' id='word_1_249' title='bbox 1158 1815 1332 1861; x_wconf 66' lang='lat' dir='ltr'><strong>suum</strong></span> <span class='ocrx_word' id='word_1_250' title='bbox 1381 1823 1476 1862; x_wconf 70' lang='lat' dir='ltr'><strong>sua</strong></span> <span class='ocrx_word' id='word_1_251' title='bbox 1530 1810 1823 1877; x_wconf 66' lang='lat' dir='ltr'><strong>imperato.-</strong></span> <span class='ocrx_word' id='word_1_252' title='bbox 1856 1827 1868 1862; x_wconf 72' lang='grc' dir='ltr'><strong>ι</strong></span> <span class='ocrx_word' id='word_1_253' title='bbox 1904 1808 1951 1866; x_wconf 83' lang='grc' dir='ltr'><strong>Β</strong></span> <span class='ocrx_word' id='word_1_254' title='bbox 1981 1801 2055 1853; x_wconf 85' lang='lat' dir='ltr'><strong>Ae</strong></span> <span class='ocrx_word' id='word_1_255' title='bbox 2074 1816 2167 1867; x_wconf 87' lang='lat' dir='ltr'><strong>per</strong></span> <span class='ocrx_word' id='word_1_256' title='bbox 2196 1803 2297 1855; x_wconf 90' lang='lat' dir='ltr'><strong>hoc</strong></span> <span class='ocrx_word' id='word_1_257' title='bbox 2324 1801 2471 1855; x_wconf 82' lang='lat' dir='ltr'><strong>vides</strong></span> <span class='ocrx_word' id='word_1_258' title='bbox 2502 1811 2551 1855; x_wconf 89' lang='lat' dir='ltr'><strong>te</strong></span> <span class='ocrx_word' id='word_1_259' title='bbox 2580 1802 2868 1870; x_wconf 84' lang='lat' dir='ltr'><strong>diligenter</strong></span> <span class='ocrx_word' id='word_1_260' title='bbox 2903 1803 3111 1857; x_wconf 85' lang='lat' dir='ltr'><strong>cavisse</strong></span> <span class='ocrx_word' id='word_1_261' title='bbox 3140 1817 3202 1856; x_wconf 89' lang='lat' dir='ltr'><strong>ac</strong></span> <span class='ocrx_word' id='word_1_262' title='bbox 3236 1803 3583 1872; x_wconf 57' lang='lat' dir='ltr'><strong>prospexisse</strong></span> 
     </span>
    </p>
   </div>
   <div class='ocr_carea' id='block_1_34' title="bbox 278 1894 1880 1971">
    <p class='ocr_par' dir='ltr' id='par_1_34' title="bbox 278 1894 1880 1971">
     <span class='ocr_line' id='line_1_34' title="bbox 278 1894 1880 1971; baseline 0.007 -25"><span class='ocrx_word' id='word_1_263' title='bbox 278 1902 299 1929; x_wconf 83' lang='grc'>⁶</span> <span class='ocrx_word' id='word_1_264' title='bbox 328 1909 430 1947; x_wconf 83' lang='lat' dir='ltr'><strong>ora</strong></span> <span class='ocrx_word' id='word_1_265' title='bbox 464 1894 870 1964; x_wconf 84' lang='lat' dir='ltr'><strong>quodammodo</strong></span> <span class='ocrx_word' id='word_1_266' title='bbox 893 1899 1069 1967; x_wconf 88' lang='lat' dir='ltr'><strong>poculi</strong></span> <span class='ocrx_word' id='word_1_267' title='bbox 1099 1900 1402 1969; x_wconf 88' lang='lat' dir='ltr'><strong>pestilentis</strong></span> <span class='ocrx_word' id='word_1_268' title='bbox 1427 1902 1721 1957; x_wconf 84' lang='lat' dir='ltr'><strong>dulcedine</strong></span> <span class='ocrx_word' id='word_1_269' title='bbox 1747 1919 1880 1971; x_wconf 86' lang='lat' dir='ltr'><strong>qua-</strong></span> 
     </span>
    </p>
   </div>
   <div class='ocr_carea' id='block_1_35' title="bbox 273 1983 1878 2065">
    <p class='ocr_par' dir='ltr' id='par_1_35' title="bbox 273 1983 1878 2065">
     <span class='ocr_line' id='line_1_35' title="bbox 273 1983 1878 2065; baseline 0.008 -28"><span class='ocrx_word' id='word_1_270' title='bbox 273 1983 396 2038; x_wconf 85' lang='lat' dir='ltr'><strong>dam</strong></span> <span class='ocrx_word' id='word_1_271' title='bbox 422 1994 479 2039; x_wconf 89' lang='lat' dir='ltr'><strong>et</strong></span> <span class='ocrx_word' id='word_1_272' title='bbox 506 1985 662 2055; x_wconf 89' lang='lat' dir='ltr'><strong>quasi</strong></span> <span class='ocrx_word' id='word_1_273' title='bbox 692 1987 854 2043; x_wconf 90' lang='lat' dir='ltr'><strong>melle</strong></span> <span class='ocrx_word' id='word_1_274' title='bbox 874 1989 1244 2057; x_wconf 88' lang='lat' dir='ltr'><strong>circumlinis;</strong></span> <span class='ocrx_word' id='word_1_275' title='bbox 1270 2003 1326 2047; x_wconf 93' lang='lat' dir='ltr'><strong>ut</strong></span> <span class='ocrx_word' id='word_1_276' title='bbox 1384 1993 1698 2049; x_wconf 88' lang='lat' dir='ltr'><strong>haurientes</strong></span> <span class='ocrx_word' id='word_1_277' title='bbox 1730 1997 1878 2065; x_wconf 82' lang='lat' dir='ltr'><strong>inge-</strong></span> 
     </span>
    </p>
   </div>
   <div class='ocr_carea' id='block_1_36' title="bbox 272 2078 1876 2159">
    <p class='ocr_par' dir='ltr' id='par_1_36' title="bbox 272 2078 1876 2159">
     <span class='ocr_line' id='line_1_36' title="bbox 272 2078 1876 2159; baseline 0.008 -29"><span class='ocrx_word' id='word_1_278' title='bbox 272 2088 422 2132; x_wconf 85' lang='lat' dir='ltr'><strong>stum</strong></span> <span class='ocrx_word' id='word_1_279' title='bbox 457 2078 712 2148; x_wconf 71' lang='lat' dir='ltr'><strong>poculum</strong></span> <span class='ocrx_word' id='word_1_280' title='bbox 743 2084 1007 2149; x_wconf 86' lang='lat' dir='ltr'><strong>homines,</strong></span> <span class='ocrx_word' id='word_1_281' title='bbox 1040 2083 1167 2139; x_wconf 92' lang='lat' dir='ltr'><strong>dum</strong></span> <span class='ocrx_word' id='word_1_282' title='bbox 1216 2085 1533 2141; x_wconf 87' lang='lat' dir='ltr'><strong>illecebrosa</strong></span> <span class='ocrx_word' id='word_1_283' title='bbox 1564 2088 1876 2159; x_wconf 73' lang='lat' dir='ltr'><strong>dcgusmnt,</strong></span> 
     </span>
    </p>
   </div>
   <div class='ocr_carea' id='block_1_37' title="bbox 273 2171 1877 2249">
    <p class='ocr_par' dir='ltr' id='par_1_37' title="bbox 273 2171 1877 2249">
     <span class='ocr_line' id='line_1_37' title="bbox 273 2171 1877 2249; baseline 0.009 -27"><span class='ocrx_word' id='word_1_284' title='bbox 273 2171 590 2238; x_wconf 85' lang='lat' dir='ltr'><strong>perniciosa</strong></span> <span class='ocrx_word' id='word_1_285' title='bbox 617 2187 723 2226; x_wconf 89' lang='lat' dir='ltr'><strong>non</strong></span> <span class='ocrx_word' id='word_1_286' title='bbox 757 2176 1015 2231; x_wconf 88' lang='lat' dir='ltr'><strong>sentiant.</strong></span> <span class='ocrx_word' id='word_1_287' title='bbox 1057 2176 1146 2231; x_wconf 89' lang='lat' dir='ltr'><strong>Dei</strong></span> <span class='ocrx_word' id='word_1_288' title='bbox 1181 2193 1378 2234; x_wconf 91' lang='lat' dir='ltr'><strong>nomen</strong></span> <span class='ocrx_word' id='word_1_289' title='bbox 1421 2179 1630 2249; x_wconf 87' lang='lat' dir='ltr'><strong>objicis,</strong></span> <span class='ocrx_word' id='word_1_290' title='bbox 1662 2190 1718 2236; x_wconf 87' lang='grc' dir='ltr'><strong>ιιι</strong></span> <span class='ocrx_word' id='word_1_291' title='bbox 1747 2182 1877 2236; x_wconf 82' lang='lat' dir='ltr'><strong>reli-</strong></span> 
     </span>
    </p>
   </div>
   <div class='ocr_carea' id='block_1_38' title="bbox 272 2265 1878 2343">
    <p class='ocr_par' dir='ltr' id='par_1_38' title="bbox 272 2265 1878 2343">
     <span class='ocr_line' id='line_1_38' title="bbox 272 2265 1878 2343; baseline 0.007 -25"><span class='ocrx_word' id='word_1_292' title='bbox 272 2265 462 2333; x_wconf 79' lang='lat' dir='ltr'><strong>gionis</strong></span> <span class='ocrx_word' id='word_1_293' title='bbox 492 2266 714 2321; x_wconf 89' lang='lat' dir='ltr'><strong>nomine</strong></span> <span class='ocrx_word' id='word_1_294' title='bbox 742 2267 1054 2335; x_wconf 88' lang='lat' dir='ltr'><strong>mentiaris;</strong></span> <span class='ocrx_word' id='word_1_295' title='bbox 1103 2279 1286 2325; x_wconf 88' lang='lat' dir='ltr'><strong>sancta</strong></span> <span class='ocrx_word' id='word_1_296' title='bbox 1340 2274 1651 2341; x_wconf 71' lang='lat' dir='ltr'><strong>prmmittis,</strong></span> <span class='ocrx_word' id='word_1_297' title='bbox 1684 2282 1878 2343; x_wconf 84' lang='lat' dir='ltr'><strong>utper-</strong></span> 
     </span>
    </p>
   </div>
   <div class='ocr_carea' id='block_1_39' title="bbox 276 2357 1881 2432">
    <p class='ocr_par' dir='ltr' id='par_1_39' title="bbox 276 2357 1881 2432">
     <span class='ocr_line' id='line_1_39' title="bbox 276 2357 1881 2432; baseline 0.007 -25"><span class='ocrx_word' id='word_1_298' title='bbox 276 2373 441 2412; x_wconf 67' lang='lat' dir='ltr'><strong>tersa</strong></span> <span class='ocrx_word' id='word_1_299' title='bbox 475 2357 840 2427; x_wconf 87' lang='lat' dir='ltr'><strong>persuadeas;</strong></span> <span class='ocrx_word' id='word_1_300' title='bbox 875 2367 932 2415; x_wconf 90' lang='lat' dir='ltr'><strong>et</strong></span> <span class='ocrx_word' id='word_1_301' title='bbox 949 2361 1256 2417; x_wconf 89' lang='lat' dir='ltr'><strong>c0ulitendo</strong></span> <span class='ocrx_word' id='word_1_302' title='bbox 1288 2364 1451 2419; x_wconf 89' lang='lat' dir='ltr'><strong>Deum</strong></span> <span class='ocrx_word' id='word_1_303' title='bbox 1484 2365 1537 2419; x_wconf 91' lang='lat' dir='ltr'><strong>id</strong></span> <span class='ocrx_word' id='word_1_304' title='bbox 1571 2365 1797 2432; x_wconf 83' lang='lat' dir='ltr'><strong>elﬁcias,</strong></span> <span class='ocrx_word' id='word_1_305' title='bbox 1825 2375 1881 2419; x_wconf 93' lang='lat' dir='ltr'><strong>ut</strong></span> 
     </span>
    </p>
   </div>
   <div class='ocr_carea' id='block_1_40' title="bbox 272 2450 1878 2522">
    <p class='ocr_par' dir='ltr' id='par_1_40' title="bbox 272 2450 1878 2522">
     <span class='ocr_line' id='line_1_40' title="bbox 272 2450 1878 2522; baseline 0.007 -21"><span class='ocrx_word' id='word_1_306' title='bbox 272 2463 403 2502; x_wconf 78' lang='lat' dir='ltr'><strong>eum</strong></span> <span class='ocrx_word' id='word_1_307' title='bbox 460 2450 637 2517; x_wconf 89' lang='lat' dir='ltr'><strong>ipsum</strong></span> <span class='ocrx_word' id='word_1_308' title='bbox 665 2464 850 2519; x_wconf 88' lang='lat' dir='ltr'><strong>neges,</strong></span> <span class='ocrx_word' id='word_1_309' title='bbox 879 2467 1036 2521; x_wconf 89' lang='lat' dir='ltr'><strong>quem</strong></span> <span class='ocrx_word' id='word_1_310' title='bbox 1088 2454 1385 2510; x_wconf 77' lang='lat' dir='ltr'><strong>conﬁteris.</strong></span> <span class='ocrx_word' id='word_1_311' title='bbox 1425 2456 1557 2522; x_wconf 88' lang='lat' dir='ltr'><strong>Quis</strong></span> <span class='ocrx_word' id='word_1_312' title='bbox 1589 2459 1731 2512; x_wconf 89' lang='lat' dir='ltr'><strong>enim</strong></span> <span class='ocrx_word' id='word_1_313' title='bbox 1774 2473 1878 2512; x_wconf 90' lang='lat' dir='ltr'><strong>non</strong></span> 
     </span>
    </p>
   </div>
   <div class='ocr_carea' id='block_1_41' title="bbox 269 2539 1884 2619">
    <p class='ocr_par' dir='ltr' id='par_1_41' title="bbox 269 2539 1884 2619">
     <span class='ocr_line' id='line_1_41' title="bbox 269 2539 1884 2619; baseline 0.011 -30"><span class='ocrx_word' id='word_1_314' title='bbox 269 2539 435 2595; x_wconf 70' lang='lat' dir='ltr'><strong>videt</strong></span> <span class='ocrx_word' id='word_1_315' title='bbox 470 2555 579 2609; x_wconf 90' lang='lat' dir='ltr'><strong>quo</strong></span> <span class='ocrx_word' id='word_1_316' title='bbox 610 2556 726 2607; x_wconf 87' lang='lat' dir='ltr'><strong>eas,</strong></span> <span class='ocrx_word' id='word_1_317' title='bbox 757 2543 884 2612; x_wconf 91' lang='lat' dir='ltr'><strong>quid</strong></span> <span class='ocrx_word' id='word_1_318' title='bbox 920 2544 1195 2601; x_wconf 85' lang='lat' dir='ltr'><strong>moliaris?</strong></span> <span class='ocrx_word' id='word_1_319' title='bbox 1227 2547 1370 2603; x_wconf 90' lang='lat' dir='ltr'><strong>Dicis</strong></span> <span class='ocrx_word' id='word_1_320' title='bbox 1414 2551 1612 2619; x_wconf 86' lang='lat' dir='ltr'><strong>quippe</strong></span> <span class='ocrx_word' id='word_1_321' title='bbox 1643 2567 1656 2603; x_wconf 89' lang='lat'><strong>:</strong></span> <span class='ocrx_word' id='word_1_322' title='bbox 1701 2550 1884 2606; x_wconf 86' lang='lat' dir='ltr'><strong>Doluit</strong></span> 
     </span>
    </p>
   </div>
   <div class='ocr_carea' id='block_1_42' title="bbox 271 2626 1876 2710">
    <p class='ocr_par' dir='ltr' id='par_1_42' title="bbox 271 2626 1876 2710">
     <span class='ocr_line' id='line_1_42' title="bbox 271 2626 1876 2710; baseline 0.009 -25"><span class='ocrx_word' id='word_1_323' title='bbox 271 2632 421 2686; x_wconf 77' lang='lat' dir='ltr'><strong>sicut</strong></span> <span class='ocrx_word' id='word_1_324' title='bbox 453 2648 556 2701; x_wconf 89' lang='lat' dir='ltr'><strong>pro</strong></span> <span class='ocrx_word' id='word_1_325' title='bbox 586 2626 819 2703; x_wconf 70' lang='lat' dir='ltr'><strong>imagine</strong></span> <span class='ocrx_word' id='word_1_326' title='bbox 845 2650 939 2689; x_wconf 90' lang='lat' dir='ltr'><strong>sua</strong></span> <span class='ocrx_word' id='word_1_327' title='bbox 968 2637 1134 2705; x_wconf 86' lang='lat' dir='ltr'><strong>Deus,</strong></span> <span class='ocrx_word' id='word_1_328' title='bbox 1163 2641 1302 2695; x_wconf 90' lang='lat' dir='ltr'><strong>sicut</strong></span> <span class='ocrx_word' id='word_1_329' title='bbox 1334 2656 1430 2710; x_wconf 90' lang='lat' dir='ltr'><strong>pro</strong></span> <span class='ocrx_word' id='word_1_330' title='bbox 1459 2652 1633 2697; x_wconf 82' lang='lat' dir='ltr'><strong>statua</strong></span> <span class='ocrx_word' id='word_1_331' title='bbox 1657 2658 1751 2699; x_wconf 90' lang='lat' dir='ltr'><strong>sua</strong></span> <span class='ocrx_word' id='word_1_332' title='bbox 1776 2644 1876 2699; x_wconf 80' lang='lat' dir='ltr'><strong>im-</strong></span> 
     </span>
    </p>
   </div>
   <div class='ocr_carea' id='block_1_43' title="bbox 272 2732 1884 2801">
    <p class='ocr_par' dir='ltr' id='par_1_43' title="bbox 272 2732 1884 2801">
     <span class='ocr_line' id='line_1_43' title="bbox 272 2732 1884 2801; baseline 0.011 -26"><span class='ocrx_word' id='word_1_333' title='bbox 272 2733 524 2791; x_wconf 71' lang='lat' dir='ltr'><strong>paratur,</strong></span> <span class='ocrx_word' id='word_1_334' title='bbox 560 2734 615 2778; x_wconf 92' lang='lat' dir='ltr'><strong>et</strong></span> <span class='ocrx_word' id='word_1_335' title='bbox 643 2734 953 2795; x_wconf 86' lang='lat' dir='ltr'><strong>corruptam</strong></span> <span class='ocrx_word' id='word_1_336' title='bbox 990 2740 1205 2798; x_wconf 88' lang='lat' dir='ltr'><strong>reparat</strong></span> <span class='ocrx_word' id='word_1_337' title='bbox 1228 2732 1535 2801; x_wconf 83' lang='lat' dir='ltr'><strong>imaginem,</strong></span> <span class='ocrx_word' id='word_1_338' title='bbox 1571 2745 1622 2789; x_wconf 92' lang='lat' dir='ltr'><strong>et</strong></span> <span class='ocrx_word' id='word_1_339' title='bbox 1651 2736 1769 2791; x_wconf 88' lang='lat' dir='ltr'><strong>sine</strong></span> <span class='ocrx_word' id='word_1_340' title='bbox 1796 2751 1884 2791; x_wconf 83' lang='lat' dir='ltr'><strong>se-</strong></span> 
     </span>
    </p>
   </div>
   <div class='ocr_carea' id='block_1_44' title="bbox 271 2814 1879 2892">
    <p class='ocr_par' dir='ltr' id='par_1_44' title="bbox 271 2814 1879 2892">
     <span class='ocr_line' id='line_1_44' title="bbox 271 2814 1879 2892; baseline 0.009 -23"><span class='ocrx_word' id='word_1_341' title='bbox 271 2814 437 2869; x_wconf 77' lang='lat' dir='ltr'><strong>mine</strong></span> <span class='ocrx_word' id='word_1_342' title='bbox 453 2814 714 2872; x_wconf 79' lang='lat' dir='ltr'><strong>formavit</strong></span> <span class='ocrx_word' id='word_1_343' title='bbox 737 2818 803 2873; x_wconf 87' lang='lat' dir='ltr'><strong>de</strong></span> <span class='ocrx_word' id='word_1_344' title='bbox 834 2819 1056 2889; x_wconf 81' lang='lat' dir='ltr'><strong>Virgine</strong></span> <span class='ocrx_word' id='word_1_345' title='bbox 1085 2833 1354 2892; x_wconf 88' lang='lat' dir='ltr'><strong>naturam,</strong></span> <span class='ocrx_word' id='word_1_346' title='bbox 1406 2827 1699 2882; x_wconf 80' lang='lat' dir='ltr'><strong>secundum</strong></span> <span class='ocrx_word' id='word_1_347' title='bbox 1731 2829 1879 2883; x_wconf 91' lang='lat' dir='ltr'><strong>illum</strong></span> 
     </span>
    </p>
   </div>
   <div class='ocr_carea' id='block_1_45' title="bbox 267 2909 1883 2988">
    <p class='ocr_par' dir='ltr' id='par_1_45' title="bbox 267 2909 1883 2988">
     <span class='ocr_line' id='line_1_45' title="bbox 267 2909 1883 2988; baseline 0.007 -25"><span class='ocrx_word' id='word_1_348' title='bbox 267 2910 361 2977; x_wconf 80' lang='lat' dir='ltr'><strong>qui</strong></span> <span class='ocrx_word' id='word_1_349' title='bbox 403 2909 528 2963; x_wconf 89' lang='lat' dir='ltr'><strong>sine</strong></span> <span class='ocrx_word' id='word_1_350' title='bbox 548 2911 758 2967; x_wconf 82' lang='lat' dir='ltr'><strong>semine</strong></span> <span class='ocrx_word' id='word_1_351' title='bbox 780 2913 1024 2968; x_wconf 86' lang='lat' dir='ltr'><strong>nascitur</strong></span> <span class='ocrx_word' id='word_1_352' title='bbox 1054 2916 1242 2984; x_wconf 88' lang='lat' dir='ltr'><strong>Adam,</strong></span> <span class='ocrx_word' id='word_1_353' title='bbox 1274 2928 1328 2971; x_wconf 91' lang='lat' dir='ltr'><strong>et</strong></span> <span class='ocrx_word' id='word_1_354' title='bbox 1351 2935 1446 2988; x_wconf 87' lang='lat' dir='ltr'><strong>per</strong></span> <span class='ocrx_word' id='word_1_355' title='bbox 1488 2921 1758 2976; x_wconf 88' lang='lat' dir='ltr'><strong>hominem</strong></span> <span class='ocrx_word' id='word_1_356' title='bbox 1786 2925 1883 2974; x_wconf 84' lang='lat' dir='ltr'><strong>hu-</strong></span> 
     </span>
    </p>
   </div>
   <div class='ocr_carea' id='block_1_46' title="bbox 269 3008 1884 3085">
    <p class='ocr_par' dir='ltr' id='par_1_46' title="bbox 269 3008 1884 3085">
     <span class='ocr_line' id='line_1_46' title="bbox 269 3008 1884 3085; baseline 0.008 -32"><span class='ocrx_word' id='word_1_357' title='bbox 269 3016 503 3055; x_wconf 68' lang='lat' dir='ltr'><strong>manam</strong></span> <span class='ocrx_word' id='word_1_358' title='bbox 557 3013 803 3058; x_wconf 88' lang='lat' dir='ltr'><strong>naturam</strong></span> <span class='ocrx_word' id='word_1_359' title='bbox 862 3008 1121 3073; x_wconf 86' lang='lat' dir='ltr'><strong>suscitat;</strong></span> <span class='ocrx_word' id='word_1_360' title='bbox 1165 3011 1404 3077; x_wconf 83' lang='lat' dir='ltr'><strong>quoniam</strong></span> <span class='ocrx_word' id='word_1_361' title='bbox 1448 3014 1580 3065; x_wconf 87' lang='lat' dir='ltr'><strong>enim</strong></span> <span class='ocrx_word' id='word_1_362' title='bbox 1603 3030 1694 3085; x_wconf 84' lang='lat' dir='ltr'><strong>per</strong></span> <span class='ocrx_word' id='word_1_363' title='bbox 1722 3013 1884 3066; x_wconf 89' lang='lat' dir='ltr'><strong>homi-</strong></span> 
     </span>
    </p>
   </div>
   <div class='ocr_carea' id='block_1_47' title="bbox 269 3095 1883 3169">
    <p class='ocr_par' dir='ltr' id='par_1_47' title="bbox 269 3095 1883 3169">
     <span class='ocr_line' id='line_1_47' title="bbox 269 3095 1883 3169; baseline 0.008 -24"><span class='ocrx_word' id='word_1_364' title='bbox 269 3111 393 3146; x_wconf 83' lang='lat' dir='ltr'><strong>nem</strong></span> <span class='ocrx_word' id='word_1_365' title='bbox 440 3110 602 3163; x_wconf 83' lang='lat' dir='ltr'><strong>mors,</strong></span> <span class='ocrx_word' id='word_1_366' title='bbox 632 3095 748 3149; x_wconf 87' lang='lat' dir='ltr'><strong>ideo</strong></span> <span class='ocrx_word' id='word_1_367' title='bbox 791 3106 838 3150; x_wconf 83' lang='lat' dir='ltr'><strong>et</strong></span> <span class='ocrx_word' id='word_1_368' title='bbox 875 3114 967 3169; x_wconf 84' lang='lat' dir='ltr'><strong>per</strong></span> <span class='ocrx_word' id='word_1_369' title='bbox 1006 3100 1260 3154; x_wconf 80' lang='lat' dir='ltr'><strong>hominem</strong></span> <span class='ocrx_word' id='word_1_370' title='bbox 1298 3105 1604 3158; x_wconf 76' lang='lat' dir='ltr'><strong>resurrectio</strong></span> <span class='ocrx_word' id='word_1_371' title='bbox 1651 3116 1883 3158; x_wconf 70' lang='lat' dir='ltr'><strong>mortuo—</strong></span> 
     </span>
    </p>
   </div>
   <div class='ocr_carea' id='block_1_48' title="bbox 1983 1894 3582 1966">
    <p class='ocr_par' dir='ltr' id='par_1_48' title="bbox 1983 1894 3582 1966">
     <span class='ocr_line' id='line_1_48' title="bbox 1983 1894 3582 1966; baseline 0 -18"><span class='ocrx_word' id='word_1_372' title='bbox 1983 1908 2053 1948; x_wconf 90' lang='lat' dir='ltr'><strong>ne</strong></span> <span class='ocrx_word' id='word_1_373' title='bbox 2078 1894 2336 1949; x_wconf 89' lang='lat' dir='ltr'><strong>Dominus</strong></span> <span class='ocrx_word' id='word_1_374' title='bbox 2384 1895 2549 1950; x_wconf 88' lang='lat' dir='ltr'><strong>Jesus</strong></span> <span class='ocrx_word' id='word_1_375' title='bbox 2615 1894 2865 1950; x_wconf 88' lang='lat' dir='ltr'><strong>Christus</strong></span> <span class='ocrx_word' id='word_1_376' title='bbox 2911 1906 3003 1949; x_wconf 90' lang='lat' dir='ltr'><strong>aut</strong></span> <span class='ocrx_word' id='word_1_377' title='bbox 3056 1895 3228 1965; x_wconf 89' lang='lat' dir='ltr'><strong>major</strong></span> <span class='ocrx_word' id='word_1_378' title='bbox 3300 1898 3351 1951; x_wconf 89' lang='lat' dir='ltr'><strong>in</strong></span> <span class='ocrx_word' id='word_1_379' title='bbox 3402 1896 3582 1966; x_wconf 81' lang='lat' dir='ltr'><strong>aliquo</strong></span> 
     </span>
    </p>
   </div>
   <div class='ocr_carea' id='block_1_49' title="bbox 1983 1987 3578 2059">
    <p class='ocr_par' dir='ltr' id='par_1_49' title="bbox 1983 1987 3578 2059">
     <span class='ocr_line' id='line_1_49' title="bbox 1983 1987 3578 2059; baseline 0 -16"><span class='ocrx_word' id='word_1_380' title='bbox 1983 1987 2214 2053; x_wconf 83' lang='lat' dir='ltr'><strong>Adamo,</strong></span> <span class='ocrx_word' id='word_1_381' title='bbox 2241 1997 2334 2043; x_wconf 89' lang='lat' dir='ltr'><strong>aut</strong></span> <span class='ocrx_word' id='word_1_382' title='bbox 2364 1988 2501 2045; x_wconf 80' lang='lat' dir='ltr'><strong>forte</strong></span> <span class='ocrx_word' id='word_1_383' title='bbox 2530 1990 2721 2044; x_wconf 90' lang='lat' dir='ltr'><strong>melior</strong></span> <span class='ocrx_word' id='word_1_384' title='bbox 2752 1999 3065 2059; x_wconf 87' lang='lat' dir='ltr'><strong>putaretur;</strong></span> <span class='ocrx_word' id='word_1_385' title='bbox 3099 2005 3220 2044; x_wconf 91' lang='lat' dir='ltr'><strong>cum</strong></span> <span class='ocrx_word' id='word_1_386' title='bbox 3255 1990 3324 2044; x_wconf 90' lang='lat' dir='ltr'><strong>ita</strong></span> <span class='ocrx_word' id='word_1_387' title='bbox 3354 2005 3446 2043; x_wconf 82' lang='lat' dir='ltr'><strong>eos</strong></span> <span class='ocrx_word' id='word_1_388' title='bbox 3478 1990 3578 2043; x_wconf 72' lang='lat' dir='ltr'><strong>sibi</strong></span> 
     </span>
    </p>
   </div>
   <div class='ocr_carea' id='block_1_50' title="bbox 1984 2080 3581 2151">
    <p class='ocr_par' dir='ltr' id='par_1_50' title="bbox 1984 2080 3581 2151">
     <span class='ocr_line' id='line_1_50' title="bbox 1984 2080 3581 2151; baseline -0.001 -16"><span class='ocrx_word' id='word_1_389' title='bbox 1984 2080 2254 2135; x_wconf 86' lang='lat' dir='ltr'><strong>mensuris</strong></span> <span class='ocrx_word' id='word_1_390' title='bbox 2286 2081 2508 2151; x_wconf 89' lang='lat' dir='ltr'><strong>paribus</strong></span> <span class='ocrx_word' id='word_1_391' title='bbox 2562 2082 2990 2151; x_wconf 67' lang='lat' dir='ltr'><strong>comparat-eris,</strong></span> <span class='ocrx_word' id='word_1_392' title='bbox 3035 2093 3092 2135; x_wconf 89' lang='lat' dir='ltr'><strong>ut</strong></span> <span class='ocrx_word' id='word_1_393' title='bbox 3120 2081 3501 2150; x_wconf 87' lang='lat' dir='ltr'><strong>derogaturum</strong></span> <span class='ocrx_word' id='word_1_394' title='bbox 3528 2092 3581 2135; x_wconf 86' lang='lat' dir='ltr'><strong>te</strong></span> 
     </span>
    </p>
   </div>
   <div class='ocr_carea' id='block_1_51' title="bbox 1986 2171 3581 2243">
    <p class='ocr_par' dir='ltr' id='par_1_51' title="bbox 1986 2171 3581 2243">
     <span class='ocr_line' id='line_1_51' title="bbox 1986 2171 3581 2243; baseline 0.001 -18"><span class='ocrx_word' id='word_1_395' title='bbox 1986 2172 2387 2241; x_wconf 89' lang='lat' dir='ltr'><strong>quodammodo</strong></span> <span class='ocrx_word' id='word_1_396' title='bbox 2418 2173 2549 2227; x_wconf 76' lang='lat' dir='ltr'><strong>Atla:</strong></span> <span class='ocrx_word' id='word_1_397' title='bbox 2575 2174 2773 2243; x_wconf 89' lang='lat' dir='ltr'><strong>aliquid</strong></span> <span class='ocrx_word' id='word_1_398' title='bbox 2831 2172 3110 2240; x_wconf 87' lang='lat' dir='ltr'><strong>crederes,</strong></span> <span class='ocrx_word' id='word_1_399' title='bbox 3145 2173 3189 2227; x_wconf 84' lang='lat' dir='ltr'><strong>si</strong></span> <span class='ocrx_word' id='word_1_400' title='bbox 3221 2171 3395 2227; x_wconf 92' lang='lat' dir='ltr'><strong>eidem</strong></span> <span class='ocrx_word' id='word_1_401' title='bbox 3421 2172 3581 2242; x_wconf 89' lang='lat' dir='ltr'><strong>quid-</strong></span> 
     </span>
    </p>
   </div>
   <div class='ocr_carea' id='block_1_52' title="bbox 1990 2266 2512 2335">
    <p class='ocr_par' dir='ltr' id='par_1_52' title="bbox 1990 2266 2512 2335">
     <span class='ocr_line' id='line_1_52' title="bbox 1990 2266 2512 2335; baseline 0.004 -18"><span class='ocrx_word' id='word_1_402' title='bbox 1990 2267 2130 2335; x_wconf 87' lang='lat' dir='ltr'><strong>piam</strong></span> <span class='ocrx_word' id='word_1_403' title='bbox 2159 2266 2512 2335; x_wconf 66' lang='lat' dir='ltr'><strong>praatulisses.</strong></span> 
     </span>
    </p>
   </div>
   <div class='ocr_carea' id='block_1_53' title="bbox 2590 2356 2968 2413">
    <p class='ocr_par' dir='ltr' id='par_1_53' title="bbox 2590 2356 2968 2413">
     <span class='ocr_line' id='line_1_53' title="bbox 2590 2356 2968 2413; baseline -0.005 -2"><span class='ocrx_word' id='word_1_404' title='bbox 2590 2356 2816 2413; x_wconf 79' lang='lat' dir='ltr'><strong>CAPUT</strong></span> <span class='ocrx_word' id='word_1_405' title='bbox 2858 2356 2968 2412; x_wconf 76' lang='grc' dir='ltr'>ιἰι.</span> 
     </span>
    </p>
   </div>
   <div class='ocr_carea' id='block_1_54' title="bbox 1990 2449 3580 2522">
    <p class='ocr_par' dir='ltr' id='par_1_54' title="bbox 1990 2449 3580 2522">
     <span class='ocr_line' id='line_1_54' title="bbox 1990 2449 3580 2522; baseline 0.001 -19"><span class='ocrx_word' id='word_1_406' title='bbox 1990 2449 2233 2503; x_wconf 75' lang='grc' dir='ltr'><strong>ΙΙιιινειίοί</strong></span> <span class='ocrx_word' id='word_1_407' title='bbox 2277 2450 2520 2521; x_wconf 83' lang='lat' dir='ltr'><strong>dogmata</strong></span> <span class='ocrx_word' id='word_1_408' title='bbox 2548 2467 2642 2505; x_wconf 87' lang='lat' dir='ltr'><strong>sua</strong></span> <span class='ocrx_word' id='word_1_409' title='bbox 2682 2451 2869 2505; x_wconf 71' lang='lat' dir='ltr'><strong>divinae</strong></span> <span class='ocrx_word' id='word_1_410' title='bbox 2900 2452 3192 2519; x_wconf 70' lang='lat' dir='ltr'><strong>Scriptura</strong></span> <span class='ocrx_word' id='word_1_411' title='bbox 3224 2450 3386 2519; x_wconf 81' lang='lat' dir='ltr'><strong>pallio</strong></span> <span class='ocrx_word' id='word_1_412' title='bbox 3416 2462 3580 2522; x_wconf 81' lang='lat' dir='ltr'><strong>tegere</strong></span> 
     </span>
    </p>
   </div>
   <div class='ocr_carea' id='block_1_55' title="bbox 2596 2532 2986 2576">
    <p class='ocr_par' dir='ltr' id='par_1_55' title="bbox 2596 2532 2986 2576">
     <span class='ocr_line' id='line_1_55' title="bbox 2596 2532 2986 2576; baseline 0 -1"><span class='ocrx_word' id='word_1_413' title='bbox 2596 2532 2986 2576; x_wconf 84' lang='lat' dir='ltr'><strong>consueverunt.</strong></span> 
     </span>
    </p>
   </div>
   <div class='ocr_carea' id='block_1_56' title="bbox 2060 2636 3581 2708">
    <p class='ocr_par' dir='ltr' id='par_1_56' title="bbox 2060 2636 3581 2708">
     <span class='ocr_line' id='line_1_56' title="bbox 2060 2636 3581 2708; baseline -0.003 -17"><span class='ocrx_word' id='word_1_414' title='bbox 2060 2638 2316 2703; x_wconf 83' lang='lat' dir='ltr'><strong>Quoniam</strong></span> <span class='ocrx_word' id='word_1_415' title='bbox 2345 2637 2480 2691; x_wconf 88' lang='lat' dir='ltr'><strong>enim</strong></span> <span class='ocrx_word' id='word_1_416' title='bbox 2500 2680 2512 2702; x_wconf 78' lang='lat'><strong>,</strong></span> <span class='ocrx_word' id='word_1_417' title='bbox 2540 2636 2715 2707; x_wconf 88' lang='lat' dir='ltr'><strong>inquis</strong></span> <span class='ocrx_word' id='word_1_418' title='bbox 2734 2679 2746 2702; x_wconf 94' lang='lat'><strong>,</strong></span> <span class='ocrx_word' id='word_1_419' title='bbox 2774 2654 2865 2708; x_wconf 85' lang='lat' dir='ltr'><strong>per</strong></span> <span class='ocrx_word' id='word_1_420' title='bbox 2904 2638 3162 2691; x_wconf 75' lang='lat' dir='ltr'><strong>hominem</strong></span> <span class='ocrx_word' id='word_1_421' title='bbox 3198 2655 3361 2703; x_wconf 89' lang='lat' dir='ltr'><strong>mors,</strong></span> <span class='ocrx_word' id='word_1_422' title='bbox 3395 2637 3508 2691; x_wconf 84' lang='lat' dir='ltr'><strong>ideo</strong></span> <span class='ocrx_word' id='word_1_423' title='bbox 3535 2646 3581 2690; x_wconf 86' lang='lat' dir='ltr'><strong>et</strong></span> 
     </span>
    </p>
   </div>
   <div class='ocr_carea' id='block_1_57' title="bbox 1987 2729 3579 2798">
    <p class='ocr_par' dir='ltr' id='par_1_57' title="bbox 1987 2729 3579 2798">
     <span class='ocr_line' id='line_1_57' title="bbox 1987 2729 3579 2798; baseline -0.003 -15"><span class='ocrx_word' id='word_1_424' title='bbox 1987 2748 2071 2798; x_wconf 86' lang='lat' dir='ltr'><strong>per</strong></span> <span class='ocrx_word' id='word_1_425' title='bbox 2096 2730 2350 2783; x_wconf 80' lang='lat' dir='ltr'><strong>hominem</strong></span> <span class='ocrx_word' id='word_1_426' title='bbox 2382 2730 2687 2782; x_wconf 82' lang='lat' dir='ltr'><strong>resurrectio</strong></span> <span class='ocrx_word' id='word_1_427' title='bbox 2718 2738 3059 2795; x_wconf 85' lang='lat' dir='ltr'><strong>mortuorum.</strong></span> <span class='ocrx_word' id='word_1_428' title='bbox 3086 2729 3341 2793; x_wconf 76' lang='lat' dir='ltr'><strong>Etiamne</strong></span> <span class='ocrx_word' id='word_1_429' title='bbox 3363 2740 3579 2796; x_wconf 83' lang='lat' dir='ltr'><strong>aposto-</strong></span> 
     </span>
    </p>
   </div>
   <div class='ocr_carea' id='block_1_58' title="bbox 1985 2820 3580 2891">
    <p class='ocr_par' dir='ltr' id='par_1_58' title="bbox 1985 2820 3580 2891">
     <span class='ocr_line' id='line_1_58' title="bbox 1985 2820 3580 2891; baseline 0.001 -16"><span class='ocrx_word' id='word_1_430' title='bbox 1985 2823 2089 2876; x_wconf 83' lang='lat' dir='ltr'><strong>lico</strong></span> <span class='ocrx_word' id='word_1_431' title='bbox 2120 2823 2428 2877; x_wconf 88' lang='lat' dir='ltr'><strong>testimonio</strong></span> <span class='ocrx_word' id='word_1_432' title='bbox 2448 2822 2857 2890; x_wconf 83' lang='lat' dir='ltr'><strong>perversitatem</strong></span> <span class='ocrx_word' id='word_1_433' title='bbox 2887 2821 3147 2881; x_wconf 86' lang='lat' dir='ltr'><strong>acscclus</strong></span> <span class='ocrx_word' id='word_1_434' title='bbox 3179 2821 3409 2891; x_wconf 86' lang='lat' dir='ltr'><strong>probare</strong></span> <span class='ocrx_word' id='word_1_435' title='bbox 3440 2820 3580 2877; x_wconf 86' lang='lat' dir='ltr'><strong>nite-</strong></span> 
     </span>
    </p>
   </div>
   <div class='ocr_carea' id='block_1_59' title="bbox 1986 2913 3573 2985">
    <p class='ocr_par' dir='ltr' id='par_1_59' title="bbox 1986 2913 3573 2985">
     <span class='ocr_line' id='line_1_59' title="bbox 1986 2913 3573 2985; baseline -0.001 -16"><span class='ocrx_word' id='word_1_436' title='bbox 1986 2915 2098 2970; x_wconf 82' lang='lat' dir='ltr'><strong>ris?</strong></span> <span class='ocrx_word' id='word_1_437' title='bbox 2126 2926 2179 2970; x_wconf 88' lang='lat' dir='ltr'><strong>et</strong></span> <span class='ocrx_word' id='word_1_438' title='bbox 2200 2913 2842 2985; x_wconf 72' lang='lat' dir='ltr'><strong>contagione‘impictatis</strong></span> <span class='ocrx_word' id='word_1_439' title='bbox 2874 2926 2975 2967; x_wconf 77' lang='lat' dir='ltr'><strong>tua:</strong></span> <span class='ocrx_word' id='word_1_440' title='bbox 3032 2913 3137 2967; x_wconf 82' lang='lat' dir='ltr'><strong>Vas</strong></span> <span class='ocrx_word' id='word_1_441' title='bbox 3180 2913 3460 2968; x_wconf 83' lang='lat' dir='ltr'><strong>cloelionis</strong></span> <span class='ocrx_word' id='word_1_442' title='bbox 3491 2914 3573 2967; x_wconf 86' lang='lat' dir='ltr'><strong>in-</strong></span> 
     </span>
    </p>
   </div>
   <div class='ocr_carea' id='block_1_60' title="bbox 1988 3006 3573 3077">
    <p class='ocr_par' dir='ltr' id='par_1_60' title="bbox 1988 3006 3573 3077">
     <span class='ocr_line' id='line_1_60' title="bbox 1988 3006 3573 3077; baseline -0.001 -14"><span class='ocrx_word' id='word_1_443' title='bbox 1988 3009 2156 3063; x_wconf 81' lang='lat' dir='ltr'><strong>lamas</strong></span> <span class='ocrx_word' id='word_1_444' title='bbox 2177 3008 2199 3061; x_wconf 81' lang='lat' dir='ltr'><strong>&#39;l</strong></span> <span class='ocrx_word' id='word_1_445' title='bbox 2222 3008 2492 3073; x_wconf 82' lang='lat' dir='ltr'><strong>videlicet,</strong></span> <span class='ocrx_word' id='word_1_446' title='bbox 2522 3016 2599 3074; x_wconf 94' lang='lat' dir='ltr'><strong>ut,</strong></span> <span class='ocrx_word' id='word_1_447' title='bbox 2631 3008 2755 3077; x_wconf 90' lang='lat' dir='ltr'><strong>quia</strong></span> <span class='ocrx_word' id='word_1_448' title='bbox 2780 3022 2806 3058; x_wconf 82' lang='lat' dir='ltr'><strong>a</strong></span> <span class='ocrx_word' id='word_1_449' title='bbox 2840 3016 2891 3060; x_wconf 93' lang='lat' dir='ltr'><strong>te</strong></span> <span class='ocrx_word' id='word_1_450' title='bbox 2914 3016 3101 3061; x_wconf 86' lang='lat' dir='ltr'><strong>auctor</strong></span> <span class='ocrx_word' id='word_1_451' title='bbox 3124 3006 3315 3061; x_wconf 86' lang='lat' dir='ltr'><strong>salutis</strong></span> <span class='ocrx_word' id='word_1_452' title='bbox 3341 3018 3443 3059; x_wconf 73' lang='lat' dir='ltr'><strong>tua:</strong></span> <span class='ocrx_word' id='word_1_453' title='bbox 3468 3022 3573 3061; x_wconf 90' lang='lat' dir='ltr'><strong>non</strong></span> 
     </span>
    </p>
   </div>
   <div class='ocr_carea' id='block_1_61' title="bbox 1988 3100 3582 3172">
    <p class='ocr_par' dir='ltr' id='par_1_61' title="bbox 1988 3100 3582 3172">
     <span class='ocr_line' id='line_1_61' title="bbox 1988 3100 3582 3172; baseline 0.001 -16"><span class='ocrx_word' id='word_1_454' title='bbox 1988 3102 2322 3172; x_wconf 88' lang='lat' dir='ltr'><strong>intelligitur,</strong></span> <span class='ocrx_word' id='word_1_455' title='bbox 2358 3101 2561 3155; x_wconf 87' lang='lat' dir='ltr'><strong>idcirco</strong></span> <span class='ocrx_word' id='word_1_456' title='bbox 2595 3100 2756 3153; x_wconf 89' lang='lat' dir='ltr'><strong>etiam</strong></span> <span class='ocrx_word' id='word_1_457' title='bbox 2812 3100 3097 3169; x_wconf 82' lang='lat' dir='ltr'><strong>Apostolus</strong></span> <span class='ocrx_word' id='word_1_458' title='bbox 3139 3101 3305 3153; x_wconf 87' lang='lat' dir='ltr'><strong>Deum</strong></span> <span class='ocrx_word' id='word_1_459' title='bbox 3349 3115 3582 3169; x_wconf 80' lang='lat' dir='ltr'><strong>negasse.</strong></span> 
     </span>
    </p>
   </div>
   <div class='ocr_carea' id='block_1_62' title="bbox 267 3185 3578 3265">
    <p class='ocr_par' dir='ltr' id='par_1_62' title="bbox 267 3185 3578 3265">
     <span class='ocr_line' id='line_1_62' title="bbox 267 3185 3578 3265; baseline 0.003 -30"><span class='ocrx_word' id='word_1_460' title='bbox 267 3202 420 3236; x_wconf 80' lang='lat' dir='ltr'><strong>rum.</strong></span> <span class='ocrx_word' id='word_1_461' title='bbox 455 3185 570 3241; x_wconf 87' lang='lat' dir='ltr'><strong>lloc</strong></span> <span class='ocrx_word' id='word_1_462' title='bbox 598 3201 732 3256; x_wconf 83' lang='lat' dir='ltr'><strong>ergo</strong></span> <span class='ocrx_word' id='word_1_463' title='bbox 775 3197 923 3242; x_wconf 88' lang='lat' dir='ltr'><strong>tanto</strong></span> <span class='ocrx_word' id='word_1_464' title='bbox 961 3192 1163 3261; x_wconf 91' lang='lat' dir='ltr'><strong>studio,</strong></span> <span class='ocrx_word' id='word_1_465' title='bbox 1207 3192 1308 3248; x_wconf 92' lang='lat' dir='ltr'><strong>hoc</strong></span> <span class='ocrx_word' id='word_1_466' title='bbox 1336 3201 1487 3248; x_wconf 88' lang='lat' dir='ltr'><strong>tanto</strong></span> <span class='ocrx_word' id='word_1_467' title='bbox 1531 3203 1655 3251; x_wconf 88' lang='lat' dir='ltr'><strong>actu</strong></span> <span class='ocrx_word' id='word_1_468' title='bbox 1688 3196 1881 3265; x_wconf 73' lang='lat' dir='ltr'><strong>przelo-</strong></span> <span class='ocrx_word' id='word_1_469' title='bbox 1912 3198 1957 3260; x_wconf 90' lang='lat' dir='ltr'><strong>C</strong></span> <span class='ocrx_word' id='word_1_470' title='bbox 1991 3198 2251 3252; x_wconf 88' lang='lat' dir='ltr'><strong>videatur.</strong></span> <span class='ocrx_word' id='word_1_471' title='bbox 2294 3196 2359 3251; x_wconf 84' lang='lat' dir='ltr'><strong>Et</strong></span> <span class='ocrx_word' id='word_1_472' title='bbox 2409 3204 2616 3262; x_wconf 89' lang='lat' dir='ltr'><strong>tamen,</strong></span> <span class='ocrx_word' id='word_1_473' title='bbox 2655 3194 2699 3249; x_wconf 90' lang='lat' dir='ltr'><strong>si</strong></span> <span class='ocrx_word' id='word_1_474' title='bbox 2749 3194 3081 3264; x_wconf 80' lang='lat' dir='ltr'><strong>Apostolicis</strong></span> <span class='ocrx_word' id='word_1_475' title='bbox 3135 3194 3459 3249; x_wconf 86' lang='lat' dir='ltr'><strong>testimoniis</strong></span> <span class='ocrx_word' id='word_1_476' title='bbox 3501 3197 3578 3247; x_wconf 87' lang='lat' dir='ltr'><strong>uti</strong></span> 
     </span>
    </p>
   </div>
   <div class='ocr_carea' id='block_1_63' title="bbox 269 3276 1873 3356">
    <p class='ocr_par' dir='ltr' id='par_1_63' title="bbox 269 3276 1873 3356">
     <span class='ocr_line' id='line_1_63' title="bbox 269 3276 1873 3356; baseline 0.009 -28"><span class='ocrx_word' id='word_1_477' title='bbox 269 3276 603 3331; x_wconf 85' lang='lat' dir='ltr'><strong>cutionibus</strong></span> <span class='ocrx_word' id='word_1_478' title='bbox 636 3278 844 3335; x_wconf 85' lang='lat' dir='ltr'><strong>blandis</strong></span> <span class='ocrx_word' id='word_1_479' title='bbox 870 3280 1031 3337; x_wconf 78' lang='lat' dir='ltr'><strong>fallax</strong></span> <span class='ocrx_word' id='word_1_480' title='bbox 1066 3284 1347 3339; x_wconf 77' lang='lat' dir='ltr'><strong>insidiator</strong></span> <span class='ocrx_word' id='word_1_481' title='bbox 1386 3287 1567 3356; x_wconf 88' lang='lat' dir='ltr'><strong>egisti,</strong></span> <span class='ocrx_word' id='word_1_482' title='bbox 1598 3296 1656 3342; x_wconf 90' lang='lat' dir='ltr'><strong>ut</strong></span> <span class='ocrx_word' id='word_1_483' title='bbox 1706 3288 1873 3343; x_wconf 87' lang='lat' dir='ltr'><strong>Deum</strong></span> 
     </span>
    </p>
   </div>
   <div class='ocr_carea' id='block_1_64' title="bbox 272 3367 1875 3440">
    <p class='ocr_par' dir='ltr' id='par_1_64' title="bbox 272 3367 1875 3440">
     <span class='ocr_line' id='line_1_64' title="bbox 272 3367 1875 3440; baseline 0.009 -19"><span class='ocrx_word' id='word_1_484' title='bbox 272 3367 325 3421; x_wconf 89' lang='lat' dir='ltr'><strong>in</strong></span> <span class='ocrx_word' id='word_1_485' title='bbox 374 3368 823 3435; x_wconf 69' lang='lat' dir='ltr'><strong>praecedentibus</strong></span> <span class='ocrx_word' id='word_1_486' title='bbox 852 3374 1155 3440; x_wconf 83' lang='lat' dir='ltr'><strong>nominans,</strong></span> <span class='ocrx_word' id='word_1_487' title='bbox 1184 3377 1249 3431; x_wconf 88' lang='lat' dir='ltr'><strong>ad</strong></span> <span class='ocrx_word' id='word_1_488' title='bbox 1284 3378 1556 3433; x_wconf 92' lang='lat' dir='ltr'><strong>hominem</strong></span> <span class='ocrx_word' id='word_1_489' title='bbox 1590 3380 1641 3433; x_wconf 94' lang='lat' dir='ltr'><strong>in</strong></span> <span class='ocrx_word' id='word_1_490' title='bbox 1683 3395 1875 3436; x_wconf 85' lang='lat' dir='ltr'><strong>conse-</strong></span> 
     </span>
    </p>
   </div>
   <div class='ocr_carea' id='block_1_65' title="bbox 272 3461 1879 3539">
    <p class='ocr_par' dir='ltr' id='par_1_65' title="bbox 272 3461 1879 3539">
     <span class='ocr_line' id='line_1_65' title="bbox 272 3461 1879 3539; baseline 0.01 -28"><span class='ocrx_word' id='word_1_491' title='bbox 272 3461 582 3526; x_wconf 82' lang='lat' dir='ltr'><strong>quentibus</strong></span> <span class='ocrx_word' id='word_1_492' title='bbox 618 3464 960 3534; x_wconf 82' lang='lat' dir='ltr'><strong>pervenires;</strong></span> <span class='ocrx_word' id='word_1_493' title='bbox 985 3475 1040 3520; x_wconf 85' lang='lat' dir='ltr'><strong>et</strong></span> <span class='ocrx_word' id='word_1_494' title='bbox 1068 3483 1189 3523; x_wconf 90' lang='lat' dir='ltr'><strong>cum</strong></span> <span class='ocrx_word' id='word_1_495' title='bbox 1238 3469 1412 3539; x_wconf 85' lang='lat' dir='ltr'><strong>ipsum</strong></span> <span class='ocrx_word' id='word_1_496' title='bbox 1445 3471 1670 3526; x_wconf 85' lang='lat' dir='ltr'><strong>solitarii</strong></span> <span class='ocrx_word' id='word_1_497' title='bbox 1702 3472 1879 3527; x_wconf 87' lang='lat' dir='ltr'><strong>homi-</strong></span> 
     </span>
    </p>
   </div>
   <div class='ocr_carea' id='block_1_66' title="bbox 276 3554 1882 3629">
    <p class='ocr_par' dir='ltr' id='par_1_66' title="bbox 276 3554 1882 3629">
     <span class='ocr_line' id='line_1_66' title="bbox 276 3554 1882 3629; baseline 0.007 -22"><span class='ocrx_word' id='word_1_498' title='bbox 276 3554 357 3607; x_wconf 68' lang='lat' dir='ltr'><strong>nis</strong></span> <span class='ocrx_word' id='word_1_499' title='bbox 385 3557 722 3611; x_wconf 75' lang='lat' dir='ltr'><strong>contuinella</strong></span> <span class='ocrx_word' id='word_1_500' title='bbox 753 3568 872 3627; x_wconf 91' lang='lat' dir='ltr'><strong>post</strong></span> <span class='ocrx_word' id='word_1_501' title='bbox 898 3559 1162 3629; x_wconf 79' lang='lat' dir='ltr'><strong>alliceres,</strong></span> <span class='ocrx_word' id='word_1_502' title='bbox 1186 3564 1274 3618; x_wconf 90' lang='lat' dir='ltr'><strong>cui</strong></span> <span class='ocrx_word' id='word_1_503' title='bbox 1307 3563 1546 3618; x_wconf 76' lang='lat' dir='ltr'><strong>subdola:</strong></span> <span class='ocrx_word' id='word_1_504' title='bbox 1565 3565 1882 3620; x_wconf 69' lang='lat' dir='ltr'><strong>humilitatis</strong></span> 
     </span>
    </p>
   </div>
   <div class='ocr_carea' id='block_1_67' title="bbox 275 3648 1877 3727">
    <p class='ocr_par' dir='ltr' id='par_1_67' title="bbox 275 3648 1877 3727">
     <span class='ocr_line' id='line_1_67' title="bbox 275 3648 1877 3727; baseline 0.006 -26"><span class='ocrx_word' id='word_1_505' title='bbox 275 3648 466 3704; x_wconf 73' lang='lat' dir='ltr'><strong>elﬁcio</strong></span> <span class='ocrx_word' id='word_1_506' title='bbox 486 3649 753 3706; x_wconf 82' lang='lat' dir='ltr'><strong>honorem</strong></span> <span class='ocrx_word' id='word_1_507' title='bbox 790 3653 881 3709; x_wconf 89' lang='lat' dir='ltr'><strong>Dei</strong></span> <span class='ocrx_word' id='word_1_508' title='bbox 905 3661 1032 3709; x_wconf 81' lang='lat' dir='ltr'><strong>ante</strong></span> <span class='ocrx_word' id='word_1_509' title='bbox 1052 3654 1360 3712; x_wconf 80' lang='lat' dir='ltr'><strong>detulisses.</strong></span> <span class='ocrx_word' id='word_1_510' title='bbox 1400 3658 1545 3713; x_wconf 80' lang='lat' dir='ltr'><strong>Dicis</strong></span> <span class='ocrx_word' id='word_1_511' title='bbox 1568 3673 1698 3727; x_wconf 82' lang='lat' dir='ltr'><strong>ergo</strong></span> <span class='ocrx_word' id='word_1_512' title='bbox 1736 3660 1877 3727; x_wconf 90' lang='lat' dir='ltr'><strong>quod</strong></span> 
     </span>
    </p>
   </div>
   <div class='ocr_carea' id='block_1_68' title="bbox 278 3738 1871 3820">
    <p class='ocr_par' dir='ltr' id='par_1_68' title="bbox 278 3738 1871 3820">
     <span class='ocr_line' id='line_1_68' title="bbox 278 3738 1871 3820; baseline 0.008 -29"><span class='ocrx_word' id='word_1_513' title='bbox 278 3738 580 3812; x_wconf 79' lang='lat' dir='ltr'><strong>imaginem</strong></span> <span class='ocrx_word' id='word_1_514' title='bbox 623 3743 743 3814; x_wconf 87' lang='lat' dir='ltr'><strong>Dei,</strong></span> <span class='ocrx_word' id='word_1_515' title='bbox 774 3762 935 3815; x_wconf 88' lang='lat' dir='ltr'><strong>quam</strong></span> <span class='ocrx_word' id='word_1_516' title='bbox 978 3747 1223 3804; x_wconf 89' lang='lat' dir='ltr'><strong>diabolus</strong></span> <span class='ocrx_word' id='word_1_517' title='bbox 1255 3748 1544 3820; x_wconf 73' lang='lat' dir='ltr'><strong>proiecerit</strong></span> <span class='ocrx_word' id='word_1_518' title='bbox 1594 3752 1649 3806; x_wconf 93' lang='lat' dir='ltr'><strong>in</strong></span> <span class='ocrx_word' id='word_1_519' title='bbox 1687 3766 1871 3806; x_wconf 23' lang='lat' dir='ltr'><strong>corrur</strong></span> 
     </span>
    </p>
   </div>
   <div class='ocr_carea' id='block_1_69' title="bbox 1986 3287 3580 3360">
    <p class='ocr_par' dir='ltr' id='par_1_69' title="bbox 1986 3287 3580 3360">
     <span class='ocr_line' id='line_1_69' title="bbox 1986 3287 3580 3360; baseline -0.002 -17"><span class='ocrx_word' id='word_1_520' title='bbox 1986 3290 2247 3360; x_wconf 70' lang='lat' dir='ltr'><strong>placebat.</strong></span> <span class='ocrx_word' id='word_1_521' title='bbox 2272 3305 2370 3343; x_wconf 91' lang='lat' dir='ltr'><strong>cur</strong></span> <span class='ocrx_word' id='word_1_522' title='bbox 2412 3303 2518 3342; x_wconf 91' lang='lat' dir='ltr'><strong>uno</strong></span> <span class='ocrx_word' id='word_1_523' title='bbox 2564 3288 2680 3357; x_wconf 87' lang='lat' dir='ltr'><strong>ejus</strong></span> <span class='ocrx_word' id='word_1_524' title='bbox 2737 3296 3024 3348; x_wconf 82' lang='lat' dir='ltr'><strong>contentus</strong></span> <span class='ocrx_word' id='word_1_525' title='bbox 3052 3301 3245 3342; x_wconf 88' lang='lat' dir='ltr'><strong>cuncta</strong></span> <span class='ocrx_word' id='word_1_526' title='bbox 3278 3287 3491 3349; x_wconf 86' lang='lat' dir='ltr'><strong>siluisti,</strong></span> <span class='ocrx_word' id='word_1_527' title='bbox 3525 3297 3580 3340; x_wconf 87' lang='lat' dir='ltr'><strong>et</strong></span> 
     </span>
    </p>
   </div>
   <div class='ocr_carea' id='block_1_70' title="bbox 1987 3378 3580 3447">
    <p class='ocr_par' dir='ltr' id='par_1_70' title="bbox 1987 3378 3580 3447">
     <span class='ocr_line' id='line_1_70' title="bbox 1987 3378 3580 3447; baseline -0.004 -10"><span class='ocrx_word' id='word_1_528' title='bbox 1987 3384 2090 3437; x_wconf 90' lang='lat' dir='ltr'><strong>hoc</strong></span> <span class='ocrx_word' id='word_1_529' title='bbox 2124 3396 2229 3437; x_wconf 89' lang='lat' dir='ltr'><strong>non</strong></span> <span class='ocrx_word' id='word_1_530' title='bbox 2261 3381 2548 3436; x_wconf 82' lang='lat' dir='ltr'><strong>subdidisti</strong></span> <span class='ocrx_word' id='word_1_531' title='bbox 2581 3380 2759 3434; x_wconf 87' lang='lat' dir='ltr'><strong>statim</strong></span> <span class='ocrx_word' id='word_1_532' title='bbox 2798 3398 2812 3433; x_wconf 88' lang='lat'><strong><em>:</em></strong></span> <span class='ocrx_word' id='word_1_533' title='bbox 2850 3379 3046 3433; x_wconf 80' lang='lat' dir='ltr'><strong>Paulus</strong></span> <span class='ocrx_word' id='word_1_534' title='bbox 3096 3382 3360 3447; x_wconf 88' lang='lat' dir='ltr'><strong>apostolus</strong></span> <span class='ocrx_word' id='word_1_535' title='bbox 3391 3381 3454 3431; x_wconf 84' lang='lat' dir='ltr'><strong>ab</strong></span> <span class='ocrx_word' id='word_1_536' title='bbox 3484 3378 3580 3431; x_wconf 86' lang='lat' dir='ltr'><strong>ho-</strong></span> 
     </span>
    </p>
   </div>
   <div class='ocr_carea' id='block_1_71' title="bbox 1987 3470 3578 3545">
    <p class='ocr_par' dir='ltr' id='par_1_71' title="bbox 1987 3470 3578 3545">
     <span class='ocr_line' id='line_1_71' title="bbox 1987 3470 3578 3545; baseline -0.003 -17"><span class='ocrx_word' id='word_1_537' title='bbox 1987 3474 2206 3529; x_wconf 88' lang='lat' dir='ltr'><strong>minibus</strong></span> <span class='ocrx_word' id='word_1_538' title='bbox 2237 3490 2398 3545; x_wconf 81' lang='lat' dir='ltr'><strong>neque</strong></span> <span class='ocrx_word' id='word_1_539' title='bbox 2423 3490 2512 3543; x_wconf 82' lang='lat' dir='ltr'><strong>per</strong></span> <span class='ocrx_word' id='word_1_540' title='bbox 2549 3474 2834 3539; x_wconf 81' lang='lat' dir='ltr'><strong>hominem,</strong></span> <span class='ocrx_word' id='word_1_541' title='bbox 2867 3474 2955 3526; x_wconf 89' lang='lat' dir='ltr'><strong>sed</strong></span> <span class='ocrx_word' id='word_1_542' title='bbox 2983 3488 3072 3543; x_wconf 86' lang='lat' dir='ltr'><strong>per</strong></span> <span class='ocrx_word' id='word_1_543' title='bbox 3098 3470 3275 3527; x_wconf 86' lang='lat' dir='ltr'><strong>Jesum</strong></span> <span class='ocrx_word' id='word_1_544' title='bbox 3316 3470 3578 3525; x_wconf 80' lang='lat' dir='ltr'><strong>Christum</strong></span> 
     </span>
    </p>
   </div>
   <div class='ocr_carea' id='block_1_72' title="bbox 1987 3564 3578 3638">
    <p class='ocr_par' dir='ltr' id='par_1_72' title="bbox 1987 3564 3578 3638">
     <span class='ocr_line' id='line_1_72' title="bbox 1987 3564 3578 3638; baseline -0.004 -17"><span class='ocrx_word' id='word_1_545' title='bbox 1987 3565 2185 3638; x_wconf 83' lang='lat' dir='ltr'><strong>(Colat.</strong></span> <span class='ocrx_word' id='word_1_546' title='bbox 2220 3566 2299 3635; x_wconf 82' lang='lat' dir='ltr'><strong>t)?</strong></span> <span class='ocrx_word' id='word_1_547' title='bbox 2326 3575 2418 3619; x_wconf 89' lang='lat' dir='ltr'><strong>aut</strong></span> <span class='ocrx_word' id='word_1_548' title='bbox 2450 3564 2579 3621; x_wconf 89' lang='lat' dir='ltr'><strong>illud</strong></span> <span class='ocrx_word' id='word_1_549' title='bbox 2612 3582 2623 3617; x_wconf 92' lang='lat'><strong>:</strong></span> <span class='ocrx_word' id='word_1_550' title='bbox 2661 3564 2982 3631; x_wconf 81' lang='lat' dir='ltr'><strong>Sapientiam</strong></span> <span class='ocrx_word' id='word_1_551' title='bbox 3014 3564 3273 3631; x_wconf 83' lang='lat' dir='ltr'><strong>loquimur</strong></span> <span class='ocrx_word' id='word_1_552' title='bbox 3301 3564 3433 3616; x_wconf 84' lang='lat' dir='ltr'><strong>inter</strong></span> <span class='ocrx_word' id='word_1_553' title='bbox 3461 3581 3578 3631; x_wconf 81' lang='lat' dir='ltr'><strong>per-</strong></span> 
     </span>
    </p>
   </div>
   <div class='ocr_carea' id='block_1_73' title="bbox 1989 3653 3574 3727">
    <p class='ocr_par' dir='ltr' id='par_1_73' title="bbox 1989 3653 3574 3727">
     <span class='ocr_line' id='line_1_73' title="bbox 1989 3653 3574 3727; baseline -0.002 -16"><span class='ocrx_word' id='word_1_554' title='bbox 1989 3662 2147 3727; x_wconf 81' lang='lat' dir='ltr'><strong>fectos</strong></span> <span class='ocrx_word' id='word_1_555' title='bbox 2171 3657 2211 3725; x_wconf 90' lang='lat' dir='ltr'><strong>(l</strong></span> <span class='ocrx_word' id='word_1_556' title='bbox 2238 3656 2361 3711; x_wconf 75' lang='lat' dir='ltr'><strong>Cor.</strong></span> <span class='ocrx_word' id='word_1_557' title='bbox 2389 3656 2486 3725; x_wconf 80' lang='lat' dir='ltr'><strong>tt)?</strong></span> <span class='ocrx_word' id='word_1_558' title='bbox 2534 3666 2589 3711; x_wconf 88' lang='lat' dir='ltr'><strong>et</strong></span> <span class='ocrx_word' id='word_1_559' title='bbox 2643 3666 2763 3725; x_wconf 84' lang='lat' dir='ltr'><strong>post</strong></span> <span class='ocrx_word' id='word_1_560' title='bbox 2809 3656 2912 3708; x_wconf 83' lang='lat' dir='ltr'><strong>alia</strong></span> <span class='ocrx_word' id='word_1_561' title='bbox 2948 3671 2960 3706; x_wconf 89' lang='lat'><strong>:</strong></span> <span class='ocrx_word' id='word_1_562' title='bbox 2998 3653 3164 3718; x_wconf 83' lang='lat' dir='ltr'><strong>Quam</strong></span> <span class='ocrx_word' id='word_1_563' title='bbox 3188 3671 3353 3719; x_wconf 89' lang='lat' dir='ltr'><strong>nemo,</strong></span> <span class='ocrx_word' id='word_1_564' title='bbox 3380 3655 3574 3723; x_wconf 72' lang='lat' dir='ltr'><strong>inquit.</strong></span> 
     </span>
    </p>
   </div>
   <div class='ocr_carea' id='block_1_74' title="bbox 1987 3746 3574 3821">
    <p class='ocr_par' dir='ltr' id='par_1_74' title="bbox 1987 3746 3574 3821">
     <span class='ocr_line' id='line_1_74' title="bbox 1987 3746 3574 3821; baseline -0.001 -19"><span class='ocrx_word' id='word_1_565' title='bbox 1987 3751 2278 3821; x_wconf 75' lang='lat' dir='ltr'><strong>principum</strong></span> <span class='ocrx_word' id='word_1_566' title='bbox 2302 3749 2474 3803; x_wconf 61' lang='grc' dir='ltr'><strong>καταιιὶ</strong></span> <span class='ocrx_word' id='word_1_567' title='bbox 2498 3749 2653 3821; x_wconf 80' lang='lat' dir='ltr'><strong>hujus</strong></span> <span class='ocrx_word' id='word_1_568' title='bbox 2679 3748 2932 3821; x_wconf 80' lang='lat' dir='ltr'><strong>cognorit.</strong></span> <span class='ocrx_word' id='word_1_569' title='bbox 2959 3746 3018 3799; x_wconf 86' lang='lat' dir='ltr'><strong>Si</strong></span> <span class='ocrx_word' id='word_1_570' title='bbox 3040 3747 3173 3800; x_wconf 86' lang='lat' dir='ltr'><strong>enim</strong></span> <span class='ocrx_word' id='word_1_571' title='bbox 3203 3747 3574 3816; x_wconf 76' lang='lat' dir='ltr'><strong>cognovissent.</strong></span> 
     </span>
    </p>
   </div>
   <div class='ocr_carea' id='block_1_75' title="bbox 1363 3883 2511 3943">
    <p class='ocr_par' dir='ltr' id='par_1_75' title="bbox 1363 3883 2511 3943">
     <span class='ocr_line' id='line_1_75' title="bbox 1363 3883 2511 3943; baseline 0 -5"><span class='ocrx_word' id='word_1_572' title='bbox 1363 3884 1621 3940; x_wconf 81' lang='lat' dir='ltr'><strong>ALARDI</strong></span> <span class='ocrx_word' id='word_1_573' title='bbox 1660 3885 1890 3943; x_wconf 68' lang='lat' dir='ltr'><strong>GAZA‘ZI</strong></span> <span class='ocrx_word' id='word_1_574' title='bbox 1930 3883 2511 3940; x_wconf 69' lang='lat' dir='ltr'><strong>COMMENTARIUS...</strong></span> 
     </span>
    </p>
   </div>
   <div class='ocr_carea' id='block_1_76' title="bbox 279 3969 1880 4049">
    <p class='ocr_par' dir='ltr' id='par_1_76' title="bbox 279 3969 1880 4049">
     <span class='ocr_line' id='line_1_76' title="bbox 279 3969 1880 4049; baseline 0.008 -30"><span class='ocrx_word' id='word_1_575' title='bbox 279 3984 469 4049; x_wconf 59' lang='lat' dir='ltr'><strong>eosque</strong></span> <span class='ocrx_word' id='word_1_576' title='bbox 498 3969 608 4038; x_wconf 81' lang='lat' dir='ltr'><strong>igni</strong></span> <span class='ocrx_word' id='word_1_577' title='bbox 630 3972 867 4036; x_wconf 85' lang='lat' dir='ltr'><strong>tradidit,</strong></span> <span class='ocrx_word' id='word_1_578' title='bbox 899 3974 1071 4049; x_wconf 68' lang='lat' dir='ltr'><strong>dicens</strong></span> <span class='ocrx_word' id='word_1_579' title='bbox 1100 3992 1118 4029; x_wconf 89' lang='lat'><strong><em>:</em></strong></span> <span class='ocrx_word' id='word_1_580' title='bbox 1144 3974 1260 4029; x_wconf 88' lang='lat' dir='ltr'><strong>Non</strong></span> <span class='ocrx_word' id='word_1_581' title='bbox 1286 3979 1503 4049; x_wconf 86' lang='lat' dir='ltr'><strong>manebit</strong></span> <span class='ocrx_word' id='word_1_582' title='bbox 1528 3978 1580 4031; x_wconf 93' lang='lat' dir='ltr'><strong>in</strong></span> <span class='ocrx_word' id='word_1_583' title='bbox 1610 3979 1739 4033; x_wconf 80' lang='lat' dir='ltr'><strong>cella</strong></span> <span class='ocrx_word' id='word_1_584' title='bbox 1772 3996 1880 4032; x_wconf 80' lang='lat' dir='ltr'><strong>mea</strong></span> 
     </span>
    </p>
   </div>
   <div class='ocr_carea' id='block_1_77' title="bbox 284 4038 1882 4120">
    <p class='ocr_par' dir='ltr' id='par_1_77' title="bbox 284 4038 1882 4120">
     <span class='ocr_line' id='line_1_77' title="bbox 284 4038 1882 4120; baseline 0.007 -30"><span class='ocrx_word' id='word_1_585' title='bbox 284 4038 960 4120; x_wconf 39' lang='lat' dir='ltr'><strong>Dorrt-ilttemo‘strasancue</strong></span> <span class='ocrx_word' id='word_1_586' title='bbox 986 4044 1365 4120; x_wconf 60' lang='lat' dir='ltr'><strong>Dei/{enitricis</strong></span> <span class='ocrx_word' id='word_1_587' title='bbox 1395 4064 1688 4120; x_wconf 82' lang='lat' dir='ltr'><strong>semperque</strong></span> <span class='ocrx_word' id='word_1_588' title='bbox 1728 4050 1882 4118; x_wconf 81' lang='lat' dir='ltr'><strong>virgi-</strong></span> 
     </span>
    </p>
   </div>
   <div class='ocr_carea' id='block_1_78' title="bbox 282 4108 1880 4191">
    <p class='ocr_par' dir='ltr' id='par_1_78' title="bbox 282 4108 1880 4191">
     <span class='ocr_line' id='line_1_78' title="bbox 282 4108 1880 4191; baseline 0.008 -30"><span class='ocrx_word' id='word_1_589' title='bbox 282 4112 363 4163; x_wconf 76' lang='lat' dir='ltr'><strong>rzis</strong></span> <span class='ocrx_word' id='word_1_590' title='bbox 396 4108 875 4191; x_wconf 46' lang='lat' dir='ltr'><strong>llarircuiltimicus</strong></span> <span class='ocrx_word' id='word_1_591' title='bbox 903 4114 1033 4191; x_wconf 66' lang='lat' dir='ltr'><strong>Ilaec</strong></span> <span class='ocrx_word' id='word_1_592' title='bbox 1072 4118 1157 4169; x_wconf 86' lang='lat' dir='ltr'><strong>ibi.</strong></span> <span class='ocrx_word' id='word_1_593' title='bbox 1189 4117 1462 4183; x_wconf 80' lang='lat' dir='ltr'><strong>Eiusmodi</strong></span> <span class='ocrx_word' id='word_1_594' title='bbox 1502 4108 1722 4190; x_wconf 54' lang='lat' dir='ltr'><strong>&#39;nan&#39;tque</strong></span> <span class='ocrx_word' id='word_1_595' title='bbox 1767 4108 1880 4191; x_wconf 67' lang='lat' dir='ltr'><strong>pie-</strong></span> 
     </span>
    </p>
   </div>
   <div class='ocr_carea' id='block_1_79' title="bbox 282 4179 1873 4261">
    <p class='ocr_par' dir='ltr' id='par_1_79' title="bbox 282 4179 1873 4261">
     <span class='ocr_line' id='line_1_79' title="bbox 282 4179 1873 4261; baseline 0.007 -29"><span class='ocrx_word' id='word_1_596' title='bbox 282 4179 563 4261; x_wconf 74' lang='lat' dir='ltr'><strong>runt__libri</strong></span> <span class='ocrx_word' id='word_1_597' title='bbox 582 4180 828 4261; x_wconf 75' lang='lat' dir='ltr'><strong>i_lli,qt_tos</strong></span> <span class='ocrx_word' id='word_1_598' title='bbox 857 4186 932 4261; x_wconf 88' lang='lat' dir='ltr'><strong>ut</strong></span> <span class='ocrx_word' id='word_1_599' title='bbox 958 4186 1205 4261; x_wconf 77' lang='lat' dir='ltr'><strong>diximus)</strong></span> <span class='ocrx_word' id='word_1_600' title='bbox 1234 4179 1575 4261; x_wconf 66' lang='lat' dir='ltr'><strong>perdisersas</strong></span> <span class='ocrx_word' id='word_1_601' title='bbox 1603 4179 1737 4244; x_wconf 75' lang='lat' dir='ltr'><strong>orbis</strong></span> <span class='ocrx_word' id='word_1_602' title='bbox 1759 4179 1873 4261; x_wconf 63' lang='lat' dir='ltr'><strong>par-</strong></span> 
     </span>
    </p>
   </div>
   <div class='ocr_carea' id='block_1_80' title="bbox 282 4251 1876 4328">
    <p class='ocr_par' dir='ltr' id='par_1_80' title="bbox 282 4251 1876 4328">
     <span class='ocr_line' id='line_1_80' title="bbox 282 4251 1876 4328; baseline 0.008 -27"><span class='ocrx_word' id='word_1_603' title='bbox 282 4251 674 4328; x_wconf 31' lang='lat' dir='ltr'><strong>les‘Nestoritts</strong></span> <span class='ocrx_word' id='word_1_604' title='bbox 726 4251 1033 4328; x_wconf 76' lang='lat' dir='ltr'><strong>dirulgavit;</strong></span> <span class='ocrx_word' id='word_1_605' title='bbox 1064 4251 1284 4328; x_wconf 70' lang='lat' dir='ltr'><strong>quorum</strong></span> <span class='ocrx_word' id='word_1_606' title='bbox 1331 4258 1673 4326; x_wconf 85' lang='lat' dir='ltr'><strong>blasphemias</strong></span> <span class='ocrx_word' id='word_1_607' title='bbox 1720 4251 1876 4325; x_wconf 69' lang='lat' dir='ltr'><strong>idem,</strong></span> 
     </span>
    </p>
   </div>
   <div class='ocr_carea' id='block_1_81' title="bbox 282 4322 1875 4401">
    <p class='ocr_par' dir='ltr' id='par_1_81' title="bbox 282 4322 1875 4401">
     <span class='ocr_line' id='line_1_81' title="bbox 282 4322 1875 4401; baseline 0.011 -31"><span class='ocrx_word' id='word_1_608' title='bbox 282 4324 371 4387; x_wconf 73' lang='lat' dir='ltr'><strong>qui</strong></span> <span class='ocrx_word' id='word_1_609' title='bbox 398 4322 843 4401; x_wconf 78' lang='lat' dir='ltr'><strong>supra,_Cyril_lus</strong></span> <span class='ocrx_word' id='word_1_610' title='bbox 871 4322 1085 4380; x_wconf 70' lang='lat' dir='ltr'><strong>icorsini</strong></span> <span class='ocrx_word' id='word_1_611' title='bbox 1111 4330 1315 4401; x_wconf 75' lang='lat' dir='ltr'><strong>collegit</strong></span> <span class='ocrx_word' id='word_1_612' title='bbox 1343 4338 1389 4382; x_wconf 81' lang='lat' dir='ltr'><strong>et</strong></span> <span class='ocrx_word' id='word_1_613' title='bbox 1409 4322 1709 4396; x_wconf 79' lang='lat' dir='ltr'><strong>confutavit.</strong></span> <span class='ocrx_word' id='word_1_614' title='bbox 1738 4322 1875 4387; x_wconf 42' lang='lat' dir='ltr'><strong>“ac;</strong></span> 
     </span>
    </p>
   </div>
   <div class='ocr_carea' id='block_1_82' title="bbox 284 4393 1650 4455">
    <p class='ocr_par' dir='ltr' id='par_1_82' title="bbox 284 4393 1650 4455">
     <span class='ocr_line' id='line_1_82' title="bbox 284 4393 1650 4455; baseline 0.008 -11"><span class='ocrx_word' id='word_1_615' title='bbox 284 4402 447 4445; x_wconf 62' lang='lat' dir='ltr'><strong>tonus</strong></span> <span class='ocrx_word' id='word_1_616' title='bbox 477 4408 540 4445; x_wconf 79' lang='lat' dir='ltr'><strong>es</strong></span> <span class='ocrx_word' id='word_1_617' title='bbox 578 4393 809 4448; x_wconf 84' lang='lat' dir='ltr'><strong>Darnnio</strong></span> <span class='ocrx_word' id='word_1_618' title='bbox 832 4408 885 4449; x_wconf 83' lang='lat' dir='ltr'><strong>ct</strong></span> <span class='ocrx_word' id='word_1_619' title='bbox 913 4393 1325 4454; x_wconf 59' lang='lat' dir='ltr'><strong>auctoribus&#39;uh</strong></span> <span class='ocrx_word' id='word_1_620' title='bbox 1356 4416 1421 4453; x_wconf 91' lang='lat' dir='ltr'><strong>eo</strong></span> <span class='ocrx_word' id='word_1_621' title='bbox 1451 4393 1650 4455; x_wconf 74' lang='lat' dir='ltr'><strong>citatis.</strong></span> 
     </span>
    </p>
   </div>
   <div class='ocr_carea' id='block_1_83' title="bbox 358 4463 1877 4540">
    <p class='ocr_par' dir='ltr' id='par_1_83' title="bbox 358 4463 1877 4540">
     <span class='ocr_line' id='line_1_83' title="bbox 358 4463 1877 4540; baseline 0.009 -26"><span class='ocrx_word' id='word_1_622' title='bbox 358 4463 869 4540; x_wconf 52' lang='lat' dir='ltr'><strong>“Alcliuslortasse</strong></span> <span class='ocrx_word' id='word_1_623' title='bbox 918 4485 1034 4522; x_wconf 86' lang='lat' dir='ltr'><strong>oras</strong></span> <span class='ocrx_word' id='word_1_624' title='bbox 1080 4471 1369 4540; x_wconf 64' lang='lat' dir='ltr'><strong>legeretur,</strong></span> <span class='ocrx_word' id='word_1_625' title='bbox 1411 4471 1564 4539; x_wconf 79' lang='lat' dir='ltr'><strong>juxta</strong></span> <span class='ocrx_word' id='word_1_626' title='bbox 1600 4472 1725 4527; x_wconf 83' lang='lat' dir='ltr'><strong>illud</strong></span> <span class='ocrx_word' id='word_1_627' title='bbox 1776 4474 1877 4529; x_wconf 83' lang='lat' dir='ltr'><strong>Lu-</strong></span> 
     </span>
    </p>
   </div>
   <div class='ocr_carea' id='block_1_84' title="bbox 282 4534 1883 4657">
    <p class='ocr_par' dir='ltr' id='par_1_84' title="bbox 282 4534 1883 4657">
     <span class='ocr_line' id='line_1_84' title="bbox 282 4534 1883 4657; baseline 0.011 -72"><span class='ocrx_word' id='word_1_628' title='bbox 282 4535 495 4657; x_wconf 59' lang='lat' dir='ltr'><strong>CII&#39;CIiila</strong></span> <span class='ocrx_word' id='word_1_629' title='bbox 528 4535 589 4589; x_wconf 91' lang='lat' dir='ltr'><strong>D.</strong></span> <span class='ocrx_word' id='word_1_630' title='bbox 626 4534 953 4608; x_wconf 76' lang='lat' dir='ltr'><strong>llicronytuo</strong></span> <span class='ocrx_word' id='word_1_631' title='bbox 1000 4534 1227 4595; x_wconf 65' lang='lat' dir='ltr'><strong>relatitm</strong></span> <span class='ocrx_word' id='word_1_632' title='bbox 1283 4544 1334 4596; x_wconf 91' lang='lat' dir='ltr'><strong>in</strong></span> <span class='ocrx_word' id='word_1_633' title='bbox 1358 4534 1583 4611; x_wconf 75' lang='lat' dir='ltr'><strong>epistola</strong></span> <span class='ocrx_word' id='word_1_634' title='bbox 1614 4544 1679 4599; x_wconf 84' lang='lat' dir='ltr'><strong>ad</strong></span> <span class='ocrx_word' id='word_1_635' title='bbox 1710 4543 1883 4605; x_wconf 56' lang='lat' dir='ltr'><strong>Ctesie</strong></span> 
     </span>
     <span class='ocr_line' id='line_1_85' title="bbox 284 4618 605 4657; baseline 0.003 0"><span class='ocrx_word' id='word_1_636' title='bbox 284 4618 320 4657; x_wconf 82' lang='lat' dir='ltr'><strong>D</strong></span> <span class='ocrx_word' id='word_1_637' title='bbox 342 4618 431 4657; x_wconf 84' lang='lat' dir='ltr'><strong>t0tt</strong></span> <span class='ocrx_word' id='word_1_638' title='bbox 464 4621 552 4657; x_wconf 89' lang='lat' dir='ltr'><strong>cm</strong></span> <span class='ocrx_word' id='word_1_639' title='bbox 587 4621 605 4657; x_wconf 75' lang='lat'><strong><em>1</em></strong></span> 
     </span>
    </p>
   </div>
   <div class='ocr_carea' id='block_1_85' title="bbox 284 4618 605 4673">
    <p class='ocr_par' dir='ltr' id='par_1_85' title="bbox 284 4618 605 4673">
     <span class='ocr_line' id='line_1_86' title="bbox 284 4618 605 4673; baseline 0.019 -19"><span class='ocrx_word' id='word_1_640' title='bbox 284 4618 552 4673; x_wconf 81' lang='lat' dir='ltr'><strong>phOnlcm</strong></span> <span class='ocrx_word' id='word_1_641' title='bbox 587 4621 605 4660; x_wconf 86' lang='lat'><strong>:</strong></span> 
     </span>
    </p>
   </div>
   <div class='ocr_carea' id='block_1_86' title="bbox 412 4717 1556 4782">
    <p class='ocr_par' dir='ltr' id='par_1_86' title="bbox 412 4717 1556 4782">
     <span class='ocr_line' id='line_1_87' title="bbox 412 4717 1556 4782; baseline 0.012 -18"><span class='ocrx_word' id='word_1_642' title='bbox 412 4717 490 4782; x_wconf 68' lang='lat' dir='ltr'><strong>Ac</strong></span> <span class='ocrx_word' id='word_1_643' title='bbox 510 4717 665 4782; x_wconf 70' lang='lat' dir='ltr'><strong>veluti</strong></span> <span class='ocrx_word' id='word_1_644' title='bbox 693 4723 860 4782; x_wconf 83' lang='lat' dir='ltr'><strong>pueris</strong></span> <span class='ocrx_word' id='word_1_645' title='bbox 885 4724 1123 4773; x_wconf 83' lang='lat' dir='ltr'><strong>absinthia</strong></span> <span class='ocrx_word' id='word_1_646' title='bbox 1148 4732 1278 4776; x_wconf 86' lang='lat' dir='ltr'><strong>tetra</strong></span> <span class='ocrx_word' id='word_1_647' title='bbox 1299 4730 1556 4778; x_wconf 67' lang='lat' dir='ltr'><strong>medentes</strong></span> 
     </span>
    </p>
   </div>
   <div class='ocr_carea' id='block_1_87' title="bbox 411 4780 1636 4853">
    <p class='ocr_par' dir='ltr' id='par_1_87' title="bbox 411 4780 1636 4853">
     <span class='ocr_line' id='line_1_88' title="bbox 411 4780 1636 4853; baseline 0.012 -27"><span class='ocrx_word' id='word_1_648' title='bbox 411 4780 955 4853; x_wconf 45' lang='lat' dir='ltr'><strong>Cumdare&#39;conanttw,</strong></span> <span class='ocrx_word' id='word_1_649' title='bbox 975 4788 1110 4853; x_wconf 61' lang='lat' dir='ltr'><strong>prius</strong></span> <span class='ocrx_word' id='word_1_650' title='bbox 1132 4801 1241 4837; x_wconf 83' lang='lat' dir='ltr'><strong>oras</strong></span> <span class='ocrx_word' id='word_1_651' title='bbox 1263 4792 1429 4852; x_wconf 82' lang='lat' dir='ltr'><strong>pocula</strong></span> <span class='ocrx_word' id='word_1_652' title='bbox 1453 4792 1636 4841; x_wconf 85' lang='lat' dir='ltr'><strong>circum</strong></span> 
     </span>
    </p>
   </div>
   <div class='ocr_carea' id='block_1_88' title="bbox 413 4846 1515 4915">
    <p class='ocr_par' dir='ltr' id='par_1_88' title="bbox 413 4846 1515 4915">
     <span class='ocr_line' id='line_1_89' title="bbox 413 4846 1515 4915; baseline 0.008 -24"><span class='ocrx_word' id='word_1_653' title='bbox 413 4846 719 4903; x_wconf 73' lang='lat' dir='ltr'><strong>Contingunt</strong></span> <span class='ocrx_word' id='word_1_654' title='bbox 738 4846 865 4896; x_wconf 88' lang='lat' dir='ltr'><strong>dulci</strong></span> <span class='ocrx_word' id='word_1_655' title='bbox 890 4849 1048 4897; x_wconf 81' lang='lat' dir='ltr'><strong>mellis</strong></span> <span class='ocrx_word' id='word_1_656' title='bbox 1070 4846 1291 4914; x_wconf 69' lang='lat' dir='ltr'><strong>ﬂavoque</strong></span> <span class='ocrx_word' id='word_1_657' title='bbox 1311 4853 1515 4915; x_wconf 83' lang='lat' dir='ltr'><strong>liquore.</strong></span> 
     </span>
    </p>
   </div>
   <div class='ocr_carea' id='block_1_89' title="bbox 283 4946 1891 5027">
    <p class='ocr_par' dir='ltr' id='par_1_89' title="bbox 283 4946 1891 5027">
     <span class='ocr_line' id='line_1_90' title="bbox 283 4946 1891 5027; baseline 0.009 -28"><span class='ocrx_word' id='word_1_658' title='bbox 283 4946 500 5009; x_wconf 70' lang='lat' dir='ltr'><strong>Quibus</strong></span> <span class='ocrx_word' id='word_1_659' title='bbox 528 4950 806 5027; x_wconf 84' lang='lat' dir='ltr'><strong>v_ers_ihus_</strong></span> <span class='ocrx_word' id='word_1_660' title='bbox 837 4952 897 5007; x_wconf 88' lang='lat' dir='ltr'><strong>D.</strong></span> <span class='ocrx_word' id='word_1_661' title='bbox 922 4954 1307 5027; x_wconf 84' lang='lat' dir='ltr'><strong>_llieronymus</strong></span> <span class='ocrx_word' id='word_1_662' title='bbox 1339 4957 1587 5011; x_wconf 80' lang='lat' dir='ltr'><strong>Rullnum</strong></span> <span class='ocrx_word' id='word_1_663' title='bbox 1624 4962 1891 5027; x_wconf 61' lang='lat' dir='ltr'><strong>perstrin-</strong></span> 
     </span>
    </p>
   </div>
   <div class='ocr_carea' id='block_1_90' title="bbox 287 5020 1887 5101">
    <p class='ocr_par' dir='ltr' id='par_1_90' title="bbox 287 5020 1887 5101">
     <span class='ocr_line' id='line_1_91' title="bbox 287 5020 1887 5101; baseline 0.011 -32"><span class='ocrx_word' id='word_1_664' title='bbox 287 5034 450 5101; x_wconf 70' lang='lat' dir='ltr'><strong>gens,</strong></span> <span class='ocrx_word' id='word_1_665' title='bbox 480 5020 744 5101; x_wconf 80' lang='lat' dir='ltr'><strong>qui,_ha_c</strong></span> <span class='ocrx_word' id='word_1_666' title='bbox 786 5022 972 5101; x_wconf 77' lang='lat' dir='ltr'><strong>fraude</strong></span> <span class='ocrx_word' id='word_1_667' title='bbox 1023 5020 1169 5101; x_wconf 61' lang='lat' dir='ltr'><strong>usus,</strong></span> <span class='ocrx_word' id='word_1_668' title='bbox 1206 5029 1257 5101; x_wconf 85' lang='lat' dir='ltr'><strong>in</strong></span> <span class='ocrx_word' id='word_1_669' title='bbox 1306 5030 1445 5082; x_wconf 76' lang='lat' dir='ltr'><strong>lihro</strong></span> <span class='ocrx_word' id='word_1_670' title='bbox 1472 5020 1739 5100; x_wconf 39' lang='lat' dir='ltr'><strong>quem-&quot;de</strong></span> <span class='ocrx_word' id='word_1_671' title='bbox 1779 5031 1887 5085; x_wconf 85' lang='lat' dir='ltr'><strong>Mo-</strong></span> 
     </span>
    </p>
   </div>
   <div class='ocr_carea' id='block_1_91' title="bbox 287 5093 1884 5167">
    <p class='ocr_par' dir='ltr' id='par_1_91' title="bbox 287 5093 1884 5167">
     <span class='ocr_line' id='line_1_92' title="bbox 287 5093 1884 5167; baseline 0.009 -26"><span class='ocrx_word' id='word_1_672' title='bbox 287 5093 483 5167; x_wconf 63' lang='lat' dir='ltr'><strong>tiacliis</strong></span> <span class='ocrx_word' id='word_1_673' title='bbox 517 5093 740 5167; x_wconf 69' lang='lat' dir='ltr'><strong>scripsit</strong></span> <span class='ocrx_word' id='word_1_674' title='bbox 777 5095 971 5148; x_wconf 75' lang='lat' dir='ltr'><strong>mullos</strong></span> <span class='ocrx_word' id='word_1_675' title='bbox 1014 5096 1348 5167; x_wconf 72' lang='lat' dir='ltr'><strong>Qrigenistas</strong></span> <span class='ocrx_word' id='word_1_676' title='bbox 1387 5093 1722 5165; x_wconf 65' lang='lat' dir='ltr'><strong>itttérserttit,</strong></span> <span class='ocrx_word' id='word_1_677' title='bbox 1763 5117 1884 5155; x_wconf 82' lang='lat' dir='ltr'><strong>mox</strong></span> 
     </span>
    </p>
   </div>
   <div class='ocr_carea' id='block_1_92' title="bbox 286 5160 1889 5242">
    <p class='ocr_par' dir='ltr' id='par_1_92' title="bbox 286 5160 1889 5242">
     <span class='ocr_line' id='line_1_93' title="bbox 286 5160 1889 5242; baseline 0.009 -31"><span class='ocrx_word' id='word_1_678' title='bbox 286 5160 480 5242; x_wconf 57' lang='lat' dir='ltr'><strong>solidi}</strong></span> <span class='ocrx_word' id='word_1_679' title='bbox 502 5178 522 5241; x_wconf 40' lang='grc' dir='ltr'><strong>ἐ</strong></span> <span class='ocrx_word' id='word_1_680' title='bbox 550 5160 638 5215; x_wconf 85' lang='lat' dir='ltr'><strong>Ita</strong></span> <span class='ocrx_word' id='word_1_681' title='bbox 671 5162 760 5217; x_wconf 86' lang='lat' dir='ltr'><strong>ille</strong></span> <span class='ocrx_word' id='word_1_682' title='bbox 804 5160 1247 5242; x_wconf 65' lang='lat' dir='ltr'><strong>unum_Jo_annem</strong></span> <span class='ocrx_word' id='word_1_683' title='bbox 1279 5171 1330 5222; x_wconf 82' lang='lat' dir='ltr'><strong>in</strong></span> <span class='ocrx_word' id='word_1_684' title='bbox 1372 5171 1535 5237; x_wconf 82' lang='lat' dir='ltr'><strong>ipsius</strong></span> <span class='ocrx_word' id='word_1_685' title='bbox 1564 5169 1683 5224; x_wconf 80' lang='lat' dir='ltr'><strong>libri</strong></span> <span class='ocrx_word' id='word_1_686' title='bbox 1711 5160 1889 5241; x_wconf 33' lang='lat' dir='ltr'><strong>&#39;posnit</strong></span> 
     </span>
    </p>
   </div>
   <div class='ocr_carea' id='block_1_93' title="bbox 287 5235 1887 5312">
    <p class='ocr_par' dir='ltr' id='par_1_93' title="bbox 287 5235 1887 5312">
     <span class='ocr_line' id='line_1_94' title="bbox 287 5235 1887 5312; baseline 0.01 -32"><span class='ocrx_word' id='word_1_687' title='bbox 287 5235 569 5312; x_wconf 54' lang='lat' dir='ltr'><strong>principio,</strong></span> <span class='ocrx_word' id='word_1_688' title='bbox 599 5250 751 5304; x_wconf 73' lang='lat' dir='ltr'><strong>quem</strong></span> <span class='ocrx_word' id='word_1_689' title='bbox 790 5235 1189 5312; x_wconf 38' lang='lat' dir='ltr'><strong>etncatholicntn</strong></span> <span class='ocrx_word' id='word_1_690' title='bbox 1237 5252 1283 5293; x_wconf 90' lang='lat' dir='ltr'><strong>et</strong></span> <span class='ocrx_word' id='word_1_691' title='bbox 1328 5235 1563 5295; x_wconf 81' lang='lat' dir='ltr'><strong>sanctum</strong></span> <span class='ocrx_word' id='word_1_692' title='bbox 1595 5235 1757 5312; x_wconf 70' lang='lat' dir='ltr'><strong>fuisse</strong></span> <span class='ocrx_word' id='word_1_693' title='bbox 1788 5260 1887 5296; x_wconf 89' lang='lat' dir='ltr'><strong>non</strong></span> 
     </span>
    </p>
   </div>
   <div class='ocr_carea' id='block_1_94' title="bbox 288 5301 1888 5381">
    <p class='ocr_par' dir='ltr' id='par_1_94' title="bbox 288 5301 1888 5381">
     <span class='ocr_line' id='line_1_95' title="bbox 288 5301 1888 5381; baseline 0.012 -32"><span class='ocrx_word' id='word_1_694' title='bbox 288 5301 505 5381; x_wconf 59' lang='lat' dir='ltr'><strong>dubium</strong></span> <span class='ocrx_word' id='word_1_695' title='bbox 525 5301 624 5381; x_wconf 69' lang='lat' dir='ltr'><strong>est,</strong></span> <span class='ocrx_word' id='word_1_696' title='bbox 651 5306 1316 5381; x_wconf 44' lang='lat' dir='ltr'><strong>aliterillittsoccasionem</strong></span> <span class='ocrx_word' id='word_1_697' title='bbox 1336 5323 1546 5379; x_wconf 81' lang='lat' dir='ltr'><strong>ca&#39;teros</strong></span> <span class='ocrx_word' id='word_1_698' title='bbox 1561 5301 1687 5381; x_wconf 69' lang='lat' dir='ltr'><strong>quos</strong></span> <span class='ocrx_word' id='word_1_699' title='bbox 1710 5331 1888 5378; x_wconf 66' lang='lat' dir='ltr'><strong>posue-</strong></span> 
     </span>
    </p>
   </div>
   <div class='ocr_carea' id='block_1_95' title="bbox 287 5370 1887 5451">
    <p class='ocr_par' dir='ltr' id='par_1_95' title="bbox 287 5370 1887 5451">
     <span class='ocr_line' id='line_1_96' title="bbox 287 5370 1887 5451; baseline 0.011 -31"><span class='ocrx_word' id='word_1_700' title='bbox 287 5380 368 5451; x_wconf 79' lang='lat' dir='ltr'><strong>rat</strong></span> <span class='ocrx_word' id='word_1_701' title='bbox 396 5370 667 5451; x_wconf 63' lang='lat' dir='ltr'><strong>httreticos</strong></span> <span class='ocrx_word' id='word_1_702' title='bbox 697 5370 951 5451; x_wconf 58' lang='lat' dir='ltr'><strong>Ecclesiae</strong></span> <span class='ocrx_word' id='word_1_703' title='bbox 979 5378 1345 5434; x_wconf 70' lang='lat' dir='ltr'><strong>introduceret.</strong></span> <span class='ocrx_word' id='word_1_704' title='bbox 1398 5382 1451 5436; x_wconf 87' lang='lat' dir='ltr'><strong>In</strong></span> <span class='ocrx_word' id='word_1_705' title='bbox 1482 5370 1729 5437; x_wconf 80' lang='lat' dir='ltr'><strong>eamdem</strong></span> <span class='ocrx_word' id='word_1_706' title='bbox 1763 5400 1887 5437; x_wconf 77' lang='lat' dir='ltr'><strong>son-</strong></span> 
     </span>
    </p>
   </div>
   <div class='ocr_carea' id='block_1_96' title="bbox 289 5445 1888 5523">
    <p class='ocr_par' dir='ltr' id='par_1_96' title="bbox 289 5445 1888 5523">
     <span class='ocr_line' id='line_1_97' title="bbox 289 5445 1888 5523; baseline 0.009 -32"><span class='ocrx_word' id='word_1_707' title='bbox 289 5445 858 5523; x_wconf 42' lang='lat' dir='ltr'><strong>tentiammGrggorius</strong></span> <span class='ocrx_word' id='word_1_708' title='bbox 912 5447 1277 5523; x_wconf 70' lang='lat' dir='ltr'><strong>Nazianzenus</strong></span> <span class='ocrx_word' id='word_1_709' title='bbox 1322 5453 1463 5523; x_wconf 72' lang='lat' dir='ltr'><strong>(Lib.</strong></span> <span class='ocrx_word' id='word_1_710' title='bbox 1518 5458 1581 5506; x_wconf 89' lang='lat' dir='ltr'><strong>de</strong></span> <span class='ocrx_word' id='word_1_711' title='bbox 1625 5453 1759 5509; x_wconf 81' lang='lat' dir='ltr'><strong>Fide</strong></span> <span class='ocrx_word' id='word_1_712' title='bbox 1785 5457 1888 5507; x_wconf 78' lang='lat' dir='ltr'><strong>sire</strong></span> 
     </span>
    </p>
   </div>
   <div class='ocr_carea' id='block_1_97' title="bbox 292 5513 1886 5594">
    <p class='ocr_par' dir='ltr' id='par_1_97' title="bbox 292 5513 1886 5594">
     <span class='ocr_line' id='line_1_98' title="bbox 292 5513 1886 5594; baseline 0.01 -33"><span class='ocrx_word' id='word_1_713' title='bbox 292 5513 565 5594; x_wconf 55' lang='lat' dir='ltr'><strong>(irrit.</strong></span> <span class='ocrx_word' id='word_1_714' title='bbox 598 5533 613 5571; x_wconf 91' lang='lat'><strong>:</strong></span> <span class='ocrx_word' id='word_1_715' title='bbox 651 5513 720 5570; x_wconf 80' lang='lat' dir='ltr'><strong>Ut</strong></span> <span class='ocrx_word' id='word_1_716' title='bbox 757 5519 905 5582; x_wconf 86' lang='lat' dir='ltr'><strong>solet,</strong></span> <span class='ocrx_word' id='word_1_717' title='bbox 960 5520 1151 5588; x_wconf 79' lang='lat' dir='ltr'><strong>inquit.</strong></span> <span class='ocrx_word' id='word_1_718' title='bbox 1204 5513 1391 5576; x_wconf 68' lang='lat' dir='ltr'><strong>let/uile</strong></span> <span class='ocrx_word' id='word_1_719' title='bbox 1433 5527 1671 5594; x_wconf 78' lang='lat' dir='ltr'><strong>poculum</strong></span> <span class='ocrx_word' id='word_1_720' title='bbox 1722 5527 1886 5578; x_wconf 75' lang='lat' dir='ltr'><strong>mellis</strong></span> 
     </span>
    </p>
   </div>
   <div class='ocr_carea' id='block_1_98' title="bbox 289 5583 1887 5667">
    <p class='ocr_par' dir='ltr' id='par_1_98' title="bbox 289 5583 1887 5667">
     <span class='ocr_line' id='line_1_99' title="bbox 289 5583 1887 5667; baseline 0.011 -36"><span class='ocrx_word' id='word_1_721' title='bbox 289 5583 567 5667; x_wconf 52' lang='lat' dir='ltr'><strong>dulcedine</strong></span> <span class='ocrx_word' id='word_1_722' title='bbox 596 5598 936 5667; x_wconf 70' lang='lat' dir='ltr'><strong>temperatum</strong></span> <span class='ocrx_word' id='word_1_723' title='bbox 963 5583 1214 5667; x_wconf 72' lang='lat' dir='ltr'><strong>suavitate</strong></span> <span class='ocrx_word' id='word_1_724' title='bbox 1244 5583 1473 5667; x_wconf 78' lang='lat' dir='ltr'><strong>fallente,</strong></span> <span class='ocrx_word' id='word_1_725' title='bbox 1500 5599 1783 5667; x_wconf 85' lang='lat' dir='ltr'><strong>perimere;</strong></span> <span class='ocrx_word' id='word_1_726' title='bbox 1814 5599 1887 5649; x_wconf 88' lang='lat' dir='ltr'><strong>sic</strong></span> 
     </span>
    </p>
   </div>
   <div class='ocr_carea' id='block_1_99' title="bbox 288 5653 1886 5734">
    <p class='ocr_par' dir='ltr' id='par_1_99' title="bbox 288 5653 1886 5734">
     <span class='ocr_line' id='line_1_100' title="bbox 288 5653 1886 5734; baseline 0.009 -31"><span class='ocrx_word' id='word_1_727' title='bbox 288 5661 335 5703; x_wconf 84' lang='lat' dir='ltr'><strong>et</strong></span> <span class='ocrx_word' id='word_1_728' title='bbox 371 5653 473 5734; x_wconf 72' lang='lat' dir='ltr'><strong>hoc</strong></span> <span class='ocrx_word' id='word_1_729' title='bbox 504 5653 710 5734; x_wconf 74' lang='lat' dir='ltr'><strong>malum</strong></span> <span class='ocrx_word' id='word_1_730' title='bbox 741 5661 1105 5734; x_wconf 52' lang='lat' dir='ltr'><strong>(licerescos),</strong></span> <span class='ocrx_word' id='word_1_731' title='bbox 1138 5653 1613 5731; x_wconf 50' lang='lat' dir='ltr'><strong>prr&#39;blandinmnta</strong></span> <span class='ocrx_word' id='word_1_732' title='bbox 1656 5653 1886 5729; x_wconf 78' lang='lat' dir='ltr'><strong>aurium,</strong></span> 
     </span>
    </p>
   </div>
   <div class='ocr_carea' id='block_1_100' title="bbox 292 5724 1890 5801">
    <p class='ocr_par' dir='ltr' id='par_1_100' title="bbox 292 5724 1890 5801">
     <span class='ocr_line' id='line_1_101' title="bbox 292 5724 1890 5801; baseline 0.006 -22"><span class='ocrx_word' id='word_1_733' title='bbox 292 5724 614 5801; x_wconf 76' lang='lat' dir='ltr'><strong>Ittdien&#39;iunt</strong></span> <span class='ocrx_word' id='word_1_734' title='bbox 663 5747 841 5782; x_wconf 81' lang='lat' dir='ltr'><strong>sensus</strong></span> <span class='ocrx_word' id='word_1_735' title='bbox 879 5724 1251 5799; x_wconf 10' lang='lat' dir='ltr'><strong>quadainrlabe</strong></span> <span class='ocrx_word' id='word_1_736' title='bbox 1287 5738 1668 5797; x_wconf 83' lang='lat' dir='ltr'><strong>contaminans.</strong></span> <span class='ocrx_word' id='word_1_737' title='bbox 1713 5724 1890 5791; x_wconf 51' lang='lat' dir='ltr'><strong>conta;</strong></span> 
     </span>
    </p>
   </div>
   <div class='ocr_carea' id='block_1_101' title="bbox 284 5799 1891 5866">
    <p class='ocr_par' dir='ltr' id='par_1_101' title="bbox 284 5799 1891 5866">
     <span class='ocr_line' id='line_1_102' title="bbox 284 5799 1891 5866; baseline 0.013 -22"><span class='ocrx_word' id='word_1_738' title='bbox 284 5799 445 5855; x_wconf 39' lang='lat' dir='ltr'><strong>frone</strong></span> <span class='ocrx_word' id='word_1_739' title='bbox 480 5799 777 5855; x_wconf 59' lang='lat' dir='ltr'><strong>adhaerente</strong></span> <span class='ocrx_word' id='word_1_740' title='bbox 806 5801 989 5861; x_wconf 78' lang='lat' dir='ltr'><strong>injicit.</strong></span> <span class='ocrx_word' id='word_1_741' title='bbox 1025 5803 1087 5857; x_wconf 74' lang='lat' dir='ltr'><strong>Et</strong></span> <span class='ocrx_word' id='word_1_742' title='bbox 1138 5807 1326 5863; x_wconf 82' lang='lat' dir='ltr'><strong>eadem</strong></span> <span class='ocrx_word' id='word_1_743' title='bbox 1382 5809 1730 5865; x_wconf 81' lang='lat' dir='ltr'><strong>similitudine</strong></span> <span class='ocrx_word' id='word_1_744' title='bbox 1762 5825 1891 5866; x_wconf 85' lang='lat' dir='ltr'><strong>usus</strong></span> 
     </span>
    </p>
   </div>
   <div class='ocr_carea' id='block_1_102' title="bbox 1987 3974 3575 4046">
    <p class='ocr_par' dir='ltr' id='par_1_102' title="bbox 1987 3974 3575 4046">
     <span class='ocr_line' id='line_1_103' title="bbox 1987 3974 3575 4046; baseline 0 -15"><span class='ocrx_word' id='word_1_745' title='bbox 1987 3976 2101 4041; x_wconf 87' lang='lat' dir='ltr'><strong>The</strong></span> <span class='ocrx_word' id='word_1_746' title='bbox 2124 3978 2355 4039; x_wconf 80' lang='lat' dir='ltr'><strong>uloretus</strong></span> <span class='ocrx_word' id='word_1_747' title='bbox 2388 3974 2475 4043; x_wconf 77' lang='lat' dir='ltr'><strong>(In</strong></span> <span class='ocrx_word' id='word_1_748' title='bbox 2510 3976 2752 4042; x_wconf 68' lang='lat' dir='ltr'><strong>prooemio</strong></span> <span class='ocrx_word' id='word_1_749' title='bbox 2783 3976 2871 4029; x_wconf 79' lang='lat' dir='ltr'><strong>lib.</strong></span> <span class='ocrx_word' id='word_1_750' title='bbox 2894 3993 2910 4043; x_wconf 84' lang='grc' dir='ltr'><strong>ι</strong></span> <span class='ocrx_word' id='word_1_751' title='bbox 2949 3975 3140 4029; x_wconf 67' lang='lat' dir='ltr'><strong>liceret.</strong></span> <span class='ocrx_word' id='word_1_752' title='bbox 3174 3974 3333 4046; x_wconf 83' lang='lat' dir='ltr'><strong>Fab.)</strong></span> <span class='ocrx_word' id='word_1_753' title='bbox 3383 3994 3396 4029; x_wconf 92' lang='lat'><strong>:</strong></span> <span class='ocrx_word' id='word_1_754' title='bbox 3447 3975 3575 4031; x_wconf 86' lang='lat' dir='ltr'><strong>Cum</strong></span> 
     </span>
    </p>
   </div>
   <div class='ocr_carea' id='block_1_103' title="bbox 1985 4047 3579 4118">
    <p class='ocr_par' dir='ltr' id='par_1_103' title="bbox 1985 4047 3579 4118">
     <span class='ocr_line' id='line_1_104' title="bbox 1985 4047 3579 4118; baseline 0.001 -19"><span class='ocrx_word' id='word_1_755' title='bbox 1985 4048 2216 4102; x_wconf 86' lang='lat' dir='ltr'><strong>homines</strong></span> <span class='ocrx_word' id='word_1_756' title='bbox 2263 4048 2454 4115; x_wconf 76' lang='lat' dir='ltr'><strong>inqut,</strong></span> <span class='ocrx_word' id='word_1_757' title='bbox 2486 4066 2579 4100; x_wconf 87' lang='lat' dir='ltr'><strong>sua</strong></span> <span class='ocrx_word' id='word_1_758' title='bbox 2620 4050 2917 4113; x_wconf 74' lang='lat' dir='ltr'><strong>Operatione</strong></span> <span class='ocrx_word' id='word_1_759' title='bbox 2950 4049 3130 4117; x_wconf 86' lang='lat' dir='ltr'><strong>dignos</strong></span> <span class='ocrx_word' id='word_1_760' title='bbox 3180 4047 3407 4118; x_wconf 61' lang='lat' dir='ltr'><strong>elegisset</strong></span> <span class='ocrx_word' id='word_1_761' title='bbox 3442 4049 3579 4118; x_wconf 80' lang='lat' dir='ltr'><strong>(tlin-</strong></span> 
     </span>
    </p>
   </div>
   <div class='ocr_carea' id='block_1_104' title="bbox 1989 4107 3573 4189">
    <p class='ocr_par' dir='ltr' id='par_1_104' title="bbox 1989 4107 3573 4189">
     <span class='ocr_line' id='line_1_105' title="bbox 1989 4107 3573 4189; baseline 0.003 -20"><span class='ocrx_word' id='word_1_762' title='bbox 1989 4118 2185 4186; x_wconf 69' lang='lat' dir='ltr'><strong>boltts),</strong></span> <span class='ocrx_word' id='word_1_763' title='bbox 2220 4127 2265 4171; x_wconf 83' lang='lat' dir='ltr'><strong>et</strong></span> <span class='ocrx_word' id='word_1_764' title='bbox 2295 4107 2554 4185; x_wconf 77' lang='lat' dir='ltr'><strong>tamquam</strong></span> <span class='ocrx_word' id='word_1_765' title='bbox 2596 4107 2742 4174; x_wconf 79' lang='lat' dir='ltr'><strong>melle</strong></span> <span class='ocrx_word' id='word_1_766' title='bbox 2769 4107 3085 4189; x_wconf 25' lang='lat' dir='ltr'><strong>quodamios</strong></span> <span class='ocrx_word' id='word_1_767' title='bbox 3118 4107 3286 4186; x_wconf 74' lang='lat' dir='ltr'><strong>poculi</strong></span> <span class='ocrx_word' id='word_1_768' title='bbox 3315 4107 3573 4183; x_wconf 77' lang='lat' dir='ltr'><strong>illivisset,</strong></span> 
     </span>
    </p>
   </div>
   <div class='ocr_carea' id='block_1_105' title="bbox 1986 4190 3575 4259">
    <p class='ocr_par' dir='ltr' id='par_1_105' title="bbox 1986 4190 3575 4259">
     <span class='ocr_line' id='line_1_106' title="bbox 1986 4190 3575 4259; baseline 0.002 -18"><span class='ocrx_word' id='word_1_769' title='bbox 1986 4190 2192 4253; x_wconf 70' lang='lat' dir='ltr'><strong>exi&#39;iale</strong></span> <span class='ocrx_word' id='word_1_770' title='bbox 2210 4190 2465 4259; x_wconf 76' lang='lat' dir='ltr'><strong>mendacii</strong></span> <span class='ocrx_word' id='word_1_771' title='bbox 2492 4206 2733 4242; x_wconf 60' lang='lat' dir='ltr'><strong>venenum</strong></span> <span class='ocrx_word' id='word_1_772' title='bbox 2768 4191 3057 4253; x_wconf 81' lang='lat' dir='ltr'><strong>hominibus</strong></span> <span class='ocrx_word' id='word_1_773' title='bbox 3085 4190 3283 4243; x_wconf 85' lang='lat' dir='ltr'><strong>obtulit.</strong></span> <span class='ocrx_word' id='word_1_774' title='bbox 3308 4192 3381 4259; x_wconf 65' lang='lat' dir='ltr'><strong>~At</strong></span> <span class='ocrx_word' id='word_1_775' title='bbox 3407 4192 3575 4245; x_wconf 88' lang='lat' dir='ltr'><strong>multo</strong></span> 
     </span>
    </p>
   </div>
   <div class='ocr_carea' id='block_1_106' title="bbox 1986 4258 3573 4328">
    <p class='ocr_par' dir='ltr' id='par_1_106' title="bbox 1986 4258 3573 4328">
     <span class='ocr_line' id='line_1_107' title="bbox 1986 4258 3573 4328; baseline 0.001 -15"><span class='ocrx_word' id='word_1_776' title='bbox 1986 4262 2293 4328; x_wconf 81' lang='lat' dir='ltr'><strong>expressius</strong></span> <span class='ocrx_word' id='word_1_777' title='bbox 2339 4258 2650 4314; x_wconf 75' lang='lat' dir='ltr'><strong>Vincentius</strong></span> <span class='ocrx_word' id='word_1_778' title='bbox 2702 4261 2997 4319; x_wconf 78' lang='lat' dir='ltr'><strong>Lirinensis</strong></span> <span class='ocrx_word' id='word_1_779' title='bbox 3042 4264 3109 4321; x_wconf 50' lang='lat' dir='ltr'><strong>in,</strong></span> <span class='ocrx_word' id='word_1_780' title='bbox 3148 4261 3573 4315; x_wconf 65' lang='lat' dir='ltr'><strong>(Tommonitnrio</strong></span> 
     </span>
    </p>
   </div>
   <div class='ocr_carea' id='block_1_107' title="bbox 1987 4328 3577 4401">
    <p class='ocr_par' dir='ltr' id='par_1_107' title="bbox 1987 4328 3577 4401">
     <span class='ocr_line' id='line_1_108' title="bbox 1987 4328 3577 4401; baseline 0.001 -18"><span class='ocrx_word' id='word_1_781' title='bbox 1987 4328 2139 4398; x_wconf 77' lang='lat' dir='ltr'><strong>(Cap.</strong></span> <span class='ocrx_word' id='word_1_782' title='bbox 2171 4332 2262 4401; x_wconf 79' lang='grc'><strong>55)</strong></span> <span class='ocrx_word' id='word_1_783' title='bbox 2292 4348 2304 4383; x_wconf 93' lang='lat'><strong>:</strong></span> <span class='ocrx_word' id='word_1_784' title='bbox 2333 4329 2517 4393; x_wconf 84' lang='lat' dir='ltr'><strong>Tanto,</strong></span> <span class='ocrx_word' id='word_1_785' title='bbox 2550 4333 2739 4398; x_wconf 87' lang='lat' dir='ltr'><strong>inquit,</strong></span> <span class='ocrx_word' id='word_1_786' title='bbox 2778 4336 2939 4401; x_wconf 78' lang='lat' dir='ltr'><strong>magis</strong></span> <span class='ocrx_word' id='word_1_787' title='bbox 2986 4332 3199 4383; x_wconf 76' lang='lat' dir='ltr'><strong>cavendi</strong></span> <span class='ocrx_word' id='word_1_788' title='bbox 3237 4348 3297 4382; x_wconf 86' lang='lat' dir='ltr'><strong>ac</strong></span> <span class='ocrx_word' id='word_1_789' title='bbox 3338 4333 3577 4397; x_wconf 84' lang='lat' dir='ltr'><strong>pertime—</strong></span> 
     </span>
    </p>
   </div>
   <div class='ocr_carea' id='block_1_108' title="bbox 1978 4401 3575 4473">
    <p class='ocr_par' dir='ltr' id='par_1_108' title="bbox 1978 4401 3575 4473">
     <span class='ocr_line' id='line_1_109' title="bbox 1978 4401 3575 4473; baseline -0.001 -19"><span class='ocrx_word' id='word_1_790' title='bbox 1978 4402 2304 4473; x_wconf 70' lang='lat' dir='ltr'><strong>scendisunt</strong></span> <span class='ocrx_word' id='word_1_791' title='bbox 2331 4402 2583 4473; x_wconf 50' lang='grc' dir='ltr'><strong>Ιιιῐξνειίτὶἱ</strong></span> <span class='ocrx_word' id='word_1_792' title='bbox 2609 4410 2798 4466; x_wconf 86' lang='lat' dir='ltr'><strong>quanto</strong></span> <span class='ocrx_word' id='word_1_793' title='bbox 2827 4401 3071 4473; x_wconf 83' lang='lat' dir='ltr'><strong>occultius</strong></span> <span class='ocrx_word' id='word_1_794' title='bbox 3099 4402 3407 4473; x_wconf 57' lang='lat' dir='ltr'><strong>subnimium</strong></span> <span class='ocrx_word' id='word_1_795' title='bbox 3450 4403 3575 4473; x_wconf 78' lang='lat' dir='ltr'><strong>legis</strong></span> 
     </span>
    </p>
   </div>
   <div class='ocr_carea' id='block_1_109' title="bbox 1989 4471 3577 4541">
    <p class='ocr_par' dir='ltr' id='par_1_109' title="bbox 1989 4471 3577 4541">
     <span class='ocr_line' id='line_1_110' title="bbox 1989 4471 3577 4541; baseline 0.002 -19"><span class='ocrx_word' id='word_1_796' title='bbox 1989 4472 2297 4531; x_wconf 85' lang='lat' dir='ltr'><strong>umbraculis</strong></span> <span class='ocrx_word' id='word_1_797' title='bbox 2311 4473 2533 4525; x_wconf 84' lang='lat' dir='ltr'><strong>latitant.</strong></span> <span class='ocrx_word' id='word_1_798' title='bbox 2561 4472 2746 4525; x_wconf 88' lang='lat' dir='ltr'><strong>Sciunt</strong></span> <span class='ocrx_word' id='word_1_799' title='bbox 2772 4474 2903 4537; x_wconf 75' lang='lat' dir='ltr'><strong>enim</strong></span> <span class='ocrx_word' id='word_1_800' title='bbox 2943 4471 3129 4541; x_wconf 79' lang='lat' dir='ltr'><strong>fctores</strong></span> <span class='ocrx_word' id='word_1_801' title='bbox 3156 4487 3275 4523; x_wconf 75' lang='lat' dir='ltr'><strong>suos</strong></span> <span class='ocrx_word' id='word_1_802' title='bbox 3297 4472 3428 4529; x_wconf 81' lang='lat' dir='ltr'><strong>nulli</strong></span> <span class='ocrx_word' id='word_1_803' title='bbox 3447 4471 3577 4541; x_wconf 72' lang='lat' dir='ltr'><strong>forte</strong></span> 
     </span>
    </p>
   </div>
   <div class='ocr_carea' id='block_1_110' title="bbox 1988 4542 3577 4607">
    <p class='ocr_par' dir='ltr' id='par_1_110' title="bbox 1988 4542 3577 4607">
     <span class='ocr_line' id='line_1_111' title="bbox 1988 4542 3577 4607; baseline 0.001 -14"><span class='ocrx_word' id='word_1_804' title='bbox 1988 4543 2087 4605; x_wconf 84' lang='lat' dir='ltr'><strong>cito</strong></span> <span class='ocrx_word' id='word_1_805' title='bbox 2124 4559 2230 4597; x_wconf 71' lang='lat' dir='ltr'><strong>esse</strong></span> <span class='ocrx_word' id='word_1_806' title='bbox 2270 4544 2569 4606; x_wconf 77' lang='lat' dir='ltr'><strong>placimros,</strong></span> <span class='ocrx_word' id='word_1_807' title='bbox 2609 4544 2651 4594; x_wconf 88' lang='lat' dir='ltr'><strong>si</strong></span> <span class='ocrx_word' id='word_1_808' title='bbox 2691 4545 2817 4595; x_wconf 81' lang='lat' dir='ltr'><strong>nudi</strong></span> <span class='ocrx_word' id='word_1_809' title='bbox 2864 4552 2911 4595; x_wconf 88' lang='lat' dir='ltr'><strong>et</strong></span> <span class='ocrx_word' id='word_1_810' title='bbox 2960 4542 3212 4607; x_wconf 83' lang='lat' dir='ltr'><strong>simplices</strong></span> <span class='ocrx_word' id='word_1_811' title='bbox 3239 4542 3577 4606; x_wconf 68' lang='lat' dir='ltr'><strong>exhalantur;</strong></span> 
     </span>
    </p>
   </div>
   <div class='ocr_carea' id='block_1_111' title="bbox 1914 4601 3578 4683">
    <p class='ocr_par' dir='ltr' id='par_1_111' title="bbox 1914 4601 3578 4683">
     <span class='ocr_line' id='line_1_112' title="bbox 1914 4601 3578 4683; baseline 0 -18"><span class='ocrx_word' id='word_1_812' title='bbox 1914 4601 1959 4658; x_wconf 79' lang='grc' dir='ltr'><strong>Ι)</strong></span> <span class='ocrx_word' id='word_1_813' title='bbox 1988 4602 2139 4682; x_wconf 86' lang='lat' dir='ltr'><strong>atque</strong></span> <span class='ocrx_word' id='word_1_814' title='bbox 2164 4601 2355 4665; x_wconf 81' lang='lat' dir='ltr'><strong>idcirco</strong></span> <span class='ocrx_word' id='word_1_815' title='bbox 2378 4629 2464 4666; x_wconf 86' lang='lat' dir='ltr'><strong>eos</strong></span> <span class='ocrx_word' id='word_1_816' title='bbox 2506 4601 2719 4667; x_wconf 69' lang='lat' dir='ltr'><strong>caelestis</strong></span> <span class='ocrx_word' id='word_1_817' title='bbox 2765 4613 2953 4683; x_wconf 84' lang='lat' dir='ltr'><strong>eloquii</strong></span> <span class='ocrx_word' id='word_1_818' title='bbox 3004 4601 3140 4665; x_wconf 73' lang='lat' dir='ltr'><strong>velut</strong></span> <span class='ocrx_word' id='word_1_819' title='bbox 3205 4613 3424 4680; x_wconf 79' lang='lat' dir='ltr'><strong>quodam</strong></span> <span class='ocrx_word' id='word_1_820' title='bbox 3457 4601 3578 4665; x_wconf 57' lang='lat' dir='ltr'><strong>aro;</strong></span> 
     </span>
    </p>
   </div>
   <div class='ocr_carea' id='block_1_112' title="bbox 1990 4683 3577 4755">
    <p class='ocr_par' dir='ltr' id='par_1_112' title="bbox 1990 4683 3577 4755">
     <span class='ocr_line' id='line_1_113' title="bbox 1990 4683 3577 4755; baseline 0.001 -21"><span class='ocrx_word' id='word_1_821' title='bbox 1990 4697 2124 4737; x_wconf 79' lang='lat' dir='ltr'><strong>mate</strong></span> <span class='ocrx_word' id='word_1_822' title='bbox 2146 4693 2445 4753; x_wconf 78' lang='lat' dir='ltr'><strong>aspergunt.</strong></span> <span class='ocrx_word' id='word_1_823' title='bbox 2472 4694 2528 4737; x_wconf 84' lang='lat' dir='ltr'><strong>ut</strong></span> <span class='ocrx_word' id='word_1_824' title='bbox 2555 4683 2641 4737; x_wconf 83' lang='lat' dir='ltr'><strong>ille</strong></span> <span class='ocrx_word' id='word_1_825' title='bbox 2671 4684 2760 4755; x_wconf 90' lang='lat' dir='ltr'><strong>qui</strong></span> <span class='ocrx_word' id='word_1_826' title='bbox 2789 4684 3067 4737; x_wconf 87' lang='lat' dir='ltr'><strong>humanum</strong></span> <span class='ocrx_word' id='word_1_827' title='bbox 3108 4684 3261 4753; x_wconf 79' lang='lat' dir='ltr'><strong>facile</strong></span> <span class='ocrx_word' id='word_1_828' title='bbox 3292 4684 3577 4755; x_wconf 73' lang='lat' dir='ltr'><strong>despiceret</strong></span> 
     </span>
    </p>
   </div>
   <div class='ocr_carea' id='block_1_113' title="bbox 1988 4752 3579 4826">
    <p class='ocr_par' dir='ltr' id='par_1_113' title="bbox 1988 4752 3579 4826">
     <span class='ocr_line' id='line_1_114' title="bbox 1988 4752 3579 4826; baseline 0.004 -24"><span class='ocrx_word' id='word_1_829' title='bbox 1988 4769 2230 4826; x_wconf 76' lang='lat' dir='ltr'><strong>errorem,</strong></span> <span class='ocrx_word' id='word_1_830' title='bbox 2264 4752 2435 4806; x_wconf 81' lang='lat' dir='ltr'><strong>divina</strong></span> <span class='ocrx_word' id='word_1_831' title='bbox 2463 4772 2560 4826; x_wconf 86' lang='lat' dir='ltr'><strong>non</strong></span> <span class='ocrx_word' id='word_1_832' title='bbox 2590 4752 2741 4826; x_wconf 80' lang='lat' dir='ltr'><strong>facile</strong></span> <span class='ocrx_word' id='word_1_833' title='bbox 2795 4764 3086 4811; x_wconf 84' lang='lat' dir='ltr'><strong>contemnat</strong></span> <span class='ocrx_word' id='word_1_834' title='bbox 3110 4752 3352 4811; x_wconf 80' lang='lat' dir='ltr'><strong>oracula.</strong></span> <span class='ocrx_word' id='word_1_835' title='bbox 3393 4752 3579 4818; x_wconf 74' lang='lat' dir='ltr'><strong>Itaque</strong></span> 
     </span>
    </p>
   </div>
   <div class='ocr_carea' id='block_1_114' title="bbox 1986 4824 3578 4896">
    <p class='ocr_par' dir='ltr' id='par_1_114' title="bbox 1986 4824 3578 4896">
     <span class='ocr_line' id='line_1_115' title="bbox 1986 4824 3578 4896; baseline 0.001 -20"><span class='ocrx_word' id='word_1_836' title='bbox 1986 4824 2185 4896; x_wconf 71' lang='lat' dir='ltr'><strong>faciunt</strong></span> <span class='ocrx_word' id='word_1_837' title='bbox 2212 4826 2351 4893; x_wconf 88' lang='lat' dir='ltr'><strong>quod</strong></span> <span class='ocrx_word' id='word_1_838' title='bbox 2389 4827 2439 4878; x_wconf 87' lang='lat' dir='ltr'><strong>hi</strong></span> <span class='ocrx_word' id='word_1_839' title='bbox 2483 4824 2647 4896; x_wconf 83' lang='lat' dir='ltr'><strong>solent</strong></span> <span class='ocrx_word' id='word_1_840' title='bbox 2682 4826 2767 4892; x_wconf 83' lang='lat' dir='ltr'><strong>qui</strong></span> <span class='ocrx_word' id='word_1_841' title='bbox 2818 4828 3042 4894; x_wconf 66' lang='lat' dir='ltr'><strong>parvulis</strong></span> <span class='ocrx_word' id='word_1_842' title='bbox 3080 4835 3287 4879; x_wconf 82' lang='lat' dir='ltr'><strong>attstera</strong></span> <span class='ocrx_word' id='word_1_843' title='bbox 3338 4832 3578 4896; x_wconf 56' lang='lat' dir='ltr'><strong>quautam</strong></span> 
     </span>
    </p>
   </div>
   <div class='ocr_carea' id='block_1_115' title="bbox 1988 4892 3579 4967">
    <p class='ocr_par' dir='ltr' id='par_1_115' title="bbox 1988 4892 3579 4967">
     <span class='ocr_line' id='line_1_116' title="bbox 1988 4892 3579 4967; baseline 0.001 -22"><span class='ocrx_word' id='word_1_844' title='bbox 1988 4892 2321 4966; x_wconf 80' lang='lat' dir='ltr'><strong>temperaturi</strong></span> <span class='ocrx_word' id='word_1_845' title='bbox 2350 4895 2563 4967; x_wconf 84' lang='lat' dir='ltr'><strong>pocula.</strong></span> <span class='ocrx_word' id='word_1_846' title='bbox 2596 4892 2888 4967; x_wconf 54' lang='lat' dir='ltr'><strong>priuskoras</strong></span> <span class='ocrx_word' id='word_1_847' title='bbox 2921 4896 3070 4949; x_wconf 81' lang='lat' dir='ltr'><strong>melle</strong></span> <span class='ocrx_word' id='word_1_848' title='bbox 3108 4892 3489 4958; x_wconf 74' lang='lat' dir='ltr'><strong>circumlinunt,</strong></span> <span class='ocrx_word' id='word_1_849' title='bbox 3521 4907 3579 4948; x_wconf 86' lang='lat' dir='ltr'><strong>ut</strong></span> 
     </span>
    </p>
   </div>
   <div class='ocr_carea' id='block_1_116' title="bbox 1987 4964 3545 5032">
    <p class='ocr_par' dir='ltr' id='par_1_116' title="bbox 1987 4964 3545 5032">
     <span class='ocr_line' id='line_1_117' title="bbox 1987 4964 3545 5032; baseline 0 -15"><span class='ocrx_word' id='word_1_850' title='bbox 1987 4964 2195 5018; x_wconf 78' lang='lat' dir='ltr'><strong>incauta</strong></span> <span class='ocrx_word' id='word_1_851' title='bbox 2215 4964 2360 5030; x_wconf 70' lang='lat' dir='ltr'><strong>mtas,</strong></span> <span class='ocrx_word' id='word_1_852' title='bbox 2376 4982 2508 5019; x_wconf 87' lang='lat' dir='ltr'><strong>-cum</strong></span> <span class='ocrx_word' id='word_1_853' title='bbox 2534 4964 2855 5020; x_wconf 69' lang='lat' dir='ltr'><strong>dulcedinem</strong></span> <span class='ocrx_word' id='word_1_854' title='bbox 2877 4968 3213 5032; x_wconf 78' lang='lat' dir='ltr'><strong>pra&#39;senscrit,</strong></span> <span class='ocrx_word' id='word_1_855' title='bbox 3267 4968 3545 5019; x_wconf 85' lang='lat' dir='ltr'><strong>amaritudi</strong></span> 
     </span>
    </p>
   </div>
   <div class='ocr_carea' id='block_1_117' title="bbox 1992 5037 3578 5107">
    <p class='ocr_par' dir='ltr' id='par_1_117' title="bbox 1992 5037 3578 5107">
     <span class='ocr_line' id='line_1_118' title="bbox 1992 5037 3578 5107; baseline 0 -18"><span class='ocrx_word' id='word_1_856' title='bbox 1992 5053 2105 5089; x_wconf 61' lang='lat' dir='ltr'><strong>nam</strong></span> <span class='ocrx_word' id='word_1_857' title='bbox 2136 5052 2236 5097; x_wconf 86' lang='lat' dir='ltr'><strong>non</strong></span> <span class='ocrx_word' id='word_1_858' title='bbox 2266 5038 2583 5107; x_wconf 73' lang='lat' dir='ltr'><strong>reformidet.</strong></span> <span class='ocrx_word' id='word_1_859' title='bbox 2613 5037 2764 5101; x_wconf 82' lang='lat' dir='ltr'><strong>Quod</strong></span> <span class='ocrx_word' id='word_1_860' title='bbox 2790 5040 2938 5090; x_wconf 87' lang='lat' dir='ltr'><strong>etiam</strong></span> <span class='ocrx_word' id='word_1_861' title='bbox 2962 5037 3040 5089; x_wconf 89' lang='lat' dir='ltr'><strong>his</strong></span> <span class='ocrx_word' id='word_1_862' title='bbox 3072 5054 3203 5089; x_wconf 76' lang='lat' dir='ltr'><strong>cura</strong></span> <span class='ocrx_word' id='word_1_863' title='bbox 3232 5038 3412 5103; x_wconf 79' lang='lat' dir='ltr'><strong>estqui</strong></span> <span class='ocrx_word' id='word_1_864' title='bbox 3442 5037 3578 5089; x_wconf 84' lang='lat' dir='ltr'><strong>mula</strong></span> 
     </span>
    </p>
   </div>
   <div class='ocr_carea' id='block_1_118' title="bbox 1991 5107 3578 5176">
    <p class='ocr_par' dir='ltr' id='par_1_118' title="bbox 1991 5107 3578 5176">
     <span class='ocr_line' id='line_1_119' title="bbox 1991 5107 3578 5176; baseline 0.001 -20"><span class='ocrx_word' id='word_1_865' title='bbox 1991 5108 2223 5176; x_wconf 83' lang='lat' dir='ltr'><strong>gramina</strong></span> <span class='ocrx_word' id='word_1_866' title='bbox 2284 5120 2330 5160; x_wconf 85' lang='lat' dir='ltr'><strong>et</strong></span> <span class='ocrx_word' id='word_1_867' title='bbox 2396 5110 2576 5161; x_wconf 79' lang='lat' dir='ltr'><strong>noxios</strong></span> <span class='ocrx_word' id='word_1_868' title='bbox 2640 5124 2813 5161; x_wconf 89' lang='lat' dir='ltr'><strong>succos</strong></span> <span class='ocrx_word' id='word_1_869' title='bbox 2865 5110 3254 5160; x_wconf 79' lang='lat' dir='ltr'><strong>medicaminum</strong></span> <span class='ocrx_word' id='word_1_870' title='bbox 3314 5107 3578 5159; x_wconf 73' lang='lat' dir='ltr'><strong>vocabulis</strong></span> 
     </span>
    </p>
   </div>
   <div class='ocr_carea' id='block_1_119' title="bbox 1993 5178 3581 5249">
    <p class='ocr_par' dir='ltr' id='par_1_119' title="bbox 1993 5178 3581 5249">
     <span class='ocr_line' id='line_1_120' title="bbox 1993 5178 3581 5249; baseline 0.001 -20"><span class='ocrx_word' id='word_1_871' title='bbox 1993 5178 2334 5249; x_wconf 75' lang='lat' dir='ltr'><strong>prwcolorant</strong></span> <span class='ocrx_word' id='word_1_872' title='bbox 2356 5219 2370 5240; x_wconf 95' lang='lat'><strong>,</strong></span> <span class='ocrx_word' id='word_1_873' title='bbox 2410 5189 2461 5229; x_wconf 91' lang='lat' dir='ltr'><strong>ut</strong></span> <span class='ocrx_word' id='word_1_874' title='bbox 2503 5196 2649 5230; x_wconf 87' lang='lat' dir='ltr'><strong>nemo</strong></span> <span class='ocrx_word' id='word_1_875' title='bbox 2682 5184 2814 5245; x_wconf 56' lang='lat' dir='ltr'><strong>fere,</strong></span> <span class='ocrx_word' id='word_1_876' title='bbox 2841 5178 2923 5231; x_wconf 88' lang='lat' dir='ltr'><strong>ubi</strong></span> <span class='ocrx_word' id='word_1_877' title='bbox 2945 5195 3102 5249; x_wconf 78' lang='lat' dir='ltr'><strong>supra</strong></span> <span class='ocrx_word' id='word_1_878' title='bbox 3134 5180 3375 5249; x_wconf 84' lang='lat' dir='ltr'><strong>scriptum</strong></span> <span class='ocrx_word' id='word_1_879' title='bbox 3403 5181 3581 5247; x_wconf 59' lang='lat' dir='ltr'><strong>lrgtrit</strong></span> 
     </span>
    </p>
   </div>
   <div class='ocr_carea' id='block_1_120' title="bbox 1992 5248 3572 5318">
    <p class='ocr_par' dir='ltr' id='par_1_120' title="bbox 1992 5248 3572 5318">
     <span class='ocr_line' id='line_1_121' title="bbox 1992 5248 3572 5318; baseline 0.002 -19"><span class='ocrx_word' id='word_1_880' title='bbox 1992 5248 2614 5318; x_wconf 29' lang='lat' dir='ltr'><strong>remedinntpsuspicetur</strong></span> <span class='ocrx_word' id='word_1_881' title='bbox 2661 5265 2929 5301; x_wconf 71' lang='lat' dir='ltr'><strong>venenum.</strong></span> <span class='ocrx_word' id='word_1_882' title='bbox 2976 5248 3110 5301; x_wconf 68' lang='grc' dir='ltr'><strong>νεαρ</strong></span> <span class='ocrx_word' id='word_1_883' title='bbox 3159 5248 3404 5301; x_wconf 75' lang='lat' dir='ltr'><strong>eumdem</strong></span> <span class='ocrx_word' id='word_1_884' title='bbox 3451 5265 3572 5314; x_wconf 75' lang='lat' dir='ltr'><strong>cap.</strong></span> 
     </span>
    </p>
   </div>
   <div class='ocr_carea' id='block_1_121' title="bbox 1992 5317 3579 5388">
    <p class='ocr_par' dir='ltr' id='par_1_121' title="bbox 1992 5317 3579 5388">
     <span class='ocr_line' id='line_1_122' title="bbox 1992 5317 3579 5388; baseline 0.001 -19"><span class='ocrx_word' id='word_1_885' title='bbox 1992 5319 2239 5387; x_wconf 81' lang='lat' dir='ltr'><strong>sequenti</strong></span> <span class='ocrx_word' id='word_1_886' title='bbox 2281 5317 2524 5388; x_wconf 72' lang='lat' dir='ltr'><strong>ejusdem</strong></span> <span class='ocrx_word' id='word_1_887' title='bbox 2574 5319 2723 5385; x_wconf 85' lang='lat' dir='ltr'><strong>libri,</strong></span> <span class='ocrx_word' id='word_1_888' title='bbox 2768 5330 2823 5375; x_wconf 89' lang='lat' dir='ltr'><strong>et</strong></span> <span class='ocrx_word' id='word_1_889' title='bbox 2862 5319 3120 5373; x_wconf 71' lang='lat' dir='ltr'><strong>Irentcum</strong></span> <span class='ocrx_word' id='word_1_890' title='bbox 3163 5319 3196 5372; x_wconf 91' lang='grc' dir='ltr'><strong>Ι.</strong></span> <span class='ocrx_word' id='word_1_891' title='bbox 3235 5333 3287 5371; x_wconf 86' lang='grc' dir='ltr'><strong>ιιι</strong></span> <span class='ocrx_word' id='word_1_892' title='bbox 3322 5320 3579 5372; x_wconf 72' lang='lat' dir='ltr'><strong>atlvorsiis</strong></span> 
     </span>
    </p>
   </div>
   <div class='ocr_carea' id='block_1_122' title="bbox 1992 5388 2486 5457">
    <p class='ocr_par' dir='ltr' id='par_1_122' title="bbox 1992 5388 2486 5457">
     <span class='ocr_line' id='line_1_123' title="bbox 1992 5388 2486 5457; baseline -0.002 -15"><span class='ocrx_word' id='word_1_893' title='bbox 1992 5388 2226 5443; x_wconf 75' lang='lat' dir='ltr'><strong>haereses</strong></span> <span class='ocrx_word' id='word_1_894' title='bbox 2247 5404 2363 5457; x_wconf 79' lang='lat' dir='ltr'><strong>cap.</strong></span> <span class='ocrx_word' id='word_1_895' title='bbox 2402 5389 2486 5443; x_wconf 86' lang='lat' dir='ltr'><strong>l9.</strong></span> 
     </span>
    </p>
   </div>
   <div class='ocr_carea' id='block_1_123' title="bbox 2064 5457 3572 5528">
    <p class='ocr_par' dir='ltr' id='par_1_123' title="bbox 2064 5457 3572 5528">
     <span class='ocr_line' id='line_1_124' title="bbox 2064 5457 3572 5528; baseline -0.004 -16"><span class='ocrx_word' id='word_1_896' title='bbox 2064 5457 2090 5496; x_wconf 69' lang='grc' dir='ltr'>δ</span> <span class='ocrx_word' id='word_1_897' title='bbox 2112 5459 2229 5512; x_wconf 85' lang='lat' dir='ltr'><strong>Alia</strong></span> <span class='ocrx_word' id='word_1_898' title='bbox 2263 5460 2486 5514; x_wconf 80' lang='lat' dir='ltr'><strong>lucresis</strong></span> <span class='ocrx_word' id='word_1_899' title='bbox 2516 5458 2766 5524; x_wconf 84' lang='lat' dir='ltr'><strong>Nestorii,</strong></span> <span class='ocrx_word' id='word_1_900' title='bbox 2794 5458 2926 5512; x_wconf 89' lang='lat' dir='ltr'><strong>nihil</strong></span> <span class='ocrx_word' id='word_1_901' title='bbox 2970 5459 3200 5528; x_wconf 86' lang='lat' dir='ltr'><strong>amplius</strong></span> <span class='ocrx_word' id='word_1_902' title='bbox 3224 5457 3437 5513; x_wconf 77' lang='lat' dir='ltr'><strong>Christo</strong></span> <span class='ocrx_word' id='word_1_903' title='bbox 3469 5461 3572 5511; x_wconf 78' lang='lat' dir='ltr'><strong>Ilu-</strong></span> 
     </span>
    </p>
   </div>
   <div class='ocr_carea' id='block_1_124' title="bbox 1992 5528 2946 5599">
    <p class='ocr_par' dir='ltr' id='par_1_124' title="bbox 1992 5528 2946 5599">
     <span class='ocr_line' id='line_1_125' title="bbox 1992 5528 2946 5599; baseline 0.001 -17"><span class='ocrx_word' id='word_1_904' title='bbox 1992 5528 2137 5583; x_wconf 90' lang='lat' dir='ltr'><strong>mino</strong></span> <span class='ocrx_word' id='word_1_905' title='bbox 2171 5546 2328 5599; x_wconf 88' lang='lat' dir='ltr'><strong>quam</strong></span> <span class='ocrx_word' id='word_1_906' title='bbox 2378 5530 2585 5584; x_wconf 86' lang='lat' dir='ltr'><strong>Adamn</strong></span> <span class='ocrx_word' id='word_1_907' title='bbox 2637 5531 2946 5591; x_wconf 78' lang='lat' dir='ltr'><strong>tribuentis,</strong></span> 
     </span>
    </p>
   </div>
   <div class='ocr_carea' id='block_1_125' title="bbox 1990 5599 3581 5671">
    <p class='ocr_par' dir='ltr' id='par_1_125' title="bbox 1990 5599 3581 5671">
     <span class='ocr_line' id='line_1_126' title="bbox 1990 5599 3581 5671; baseline 0.001 -18"><span class='ocrx_word' id='word_1_908' title='bbox 1990 5601 2419 5669; x_wconf 75' lang='lat' dir='ltr'><strong>:rquantis:qua:</strong></span> <span class='ocrx_word' id='word_1_909' title='bbox 2439 5614 2615 5653; x_wconf 86' lang='lat' dir='ltr'><strong>tamen</strong></span> <span class='ocrx_word' id='word_1_910' title='bbox 2649 5602 2700 5653; x_wconf 88' lang='lat' dir='ltr'><strong>in</strong></span> <span class='ocrx_word' id='word_1_911' title='bbox 2728 5600 2810 5652; x_wconf 89' lang='lat' dir='ltr'><strong>illa</strong></span> <span class='ocrx_word' id='word_1_912' title='bbox 2839 5600 3091 5669; x_wconf 78' lang='lat' dir='ltr'><strong>primaria</strong></span> <span class='ocrx_word' id='word_1_913' title='bbox 3118 5611 3172 5654; x_wconf 81' lang='lat' dir='ltr'><strong>et</strong></span> <span class='ocrx_word' id='word_1_914' title='bbox 3193 5600 3470 5671; x_wconf 83' lang='lat' dir='ltr'><strong>principali</strong></span> <span class='ocrx_word' id='word_1_915' title='bbox 3496 5599 3581 5655; x_wconf 65' lang='lat' dir='ltr'><strong>in-’</strong></span> 
     </span>
    </p>
   </div>
   <div class='ocr_carea' id='block_1_126' title="bbox 1991 5671 3587 5745">
    <p class='ocr_par' dir='ltr' id='par_1_126' title="bbox 1991 5671 3587 5745">
     <span class='ocr_line' id='line_1_127' title="bbox 1991 5671 3587 5745; baseline 0 -21"><span class='ocrx_word' id='word_1_916' title='bbox 1991 5671 2245 5745; x_wconf 68' lang='lat' dir='ltr'><strong>cluditur,</strong></span> <span class='ocrx_word' id='word_1_917' title='bbox 2295 5688 2396 5745; x_wconf 84' lang='lat' dir='ltr'><strong>qua</strong></span> <span class='ocrx_word' id='word_1_918' title='bbox 2445 5671 2723 5745; x_wconf 82' lang='lat' dir='ltr'><strong>Christum</strong></span> <span class='ocrx_word' id='word_1_919' title='bbox 2777 5685 2881 5726; x_wconf 87' lang='lat' dir='ltr'><strong>non</strong></span> <span class='ocrx_word' id='word_1_920' title='bbox 2926 5672 3024 5728; x_wconf 87' lang='lat' dir='ltr'><strong>nisi</strong></span> <span class='ocrx_word' id='word_1_921' title='bbox 3078 5689 3266 5745; x_wconf 80' lang='lat' dir='ltr'><strong>purum</strong></span> <span class='ocrx_word' id='word_1_922' title='bbox 3302 5686 3349 5729; x_wconf 87' lang='lat' dir='ltr'><strong>et</strong></span> <span class='ocrx_word' id='word_1_923' title='bbox 3394 5672 3587 5744; x_wconf 75' lang='lat' dir='ltr'><strong>solita-_</strong></span> 
     </span>
    </p>
   </div>
   <div class='ocr_carea' id='block_1_127' title="bbox 1993 5741 2760 5797">
    <p class='ocr_par' dir='ltr' id='par_1_127' title="bbox 1993 5741 2760 5797">
     <span class='ocr_line' id='line_1_128' title="bbox 1993 5741 2760 5797; baseline 0 -2"><span class='ocrx_word' id='word_1_924' title='bbox 1993 5744 2128 5796; x_wconf 88' lang='lat' dir='ltr'><strong>rium</strong></span> <span class='ocrx_word' id='word_1_925' title='bbox 2162 5742 2435 5797; x_wconf 88' lang='lat' dir='ltr'><strong>hominem</strong></span> <span class='ocrx_word' id='word_1_926' title='bbox 2462 5741 2760 5797; x_wconf 85' lang='lat' dir='ltr'><strong>asserebat.</strong></span> 
     </span>
    </p>
   </div>
   <div class='ocr_carea' id='block_1_128' title="bbox 3025 5539 3661 5599">
    <p class='ocr_par' dir='ltr' id='par_1_128' title="bbox 3025 5539 3661 5599">
     <span class='ocr_line' id='line_1_129' title="bbox 3025 5539 3661 5599; baseline -0.006 -16"><span class='ocrx_word' id='word_1_927' title='bbox 3025 5542 3078 5583; x_wconf 85' lang='lat' dir='ltr'><strong>et</strong></span> <span class='ocrx_word' id='word_1_928' title='bbox 3160 5539 3447 5597; x_wconf 77' lang='lat' dir='ltr'><strong>ttlttttnqtte</strong></span> <span class='ocrx_word' id='word_1_929' title='bbox 3483 5546 3581 5599; x_wconf 30' lang='lat' dir='ltr'><strong>ex:</strong></span> <span class='ocrx_word' id='word_1_930' title='bbox 3658 5568 3661 5569; x_wconf 44' lang='grc' dir='ltr'><em>ν</em></span> 
     </span>
    </p>
   </div>
  </div>
