4016 6192
451 355 557 408 915

1780 354 2060 409 JUtNMS‘
2102 355 2409 410 CASSIANI

3629 359 3735 416 9.16

454 486 727 540 numquam
767 472 1038 522 Dominum
1082 470 1360 536 maiestatis
1405 469 1778 537 cruri/insunt
1809 467 2039 539 (Ibid)?
2072 486 2115 536 Α
2149 483 2254 526 tam
2281 474 2454 526 honor
2493 486 2613 539 est,
2646 489 2806 542 quam
2862 473 3076 541 injuria.
3113 473 3297 545 Neque
3337 478 3480 532 enim
3535 480 3587 534 in
3635 480 3739 535 hoc

455 562 534 616 vel
584 563 712 615 illud
765 581 776 612 :
836 561 1091 626 Quoniam
1145 561 1197 611 in
1256 559 1368 626 ipso
1421 559 1617 614 habitat
1666 563 1831 614 omnis
1879 561 2042 631 pleni-

451 655 575 705 :ndo
623 653 905 706 divinitatis
948 653 1292 722 corporaliter
1337 650 1580 720 (Ccloss.
1611 668 1645 706 ll
1670 651 1726 721 )?
1755 663 1808 705 et
1847 670 1858 705 :
1897 651 2042 707 Unus

452 746 702 798 [tantinus
727 743 879 797 Jesus
906 744 1164 810 Christus,
1188 761 1278 814 per
1292 761 1441 815 quem
1467 747 1638 800 omnia
1661 746 1706 817 (Ι
1731 745 1851 799 Cor.
1887 744 2041 817 viti)?

449 846 472 868 “
511 839 590 888 An
625 837 676 886 in
705 845 854 902 parte
884 836 1198 903 Apostolum
1239 836 1496 903 probans,
1539 837 1592 888 in
1652 847 1802 901 parte
1855 851 2043 904 repro-

449 926 583 978 hans
608 965 622 984 .
647 925 700 978 in
730 942 796 981 eo
825 936 1028 980 tantum
1057 942 1180 980 eum
1213 928 1429 996 recipis,
1467 929 1520 981 in
1558 941 1666 997 quo
1706 944 1803 996 pro
1825 928 2040 996 dispen-

448 1019 664 1072 satione
696 1019 967 1073 hominem
991 1021 1260 1074 Christum
1293 1021 1565 1086 nominat;
1601 1021 1652 1075 in
1679 1036 1744 1076 eo
1769 1021 2039 1089 repudias,

450 1109 504 1162 in
531 1126 637 1178 quo
693 1111 899 1165 Deum?
943 1112 1141 1166 Paulus
1180 1114 1322 1167 enim
1377 1113 1648 1166 hominem
1695 1112 1878 1168 Jesum
1933 1129 2039 1166 non

453 1213 643 1268 negat;
676 1203 768 1256 sed
813 1203 978 1257 Deum
1013 1214 1192 1258 tamen
1231 1202 1483 1258 eumdem
1514 1202 1787 1258 hominem
1819 1203 2039 1258 cantite-

454 1302 541 1346 tur
577 1312 588 1345 :
621 1303 674 1347 et
706 1295 774 1347 ita
829 1295 1062 1348 humano
1103 1295 1289 1365 generi
1338 1310 1431 1363 per
1487 1294 1760 1349 hominem
1800 1310 2044 1350 resurre-

451 1369 686 1439 ctionem
737 1388 950 1442 venisse
981 1388 1266 1457 prtedicat,
1300 1399 1356 1441 ut
1385 1388 1436 1440 in
1473 1388 1687 1441 homine
1718 1395 1895 1442 tamen
1927 1387 2042 1458 ipso

453 1475 621 1530 Deum
646 1479 1013 1534 resurrexisse
1034 1480 1334 1534 conﬁrmet.
1355 1479 1490 1534 Vide
1512 1479 1674 1542 enim,
1696 1494 1762 1532 an
1785 1494 1926 1541 eum,
1952 1477 2042 1546 qui

454 1577 840 1645 resurrexerit,
876 1578 1045 1634 Deum
1091 1580 1376 1647 przedieet,
1410 1581 1499 1649 qui
1543 1596 1697 1645 eum,
1735 1580 1828 1651 qui
1867 1581 2043 1634 cruci~

453 1671 595 1723 ﬁxus
625 1679 738 1738 est,
766 1671 933 1727 Deum
967 1673 1262 1741 maiestatis
1289 1689 1409 1729 esse
1434 1678 1700 1728 testatur?

1039 1807 1266 1862 CAPUT
1311 1807 1442 1863 VIII.

453 1899 634 1952 Solam
680 1899 953 1968 imaginem
998 1901 1206 1956 deitatis-
1249 1899 1452 1954 Christo
1500 1901 1728 1953 tribuunt
1777 1899 2033 1961 literctici,

520 1970 735 2034 ideoque
778 1986 896 2022 cum
939 1971 1068 2034 Deo,
1111 1987 1214 2024 non
1244 1973 1318 2024 uti
1362 1972 1524 2024 Deum
1569 1972 1928 2024 honorandum
1946 1987 2035 2024 as-

519 2049 692 2093 serunt
702 2079 715 2094 .

518 2133 625 2186 Sed
671 2144 880 2197 tamen,
931 2149 998 2189 ne
1043 2134 1326 2188 Dominum
1374 2137 1560 2191 .lesum
1595 2137 1746 2204 quasi
1780 2151 1942 2190 unum
1968 2139 2037 2193 de

448 2222 605 2290 plebe
627 2224 901 2284 crederes.
933 2225 1131 2280 dedisti
1154 2228 1202 2280 ei
1231 2226 1434 2296 aliquid
1464 2227 1764 2297 dignitatis,
1791 2228 2036 2282 tribuens

448 2314 499 2367 ei
533 2314 794 2368 honorem
825 2325 883 2369 ut
910 2325 1102 2369 sancto
1126 2316 1351 2383 homini,
1386 2333 1493 2372 non
1541 2318 1878 2373 divinitatem
1908 2333 2036 2374 vero

450 2403 654 2458 homini
701 2419 766 2459 ac
795 2419 925 2459 vero
975 2406 1106 2460 Deo.
1151 2408 1292 2473 Quid
1339 2409 1484 2463 enim
1535 2410 1718 2465 dicis?
1765 2409 2040 2466 Formnvit

449 2496 588 2550 Deus
616 2495 948 2550 Dominicam
980 2497 1413 2554 Incarnationem
1444 2517 1458 2554 :
1484 2499 1512 2539 δ
1540 2500 1776 2556 theotoci
1810 2502 2036 2559 formam

451 2589 780 2644 honoremus
810 2605 934 2644 cum
965 2593 1073 2648 Deo
1097 2633 1113 2660 ,
1143 2593 1284 2648 sicut
1321 2609 1483 2648 unam
1523 2593 1750 2650 formam
1779 2597 1996 2652 deitatis
2022 2640 2035 2663 ,

448 2683 590 2735 sicut
616 2682 812 2739 divina:
840 2685 1134 2742 voluntatis
1162 2687 1579 2758 inseparabilem
1609 2700 1869 2758 statuam,
1900 2692 2040 2747 si-ut

450 2773 740 2844 imaginem
764 2775 982 2832 latentis
1003 2777 1121 2834 Dei.
1147 2778 1410 2848 Superius
1432 2779 1726 2852 imaginem
1750 2782 1843 2838 Dei
1863 2783 2034 2838 Adam

448 2881 572 2921 esse
617 2866 838 2939 dixisti,
889 2869 978 2926 hic
1021 2870 1295 2928 Christum
1349 2875 1638 2944 imaginem
1677 2877 1852 2932 dicis:
1885 2877 2034 2932 illum

450 2967 681 3015 statuam
708 3000 724 3027 ,
769 2971 823 3016 et
851 2961 994 3017 hunc
1021 2973 1276 3020 statuam.
1305 2964 1412 3021 Sed
1442 2969 1632 3036 gratim
1659 2966 1913 3024 videlicet
1941 2968 2037 3024 tibi

452 3071 550 3122 pro
582 3054 789 3112 honore
816 3055 909 3112 Dei
937 3059 1161 3128 agenda:
1191 3067 1340 3127 sunt,
1371 3059 1513 3130 quod
1542 3061 1779 3116 theotoci
1809 3060 2036 3116 formam

453 3148 825 3206 honorandam
871 3165 994 3206 cum
1031 3150 1140 3206 Deo
1165 3165 1285 3207 esse
1311 3152 1568 3209 concedis
1599 3168 1618 3214 ;
1673 3153 1724 3208 in
1780 3168 1889 3224 quo
1930 3168 2035 3207 non

2143 565 2262 631 Ipso
2287 564 2479 618 tribuis
2515 564 2743 618 Domino
2772 563 2898 619 Jesn
2922 565 3144 620 Christo
3188 569 3448 622 honorem
3481 570 3737 626 divinita-

2144 657 2235 720 tis,
2265 658 2361 711 sed
2397 673 2604 725 negas:
2637 657 2839 712 Subtili
2873 659 3074 726 quippe
3106 660 3397 728 impietatis
3423 671 3538 717 arte
3569 663 3740 719 hono-

2147 750 2372 802 randum
2405 765 2527 802 cum
2557 749 2669 805 Deo
2697 749 2865 812 dicis,
2897 765 2964 803 ne
3012 750 3179 804 Deum
3220 766 3344 806 esse
3392 752 3652 812 fatearis:
3680 766 3738 811 et

2145 841 2250 894 hoc
2301 841 2416 908 ipso
2443 883 2457 906 ,
2489 857 2594 902 quo
2624 841 2824 896 videris
2871 858 2992 896 eum
3026 843 3291 899 fallaciter
3336 846 3688 915 COIIjltttxiSSP
3715 893 3733 920 ,

2147 933 2444 1002 disjnngas.
2469 932 2602 987 Nam
2633 949 2754 987 cum
2783 936 2968 1002 utique
2993 951 3116 990 eum
3143 951 3248 991 non
3279 945 3336 991 ut
3357 939 3522 992 Deum
3553 940 3750 996 coleno.

2147 1025 2299 1092 dum,
2330 1025 2422 1078 sed
2453 1029 2604 1094 quasi
2637 1043 2757 1081 cum
2795 1029 2902 1082 Deo
2934 1028 3310 1086 honorandum
3343 1048 3464 1086 esse
3490 1033 3741 1102 blasphe-

2146 1132 2283 1185 mes,
2312 1117 2431 1172 ideo
2467 1120 2515 1173 ei
2545 1119 2735 1173 tribuis
2749 1118 2949 1174 divina:
2965 1120 3258 1176 vicinitatis
3276 1123 3735 1192 coniunctionem,

2149 1223 2204 1266 ut
2235 1211 2459 1266 deitatis
2504 1212 2721 1266 auferas
2773 1215 3079 1269 veritatem.
3136 1215 3462 1284 ltnpiissime
3495 1226 3551 1272 et
3588 1219 3742 1272 calli-

2145 1305 2369 1359 dissime
2397 1305 2566 1360 hostis
2597 1306 2712 1372 Dei,
2747 1321 3007 1376 peragere
3027 1307 3106 1362 vis
3130 1309 3308 1362 scelus
3333 1311 3608 1378 negantis,
3634 1311 3739 1364 sub

2147 1398 2365 1452 nomine
2390 1398 2722 1452 conﬁtentis.
2751 1398 3112 1461 Honoremus,
3145 1399 3343 1468 inquis,
3377 1400 3738 1455 sicutdivinze

2146 1489 2443 1542 voluntatis
2492 1489 2903 1558 inseparabilem
2948 1499 3221 1554 statuam,
3250 1490 3392 1545 sicut
3446 1492 3738 1560 imaginem

2146 1579 2366 1633 latentis
2398 1579 2511 1632 Dei.
2560 1577 2798 1634 Profecit
2827 1580 3078 1634 videlicet
3106 1580 3250 1650 apud
3277 1597 3397 1647 nos,
3445 1596 3541 1650 per
3566 1586 3742 1638 bene-

2148 1677 2268 1732 ﬁcia
2317 1693 2436 1739 sua,
2490 1677 2664 1731 honor
2709 1677 2982 1731 Creatoris
3025 1693 3088 1731 ac
3138 1676 3517 1746 Redemptoris
3561 1679 3737 1732 nostri

2149 1770 2358 1825 Domini
2388 1769 2515 1825 Jesu
2542 1768 2764 1824 Chrisni.
2797 1769 2853 1822 Si
2887 1769 3010 1822 ideo
3041 1769 3108 1822 ab
3141 1783 3205 1821 eo
3234 1768 3300 1822 de
3328 1777 3534 1823 mterno
3563 1768 3739 1823 inter-

2068 1851 2113 1909 Β
2145 1865 2221 1916 itu
2261 1861 2529 1931 redempti
2567 1875 2777 1930 sumus,
2810 1871 2867 1914 ut
2896 1859 3312 1926 Redemptorem
3348 1870 3592 1914 nostrum
3624 1871 3741 1912 sta-

2144 1965 2292 2009 tuam
2325 1954 2669 2008 diceremus:
2717 1951 2884 2022 digno
2937 1953 3191 2006 videlicet
3235 1951 3516 2020 obsequio,
3569 1952 3739 2020 digno

2145 2048 2289 2101 cultu
2311 2045 2645 2115 respondere
2672 2045 2992 2114 benignitati
3012 2060 3074 2099 ac
3104 2045 3288 2113 pietati
3314 2046 3455 2099 illius
3483 2044 3738 2111 nitimur,

2144 2141 2188 2194 si
2223 2139 2590 2208 maiestatem,
2617 2154 2776 2208 quam
2811 2139 2902 2193 ille
2931 2149 3152 2207 propter
3183 2153 3285 2192 nos
3319 2138 3599 2193 humiliare
3621 2153 3738 2195 non

2144 2232 2344 2297 ienuit,
2373 2247 2475 2286 nos
2503 2232 2664 2286 etiam
2698 2231 2915 2286 auferre
2944 2246 3231 2287 conemur.

2762 2389 2991 2446 CAPUT
3019 2387 3110 2444 IX.

2147 2503 2339 2558 Errare
2367 2505 2483 2558 illos
2505 2545 2520 2571 ,
2549 2505 2638 2569 qui
2667 2503 2860 2558 Christi
2901 2512 3071 2558 Ortum
3103 2505 3357 2557 occultum
3403 2507 3562 2574 fuisse
3590 2509 3738 2560 dixe-

2212 2583 2366 2639 runt;
2395 2592 2509 2628 cum
2528 2575 2678 2628 etiam
2707 2575 3020 2646 patriarcha:
3042 2575 3202 2628 Jacob
3226 2577 3494 2646 manifeste
3514 2578 3736 2630 demon-

2213 2655 2404 2699 stratus
2427 2646 2599 2714 fuerit.

2211 2783 2316 2838 Sed
2339 2796 2570 2838 excusas
2593 2781 2850 2838 videlicet
2871 2782 3072 2836 illatam
3096 2782 3326 2837 Domino
3342 2784 3739 2840 contumeliam

2140 2873 2340 2928 subditi
2373 2873 2600 2928 honoris
2631 2871 2835 2942 ofﬁcio,
2866 2873 3093 2928 dicens:
3136 2882 3411 2943 tamquam
3443 2875 3740 2945 imaginem

2143 2968 2362 3023 latentis
2396 2967 2514 3023 Dei.
2548 2967 2763 3045 lnqhoc,
2802 2965 2948 3036 quod
2984 2967 3274 3038 imaginem
3300 2967 3456 3034 dicis,
3485 2968 3741 3025 humanas

2141 3075 2261 3116 eum
2292 3075 2576 3128 comparas
2605 3059 2930 3114 conditioni.
2960 3057 3014 3113 ln
3046 3059 3168 3124 hoc,
3198 3058 3343 3128 quod
3367 3059 3583 3113 latentis
3614 3059 3738 3123 Dei,

2141 3152 2461 3208 certissima:
2506 3151 2736 3222 derogas
2765 3147 3036 3221 dignitati.
3082 3159 3103 3188 ε
3137 3149 3278 3204 Deus
3325 3150 3506 3217 enim,
3560 3150 3741 3222 inquit

1537 3264 1794 3320 ALARDI
1832 3266 2061 3323 ΟᾹΖᾹΞΙ
2102 3263 2663 3322 COMMENTARIUS.

525 3361 549 3388 ι
585 3349 815 3407 Attende
860 3354 912 3408 in
940 3352 1193 3409 Nestorio
1228 3369 1515 3410 commune
1545 3355 1921 3411 hmreticorum
1958 3357 2038 3412 in-
2065 3357 2111 3420 C
2146 3357 2290 3410 tione
2323 3356 2553 3411 ibeotoci
2597 3355 2823 3409 formam
2854 3369 2976 3409 cum
3011 3354 3120 3409 Deo
3150 3354 3518 3409 bonorandam
3553 3364 3611 3410 et
3641 3357 3741 3411 ad.

451 3423 702 3489 genium,
749 3435 805 3479 et
850 3424 1128 3493 antiquum
1174 3425 1458 3478 artiﬁcium
1511 3427 1562 3480 in
1614 3427 1993 3493 pervertendis
2021 3469 2037 3492 ,

453 3495 788 3561 truneandis,
807 3504 864 3550 et
879 3495 945 3566 ad
972 3509 1097 3548 suos
1116 3509 1309 3550 sensus
1333 3496 1723 3566 detorquendis
1745 3497 2041 3566 Scriptnris

451 3581 827 3635 smpenuniero
853 3582 882 3621 a
923 3565 1176 3621 Patribus
1225 3576 1490 3621 notatum.
1534 3565 1903 3622 Tertulliaous
1945 3570 2036 3624 lib.

450 3637 520 3692 de
548 3639 1053 3708 Prtrseriptimiihus
1100 3638 1358 3692 adversus
1408 3638 1690 3693 haereticos
1723 3656 1736 3690 :
1771 3637 1999 3695 Heresis
2021 3682 2036 3703 ,

455 3711 627 3778 inquit
671 3707 824 3778 (Cap.
859 3712 975 3776 l7).
1017 3726 1116 3763 non
1141 3709 1317 3780 recipit
1347 3709 1598 3778 quasdam
1639 3709 1957 3781 Scripturas.
1992 3723 2040 3766 et

451 3781 495 3833 si
525 3796 647 3852 quas
677 3781 856 3852 recipit
875 3822 889 3840 ,
922 3781 1294 3851 adjectionibus
1323 3791 1369 3836 et
1401 3781 1803 3834 detractionibus
1833 3783 1901 3834 ad
1932 3783 2038 3835 dis-

450 3851 753 3924 positionem
786 3851 1008 3906 instituti
1051 3853 1132 3904 sui
1161 3852 1438 3905 intervertit
1480 3860 1581 3924 :et
1611 3853 1654 3905 si
1697 3851 1901 3924 recipit,
1936 3869 2038 3908 non

451 3923 630 3994 recipit
680 3924 902 3994 integras
936 3939 954 3978 :
985 3925 1102 3977 etsi
1140 3923 1463 3992 aliquatenus
1508 3923 1736 3994 integras
1781 3933 1994 3991 prtrstat
2021 3967 2036 3989 ,

451 3991 1029 4047 nihilominus—diversas
1050 3991 1394 4057 expositiones
1409 3991 1750 4047 commentata
1772 3997 2032 4048 convertit.

450 4062 507 4133 S_.
551 4061 854 4133 Cyprianus
882 4061 980 4118 lih.
1012 4064 1078 4116 de
1110 4061 1327 4120 Unitate
1356 4064 1614 4119 Ecclesite
1647 4082 1660 4117 :
1696 4063 2036 4130 Corruptores

450 4130 722 4202 Evangelii
763 4143 914 4196 atque
961 4135 1254 4204 interpretes
1299 4136 1422 4204 falsi
1465 4144 1686 4188 extrema
1727 4147 1946 4201 ponunt,
1988 4147 2036 4189 et

447 4205 720 4276 superiora
759 4212 1103 4276 prwtcreunt,
1133 4205 1300 4276 partis
1346 4221 1591 4276 memores
1613 4215 1659 4259 et
1698 4217 1892 4276 partem
1917 4208 2036 4261 sub-

449 4274 568 4328 dole
593 4273 1000 4343 comprimcntes.
1033 4273 1101 4328 Ut
1125 4275 1223 4346 ipsi
1251 4277 1313 4328 ab
1347 4275 1576 4330 Ecclesia
1604 4273 1750 4328 scissi
1779 4286 1934 4346 sunt:
1964 4279 2036 4337 ita

446 4345 662 4413 capituli
705 4347 858 4401 unius
912 4347 1215 4402 sententiam
1246 4349 1487 4401 scindunt
1518 4346 1680 4410 (Vide
1709 4347 1778 4399 ibi
1810 4345 2037 4402 Pautelii

449 4421 671 4500 notam):
702 4417 761 4500 t):
796 4418 1126 4500 Augustinus
1158 4417 1347 4500 haeresi
1371 4417 1440 4470 46
1465 4417 1671 4500 scilicet
1713 4416 2035 4500 Monichiae-

449 4503 566 4542 rum
597 4507 609 4542 :
643 4487 818 4554 Ipsius
843 4530 859 4553 ,
890 4487 1104 4557 inquit,
1139 4490 1254 4542 novi
1291 4488 1598 4542 Testamenti
1631 4489 1915 4557 scripturas
1961 4490 2035 4544 ita

447 4558 641 4626 legunt,
677 4571 753 4620 ut,
777 4561 913 4628 quod
936 4560 1204 4618 voluerint,
1229 4560 1351 4628 inde
1377 4560 1660 4626 accipiant;
1681 4559 1817 4628 quod
1848 4561 2031 4625 nolint,

446 4630 703 4698 rejiciaut.
739 4627 802 4686 Et
837 4631 1026 4683 lucri-si
1071 4630 1141 4685 70
1178 4648 1189 4682 :
1226 4627 1670 4691 Priscillianistte,
1695 4627 1871 4692 inquit
1893 4671 1908 4693 ,
1939 4631 2033 4687 hoc

443 4703 747 4755 versutiores
782 4701 1101 4761 Manicha’is,
1133 4701 1270 4770 quod
1302 4700 1430 4754 nihil
1459 4701 1833 4766 scripturarum
1865 4702 2030 4755 Cano—

442 4772 673 4825 uicorum
725 4773 1012 4842 repudiarit,
1060 4773 1212 4826 simul
1261 4789 1377 4825 cum
1430 4770 1763 4842 aprocryphis
1811 4772 2031 4841 legentes

442 4843 616 4896 omnia
644 4851 690 4896 et
728 4844 778 4894 in
807 4843 1108 4896 auctoritate
1147 4855 1403 4896 sumentes
1431 4859 1448 4896 :
1473 4843 1565 4896 sed
1605 4844 1658 4894 in
1696 4858 1814 4895 suos
1849 4860 2028 4897 sensus

437 4914 825 4985 allegorizaudo
855 4922 1122 4978 vertentes,
1156 4914 1402 4981 quidquid
1433 4919 1483 4967 in
1525 4913 1712 4966 sanctis
1744 4912 1885 4985 libris
1918 4925 2022 4985 est,

433 4983 576 5052 quod
604 5001 779 5039 eorum
805 4993 992 5037 evertat
1020 5000 1262 5038 errorem.
1291 4985 1362 5037 [te
1394 4987 1491 5038 hac
1517 4985 1704 5038 eadem
1743 4983 2025 5038 hrcretico-

435 5070 554 5108 rum
587 5055 772 5109 fraude
799 5055 958 5111 latius
984 5053 1194 5109 disserit
1233 5055 1580 5122 Epiphanius,
1609 5055 1802 5108 hmres.
1836 5055 1924 5109 4'2.

507 5125 534 5164 ι’
563 5127 853 5191 'l'beotoci,
888 5125 937 5180 id
971 5136 1073 5188 est,
1117 5141 1145 5178 a
1180 5125 1292 5179 Deo
1322 5126 1516 5193 geniti,
1552 5143 1578 5176 τι
1611 5126 1873 5186 θεότοκος.
1909 5143 2013 5180 nou

429 5197 655 5260 θεοτόκος
679 5215 692 5252 :
721 5198 788 5251 de
803 5212 1031 5267 quorum
1063 5197 1378 5267 discrimine
1404 5197 1540 5249 alias
1565 5199 1768 5265 egimus
1798 5197 1900 5260 (Ad
1922 5200 2011 5250 tib.

436 5282 466 5318 v
502 5283 615 5337 cap.
649 5267 726 5336 ἓ).
755 5266 955 5337 Impius
1003 5267 1267 5336 siquidem
1310 5266 1590 5320 Nestorius
1616 5309 1627 5330 ,
1687 5267 1845 5331 cujus
1901 5270 2013 5322 hmc

430 5348 556 5392 sunt
581 5339 765 5403 verba,
800 5339 934 5394 duas
965 5339 1015 5390 in
1048 5337 1265 5391 Chri~to
1289 5339 1625 5390 constituens
1649 5353 1933 5405 personas,
1958 5349 2015 5392 et

429 5425 494 5464 ex
539 5410 894 5478 consequenti
943 5409 1078 5461 duos
1112 5408 1268 5471 ﬁlios,
1298 5407 1527 5460 alterum
1561 5407 1854 5474 hominem,
1885 5408 2013 5464 alte-

429 5494 544 5534 rum
595 5480 804 5545 Deum;
848 5478 1122 5534 hominem
1157 5480 1304 5533 illum
1333 5479 1560 5534 subinde
1604 5478 1827 5534 voeabat
1861 5479 2014 5534 theo-

428 5551 530 5602 loci
553 5591 568 5613 ,
600 5552 649 5602 id
679 5563 792 5618 est,
823 5551 916 5606 lilii
962 5550 1052 5605 Dei
1089 5551 1342 5614 fortnam,
1375 5561 1640 5615 statuant,
1689 5551 2006 5618 imaginem,

427 5634 683 5687 organum
714 5635 766 5674 et
796 5620 881 5674 his
911 5619 1129 5681 similia,
1165 5631 1220 5674 ιιι
1249 5636 1314 5674 ex
1365 5620 1790 5686 prmi-edentibus
1821 5621 2006 5688 liquet,

427 5690 568 5742 unde
605 5691 782 5760 statim
832 5689 919 5744 hic
969 5690 1195 5755 exponit
1231 5708 1243 5741 ε
1301 5689 1586 5760 Imaginem
1629 5689 1722 5744 Dei
1762 5690 2002 5757 latentis;

429 5759 678 5824 quamvis
706 5762 838 5813 alias
868 5761 1116 5832 eumdem
1169 5763 1329 5814 etiam
1358 5759 1635 5832 etesszou.
1669 5761 1721 5814 iil
1755 5770 1874 5825 est,
1907 5761 2001 5815 θυι

2146 3427 2419 3482 orandam"
2447 3426 2796 3496 prmdieabat.
2845 3425 3023 3492 Quare
3075 3426 3268 3496 merito
3298 3426 3494 3496 ambigi
3540 3429 3736 3493 possit,

2145 3497 2421 3562 tlieodoci,
2447 3495 2514 3551 an
2545 3497 2834 3552 theodochi
2859 3497 3040 3566 petius
3073 3495 3357 3566 legendum
3385 3495 3491 3549 sit:
3532 3512 3654 3550 nam
3684 3510 3740 3554 et

2143 3569 2232 3622 ille
2255 3566 2546 3622 theodochi
2588 3568 2813 3623 formam
2841 3565 2897 3622 et
2937 3567 3222 3636 imaginem
3254 3565 3468 3620 Christo
3501 3566 3738 3636 afﬁnge-

2145 3641 2231 3692 hat
2257 3681 2269 3698 ,
2303 3641 2352 3694 id
2387 3647 2506 3703 est,
2541 3655 2699 3701 quam
2741 3640 2986 3708 gerebat,
3031 3654 3096 3693 ac
3142 3653 3251 3708 pra:
3268 3652 3336 3708 se
3370 3636 3574 3691 ferebat
3617 3637 3740 3706 ipse

2141 3711 2392 3782 illiristus
2435 3709 2680 3782 Θεοδόχος
2714 3707 2804 3782 Dei
2847 3719 3131 3782 susceptor
3168 3719 3220 3762 et
3262 3707 3461 3782 hospes
3507 3725 3520 3761 :
3579 3713 3739 3779 cujus

2142 3779 2283 3833 Deus
2313 3777 2680 3848 inquilinus-'et
2714 3780 3063 3840 inliabitator.
3094 3789 3151 3832 ut
3181 3781 3294 3845 ipse
3323 3777 3554 3832 volebat.

2215 3861 2235 3887 ε
2267 3851 2520 3915 Quamvis
2553 3852 2639 3904 hic
2669 3853 2816 3905 locus
2855 3852 2923 3904 de
2949 3849 3189 3904 secundo
3222 3849 3421 3904 Christi
3461 3851 3735 3917 adventu,

2142 3937 2332 3989 nempe
2353 3924 2416 3974 ad
2438 3922 2721 3988 judicium.
2745 3922 3030 3975 Iuanifeste
3055 3921 3399 3988 intelligatur,
3427 3929 3481 3973 ut
3502 3936 3735 3986 sequen-

2143 3993 2210 4045 tia
2240 3995 2482 4060 ejusdem
2513 3994 2703 4062 psalmi
2735 3993 2952 4056 docent,
2983 4001 3038 4046 et
3060 3990 3246 4044 Patres
3273 3993 3732 4059 interpretantur,

2140 4063 2345 4119 Anetor
2370 4075 2545 4118 tamen
2569 4063 2634 4118 ad
2659 4063 2888 4132 primum
2912 4063 3200 4116 adventum
3232 4063 3280 4113 in
3300 4077 3515 4115 carnem
3537 4063 3732 4129 refert,

2140 4132 2192 4186 in
2221 4151 2328 4205 quo
2349 4134 2500 4201 dicit,
2533 4151 2653 4189 enm
2678 4134 2839 4189 etiam
2873 4133 3422 4205 manifestevenissc,
3453 4149 3558 4184 non
3584 4135 3732 4202 quod

2141 4202 2265 4258 tunc
2295 4206 2545 4260 omnibus
2577 4206 2892 4268 innotuerit,
2918 4215 2970 4260 et
3004 4202 3374 4256 tuauifestatus
3408 4205 3601 4265 fuerit;
3634 4205 3730 4258 sed

2138 4276 2277 4344 quod
2308 4277 2698 4331 sufﬁcientibus
2733 4277 2926 4344 signis,
2957 4286 3066 4344 lupi
3097 4290 3126 4325 e
3156 4275 3316 4338 cmlo,
3366 4285 3476 4327 tum
3504 4275 3552 4326 in
3586 4284 3732 4329 terra

2138 4347 2296 4400 editis
2321 4347 2661 4402 innotescere
2702 4346 2966 4416 potuerit,
2996 4353 3051 4396 ct
3081 4346 3263 4416 multis
3297 4346 3628 4416 innotuerit,
3665 4362 3732 4401 ac

2140 4418 2395 4483 paulatitn
2451 4417 2620 4483 magis
2669 4415 2733 4470 ac
2787 4417 2957 4478 magis
3012 4415 3342 4468 inclaruerit.
3396 4415 3513 4479 Quo
3561 4415 3732 4476 etiam

2140 4489 2300 4542 modo
2322 4488 2532 4541 videtur
2556 4489 2616 4542 D.
2649 4487 3008 4558 llieroityinus
3030 4487 3277 4558 eumdem
3307 4486 3606 4558 Psaltnista‘:
3645 4489 3726 4539 lo-

2137 4573 2257 4628 cum
2282 4560 2349 4612 de
2381 4560 2551 4628 primo
2580 4558 2776 4612 Christi
2807 4563 3040 4612 adventu
3075 4557 3447 4628 interpretari,
3480 4557 3729 4612 scribens

2139 4627 2189 4680 in
2219 4644 2269 4687 c.
2302 4627 2405 4683 ω
2439 4629 2585 4681 Ιςιιὶτιι
2607 4671 2622 4692 ,
2669 4629 2757 4682 ubi
2803 4629 2940 4682 alios
2971 4627 3261 4694 Scriptura:
3297 4628 3442 4680 luens
3475 4642 3596 4679 cuzn
3631 4645 3730 4680 cn-

2136 4699 2257 4752 deni
2287 4700 2515 4762 confert,
2561 4701 2709 4752 illum
2741 4701 3040 4768 prmsertini
3077 4698 3206 4752 Luc.
3243 4713 3352 4751 xtt:
3390 4695 3569 4767 Ignem
3611 4715 3727 4754 rem

2138 4771 2335 4824 mittere
2356 4773 2408 4824 in
2435 4781 2640 4824 terram.
2669 4779 2714 4822 et
2742 4787 2892 4835 quant
2917 4768 3032 4822 uolo
3059 4777 3114 4821 ut
3134 4768 3348 4820 ardeat!
3370 4769 3480 4838 (sic
3505 4771 3617 4834 ipse
3647 4771 3696 4823 ci
3717 4801 3729 4814 ο

2135 4844 2228 4911 lat)
2261 4844 2349 4911 qui
2391 4843 2458 4896 de
2491 4843 2664 4907 primo
2695 4841 2926 4895 adventu
2984 4839 3126 4895 haud
3165 4839 3328 4911 dubie
3375 4839 3718 4905 intelligitur.

2128 4910 2433 4968 curantem
2465 4929 2572 4966 non
2620 4913 2868 4966 omnibus
2892 4913 3072 4966 statim
3105 4910 3422 4964 manifestus
3467 4925 3588 4963 esse
3615 4911 3719 4964 de-

2127 4981 2300 5037 buerit
2355 4984 2552 5040 Christi
2603 4984 2891 5044 adventus,
2925 4995 2975 5036 et
3009 4983 3238 5036 Inumna
3281 4979 3567 5039 nativitas.
3606 4991 3722 5036 tres

2124 5053 2359 5111 rationes
2390 5055 2544 5110 alI'et-t
2576 5055 2637 5108 D.
2672 5056 2907 5108 Thomas
2954 5056 3032 5117 (ιιι
3066 5071 3098 5119 p
3131 5095 3142 5108 .
3180 5069 3230 5119 q.
3260 5050 3349 5113 56,
3382 5061 3482 5103 art.
3521 5049 3587 5119 t):
3623 5050 3722 5103 Di-

2119 5124 2360 5194 cendum,
2395 5128 2585 5194 inquit,
2626 5126 2761 5193 quod
2785 5125 3022 5177 natiritas
3050 5121 3241 5178 Christi
3277 5138 3379 5174 non
3409 5121 3580 5174 debuit
3609 5139 3722 5177 esse

2115 5199 2450 5250 communiter
2491 5197 2724 5250 omnibus
2767 5197 3055 5262 manifesta.
3095 5195 3272 5247 l’iimo
3314 5194 3542 5262 quidem,
3593 5194 3718 5259 quia

2119 5282 2207 5332 per
2257 5267 2356 5320 hoc
2412 5269 2653 5336 impedita
2713 5266 2888 5334 fuisset
2951 5265 3179 5318 humana
3226 5265 3544 5336 redemptio,
3601 5279 3717 5336 quas

2114 5352 2203 5404 per
2233 5354 2430 5391 crucem
2461 5333 2577 5408 ejus
2604 5348 2810 5408 peracta
2832 5347 2938 5390 est:
2967 5338 3088 5405 quia
3119 5348 3171 5388 ιιι
3201 5335 3390 5408 dicitur
3433 5335 3614 5408 prima:
3643 5333 3715 5408 ad

2115 5408 2234 5462 Cor.
2265 5424 2298 5462 ll
2326 5426 2338 5462 :
2394 5409 2454 5461 Si
2483 5405 2856 5478 cognovissent,
2901 5425 3179 5478 numquam
3226 5407 3503 5460 Dominum
3533 5405 3716 5478 gloria:

2113 5481 2508 5549 cruciﬁxissent.
2546 5475 2817 5544 Secundo,
2847 5481 2966 5549 quia
2994 5475 3089 5531 hoc
3126 5479 3447 5549 diminuissct
3475 5475 3713 5549 meritum

2112 5548 2255 5621 ﬁdei,
2302 5565 2560 5618 perquam
2591 5559 2801 5621 uenerat
2820 5545 3046 5621 homines
3081 5548 3397 5621 justi/icore,
3427 5545 3713 5621 secundum

2112 5613 2246 5672 illud
2280 5613 2624 5676 Romanorum
2651 5635 2739 5673 nt:
2769 5619 2984 5674 Justitia
3016 5613 3106 5674 De'i
3130 5613 3390 5684 per/idem
3410 5615 3535 5669 Jesu
3557 5613 3709 5673 Chri.

2111 5693 2194 5743 sti.
2245 5693 2303 5746 Si
2347 5692 2483 5744 enim
2515 5691 2796 5761 manifestis
2829 5691 3034 5744 indiciis
3080 5691 3282 5743 Christo
3331 5688 3708 5761 nasccnteejns

2113 5763 2348 5815 nativitas
2375 5764 2605 5815 omnibus
2631 5757 2918 5830 appareret,
2945 5766 3059 5834 jam
3088 5761 3352 5834 tolleretur
3380 5757 3511 5834 ratio
3540 5757 3660 5834 ﬁdei
3684 5797 3698 5815 ,

422 5823 791 5901 suscrptorcm
831 5837 885 5883 et
925 5829 1190 5898 hostiitem
1220 5823 1549 5888 autum-wet":
1579 5843 1632 5884 et
1666 5823 1887 5896 utraque
1920 5848 2005 5886 ra-
2105 5848 2224 5886 nua:
2252 5843 2322 5886 cst
2349 5823 2712 5904 argumentum.
2736 5849 2833 5886 non
2860 5823 3219 5904 apparentia»:
3242 5872 3255 5896 ,
3289 5839 3340 5882 ιιι
3380 5829 3566 5881 dicitur
3598 5823 3706 5880 Ilsn
