4016 6192
422 310 532 369 ἳΞδ

428 520 668 575 vidisset.

1044 645 1273 702 CAPUT
1315 646 1384 701 Χ.

652 798 891 869 Congerit
926 799 1085 870 plura
1116 800 1344 873 ejusdem
1375 800 1448 854 rei
1479 800 1788 854 testimonia.

502 956 608 1010 Sed
642 954 769 1025 quid
799 970 898 1022 ego
921 954 974 1009 in
1006 969 1113 1010 uno
1149 957 1400 1025 exemplo
1438 958 1640 1012 tamdiu
1678 974 2015 1023 commoror,

428 1049 582 1118 quasi
624 1048 788 1103 multa
835 1048 1050 1103 desint?
1079 1048 1345 1121 Numquid
1386 1052 1529 1105 enim
1569 1052 1737 1106 latere
1772 1051 2018 1106 homines

428 1143 538 1210 jam
571 1149 680 1194 tum
716 1149 925 1207 poterat
948 1140 1001 1195 in
1030 1156 1193 1197 carne
1218 1136 1481 1197 venturus
1505 1143 1678 1196 Deus?
1708 1159 1829 1199 cum
1858 1144 1928 1197 de
1956 1159 2020 1199 eo

432 1234 583 1301 quasi
613 1232 679 1286 ad
708 1235 868 1287 omne
912 1233 1204 1289 humanum
1232 1250 1399 1304 genus
1432 1235 1608 1305 palam
1652 1236 1911 1305 propheta
1940 1235 2022 1291 di-

432 1333 581 1378 ceret
612 1342 624 1377 :
661 1322 794 1378 Ecce
822 1322 961 1378 Deus
992 1336 1153 1379 vester
1198 1325 1382 1397 (Isaiae
1417 1326 1542 1395 XL);
1586 1334 1641 1381 et
1679 1326 1839 1389 alibi.
1889 1326 2022 1380 Ecce

436 1417 577 1471 Deus
607 1425 778 1471 noster
805 1416 989 1489 (Isaia:
1012 1417 1172 1487 xxv);
1197 1426 1253 1473 et
1279 1418 1433 1484 illud,
1467 1419 1634 1483 Deus,
1666 1419 1843 1488 fortis.
1879 1428 2025 1488 pater

435 1509 601 1577 futuri
648 1509 861 1571 saeculi,
910 1508 1148 1581 princeps
1176 1511 1352 1581 pacis;
1379 1520 1426 1564 et
1466 1508 1613 1580 regni
1654 1511 1767 1580 ejus
1808 1526 1911 1564 non
1930 1511 2025 1563 erit

437 1600 558 1667 ﬁnis
588 1598 768 1668 (Isaiae
796 1598 1037 1671 ix)?Sed
1079 1611 1134 1655 ct
1161 1615 1281 1655 cum
1319 1601 1428 1670 jam
1455 1600 1721 1662 venisset.
1768 1602 2023 1671 numquid

437 1689 637 1745 latebat
667 1707 763 1746 eos
808 1691 949 1761 quod
1004 1702 1256 1756 venerat,
1292 1694 1383 1763 qui
1427 1686 1641 1749 venisse
1681 1711 1805 1749 eum
1854 1695 2023 1764 palam

1741 294 2016 354 IOANNIS
2055 292 2369 350 CASSIANI

425 443 548 483 cum
578 426 631 482 iii
665 425 895 482 humana
942 423 1125 493 specie
1180 422 1344 475 Demn
1388 420 1499 489 jam
1548 416 1850 490 patriarcha
1884 422 2008 467 ante
2036 411 2088 469 A

3590 294 3701 354 ξςι

2730 407 2952 465 CAPUT
2990 409 3082 467 XI.

2114 504 2410 558 Da'monem
2440 502 2611 558 multis
2638 503 2921 575 rationibus
2954 505 3237 571 impulsum
3268 503 3425 575 fuisse
3464 513 3517 557 ut
3544 501 3697 559 Chri-

2507 585 2643 629 stum
2675 574 2839 629 Deum
2862 590 2971 630 esse
2992 574 3308 645 apinaretur.

2188 689 2441 745 Diabolus
2467 688 2702 759 denique
2719 687 2855 759 ipse,
2876 702 2998 742 cum
3018 702 3139 743 eum
3159 688 3305 743 omni
3327 688 3703 743 illecebrarum

2117 782 2353 847 ambitu,
2385 780 2531 837 omni
2565 781 2816 851 nequitia
2845 794 2958 835 sua:
2999 791 3118 835 srte
3149 787 3411 848 tentaret,
3444 780 3570 849 quid
3614 791 3707 836 aut

2119 875 2369 929 nesciens
2415 871 2818 942 suspicabatur.
2849 881 2943 926 aut
2984 881 3198 926 tentans
3227 871 3368 927 seire
3418 872 3710 941 cupiebat?

2118 978 2210 1021 aut
2262 965 2389 1035 quid
2440 975 2722 1035 tantopere
2752 979 2874 1019 eum
2921 973 3208 1031 moverat,
3256 962 3398 1034 quod
3440 963 3613 1019 Deum
3654 964 3722 1019 in.

2119 1058 2352 1112 hominis
2393 1056 2695 1111 humilitate
2722 1054 3038 1126 quaerebat?
3066 1055 3337 1124 Numquid
3368 1054 3711 1110 documentis

2123 1150 2393 1220 prioribus
2436 1148 2489 1203 id
2540 1147 2838 1203 didicerat?
2868 1146 2977 1201 λιιι
3007 1162 3166 1216 quem
3202 1161 3329 1199 iero
3372 1146 3426 1201 in
3474 1146 3713 1201 humano

2116 1236 2349 1310 corpore
2382 1240 2795 1294 Denurvenisse
2823 1238 3189 1309 cognoverat?
3224 1237 3338 1292 Non
3367 1237 3578 1306 utique;
3613 1239 3712 1293 sed

2125 1333 2331 1402 magnis
2356 1331 2631 1399 signorum
2665 1330 2900 1399 indiciis,
2925 1330 3131 1399 magnis
3161 1346 3343 1384 rerum
3364 1331 3716 1399 experimen—

2127 1427 2214 1481 tis.
2246 1434 2301 1479 et
2327 1424 2573 1478 veritatis
2614 1424 2785 1492 ipsius
2808 1422 3034 1477 vocibus
3054 1422 3119 1477 ad
3151 1421 3516 1491 suspicionem
3548 1425 3715 1478 etin-

2125 1515 2470 1586 quisitioocm
2504 1517 2579 1571 rei
2630 1514 2790 1585 hujus
2816 1513 3270 1584 compellebatur;
3316 1523 3501 1583 utpote
3532 1524 3585 1569 et
3616 1515 3717 1584 qui

2126 1608 2290 1663 semel
2308 1607 2418 1678 jam
2448 1622 2476 1660 a
2505 1606 2713 1663 Joanne
2739 1606 2986 1661 audierat
3010 1623 3022 1658 :
3051 1614 3075 1642 ι
3101 1600 3234 1659 Ecce
3261 1621 3427 1677 agnus
3454 1603 3567 1672 Dei,
3598 1621 3719 1659 erce

2128 1702 2215 1767 qui
2239 1698 2370 1751 tollit
2400 1713 2667 1764 peccatum
2690 1695 2869 1747 mundi
2897 1692 3074 1761 (Jouu.
3102 1692 3166 1757 ι).
3203 1690 3271 1744 Et
3298 1696 3495 1743 iterum
3517 1691 3583 1742 ab
3608 1705 3712 1742 e0-

436 1783 877 1839 conlitebantur?
930 1784 1196 1854 Numquid
1250 1787 1535 1855 lgnorabat
1588 1786 1683 1841 Dei
1725 1786 2014 1839 adventum
2048 1779 2099 1838 Β
2133 1794 2298 1846 dem:
2366 1788 2477 1858 Ego
2502 1806 2537 1842 a
2567 1798 2615 1840 te
2643 1786 2802 1839 debeo
2856 1784 3140 1850 baptizari,
3174 1792 3222 1835 et
3256 1790 3309 1835 tu
3340 1782 3484 1836 uenis
3530 1782 3598 1834 ad
3624 1797 3709 1833 me

437 1873 651 1937 Petrus,
678 1876 865 1931 dicens
889 1894 902 1929 :
927 1877 1006 1930 Tu
1024 1893 1078 1932 es
1100 1876 1355 1941 Christus,
1378 1876 1551 1932 Filius
1570 1875 1665 1933 Dei
1682 1879 1780 1933 vivi
1802 1878 2014 1950 (Matth.

436 1963 591 2036 vvr)?
638 1964 909 2036 Numquid
940 1967 1145 2021 Martha
1175 1968 1304 2037 quid
1336 1968 1679 2037 loqueretur,
1721 1979 1808 2022 aut
1861 1985 2019 2039 quem

435 2056 712 2126 crederet,
748 2060 1057 2114 nesciebat?
1093 2058 1306 2131 Utique.
1337 2061 1612 2131 inquiens,
1645 2061 1899 2128 Domine,
1932 2079 2022 2135 ego

434 2150 653 2214 credidi.
677 2154 798 2218 quia
821 2159 875 2204 tu
906 2167 958 2204 es
980 2150 1216 2205 Christus
1246 2149 1416 2205 Filius
1440 2151 1536 2207 Dei
1561 2152 1681 2216 vivi,
1709 2153 1796 2220 qui
1814 2153 1866 2206 in
1886 2152 2023 2206 [tunc

436 2238 689 2294 mundum
711 2243 889 2295 venisti
921 2242 1103 2313 (toan.
1157 2242 1271 2311 si)?
1297 2240 1497 2297 Omnes
1540 2242 1800 2313 denique,
1838 2244 1929 2313 qui
1957 2246 2024 2297 ah

432 2350 503 2388 co
534 2335 616 2389 vel
649 2338 958 2389 morborum
994 2338 1266 2401 remedia,
1297 2338 1380 2391 vel
1409 2336 1773 2391 membrorum
1804 2336 2025 2392 restitu-

437 2425 612 2480 tiones
636 2468 650 2490 ,
682 2428 767 2481 vel
798 2436 1136 2483 mortuorum
1168 2430 1329 2482 vitam
1363 2428 1618 2497 petebant
1639 2470 1652 2492 ,
1689 2428 1759 2482 ab
1792 2428 2025 2485 hominis

434 2518 490 2574 id
522 2519 835 2575 inﬁrmitate
860 2536 926 2574 an
950 2534 979 2575 a
1010 2520 1104 2577 Dei
1130 2521 1518 2593 omnipotentia
1541 2522 1920 2590 postulabant?

2134 1881 2349 1949 (Ellattlt.
2398 1878 2506 1947 in)?
2548 1876 2892 1932 Descendens
2931 1888 3149 1944 quoque
3183 1875 3250 1928 de
3280 1874 3441 1936 coelo,
3468 1882 3524 1927 et
3556 1880 3728 1925 stans.

2131 1992 2295 2043 supra
2323 1981 2490 2041 caput
2515 1970 2728 2026 Domini
2748 1969 3022 2033 columba,
3043 1967 3351 2023 evidentem
3372 1982 3428 2019 se
3450 1982 3513 2020 ac
3536 1967 3680 2018 mani
3700 1994 3715 2005 ι

2133 2067 2392 2122 festatitlzn
2419 2063 2651 2118 claritati
2676 2059 2847 2133 [Lips.
2875 2063 2929 2113 in
2953 2076 3124 2128 marg.
3151 2056 3493 2112 ttiattil'estain
3527 2057 3715 2112 decla~

2135 2153 2259 2226 rati]
2287 2154 2374 2207 Dei
2407 2151 2640 2205 iudicem
2675 2150 2921 2203 dederat.
2950 2146 3062 2199 Vox
3084 2162 3301 2215 quoque
3323 2160 3446 2198 eum
3478 2160 3584 2199 non
3610 2163 3716 2214 per

2136 2243 2424 2311 a-nigmata
2459 2254 2558 2294 nec
2587 2253 2682 2307 per
2714 2237 2914 2305 tiguras
2948 2249 2976 2287 a
3012 2235 3119 2287 Deo
3150 2236 3310 2290 missa
3339 2244 3737 2304 permoverat,

2139 2332 2331 2385 dicens
2364 2349 2376 2383 :
2418 2327 2496 2381 Tu
2528 2344 2581 2381 es
2611 2325 2779 2380 Filius
2811 2341 2953 2378 meus
2996 2323 3240 2385 dilectus.
3270 2325 3321 2376 in
3351 2333 3400 2377 te
3423 2324 3718 2392 coinplttcui

2139 2423 2351 2494 (Ibid).
2387 2421 2453 2475 Et
2490 2421 2634 2483 ideo,
2661 2420 2786 2474 licet
2816 2417 3093 2472 hominem
3116 2416 3460 2471 extrinsecus
3497 2416 3549 2469 iii
3584 2415 3716 2470 Jcsu

2147 2513 2383 2577 videret,
2415 2511 2444 2549 ιι
2472 2509 2668 2564 Filium
2692 2508 2785 2565 Dei
2809 2506 3171 2589 investigabat
3195 2505 3387 2562 dicens
3417 2522 3433 2561 :
3460 2503 3517 2561 Si
3540 2504 3721 2561 Filias

1507 2636 1692 2701 ALAR
1703 2637 1764 2691 Dl
1804 2636 2035 2693 GAZIEI
2075 2637 2638 2695 COMMFNTARIUS.

434 2737 705 2783 creaturae.
734 2726 817 2782 Ea:
846 2730 939 2782 hac
965 2729 1143 2798 regula
1187 2738 1335 2781 etiam
1363 2729 1634 2798 Apostolus
1661 2727 1774 2781 ait:
1804 2729 1881 2782 An
1910 2730 2021 2782 rul-

437 2800 504 2872 tis
540 2801 944 2872 experimentum
986 2802 1097 2872 ejus
1138 2799 1226 2869 qui
1257 2800 1307 2872 in
1336 2814 1426 2872 me
1460 2797 1689 2872 loquitur
1728 2798 1930 2872 Christi
1954 2800 2017 2861 (ll

437 2868 675 2925 Corinlh.
692 2871 805 2941 xui)
822 2870 846 2924 ?
865 2868 1011 2925 Idem
1039 2869 1133 2941 lib.
1151 2868 1315 2941 inde
1340 2868 1603 2924 Trinitate
1623 2883 1743 2941 cap.
1768 2869 1829 2941 li
1858 2888 1870 2922 :
1896 2869 2003 2925 0m.

438 2943 547 3005 nia.
583 2937 921 3010 inquit.'quaa
943 2940 1174 3009 patribus
1195 2940 1303 2994 visa
1332 2949 1468 3001 sunt.
1502 2956 1617 2993 cum
1650 2937 1788 2994 Deus
1815 2940 1921 2995 illis
1942 2956 2021 2995 se-

436 3013 665 3066 cundum
713 3011 1142 3073 dispensationem
1196 3027 1340 3065 suam
1387 3010 1697 3081 temporibus
1740 3028 2020 3082 congruam

415 3091 855 3153 praesentaretur,
896 3099 985 3151 per
1029 3091 1315 3153 creaturam
1342 3083 1499 3153 facta
1539 3097 1646 3135 esse
1690 3083 2019 3153 manifestum

437 3137 531 3205 cst.
573 3152 640 3205 Et
672 3151 804 3204 inira
836 3137 1127 3206 occurrens
1159 3150 1281 3205 huic
1304 3137 1597 3215 olijectioni
1630 3170 1641 3203 :
1692 3150 1798 3206 Sed
1822 3137 1893 3206 ait
1922 3152 2021 3205 ali-
2048 3137 2091 3197 (ἶ

437 3223 553 3289 quis
585 3237 603 3275 :
626 3221 727 3275 Cur
752 3238 874 3293 ergo
898 3223 1145 3294 scriptum
1172 3231 1245 3294 est
1270 3238 1288 3274 :
1320 3219 1466 3294 Dixit
1494 3220 1747 3294 Dominus
1770 3225 1838 3276 ad
1871 3222 2021 3294 Moy-

435 3308 525 3345 sen
545 3333 558 3353 .
594 3304 640 3345 et
685 3308 784 3345 non
811 3291 983 3361 potius
1010 3309 1029 3348 :
1062 3291 1203 3345 Dixit
1239 3292 1450 3359 angelus
1494 3292 1562 3345 ad
1602 3292 1857 3362 Moysen?
1887 3291 2021 3358 Quia

437 3377 561 3434 cum,
594 3363 744 3434 verba
778 3363 977 3431 judicis
1018 3377 1184 3434 prteco
1215 3363 1540 3434 pronuntiat.
1567 3379 1666 3434 non
1702 3365 1942 3434 scribitur
1967 3368 2019 3417 in

436 3433 594 3501 gestis
621 3449 639 3487 :
668 3431 770 3485 Ille
818 3449 985 3501 prteco
1015 3430 1165 3495 dixit.
1210 3430 1299 3486 Sed
1332 3446 1350 3485 :
1380 3430 1484 3486 Ille
1511 3433 1700 3503 judex.
1744 3432 1834 3503 Sic
1863 3445 2020 3489 etiam

437 3504 673 3569 loquente
710 3505 961 3575 propheta
1008 3513 1216 3575 sancta,
1276 3503 1371 3575 etsi
1415 3502 1648 3575 dicamus
1694 3518 1712 3556 :
1756 3502 2023 3575 Propheta

436 3576 591 3637 dixit.
625 3573 756 3646 nillil
795 3573 940 3646 aliud
975 3573 1431 3646 quam_Don_iinum_
1459 3574 1651 3628 dixisse
1685 3574 1903 3646 intelligi
1931 3590 2019 3630 va-

438 3648 626 3699 lunius.
666 3644 727 3697 Et
755 3646 800 3698 si
828 3645 1057 3698 rl'ramus
1078 3660 1096 3697 :
1122 3643 1372 3698 Dominus
1397 3644 1550 3702 dixit.
1586 3643 1882 3711 prophetam
1914 3662 2017 3699 non

437 3715 809 3772 subtraltimus.
842 3717 929 3770 scd
951 3716 1061 3784 quis
1083 3730 1174 3786 per
1204 3730 1317 3768 eum
1347 3714 1537 3768 dixerit
1557 3714 1912 3771 admonemus.
1941 3721 2018 3770 Ac

408 3787 652 3841 'tlemum
687 3787 737 3841 in
772 3786 874 3841 line
905 3786 1019 3854 ejus-
1052 3785 1171 3840 libri
1208 3787 1276 3839 ita
1308 3785 1585 3840 concludit
1619 3805 1631 3840 :
1667 3785 1773 3857 sed
1791 3788 1904 3857 jam
1932 3803 2018 3841 sa-

434 3859 518 3919 tis.
564 3867 809 3924 quantuin
849 3859 1105 3920 existimo.
1150 3874 1239 3921 pro
1283 3865 1437 3926 captu
1482 3867 1657 3911 nostro
1700 3856 2018 3928 disputatum

433 3930 878 3998 constitutumque.
893 3939 938 3981 et
959 3927 1318 3995 probabilitate
1333 3929 1567 3986 rationis.
1582 3927 1827 3995 quantum
1844 3930 2014 3991 homo.

435 4001 515 4052 vel
540 4000 712 4067 potius
731 4009 982 4080 quantum
1013 4014 1107 4080 ego
1134 3999 1298 4080 potui,
1332 4007 1380 4080 et
1400 3999 1645 4080 ﬁrmitate
1669 4000 2013 4080 auctoritatis,

433 4080 684 4136 quantum
708 4069 770 4120 de
801 4067 1288 4138 Scripturisdivina
1318 4068 1520 4138 eloquia
1548 4079 1850 4136 patuerunt.
1876 4072 2016 4138 quod

434 4135 660 4206 antiquis
681 4137 908 4208 patribus
940 4137 1127 4191 nostris
1167 4145 1283 4191 ante
1319 4135 1735 4191 Incarnationem
1777 4135 2016 4194 Saluato—

434 4209 528 4280 ris.
560 4225 674 4261 cum
706 4208 841 4261 Deus
887 4223 1133 4279 apparere
1165 4208 1449 4280 dicebatur,
1481 4222 1626 4261 voces
1666 4208 1774 4262 illa:
1800 4227 1861 4263 ac
1900 4227 2017 4280 spe-

410 4279 535 4333 ries
578 4280 866 4349 corporales
911 4278 1000 4345 per
1024 4278 1233 4349 angelos
1275 4278 1427 4346 facta
1464 4287 1619 4342 sunt.
1649 4280 1749 4333 sive
1784 4281 1910 4347 ipsis
1930 4278 2013 4333 VIo-

431 4351 725 4417 quentibus.
753 4348 831 4405 vel
861 4350 1061 4420 aliquid
1090 4348 1358 4421 agentibus
1396 4365 1460 4404 ea:
1500 4365 1722 4421 persona
1755 4350 1846 4404 Dei
1869 4392 1881 4411 ,
1914 4352 2017 4405 sive

430 4422 808 4476 assumentibus
839 4438 901 4475 ea:
921 4432 1155 4474 creatura
1174 4420 1311 4489 quod
1340 4421 1439 4489 ipsi
1461 4420 1561 4473 nan
1583 4430 1733 4485 esset,
1758 4421 1844 4475 ubi
1879 4421 2014 4476 Dcus

2126 2730 2289 2784 Deum
2324 2728 2631 2783 immediate
2662 2742 2722 2778 ar.
2766 2742 2864 2794 per
2891 2741 2949 2779 se
2981 2740 3293 2792 corpoream
3328 2724 3557 2793 aliquam
3591 2739 3720 2792 sp"-

2124 2804 2261 2854 riam
2293 2800 2672 2867 assumpsisse.
2708 2799 2758 2851 in
2784 2814 2884 2866 qui
2911 2799 3038 2851 olim
3068 2796 3389 2850 mortalibus
3438 2797 3507 2867 sit
3544 2796 3719 2867 visus,

2122 2865 2577 2940 quemadmodum
2636 2865 2822 2940 Patres
2866 2882 2961 2935 pro
2999 2867 3201 2940 priore
3247 2866 3514 2940 sententia
3564 2865 3718 2940 citati

2123 2935 2447 2997 docuerunt.
2469 2940 2722 2996 Secundo
2745 2938 2940 3009 colligo
2961 2937 3565 3009 niliilominusaliorum
3595 2935 3703 3009 Pa-

2127 3024 2264 3067 trum
2298 3013 2652 3076 sentcntiam,
2683 3024 2802 3080 quae
2827 3006 2987 3080 docet
3023 3007 3231 3080 divinas
3271 3007 3394 3062 illas
3424 3006 3720 3080 apparitio-

2127 3100 2221 3139 nes
2250 3083 2561 3153 angelorum
2589 3077 2749 3148 Opera
2780 3092 2832 3133 et
2856 3077 3354 3153 minister-intactas
3372 3120 3385 3140 .
3411 3078 3738 3153 mtilto_esse

2128 3148 2577 3224 probabiliorem.
2610 3161 2720 3205 tum
2752 3149 2894 3220 quod
2929 3149 3257 3224 ﬁrmioribus
3298 3148 3633 3218 argumentis
3664 3158 3719 3200 et

2129 3219 2425 3279 rationibus
2458 3223 2678 3283 nitatur,
2722 3237 2946 3287 quarum
2979 3221 3063 3273 illa
3098 3219 3365 3285 prtecipna
3415 3229 3518 3285 cst,
3553 3233 3715 3286 quant

2124 3297 2336 3366 divinus
2360 3295 2449 3348 ille
2465 3294 2755 3366 Dionysius
2769 3291 3003 3361 suggerit
3017 3289 3241 3357 (Caelest.
3263 3288 3473 3366 Hierar.
3501 3306 3619 3348 cap.
3634 3287 3717 3366 li.

2122 3365 2262 3435 quod
2293 3364 2430 3419 Dens
2463 3360 2623 3419 hunc'
2647 3360 2926 3435 mundum.
2958 3370 3013 3435 et
3043 3374 3399 3430 qurecumque
3429 3360 3483 3413 in
3512 3360 3718 3435 mundo

2123 3430 2271 3501 sunt.
2307 3450 2411 3489 non
2461 3451 2557 3504 per
2600 3451 2659 3488 se
2688 3431 3007 3504 solum,sed
3043 3448 3155 3504 per
3183 3444 3376 3504 causas
3424 3430 3716 3504 secundas.

2125 3506 2420 3572 praesertim
2451 3501 2580 3559 vero
2624 3519 2721 3572 per
2756 3503 2976 3574 angelos
3018 3501 3385 3574 administret.
3420 3509 3529 3555 tum
3569 3503 3718 3569 quod

2124 3579 2175 3631 in
2205 3576 2407 3632 scholis
2432 3576 2502 3631 sit
2529 3575 2699 3644 magis
2729 3572 2940 3643 recepta
2965 3583 3019 3625 et
3040 3573 3313 3627 communi
3339 3572 3715 3644 theologorum

2121 3663 2346 3702 assensu
2376 3642 2729 3714 comprobata
2757 3662 2771 3709 ;
2804 3642 2867 3699 ut
2901 3644 3083 3697 videre
3113 3651 3194 3714 est
3221 3642 3360 3714 apud
3401 3642 3715 3710 Magistrum

2121 3719 2364 3773 Sentent.
2395 3734 2432 3772 tt
2467 3712 2558 3771 lib.
2588 3717 2716 3770 dist.
2740 3715 2811 3770 28
2841 3723 2896 3769 ct
2922 3714 3032 3769 DD.
3061 3713 3287 3769 ibidem.
3318 3712 3501 3766 Tertio
3528 3727 3595 3766 ex
3623 3715 3719 3768 iis-

2119 3790 2243 3844 dem
2287 3787 2700 3843 auctoritatihus
2730 3801 2826 3856 pro
2871 3785 2969 3856 hac
2996 3786 3258 3856 sententia
3291 3782 3568 3851 productis
3583 3825 3603 3856 _.
3635 3784 3715 3836 fa-

2119 3861 2223 3915 cile
2268 3869 2352 3913 est
2398 3854 2741 3928 respondere
2776 3855 3053 3928 praicipuo
3111 3855 3483 3928 lttndatiieneo_
3514 3854 3715 3928 prioris

2120 3932 2424 3995 sentt-mite,
2456 3923 2598 3998 quod
2636 3940 2700 3982 es
2732 3923 3007 3993 scriptura
3041 3927 3261 3998 petitur,
3300 3939 3419 3990 qtne
3455 3923 3621 3977 Deum
3656 3926 3711 3979 in

2119 4002 2288 4057 veteri
2329 3996 2679 4055 Testamento
2723 3998 2906 4052 multis
2945 3996 3262 4066 apparuisse
3291 4007 3710 4049 commemorat.

2118 4073 2235 4127 .lam
2265 4073 2407 4127 enim
2452 4086 2480 4123 a
2525 4070 2775 4125 Patribus
2803 4065 3118 4137 responsum
3149 4075 3233 4121 est
3271 4065 3578 4135 hujnsmodi
3609 4080 3711 4137 ap-

2120 4144 2414 4209 paritiones
2454 4142 2566 4196 Deo
2593 4140 2835 4205 attribui,
2863 4136 3007 4209 quod
3044 4138 3219 4204 angeli
3260 4146 3584 4209 apparentes
3615 4136 3713 4209 Dei

2119 4206 2265 4269 vices
2321 4222 2606 4283 gererent.
2638 4206 3239 4283 ejusque'aueto‘ritate
3284 4222 3347 4260 ac
3398 4206 3712 4283 magisterio

2122 4278 2495 4353 fungerentur.
2552 4278 2686 4336 Vide
2740 4278 2895 4353 plura
2945 4279 3360 4353 apud__Petrum
3416 4278 3714 4347 Thyrreum

2119 4349 2258 4427 (Lib.
2294 4370 2307 4409 ι
2334 4356 2397 4427 de
2432 4349 2888 4427 Vision.“apparit.
2917 4349 3181 4427 αξη-95).

2193 4434 2217 4463 ⁸
2244 4426 2318 4479 Ita
2346 4425 2518 4480 Grieci
2544 4419 2757 4478 codices
2789 4431 2844 4478 et
2867 4419 3018 4476 multi
3045 4419 3216 4475 Latini
3247 4420 3429 4488 legunt
3451 4419 3502 4472 in
3527 4419 3715 4484 singu-

432 4491 1123 4576 Iiguratehdentonistrat-amr
1161 4491 1470 4575 hominibus.
1518 4490 1785 4576 “agentis
1827 4493 2011 4561 Augn-
2045 4514 2091 4576 υ
2120 4495 2218 4576 lari
2244 4538 2258 4558 .
2311 4504 2572 4576 peccatum
2604 4495 2798 4576 mundi.
2834 4492 2895 4547 Et
2924 4492 3189 4576 rationein
3230 4491 3387 4545 alicrt
3417 4489 3716 4576 Thcoplty:

430 4564 623 4618 stinus.
652 4564 928 4617 Po-trenio
960 4562 1023 4616 D.
1047 4561 1337 4632 Gregorius
1369 4577 1535 4617 xxviii
1569 4562 1846 4617 Moralium
1888 4578 2009 4629 cap.

426 4634 486 4698 2,
517 4650 728 4688 omnem
770 4633 863 4688 Dei
914 4634 1271 4696 locutionem,
1301 4647 1421 4698 quas
1464 4649 1567 4687 non
1609 4634 1669 4686 lit
1707 4634 1822 4688 sola
1850 4634 1901 4688 vi
1935 4636 2014 4689 iti-

430 4711 603 4759 terna:
628 4702 1014 4773 inspirationis,
1049 4703 1209 4758 docet
1249 4702 1368 4757 ﬁeri
1408 4719 1504 4769 per
1534 4704 1757 4773 angelos
1790 4722 1803 4759 :
1835 4704 2018 4759 Scien-

430 4776 578 4839 dum.
611 4775 803 4843 inquit.
830 4774 956 4846 quia
984 4773 1180 4828 duobus
1211 4774 1379 4829 modis
1404 4774 1596 4846 locutio
1627 4774 1800 4846 divina
1825 4775 2011 4829 distin-

427 4848 625 4915 guitur.
655 4845 755 4899 Ant
778 4844 868 4916 per
893 4846 1222 4917 semetipsum
1243 4844 1731 4917 namqueDominus
1758 4845 2011 4915 loquitur,

427 4927 517 4970 aut
537 4934 627 4986 per
650 4915 936 4989 creaturam
962 4915 1252 4989 angelicam
1276 4917 1385 4989 ejus
1405 4915 1474 4989 ad
1495 4931 1588 4971 nos
1610 4916 1762 4989 verba
1785 4917 2014 4989 forman—

428 4996 532 5059 tur.
568 4987 674 5042 Sed
704 5004 819 5040 cum
847 5004 937 5059 per
963 4987 1564 5059 semetipsumlpquitur.
1598 4988 1713 5041 sola
1756 4988 1900 5042 nobis
1939 4988 2014 5041 vis

424 5058 642 5141 internae
670 5057 1021 5141 inspirationis
1045 5057 1445 5141 apeﬁtutlzCum
1471 5074 1560 5141 per
1576 5060 1909 5141 semetipsum
1932 5059 2013 5113 lo-

425 5132 616 5195 quitur.
653 5131 715 5183 de
736 5128 885 5183 uerbo
907 5131 1016 5200 ejus
1043 5128 1154 5182 sine
1171 5128 1333 5184 verbis
1359 5137 1406 5181 et
1433 5130 1648 5198 syllabis
1667 5146 1755 5182 cor
1780 5131 2013 5193 docetur,

423 5202 549 5268 quia
569 5202 729 5273 uirtus
757 5203 872 5273 ejus
892 5201 1084 5273 intima
1114 5200 1336 5273 quadam
1373 5201 1724 5253 sublevatione
1751 5203 2013 5273 coquosci-

426 5278 529 5332 tur.
548 5283 653 5327 etc.
678 5269 872 5337 Habes,
889 5272 1081 5330 lector.
1103 5269 1228 5341 quid
1247 5273 1313 5323 tle
1332 5285 1388 5323 re
1411 5279 1759 5324 controversa
1777 5269 2015 5326 sentiant

424 5343 627 5412 antiqui
646 5341 856 5397 Patres.
877 5343 953 5396 Ex
972 5340 1164 5412 quibus
1194 5341 1389 5410 colligo
1409 5340 1638 5410 primum
1661 5345 2011 5409 ιιιιωειὶοηεηι

425 5409 566 5467 hanc
588 5430 691 5466 non
724 5427 844 5468 esse
870 5428 933 5467 ex
968 5409 1151 5466 earum
1185 5409 1419 5465 numero
1443 5427 1668 5478 quarum
1697 5413 1864 5467 altera
1893 5428 2014 5479 pars

426 5481 529 5534 title
550 5485 624 5537 sit
647 5484 871 5538 tenenda
891 5500 906 5547 ;
925 5485 1120 5547 altera.
1145 5492 1200 5536 ut
1221 5482 1343 5536 lidei
1363 5483 1654 5549 contraria,
1675 5482 1973 5551 respuenda
2000 5501 2010 5534 :

421 5551 950 5626 scdprohlctnaticis
994 5554 1382 5626 quarstionihus
1425 5553 1916 5617 annumerandam,
1947 5554 2015 5607 de

424 5624 639 5689 quibus.
672 5625 822 5678 salva
874 5624 1022 5688 llde.‘
1060 5625 1369 5678 utrumlibet
1424 5626 1626 5679 sentire
1678 5625 1857 5687 liccat.
1891 5638 2013 5678 cum

424 5702 610 5773 peulra
658 5709 783 5773 pars
810 5694 1066 5773 licclegja'
1092 5696 1295 5762 judicio
1327 5695 1395 5773 sit
1427 5695 1640 5749 delinita
1683 5695 2014 5773 vehimpro-

406 5762 581 5833 ‘bata;
631 5764 859 5835 proinde
914 5762 1117 5835 ab'ique
1168 5775 1316 5824 metu
1372 5766 1643 5823 haereseos
1695 5766 1796 5822 dici
1856 5762 2016 5836 posse

2120 4562 2387 4621 lactusita
2415 4565 2663 4621 scribens
2694 4583 2706 4618 :
2733 4565 2906 4629 Quare
2931 4579 3036 4615 non
3058 4562 3212 4627 dixit,
3244 4570 3453 4631 peccata
3481 4562 3664 4613 mundi
3686 4562 3717 4614 Ρ

2123 4637 2190 4692 Ut
2216 4637 2449 4690 videlicet
2472 4652 2560 4703 per
2586 4637 2682 4689 hoc
2699 4635 2837 4701 quod
2860 4634 3008 4697 dixit,
3033 4645 3316 4703 peccatum.
3350 4632 3717 4703 universaliter

2118 4718 2384 4778 peceatum
2414 4701 2671 4761 videretur
2699 4706 2948 4778 innuere;
2993 4701 3124 4778 sicut
3155 4704 3511 4778 consuevimus
3542 4701 3716 4756 dicere

2117 4774 2254 4843 quod
2286 4779 2437 4833 homo
2461 4778 2650 4846 eiectus
2678 4786 2748 4830 est
2770 4776 2832 4828 de
2855 4776 3120 4846 paradiso.
3148 4774 3344 4846 iduest.
3370 4787 3519 4846 omne
3548 4788 3715 4845 genus

2118 4849 2422 4903 humanum.
2478 4844 2568 4903 Sic
2613 4848 2745 4916 ipse.
2790 4846 2985 4901 Soli-nt
3009 4844 3169 4899 etiam
3200 4844 3443 4908 Hebraei,
3475 4854 3533 4897 ut
3554 4844 3718 4916 recte

2119 4920 2393 4973 annotavit
2435 4914 2680 4990 Lyranus
2704 4961 2718 4984 ,
2755 4916 3013 4990 singulari
3050 4931 3274 4990 numero
3303 4923 3472 4990 tutam
3504 4914 3582 4990 rei
3615 4929 3717 4990 na-

2121 4999 2297 5045 turam
2329 5001 2383 5043 ιιι
2408 4983 2678 5059 ingentem
2708 4983 2916 5059 cepiam
2945 4986 3270 5059 signiﬁcare.
3310 4983 3481 5047 Venit,
3514 4985 3712 5053 inquit.

2119 5077 2293 5115 musca
2315 5058 2635 5132 gravissima.
2662 5058 2835 5113 Exod.
2861 5074 2981 5121 vin;
3014 5058 3115 5110 hoc
3143 5066 3249 5117 cst.
3276 5069 3464 5124 magna
3490 5070 3729 5132 musam.

2119 5147 2236 5185 rum
2263 5125 2573 5196 multitudo,
2608 5139 2696 5185 aut
2724 5144 2875 5183 ontue
2898 5145 3190 5182 muscarum
3213 5143 3395 5199 genus,
3423 5134 3478 5179 ut
3506 5125 3711 5179 ibidem

2117 5202 2427 5266 exponitur.

2190 5274 2216 5312 δ
2240 5273 2498 5337 Perplexa
2533 5270 2819 5325 admodum
2859 5279 2909 5325 cl
2941 5269 3190 5339 ambigua
3230 5266 3460 5335 qttmstin
3501 5273 3605 5339 est,
3637 5281 3711 5318 an

2119 5353 2173 5414 et
2201 5343 2417 5414 quando
2441 5342 2687 5395 diabolus
2714 5341 2920 5414 Clu-isti
2943 5338 3275 5414 divinitatem
3308 5346 3359 5414 et
3389 5338 3711 5414 mysterium

2121 5407 2508 5468 lnearnationis
2529 5413 2836 5477 cognoverit
2854 5413 2876 5465 ἲ
2891 5411 3025 5466 Sunt
3041 5410 3185 5465 enim
3208 5412 3308 5463 hac
3332 5408 3383 5461 in
3410 5420 3466 5462 re
3484 5407 3713 5463 diversa

2119 5486 2414 5551 Scriptum
2458 5484 2570 5536 loca
2616 5483 2667 5536 in
2712 5484 2945 5551 speciem
2998 5479 3304 5551 pugnantia.
3351 5478 3504 5551 Quod
3558 5477 3711 5532 enim

2121 5548 2365 5630 diabolus
2386 5554 2659 5610 Christum
2691 5548 2877 5630 verum
2909 5548 3265 5630 Deum'etiam
3286 5557 3413 5630 ante
3433 5548 3712 5630 eiospas-

2119 5626 2327 5679 sionem
2369 5635 2423 5678 ct
2451 5624 2901 5679 resurrectionem
2944 5622 3254 5691 agnoverit,
3282 5618 3475 5691 colligi,
3495 5618 3713 5672 videtur

2122 5712 2188 5749 ex
2222 5694 2513 5763 Evangelio
2561 5693 2793 5749 Matthaei
2823 5709 2947 5757 vni.
2981 5689 3067 5748 ubi
3091 5693 3393 5763 __d:emones
3430 5689 3712 5763 clamave-

2123 5773 2248 5822 runt
2279 5784 2290 5818 ε
2328 5758 2463 5833 Quid
2491 5764 2632 5820 nobis
2670 5774 2716 5820 et
2743 5765 2865 5835 tibi,
2905 5764 3031 5820 Jcsu
3082 5760 3187 5818 Fili
3235 5760 3368 5817 Dei?
3397 5758 3577 5815 venisti
3606 5758 3714 5813 itu
