4016 6192
403 350 506 404 227

1718 341 1999 396 JOANNIS
2038 339 2352 398 CASSIAN

3583 335 3690 398 228

402 462 533 534 quid
580 462 688 516 ait?
727 458 786 516 Si
825 457 997 512 Filius
1025 455 1124 511 Dei
1166 472 1218 511 es
1243 498 1257 520 ,
1291 455 1375 510 die
1413 466 1468 508 ut
1491 455 1688 526 lapides
1724 457 1810 508 isti
1838 471 1992 523 panes
2024 462 2070 518 Α
2101 453 2570 524 perscrutabatnr;
2615 453 2682 508 de
2712 452 2938 508 \eritate
2966 451 3013 506 ei
3045 458 3160 506 erat
3183 447 3525 514 sollicitudo.
3574 465 3684 508 non

407 557 553 612 ﬂant.
579 554 698 609 Non
725 551 1035 623 ambigebat
1063 551 1244 620 utique
1264 558 1387 606 esse
1410 563 1567 620 posse
1595 548 1734 619 quod
1758 544 1825 602 an
1843 561 1990 604 esset

2098 551 2166 602 de
2195 547 2630 616 impossibilitate
2659 548 2946 603 securitas.

1471 683 1726 740 ALARDI
1764 681 1994 738 (ΞΑΖᾸΞΙ
2035 681 2598 737 COMMENTARIUS.

399 806 643 862 convertit
677 805 837 858 tertia:
867 803 1069 873 fraudis
1098 801 1392 868 ingenium,
1447 809 1500 852 ut
1533 800 1736 873 eumiu
1768 816 1868 873 quo
1909 800 1990 851 di-

398 881 528 931 vina:
551 877 813 948 potestatis
843 870 994 945 signa
1018 882 1357 948 cessaverant,
1382 871 1686 924 dominandi
1706 870 1991 948 cupiditate

399 941 646 1010 tentaret,
677 959 726 1000 et
754 948 819 998 ad
863 941 1236 998 venerationem
1264 944 1348 994 sui
1373 983 1386 1006 ,
1416 957 1573 1011 regna
1610 942 1788 995 mundi
1828 941 1987 1011 polli-

399 1021 580 1084 cendo,
607 1020 913 1070 traduceret.
946 1016 1050 1070 Sed
1071 1014 1395 1081 prudentiam
1415 1013 1606 1065 diaboli
1634 1013 1846 1084 stultam
1871 1013 1989 1077 {erit

397 1091 653 1154 sapientia
708 1086 835 1146 Dei;
885 1095 940 1138 ut
986 1086 1232 1156 superbus
1274 1084 1440 1156 [tostis
1483 1085 1735 1156 hominem
1774 1083 1986 1156 videns,

397 1176 546 1227 quem
572 1157 852 1228 aliquando
889 1154 1216 1228 superaverat
1249 1154 1326 1224 (in
1357 1154 1564 1207 Adstno
1593 1154 1851 1228 scilicet),
1884 1169 1988 1228 non

397 1224 668 1283 metueret'
694 1245 808 1299 eum
839 1224 1072 1299 persequi
1091 1243 1283 1299 .unent
1323 1240 1415 1299 pro
1464 1241 1494 1277 ο
1515 1224 1696 1299 auibus
1725 1225 1988 1299 oportebat

399 1300 582 1354 occidi.
621 1299 742 1354 [Lee
772 1295 969 1352 S.'Leo
1000 1297 1273 1366 duplicem
1305 1296 1550 1349 indicans
1580 1295 1780 1348 diaboli
1809 1304 1988 1346 tenta-

401 1370 624 1436 tionem,
659 1371 777 1423 sive
806 1368 1071 1438 duplicem
1113 1369 1163 1421 in
1200 1366 1456 1438 tentando
1490 1368 1880 1438 intentionem,
1910 1366 1989 1416 al-

303 1445 308 1450 “
401 1452 568 1495 teram
596 1436 921 1509 praecipuam
953 1448 1008 1493 et
1040 1436 1344 1505 primariam
1369 1479 1385 1502 ,
1435 1452 1595 1509 quam
1640 1436 1894 1509 diximus,
1930 1446 1988 1489 ut

395 1506 728 1580 exploraret,
751 1506 889 1578 quod
910 1511 1051 1563 scire
1069 1510 1261 1562 avebat
1281 1518 1334 1580 et
1357 1507 1752 1580 suspicabatur,
1776 1506 1986 1560 Deusnc

396 1575 542 1637 esset
567 1575 848 1642 Christus;
872 1581 1096 1634 alteram
1119 1579 1512 1638 secundariam,
1537 1586 1593 1630 ut
1616 1575 1680 1630 ad
1709 1586 1982 1644 peceatum

396 1654 790 1722 qualecumque
819 1652 1066 1705 alliceret
1095 1667 1107 1701 :
1142 1649 1242 1722 Vde,
1268 1664 1374 1716 quo
1425 1663 1625 1722 genere
1676 1648 1986 1722 tet_ttat_ioni_s

395 1717 524 1776 alibi
555 1717 848 1778 Cassianus
867 1731 920 1776 et
941 1721 1335 1775 l’alresihidem
1353 1723 1403 1771 in
1435 1719 1790 1772 untisnostris
1811 1717 1979 1772 citati.

400 1793 598 1848 Verum
652 1794 739 1846 hie
775 1803 978 1858 t|ttzerct
1010 1793 1204 1857 aliquis
1243 1791 1332 1860 qui
1367 1789 1479 1843 fieri
1519 1791 1752 1860 potuerit
1784 1797 1838 1840 ut
1867 1789 1987 1860 dia-

396 1865 552 1918 bolus
575 1881 642 1918 ex
675 1863 876 1916 divinis
909 1863 1177 1915 vaticiniis
1201 1858 1606 1927 etpropbetiis.
1641 1874 1707 1912 ex
1739 1859 1980 1927 angelica

395 1935 825 1997 annuntiatioue,
857 1948 919 1985 ex
954 1943 1105 1996 partu
1138 1931 1372 1990 Virginis
1397 1934 1710 1996 incorrupto
1732 1937 1787 1982 et
1816 1929 1981 1983 illaesa

395 2005 705 2072 virginitate
733 2043 746 2066 ,
776 2018 862 2072 rex
915 2002 1229 2072 angelorum
1261 2001 1667 2072 gratulatione,
1707 2014 1978 2072 magorum

393 2069 732 2134 adoratinue,
765 2071 1036 2127 Simeonis
1067 2069 1397 2130 testimonio,
1427 2085 1494 2124 ex
1525 2070 1701 2122 verbis
1729 2069 1972 2133 Joannis,

394 2160 463 2199 ex
510 2144 684 2198 Patris
709 2158 840 2196 voce
866 2141 920 2196 in
952 2142 1221 2211 baptismo
1247 2142 1714 2211 coalitus-emissa.
1748 2140 1977 2208 aliisque

393 2215 798 2269 admirabilihus
827 2210 1037 2281 signis,
1059 2227 1162 2265 non
1193 2213 1519 2266 intellexerit
1545 2210 1820 2265 Christum
1854 2224 1976 2264 esse

398 2287 586 2348 Deum,
608 2286 768 2340 etiam
789 2297 1080 2351 antequam
1106 2283 1170 2336 ad
1191 2299 1310 2336 cum
1333 2283 1641 2336 tentandum
1663 2281 1975 2335 accederet?

397 2356 710 2422 ReSpOndet
756 2355 1046 2419 Cajetanus
1072 2353 1125 2404 in
1154 2367 1255 2421 cap
1306 2368 1356 2405 tv
1386 2353 1562 2415 Luete,
1596 2351 1857 2422 daemonis
1897 2353 1976 2404 iu-

397 2420 694 2489 tellectutn,
725 2439 791 2477 ne
813 2423 865 2476 id
895 2420 1240 2490 intelligeret,
1263 2424 1426 2475 fuisse
1454 2438 1483 2475 a
1505 2422 1615 2476 Deo
1635 2420 1974 2487 impeditum.

394 2496 548 2562 Quod
597 2511 625 2548 a
675 2511 772 2547 suo
819 2493 1076 2562 magistro
1119 2493 1307 2546 didicit
1335 2493 1644 2559 Cajctauus.
1691 2491 1782 2547 Sic
1833 2494 1976 2546 enim

397 2565 459 2618 D.
493 2565 728 2618 Thomas
756 2567 838 2632 (III
867 2581 943 2633 p.,
976 2562 1142 2629 (1.29,
1165 2573 1266 2615 art.
1301 2563 1354 2629 1)
1386 2579 1398 2615 :
1434 2563 1742 2633 Dicendum,
1770 2564 1970 2633 ginquit,

395 2635 551 2706 quod,
575 2638 703 2692 sicut
727 2631 1038 2703 Augustinus
1064 2633 1186 2685 dicit
1216 2635 1267 2706 in
1297 2649 1350 2688 ιιι
1385 2638 1446 2686 de
1480 2631 1730 2685 Trinitate
1760 2631 1912 2704 (Cap.
1945 2635 1974 2685 7

395 2705 442 2758 et
465 2709 543 2775 8),
592 2707 827 2758 diabolus
849 2705 1009 2756 multa
1032 2713 1193 2768 potest
1215 2705 1396 2756 virtute
1416 2718 1524 2756 suae
1550 2711 1766 2775 naturte,
1797 2720 1828 2755 a
1865 2706 1979 2775 qui-

395 2772 696 2830 bns'tamen
753 2776 1048 2842 prohibetur
1107 2776 1288 2827 virtute
1333 2775 1526 2826 divina.
1586 2772 1651 2826 Et
1689 2772 1785 2827 hoc
1828 2772 1980 2828 modo

397 2857 557 2914 potest
580 2847 683 2899 dici
708 2844 847 2915 quod
873 2847 1052 2899 virtute
1069 2855 1269 2898 natura
1286 2860 1397 2898 sua:
1417 2845 1652 2897 diabolus
1677 2859 1982 2912 cognoscere

397 2926 594 2983 poterat
623 2930 834 2969 matrem
869 2915 961 2968 Dei
990 2932 1090 2969 non
1135 2915 1292 2984 fuisse
1319 2926 1613 2984 corruptam
1635 2954 1649 2976 ,
1699 2915 1788 2966 sed
1821 2916 1980 2984 virgi-

395 3004 542 3050 nem;
571 2986 932 3062 prohibebatur
954 3055 964 3062 Δ
988 2997 1158 3040 tamen
1201 3003 1232 3038 a
1277 2984 1383 3040 Deo
1417 2986 1981 3062 cognosceremodttm

395 3055 581 3126 partus
607 3059 783 3110 divini.
817 3055 964 3122 Quod
997 3066 1164 3126 autem
1193 3056 1518 3126 postmodum
1544 3072 1659 3109 eum
1686 3056 1982 3123 aliqualiter

395 3124 627 3198 cognovit
676 3127 914 3180 diabolus
961 3142 1068 3198 esse
1092 3124 1308 3198 Filium
1352 3125 1478 3192 Dei,
1509 3143 1612 3180 non
1640 3127 1836 3189 obstat,
1863 3129 1984 3192 quia

397 3193 501 3264 iam
535 3211 730 3269 tempus
763 3207 870 3250 erat
901 3205 956 3249 nt
977 3193 1208 3250 Christus
1227 3213 1372 3269 suam
1405 3199 1639 3269 virtutem
1662 3206 1842 3269 contra
1870 3199 1984 3250 dia—

398 3269 568 3322 bolum
595 3267 911 3331 ostenderet,
944 3277 990 3319 et
1015 3268 1413 3335 persecutionem
1462 3267 1524 3318 ab
1571 3282 1628 3320 eo
1675 3268 1984 3321 concitatam

397 3349 674 3409 pateretur.
705 3339 811 3393 Sed
847 3339 900 3390 in
933 3337 1153 3409 infantia
1175 3338 1437 3404 Oportebat
1466 3338 1702 3409 impediri
1733 3338 1982 3409 malitiam

398 3405 612 3471 diaboli.
646 3427 707 3462 ne
727 3425 846 3462 eum
869 3405 1039 3462 acrius
1074 3418 1476 3476 persequeretur.
1518 3405 1724 3475 quando
1748 3405 1981 3462 Christus

2097 810 2210 874 est,
2244 799 2388 874 quia
2413 798 2626 874 videbat
2676 797 2922 874 diabolus
2968 799 3021 874 i_n
3060 796 3278 874 Christo
3331 802 3493 855 multa
3524 803 3680 874 signa

2099 870 2424 922 inﬁrmitatis
2455 869 2722 932 humanm,
2749 886 2866 941 quae
2891 870 2940 923 in
2968 869 3138 924 Deum
3165 873 3362 926 cadere
3384 888 3543 941 posse
3569 869 3680 931 non

2097 943 2346 1007 putabat;
2398 954 2498 994 nec
2544 941 2757 993 videbat
2810 939 2982 1008 ipsam
3037 939 3422 996 huntanilatem
3473 944 3680 1000 Christi

2094 1026 2216 1082 cum
2252 1024 2484 1078 [)"I‘Stma
2533 1010 2682 1064 verbi
2741 1011 3072 1082 hypostalice
3125 1025 3245 1082 esse
3292 1015 3675 1082 conjuncmm;

2097 1081 2196 1135 hoc
2220 1082 2367 1136 enim
2412 1081 2819 1148 supernatnrale
2845 1090 2962 1134 est:
2995 1081 3136 1148 quod
3171 1095 3352 1137 autem
3383 1101 3540 1150 supra
3576 1081 3679 1140 na;

2096 1162 2267 1226 turam
2300 1163 2402 1212 est,
2429 1151 2638 1226 daemon
2664 1165 2855 1220 suopte
2887 1154 3102 1226 ingenio
3129 1169 3325 1221 capere
3348 1159 3550 1226 nequit.
3576 1156 3679 1211 Mi-

2096 1223 2275 1276 racula
2307 1231 2485 1276 autem
2516 1220 2710 1275 Christi
2747 1238 2852 1275 non
2883 1234 3030 1276 erant
3067 1223 3138 1275 ita
3165 1220 3450 1291 perspicua
3474 1236 3530 1280 et
3559 1230 3679 1281 evi-

2093 1293 2311 1366 t_|enlia',
2339 1305 2390 1366 ut
2428 1293 2936 1366 perse'suflicerent
2957 1293 3020 1366 ad
3051 1294 3206 1366 {idem
3231 1307 3436 1366 certam
3459 1298 3526 1351 de
3554 1296 3678 1366 ejus

2094 1362 2302 1417 Deitate
2332 1363 2630 1416 faciendam
2649 1407 2663 1430 ,
2688 1379 2780 1417 seu
2808 1365 2873 1416 ad
2896 1365 3224 1418 credendum
3254 1365 3524 1420 Christum
3549 1362 3677 1433 esse

2097 1434 2286 1488 Filium
2321 1434 2414 1488 Dei
2445 1435 2770 1500 naturalem,
2805 1435 3012 1502 absque
3046 1437 3250 1489 interna
3285 1437 3673 1502 insuiratione.

2092 1504 2451 1558 illustratione
2492 1514 2548 1556 et
2576 1506 2811 1558 motione
2840 1506 3047 1565 divina,
3073 1521 3233 1574 quam
3263 1509 3539 1562 dzemones
3563 1512 3672 1564 uti~

2089 1590 2196 1644 que
2241 1591 2345 1628 non
2381 1574 2706 1629 habuerunt.
2755 1575 2989 1629 Proinde
3019 1579 3265 1642 quamvis
3313 1579 3513 1632 scirent
3542 1595 3672 1634 vera

2089 1661 2210 1699 esse
2229 1647 2481 1717 miracula
2502 1686 2516 1710 ,
2545 1654 2723 1700 tamen
2746 1648 2960 1714 propria
2982 1647 3182 1700 malitia
3213 1649 3466 1701 escmcati
3495 1655 3676 1717 smpi-

2089 1717 2348 1770 cztbantur
2382 1716 2641 1778 fortasse,
2685 1725 2778 1769 aut
2823 1728 2973 1771 certe
3014 1717 3459 1784 subdubitabant,
3495 1716 3608 1775 haec
3637 1739 3670 1775 a

2089 1784 2203 1840 Deo
2247 1786 2361 1840 lieri
2396 1803 2500 1838 non
2544 1789 2609 1840 ad
2649 1786 2979 1857 probandam
3027 1790 3146 1855 ejus
3174 1787 3540 1853 divinitatem,
3573 1793 3671 1846 sed

2087 1856 2335 1910 eximiam
2353 1856 2692 1911 sanctitatem
2713 1869 2764 1911 et
2788 1857 3058 1927 dignitatis
3080 1862 3509 1926 praerogativam:
3527 1863 3673 1918 unde

2087 1928 2702 2000 colligebantChristum
2729 1944 2852 1982 esse
2882 1929 3099 1997 quidem
3129 1929 3221 1982 Dei
3243 1930 3467 1994 Filium,
3486 1934 3672 2000 singu-

2089 1996 2276 2073 lariter
2301 1998 2616 2073 adoptatum
2639 2009 2693 2054 et
2718 2004 2876 2053 unice
2898 1996 3176 2073 dilectum,
3192 2017 3295 2054 non
3317 2011 3488 2073 tamen
3509 1996 3671 2056 titiu-

2013 2099 2055 2157 Β
2089 2067 2624 2157 ςδξιξηιηειξιιιιίῐξυιξι⁵
2645 2085 2718 2153 ac.
2739 2070 3172 2157 pmpriunkQua
3206 2067 3673 2157 ratinue'restum-

2082 2138 2238 2192 detur
2272 2141 2722 2194 demonstrationi
2754 2143 3002 2206 superius
3031 2139 3206 2196 factm.
3245 2142 3411 2194 Porro
3443 2138 3673 2197 cet-iitu-

2080 2209 2260 2264 dinem
2279 2211 2567 2280 quamdam
2589 2222 2642 2264 et
2675 2214 2928 2265 moralem
2953 2212 3452 2274 cognitionemmou
3487 2225 3669 2271 tamen

2080 2282 2446 2334 Omnimodatn
2466 2293 2520 2335 et
2545 2281 2814 2335 indubiam
2833 2283 2899 2334 de
2920 2281 3119 2336 Christi
3142 2283 3417 2337 divinitate
3447 2300 3670 2351 μοι-διιε-

2079 2351 2284 2406 sionem
2303 2352 2637 2406 dzemonibns
2663 2352 2900 2407 tribuunt
2921 2353 3125 2413 Patres,
3146 2365 3340 2421 pra-ter
3354 2354 3666 2410 Cassianum

2081 2421 2132 2494 in
2167 2424 2265 2494 hoc
2303 2431 2359 2476 et
2397 2422 2640 2491 Sequenti
2671 2439 2792 2494 cap.
2820 2425 2897 2494 Vl).
2931 2423 3286 2494 lliernnynuts
3335 2425 3535 2494 iugap.
3573 2443 3667 2481 vm

2081 2491 2338 2557 Matthrei,
2370 2494 2435 2545 ad
2467 2495 2595 2547 illud
2637 2511 2651 2546 :
2689 2493 2826 2560 Quid
2855 2493 2996 2546 nobis
3026 2505 3070 2546 et
3097 2491 3214 2556 ubi.
3245 2493 3371 2548 Jesu
3396 2491 3500 2546 Fili
3531 2495 3672 2552 Dei?

2084 2562 2210 2615 Tam
2237 2561 2512 2634 daemones,
2543 2566 2708 2633 inquit
2729 2604 2743 2627 ,
2774 2581 2923 2634 quam
2949 2564 3185 2618 diabolus
3217 2566 3298 2634 (id
3328 2579 3428 2634 esu
3461 2567 3670 2620 dmum-

2084 2649 2208 2686 num
2235 2633 2504 2703 princeps)
2530 2636 2783 2701 suspicari
2807 2636 2969 2704 magis
2987 2652 3139 2705 quam
3167 2633 3314 2689 nosse
3337 2633 3535 2690 Filium
3565 2636 3670 2692 Dei

2081 2704 2400 2774 intelligendi
2417 2714 2555 2757 sunt.
2583 2707 2912 2774 Augustinus
2934 2704 3027 2760 seu
3051 2706 3168 2775 quis
3190 2717 3375 2760 auctor
3397 2708 3668 2773 Qutcstio-

2084 2791 2209 2827 num
2246 2775 2372 2828 novi
2421 2787 2475 2828 et
2513 2777 2712 2830 veteris
2751 2776 3118 2838 Testameutt.
3163 2791 3193 2829 a
3238 2777 3300 2831 ι).
3345 2778 3548 2830 Thema
3581 2781 3666 2833 cio

2084 2855 2227 2898 tatus
2267 2847 2317 2899 in
2372 2844 2569 2900 Catena
2615 2864 2625 2899 :
2675 2847 2827 2911 Quod
2868 2857 3040 2899 autem
3085 2849 3339 2901 dwmonrs
3394 2851 3663 2904 clamant:

2082 2917 2206 2987 quid
2255 2917 2397 2970 nobis
2436 2926 2482 2970 et
2527 2917 2646 2980 tibi,
2677 2916 2806 2970 Jesu
2845 2915 2950 2970 Fili
3003 2917 3134 2970 Dei?
3166 2920 3327 2984 magis
3374 2935 3437 2972 ea:
3483 2923 3664 2987 suspi-

2085 2986 2232 3059 cione
2271 3003 2423 3052 quam
2463 3003 2527 3041 ea:
2571 2989 2860 3059 cognitione
2907 2988 3098 3059 diagisse
3141 2991 3378 3041 credendi
3417 3000 3554 3047 sunt.
3578 2986 3668 3046 ’Si

2084 3057 2219 3110 enini
2247 3057 2932 3128 cognovissent,'numquam
2964 3057 3241 3112 Dominum
3279 3061 3458 3128 glcria:
3486 3066 3682 3126 crucis

2086 3128 2177 3200 ﬁgi
2200 3129 2562 3200 permisissent.
2589 3130 2653 3182 Et
2677 3131 2786 3183 alio
2803 3133 2920 3200 loco
2946 3129 3085 3197 (Lib.
3112 3145 3159 3183 ix
3189 3132 3251 3182 de
3277 3128 3427 3186 Cirit.
3459 3148 3507 3184 c.
3531 3133 3594 3188 21
3611 3139 3661 3200 ):

2086 3195 2226 3268 Ipsi,
2251 3201 2344 3260 ait,
2377 3199 2636 3253 daemones
2655 3202 2806 3253 etiam
2833 3199 2930 3252 hoc
2952 3195 3023 3252 ita
3047 3202 3241 3265 sciunt,
3277 3210 3332 3252 ut
3362 3201 3526 3254 eidem
3555 3195 3668 3255 ob.

2089 3271 2224 3322 mino
2249 3270 2549 3338 inﬁrmitate
2572 3275 2744 3323 carnis
2766 3272 2950 3324 induto
2978 3273 3201 3324 dixerint
3225 3287 3243 3324 :
3275 3273 3413 3336 Quid
3438 3273 3585 3327 nobis
3614 3283 3666 3326 et

2086 3339 2205 3412 tibi,
2230 3339 2260 3391 J
2269 3357 2357 3393 esu
2384 3340 2705 3412 Nasos-utne?
2723 3340 2914 3412 Venisti
2940 3350 3059 3395 ante
3078 3353 3276 3408 tempus
3304 3346 3515 3412 perdere
3535 3344 3669 3402 nos?

2087 3409 2299 3463 Clarum
2327 3420 2402 3466 est
2439 3413 2497 3464 in
2533 3411 2612 3464 his
2636 3411 2797 3464 verbis
2825 3414 2962 3482 quod
2993 3415 3046 3465 in
3073 3414 3146 3465 eis
3185 3423 3233 3466 et
3273 3409 3415 3465 tanta
3453 3415 3666 3468 scientia

399 3497 490 3552 nec
511 3481 616 3548 poti
634 3481 972 3552 disposuerat,
1005 3473 1094 3552 nec
1114 3473 1350 3552 virtu-tem
1381 3473 1838 3552 suatnostendere,
1869 3491 1975 3533 etc.
2007 3473 2051 3533 C
2084 3489 2216 3545 erat,
2243 3492 2289 3534 et
2319 3482 2544 3534 charitas
2568 3498 2671 3534 non
2694 3473 3074 3552 erat-Pretium
3097 3484 3283 3552 quippe
3305 3500 3452 3536 suam
3484 3488 3666 3549 ferini-

401 3551 524 3606 llatc
573 3551 632 3608 S.
670 3548 934 3612 ThOtnas;
983 3548 1072 3618 qui
1114 3548 1263 3619 quod,
1295 3549 1360 3602 de
1385 3548 1688 3619 virginitate
1733 3548 1977 3617 Deipam:

400 3622 708 3690 incorrupta
756 3621 986 3680 asserit,
1043 3620 1205 3673 etiam
1235 3618 1303 3674 de
1351 3618 1482 3674 aliis
1503 3619 1688 3672 multis
1728 3619 1896 3690 signis
1926 3631 1980 3674 «ιι

400 3689 1052 3758 indiciisintelligendum
1108 3691 1356 3758 reliquit,
1391 3705 1459 3746 ex
1485 3689 1680 3758 quibus
1714 3689 1980 3758 potuisset

399 3763 612 3816 daemon
639 3762 869 3819 naturali
903 3760 1156 3816 facultate
1185 3773 1236 3814 et
1268 3761 1466 3830 ingenii
1508 3759 1839 3830 perstricacia
1866 3765 1978 3814 cnl-

401 3833 568 3901 ligere
597 3833 872 3888 Christum
900 3847 1021 3886 esse
1043 3848 1228 3884 vertun
1259 3832 1530 3892 Messium,
1561 3847 1860 3900 verumque
1882 3831 1981 3886 Dei

403 3904 616 3966 Filium,
647 3905 742 3959 nisi
771 3919 800 3956 a
829 3905 936 3956 lico
966 3903 1251 3971 impeditus
1285 3904 1488 3958 luisset.
1517 3902 1685 3956 Favet
1709 3903 1831 3956 huic
1857 3918 1980 3956 sen-

403 3976 582 4043 tentiae
606 3977 644 4029 S
697 3973 954 4034 Hilarius,
984 3973 1054 4024 ita
1084 3973 1325 4043 scribens
1358 3971 1512 4043 (Con.
1546 3975 1580 4028 5
1609 3973 1662 4025 in
1710 3971 1926 4040 Matth.)
1963 3993 1976 4027 :

400 4042 488 4097 Ita
515 4046 730 4114 dignum
756 4043 979 4114 nequitia
1001 4041 1430 4114 diaboli_erat.'ut
1462 4044 1515 4095 in
1544 4060 1626 4106 eo,
1657 4045 1806 4111 cujus
1837 4043 1980 4096 cala-

401 4111 662 4166 mitatibus
692 4111 1044 4183 gloriabatur,
1077 4112 1283 4163 homine
1323 4113 1639 4179 vinceretur,
1669 4124 1716 4165 et
1756 4115 1853 4183 ‘qni
1889 4115 1982 4167 Dei

401 4183 646 4248 beneﬁcia
672 4179 861 4234 liontini
889 4179 1151 4234 invidisset
1169 4221 1182 4243 ,
1233 4191 1351 4233 ante
1381 4183 1712 4235 tentationem
1742 4179 1902 4234 Deum
1931 4185 1981 4237 in

402 4255 609 4306 homine
635 4251 921 4323 intelligere
963 4266 1062 4304 non
1091 4259 1290 4323 posset,
1328 4260 1434 4305 etc.
1465 4251 1531 4323 Et
1559 4252 1618 4306 S.
1653 4256 1982 4320 Augustinus

403 4324 496 4379 lib.
523 4340 572 4379 lx
606 4324 672 4379 de
702 4320 932 4380 Civitate
963 4337 1082 4389 cap.
1116 4323 1207 4376 21.
1231 4320 1450 4376 Tantum
1482 4321 1712 4377 Christus
1734 4325 1984 4376 dwntoni-

401 4395 494 4450 bus
529 4397 787 4460 innotuit,
836 4403 1086 4464 quantum
1113 4393 1271 4464 voluit
1299 4409 1318 4447 :
1352 4404 1542 4446 tantum
1580 4403 1750 4446 autent
1788 4395 1978 4455 voluit,

401 4479 649 4529 quantum
677 4469 922 4532 oportuit,
954 4473 1058 4518 etc.
1103 4463 1263 4521 Hinc.
1306 4465 1476 4530 inquit
1505 4464 1796 4534 Cajetanus
1819 4507 1834 4531 ,
1887 4481 1984 4535 ap—

404 4550 547 4606 paret
596 4538 909 4590 intellectutn
937 4536 1228 4587 da'ntonum
1259 4535 1504 4606 ligatum,
1545 4552 1633 4590 seu
1681 4535 1982 4603 impeditum

401 4605 510 4661 esse
536 4624 570 4661 α
621 4609 760 4670 Dea,
799 4607 850 4658 in
890 4621 1088 4674 plenam
1133 4606 1365 4676 peccati;
1411 4605 1482 4657 ita
1508 4612 1643 4676 quod
1669 4622 1769 4658 non
1813 4607 1981 4660 solum

402 4679 626 4748 potentia
654 4693 826 4730 eorum
851 4687 924 4728 est
948 4676 1127 4742 ligata,
1157 4674 1247 4728 sed
1278 4676 1430 4748 etiam
1461 4674 1767 4748 i_ntellectiva
1790 4679 1892 4743 vis,
1926 4688 1982 4730 ut

403 4745 504 4802 non
531 4759 732 4816 possent
761 4761 1058 4816 cognoscere
1113 4761 1227 4816 gnte
1273 4760 1336 4798 ea:
1375 4746 1421 4796 vi
1467 4745 1677 4799 luminis
1727 4749 1981 4801 naturalis

403 4814 705 4889 cognoscere
754 4814 1050 4889 potuissent.
1106 4814 1186 4868 Ex
1237 4831 1295 4868 eo
1331 4817 1468 4889 enim
1495 4817 1630 4882 quod
1677 4828 1787 4889 post
1831 4821 1980 4871 verba

402 4886 654 4944 Gabrielis
681 4889 749 4940 ad
788 4886 1212 4960 Virginem,post
1236 4886 1386 4939 verba
1431 4889 1603 4960 angeli
1631 4887 1698 4960 ad
1725 4899 1981 4959 pastores,

403 4973 511 5030 post
540 4961 708 5030 t-erbd
730 4961 792 5011 de
827 4959 952 5011 ccelo
978 4959 1327 5030 in__baptis.n_o
1360 4957 1552 5030 pedita,
1601 4957 1840 5012 diabolus
1880 4977 1981 5014 non

403 5025 634 5100 cognovit
677 5027 853 5084 Iesum
894 5044 1003 5082 esse
1028 5025 1228 5100 Filium
1277 5026 1368 5080 Dei
1397 5068 1410 5090 ,
1438 5027 1654 5100 habetur
1692 5030 1829 5098 quod
1879 5046 1980 5084 non

402 5098 654 5154 inlellexit
682 5100 992 5154 testimonia.
1023 5098 1112 5152 Sic
1138 5098 1452 5162 Cajctanus.
1476 5099 1620 5155 ldetn
1647 5102 1808 5154 sentit
1834 5102 1981 5154 Abu-

405 5171 570 5224 lensis
599 5171 833 5228 Mattha-i
867 5185 915 5224 tv
961 5169 1258 5239 quaestione
1287 5167 1380 5224 2:2.

477 5241 723 5295 Secundo
763 5243 914 5306 dico,
968 5255 1072 5292 non
1117 5253 1146 5291 a
1201 5239 1436 5304 mcipso,
1487 5239 1580 5293 sed
1633 5254 1664 5294 a
1708 5239 1978 5305 Patribus,

406 5310 679 5365 Christum
736 5313 1016 5365 Dominum
1067 5309 1226 5364 etiam
1260 5319 1379 5374 post
1427 5311 1752 5365 teutaliones
1779 5312 1980 5365 diaboli

406 5392 666 5444 cassatas,
697 5395 749 5434 ut
778 5380 915 5434 infra
938 5379 1153 5440 dicitur,
1180 5377 1229 5431 id
1253 5389 1355 5441 est,
1385 5390 1684 5444 superatas.
1708 5391 1760 5436 et
1789 5384 1840 5435 iu
1863 5397 1984 5436 eas-

406 5468 522 5504 sum
555 5452 808 5515 redditas,
838 5467 931 5517 per
957 5465 1117 5516 Opera
1148 5457 1204 5502 et
1231 5449 1492 5502 miracula
1519 5465 1613 5504 sua
1641 5451 1981 5507 daemonibus

411 5523 578 5589 magis
609 5538 670 5575 ac
715 5525 882 5590 magis
912 5521 1242 5590 innotuisse,
1279 5531 1333 5573 et
1371 5523 1556 5574 morali
1596 5524 1790 5576 saltem
1817 5527 1982 5576 certi-

408 5595 593 5646 tudine
622 5607 718 5661 pro
753 5589 884 5659 Deo,
918 5604 969 5645 et
1001 5593 1092 5644 Dei
1120 5589 1288 5654 Filio,
1321 5605 1554 5658 veroque
1602 5591 1792 5648 Mcssia
1824 5593 1981 5648 habi-

407 5671 519 5718 tum
551 5662 745 5727 fuisse;
793 5678 896 5716 non
950 5669 1124 5715 tamen
1157 5664 1375 5714 omnino
1401 5661 1580 5717 stabili
1628 5672 1680 5716 et
1709 5665 1864 5718 lirmo
1892 5682 1978 5718 as-

405 5749 567 5787 sensu
591 5749 651 5786 ac
674 5733 1052 5802 persuasione,
1079 5730 1280 5802 absque
1305 5733 1405 5785 ulla
1428 5731 1764 5788 dubitatione
1791 5745 1846 5788 et
1870 5737 1981 5789 ior-

406 5806 606 5862 midiue
639 5801 704 5859 de
753 5801 1036 5872 Opposita,
1069 5813 1122 5855 ut
1167 5801 1457 5871 loquuntur
1487 5804 1776 5866 dialectici.
1823 5805 1979 5862 Ratio

2082 3551 2271 3625 dabant
2296 3553 2361 3606 ab
2391 3553 2480 3625 illo
2503 3592 2517 3612 .
2545 3569 2646 3604 non
2672 3554 2726 3606 in
2748 3551 2844 3606 illo
2858 3554 3120 3624 justitiam
3153 3551 3454 3625 diligebant.
3490 3555 3553 3607 Et
3581 3555 3666 3607 in-

2084 3621 2202 3693 fra:
2227 3632 2339 3691 post
2385 3623 2530 3675 illaut
2553 3637 2690 3693 vero
2737 3621 3064 3677 tentationem
3085 3665 3099 3684 ,
3132 3621 3269 3676 cum'
3295 3626 3468 3693 angeli
3480 3665 3494 3688 ,
3526 3627 3662 3678 sicut

2081 3692 2330 3761 scriptum
2352 3704 2423 3745 est
2446 3733 2462 3757 ,
2491 3692 2834 3747 ministrarent
2858 3697 2942 3760 ei,
2968 3696 3087 3748 boni
3117 3696 3288 3762 utique
3315 3707 3358 3746 et
3371 3692 3564 3757 sancti,
3594 3711 3662 3748 ac

2083 3779 2173 3831 per
2215 3763 2312 3816 hoc
2351 3763 2612 3832 spiritibus
2655 3764 2934 3818 immundis
2972 3766 3232 3818 metuendi
3278 3774 3328 3819 et
3367 3767 3655 3832 tremendi,

2083 3834 2246 3903 magis
2272 3835 2532 3904 magisque
2558 3836 2897 3889 innotescebat
2919 3835 3233 3889 dwmwn‘bus
3259 3847 3482 3904 quantus
3503 3847 3661 3902 esset,

2084 3912 2140 3955 ut
2163 3907 2227 3978 ei_
2240 3905 2723 3978 ju_benti,‘qnamvis
2755 3905 2806 3958 in
2837 3908 2930 3959 illo
2969 3908 3359 3978 contemptibilis
3384 3907 3668 3978 videretur

2083 3975 2253 4027 carnis
2290 3975 2594 4036 inﬁrmitas.
2624 3977 2860 4030 resistere
2897 3978 3072 4029 nullus
3101 3975 3336 4031 auderet.
3382 3977 3664 4045 Retiiigius

2083 4047 2222 4111 apttd
2263 4047 2514 4099 eumdem
2566 4046 2874 4101 Thomam:
2921 4047 3358 4117 Quotiescumque
3401 4050 3513 4113 eius
3557 4049 3665 4100 vir-

2085 4125 2190 4186 tute
2211 4117 2596 4186 torquebantur.
2620 4129 2666 4168 et
2695 4117 2845 4186 siqua
2875 4129 2918 4170 et
2943 4117 3190 4170 miracula
3213 4118 3485 4186 facientem
3516 4120 3662 4171 vide-

2085 4183 2202 4236 bant
2222 4225 2237 4247 ,
2261 4183 2577 4240 atstintabaiit
2599 4203 2714 4239 cum
2753 4183 2866 4241 esse
2897 4186 3090 4239 Filium
3121 4183 3249 4255 Dei;
3283 4198 3545 4256 postquam
3579 4190 3661 4241 vi-

2083 4257 2271 4331 debant
2295 4273 2411 4309 eum
2453 4259 2681 4331 esurire,
2732 4259 2906 4331 sitire,
2933 4269 2981 4310 et
3009 4260 3088 4311 his
3125 4261 3314 4331 similia
3344 4259 3666 4331 pati,dubi-

2085 4324 2257 4398 labant
2282 4338 2328 4379 et
2355 4328 2622 4381 credebant
2641 4324 2902 4380 hominem
2921 4345 3126 4398 purum.
3155 4324 3448 4395 Gregorius
3474 4330 3595 4382 Joh.
3622 4345 3661 4384 ts

2087 4393 2246 4468 (Vide
2277 4400 2512 4450 eumdem
2551 4398 2642 4450 lib.
2691 4414 2859 4452 sunt
2890 4393 3080 4453 Horat.
3120 4415 3168 4454 c.
3200 4405 3223 4450 ’ἱ
3246 4393 3324 4468 )“;
3361 4400 3660 4468 Malignus,

2084 4467 2257 4531 inquit
2277 4506 2291 4527 ,
2315 4470 2525 4538 spiritus
2543 4511 2558 4532 ,
2585 4485 2697 4522 cum
2731 4469 3118 4532 liedetnptorcm
3141 4467 3374 4524 nostrum
3399 4467 3664 4524 miraculis

2086 4552 2352 4608 coruscare
2380 4541 2628 4608 canspicit
2647 4580 2660 4601 ,
2693 4538 2882 4591 clamat
2905 4556 2924 4594 :
2956 4538 3161 4594 Scimus
3185 4543 3321 4607 quod
3344 4543 3413 4592 sis
3437 4543 3665 4596 Sanctus

2089 4607 2339 4681 Dei,_qui
2367 4606 2478 4662 [uec
2507 4606 2697 4681 dicens
2743 4613 3094 4681 cognoscendo
3129 4606 3221 4664 Dei
3274 4609 3321 4662 Ρ
3323 4612 3468 4663 ilium
3501 4614 3664 4681 perti-

2085 4678 2407 4752 mescit._Sed
2443 4689 2608 4752 tamen
2630 4680 2732 4732 vim
2755 4678 2993 4752 superna:
3014 4683 3213 4746 pietatis
3235 4678 3513 4752 ignorans,
3537 4685 3666 4734 dum

2085 4749 2378 4817 passibilem
2397 4749 2713 4810 considerat,
2744 4750 2996 4803 hominem
3021 4767 3203 4819 purum
3227 4749 3400 4820 putat.
3427 4764 3530 4806 etc.
3563 4753 3668 4805 Be-

2086 4821 2150 4893 da
2186 4820 2343 4893 Lugm
2371 4836 2419 4873 tv
2446 4837 2462 4874 :
2495 4820 2660 4886 Quem
2687 4822 2886 4874 dierum
2922 4821 2992 4875 40
3011 4823 3218 4893 jejunio
3246 4823 3516 4892 fatigatum
3547 4823 3666 4874 diu-

2088 4890 2508 4963 bolus_hominem
2536 4904 2861 4963 cognoverat,
2904 4908 2994 4944 nec
3017 4890 3267 4944 tentando
3296 4890 3493 4945 vdlebat
3514 4911 3582 4944 an
3615 4899 3666 4946 ιτ

2091 4961 2184 5013 Dei
2211 4959 2382 5016 Filius
2421 4975 2546 5016 esset
2576 4959 2824 5027 eirperiri,
2851 4965 2966 5032 jam
2995 4979 3132 5014 nunc
3165 4979 3254 5029 per
3277 4966 3540 5031 signorum
3573 4981 3668 5028 po-

2087 5033 2298 5103 tentiam
2325 5031 2400 5086 vel
2423 5034 2692 5092 intellea'it,
2714 5034 2790 5085 vel
2823 5031 2989 5098 potius
3010 5035 3303 5103 suspicatus
3330 5043 3404 5086 est
3433 5049 3540 5087 esse
3569 5032 3668 5085 Fi-

2085 5100 2213 5154 lium
2242 5100 2356 5160 Dei.
2393 5105 2626 5172 Denique
2654 5103 2975 5173 S.V'l‘houta~'
3003 5100 3193 5171 (ιη’ρ..
3217 5120 3269 5173 q.
3300 5105 3402 5166 44,
3437 5116 3534 5157 art.
3567 5103 3620 5173 Ι)
3646 5121 3663 5160 :

2090 5173 2298 5225 [tamen
2318 5213 2331 5232 .
2363 5175 2483 5227 visis
2513 5172 2806 5244 ntiracul_is,
2831 5189 2893 5226 ex
2917 5173 3143 5244 quadam
3169 5172 3513 5244 suspicatione
3541 5172 3666 5227 coit-

2074 5245 2383 5313 jecturavit,
2413 5261 2528 5298 eum
2572 5261 2679 5298 esse
2707 5240 2906 5296 Filium
2931 5240 3054 5296 Dei.
3091 5246 3166 5299 Ex
3202 5240 3284 5298 his
3317 5255 3494 5312 patet,
3524 5260 3663 5313 quo-

2091 5313 2250 5367 modo
2301 5314 2704 5382 iutelligemlum
2737 5314 2804 5366 sit
2835 5314 2960 5367 illud
2988 5317 3129 5382 quod
3171 5317 3221 5368 in
3255 5317 3544 5384 Evangelia
3587 5318 3666 5369 lc-

2086 5386 2228 5452 gitur
2259 5385 2452 5450 (Marc.
2485 5401 2501 5439 l
2525 5395 2572 5438 et
2601 5385 2727 5437 Luc.
2753 5385 2829 5450 tv)
2857 5403 2868 5436 :
2895 5384 3016 5437 Non
3044 5386 3241 5439 sinebat
3265 5403 3324 5439 ea
3356 5389 3513 5453 loqui,
3535 5403 3667 5455 quo-

2089 5457 2226 5508 niam
2253 5456 2336 5508 vel
2369 5457 2490 5525 quia
2515 5456 2738 5509 sciebant
2765 5457 2933 5520 ipsum
2968 5471 3074 5509 esse
3098 5456 3378 5510 Christum.
3412 5459 3674 5512 Sciebant

2087 5526 2229 5580 enim
2262 5513 2536 5579 non'eerta
2565 5538 2620 5578 et
2652 5513 2884 5578 evidenti
2907 5525 3245 5594 cognitione,
3277 5530 3370 5580 sed
3396 5513 3698 5595 prohabm’

2087 5596 2392 5662 coniectura
2434 5604 2489 5648 et
2526 5595 2836 5649 vehementi
2875 5597 3208 5664 suspicione.
3240 5611 3296 5653 ut
3327 5597 3526 5651 delum
3559 5608 3667 5650 est.

2087 5667 2420 5736 Quau'tquatn
2449 5667 2540 5719 alii
2563 5668 2720 5719 aliter
2748 5678 3026 5732 exponunt
3047 5669 3285 5734 quoniam
3315 5670 3394 5721 vel
3423 5670 3546 5738 quia
3571 5685 3670 5734 pro

2086 5739 2226 5806 quod
2265 5738 2498 5805 positum
2543 5751 2690 5794 esse.
2725 5747 2782 5790 ttt
2809 5753 2999 5790 sensus
3032 5744 3141 5790 sit:
3180 5754 3284 5792 non
3315 5738 3524 5795 sinebat
3557 5741 3668 5790 Do-

2089 5809 2265 5864 minus
2312 5809 2588 5864 dztnones
2629 5806 2727 5862 hoc
2773 5807 2988 5878 dicere,
3021 5809 3229 5865 scibat
3269 5808 3410 5879 quod
3463 5811 3671 5865 scirent
