4016 6192
278 352 370 409 329

871 462 1096 518 CAPUT
1138 462 1252 518 XII.

279 556 426 611 lianc
463 556 715 610 damonis
763 555 1112 621 opinationem
1148 565 1197 608 et
1248 555 1573 607 verisimilem
1606 556 1859 623 suspicio-

341 642 458 681 nem
477 637 742 692 comparat
761 640 877 677 cum
899 625 1143 689 pertinaci
1166 634 1212 677 et
1230 625 1507 694 praefracta
1536 627 1858 678 adversario—

342 714 459 750 rum
479 696 756 757 sententia,
786 707 832 767 et
857 697 991 747 hanc
1020 695 1113 747 illa
1142 697 1437 764 nequiorem
1468 697 1729 767 magisque
1750 699 1860 749 bla-

340 770 609 835 sphemam
637 782 750 819 esse
776 766 1113 820 demonstrat.

341 902 506 972 Atqui
528 900 737 955 sciebat
758 900 943 970 utique
970 899 1258 954 Dominum
1281 900 1465 956 Jesum
1495 899 1770 954 Christum
1795 916 1859 955 ex

276 996 438 1050 Maria
468 1002 652 1048 natum
672 1008 796 1048 esse
813 1033 828 1058 ,
862 992 1069 1047 sciebat
1097 992 1287 1061 pannis
1309 992 1626 1047 obvolutum
1651 992 1704 1046 in
1728 1007 1863 1060 prce-

275 1087 426 1155 sepio
454 1085 720 1154 positum,
735 1092 761 1119 ι
782 1098 1070 1152 pauperem
1087 1082 1204 1153 ejus
1223 1082 1364 1138 inter
1388 1084 1622 1137 humana
1642 1082 1865 1136 exordia

275 1179 599 1248 parvitatem
625 1177 825 1242 fuisse,.
845 1185 900 1230 et
923 1191 1149 1246 egenam
1173 1175 1334 1230 etiam
1356 1176 1614 1247 legitimis
1645 1176 1867 1230 incuna-

276 1269 530 1325 bulorum
571 1267 890 1322 ministeriis
930 1267 1212 1322 infantiam
1244 1284 1257 1319 :
1288 1282 1396 1321 non
1422 1266 1707 1323 dubitabat
1730 1282 1868 1336 quo-

276 1380 376 1434 que
402 1379 531 1419 eum
555 1377 739 1428 veram
776 1376 998 1417 carnem
1028 1360 1260 1427 habere,
1307 1376 1437 1416 vere
1466 1361 1742 1416 hominem
1775 1376 1870 1413 na-

277 1468 386 1514 tum
412 1471 554 1513 esse.
578 1457 643 1511 Et.
661 1453 687 1493 δ
705 1471 805 1510 cur
828 1454 882 1510 ei
905 1454 1005 1510 hoc
1022 1454 1087 1507 ad
1105 1455 1455 1508 securitatem
1481 1469 1668 1522 parum
1698 1453 1868 1506 visum

276 1550 395 1606 est?
410 1565 509 1604 cur
523 1564 671 1612 eum,
686 1562 846 1617 quem
866 1560 991 1600 vere
1011 1545 1286 1602 hominem
1304 1560 1425 1600 esse
1442 1554 1685 1612 noverat,
1706 1545 1870 1598 Deum

276 1656 441 1710 posse
465 1653 593 1694 esse
622 1637 914 1692 credebat?
940 1635 1100 1691 Disce
1126 1650 1279 1705 ergo,
1302 1633 1491 1690 infelix
1526 1634 1696 1700 furor,
1726 1633 1899 1695 disce,

276 1733 493 1786 insania
548 1740 602 1785 et
656 1729 895 1784 crudelis
947 1727 1228 1797 impietas,
1277 1726 1425 1782 disce
1467 1727 1683 1780 tandem
1724 1725 1873 1779 vela

1266 349 1357 404 DE
1398 347 1904 404 INCARNA'I‘IONE
1944 347 2212 403 CHRISTI
2251 346 2382 400 LIB.
2430 346 2534 400 VII.

1885 468 1933 525 Α
1963 470 2045 515 ter
2072 471 2151 527 te,
2183 462 2273 529 qui
2302 460 2625 515 diabolicam
2669 460 2997 530 impietatem
3031 460 3190 515 fuerit
3218 474 3541 530 supergres.

3431 337 3532 400 250

1962 568 2084 617 sus;
2114 554 2255 623 quod
2306 554 2396 607 ille
2428 554 2480 607 in
2519 554 2746 607 Domino
2775 552 3057 608 confessus
3084 564 3167 609 est
3195 569 3316 610 esse
3346 569 3539 625 posse,

1963 653 2022 698 tu
2050 660 2153 698 non
2186 645 2368 700 credis
2395 660 2517 700 esse
2545 648 2804 715 potuisse.

2550 760 2779 816 CAPUT
2820 761 2950 815 XIII.

1966 851 2257 907 Damonem
2288 854 2418 906 hanc
2445 852 2726 907 divinitatis
2747 855 2797 905 in
2818 852 3020 907 Christo
3040 854 3407 924 opinationem,
3426 870 3550 921 pro-

2040 935 2148 988 pter
2177 926 2427 977 occultam
2459 928 2571 995 ejus
2610 941 2762 991 quam
2799 927 2951 976 sensit
2986 927 3359 994 operationem,
3392 941 3551 993 usque

2037 998 2104 1045 ad
2133 994 2294 1061 ipsam
2320 994 2521 1047 crucem
2553 1004 2598 1046 et
2628 1006 2838 1047 mortem
2860 998 2972 1064 ejus
2995 1012 3189 1064 semper
3216 995 3475 1048 habuisse.

2039 1085 2147 1141 Sed
2194 1089 2427 1141 cessavit
2474 1097 2657 1155 postea
2709 1086 2932 1140 forsitan
2965 1102 3027 1140 ac
3071 1088 3410 1154 conquievit;
3458 1097 3550 1153 et,

1970 1182 2197 1235 cassatis
2253 1180 2638 1235 tentationibus
2676 1183 2820 1238 suis.
2862 1181 3112 1250 deposuit
3153 1181 3551 1249 suspicionem.

1971 1272 2093 1340 quia
2123 1288 2230 1326 non
2255 1273 2569 1328 inveniebat
2600 1273 2873 1328 eﬂectum.
2901 1270 2924 1309 ά
2953 1273 3142 1327 Mansit
3175 1274 3474 1341 quinimmo
3502 1289 3555 1328 tn

1973 1379 2039 1419 eo
2059 1379 2295 1434 semper,
2313 1378 2365 1419 et
2390 1381 2557 1435 usque
2576 1365 2640 1419 ad
2660 1368 2827 1434 ipsam
2844 1365 3054 1419 Domini
3079 1380 3295 1420 crucem
3321 1366 3559 1435 suspicio

1975 1457 2027 1511 in
2059 1471 2180 1510 eum
2224 1473 2320 1524 per
2351 1457 2666 1512 formidines
2698 1457 2944 1526 proprias
2992 1461 3258 1511 cumulata
3291 1460 3558 1527 pervenit.

1975 1548 2114 1614 Quid
2150 1549 2337 1618 plura?
2386 1563 2453 1603 ne
2496 1562 2621 1602 tunc
2652 1548 2867 1617 quidem
2915 1548 3123 1617 Opinari
3155 1551 3224 1604 de
3273 1565 3339 1604 eo
3369 1550 3560 1605 Filium

1981 1642 2072 1695 Dei
2103 1642 2263 1696 desiit
2292 1650 2571 1712 postquam
2629 1649 2834 1694 tantum
2870 1642 2922 1695 in
2957 1657 3079 1695 eum
3123 1644 3563 1711 persecutoribus

1977 1733 2089 1787 suis
2121 1733 2283 1788 licere
2309 1733 2587 1804 cognovit.
2616 1733 2722 1790 Sed
2752 1732 2980 1787 callidus
3009 1736 3193 1800 utique
3224 1734 3393 1787 hostis
3422 1734 3565 1788 inter

278 1824 505 1878 diabolo
555 1823 780 1876 minoris
826 1836 947 1875 esse
994 1820 1254 1889 perfidiae.
1286 1819 1379 1874 Ille
1408 1821 1454 1874 si
1504 1819 1668 1884 dixit,
1699 1817 1873 1872 Filius
1912 1853 1953 1911 Β
1982 1822 2125 1891 ipsas
2172 1838 2388 1892 quoque
2418 1838 2710 1892 corporeus
2756 1825 3038 1891 passiones
3087 1824 3235 1892 signa
3268 1824 3565 1879 divinitatis

276 1915 379 1971 Dei
410 1932 499 1978 es;
541 1924 597 1968 tu
631 1912 788 1980 dicis,
817 1911 984 1966 Filius
1016 1910 1113 1965 Dei
1148 1927 1253 1965 non
1282 1926 1361 1966 es.
1397 1909 1546 1978 Quod
1581 1910 1671 1964 ille
1703 1911 1872 1963 inter-

275 2010 515 2077 rogavit,
549 2016 605 2061 ttt
637 2020 823 2076 negas.
856 2015 879 2043 ο
910 2003 1080 2060 Nemo
1107 2004 1284 2058 adhuc
1313 2004 1562 2059 inventus
1593 2013 1695 2071 est,
1733 2018 1873 2072 pric-

1980 1916 2270 1982 aspiciens,
2316 1915 2523 1968 etiamsi
2556 1929 2674 1968 esse
2706 1930 2827 1967 eum
2870 1916 3103 1968 malebat
3133 1918 3403 1970 hominem
3429 1956 3443 1980 ,
3473 1932 3567 1969 su—

1979 2007 2180 2075 spicari
2223 2018 2402 2061 tamen
2433 2005 2863 2075 compellebatur
2899 2006 3101 2073 Deum;
3136 2009 3258 2078 quia
3291 2009 3416 2063 licet
3462 2009 3570 2066 hoc

1359 2169 1449 2223 AL
1467 2168 1614 2221 \RDI
1655 2165 1884 2223 Chl/El
1925 2167 2492 2226 COMMENTARIUS.

281 2291 465 2356 ipsum
497 2301 621 2342 esse
652 2287 931 2349 Messium;
955 2301 1057 2340 non
1082 2284 1424 2354 permittebat
1455 2299 1548 2356 eos
1574 2284 1719 2356 loqui
1749 2298 1871 2336 ver-

283 2353 349 2411 ba
382 2359 531 2412 ista:
574 2356 689 2410 Nos
737 2358 928 2409 scimus
971 2357 1058 2426 qui
1088 2353 1187 2421 sis,
1231 2356 1458 2409 Sanctus
1489 2353 1714 2426 Dci,iid
1757 2364 1867 2417 est,

282 2429 523 2485 Messias
548 2443 576 2477 a
611 2427 724 2480 Deo
769 2428 1001 2489 missus;
1032 2428 1156 2495 quia
1192 2426 1596 2480 mentiebantur
1624 2425 1873 2477 dicentes

282 2517 346 2555 se
377 2500 527 2553 scire
557 2499 700 2565 quod
747 2512 852 2550 non
895 2497 1171 2561 sciebant,
1217 2509 1266 2550 et
1300 2496 1516 2549 nolebat
1563 2495 1814 2547 Christus
1843 2508 1872 2546 a

285 2572 454 2624 Patre
481 2568 748 2622 mendacii
775 2567 1142 2621 testimonium
1166 2566 1433 2634 accipere.
1465 2567 1539 2620 Ita
1562 2565 1872 2631 Cajetaiitts,

285 2642 582 2695 Jansenius
609 2652 662 2691 et
688 2640 803 2690 alii.
847 2637 1031 2704 Itaque
1088 2653 1194 2690 non
1228 2648 1475 2689 asserunt
1525 2636 1874 2703 evangelista:

286 2713 573 2766 dae-mones
626 2714 727 2761 l.oc
753 2708 1011 2766 solvisse;
1060 2706 1155 2761 sed
1199 2706 1299 2760 huc
1343 2716 1546 2759 tantum
1590 2707 1792 2758 dixis“:
1820 2719 1879 2757 se

285 2784 436 2835 seire
455 2822 471 2842 ,
499 2792 553 2834 et
576 2795 605 2833 a
637 2780 853 2830 Christo
879 2778 1174 2844 prohibitos
1200 2792 1343 2831 esse.
1376 2776 1583 2845 Similis
1613 2786 1696 2828 est
1728 2775 1879 2829 locus

288 2851 535 2907 Matthxi
571 2865 664 2902 nrt
691 2867 703 2900 :
744 2848 991 2910 Praecepit
1021 2849 1288 2917 discipulis
1317 2849 1455 2911 suis,
1484 2857 1539 2899 ut
1578 2847 1765 2899 nemini
1800 2846 1879 2896 di-

285 2932 465 2977 cerent
490 2920 611 2985 quia
636 2919 743 2985 ipse
767 2930 896 2973 esset
922 2917 1179 2973 Christus.
1207 2917 1306 2973 Ubi
1334 2920 1610 2972 manilesm
1636 2917 1757 2986 quia
1788 2931 1880 2984 pro

286 2992 439 3064 qugd
465 2993 704 3064 ponitur.

365 3056 561 3116 Tertio
589 3061 713 3113 dico
764 3059 949 3114 itidem
981 3075 1044 3113 ex
1077 3058 1341 3112 sententia
1377 3058 1635 3112 Patrum:
1687 3056 1883 3125 Myste-

288 3137 444 3188 I'Iltm
476 3130 871 3196 redemptionis
922 3130 1170 3182 humanae
1202 3144 1301 3197 per
1347 3137 1574 3182 mortem
1605 3138 1659 3180 et
1704 3142 1885 3181 resur-

292 3204 606 3258 rectionem
638 3200 837 3255 Christi
882 3215 987 3255 non
1035 3208 1403 3265 cognoverunt
1444 3200 1749 3261 dannoues,
1783 3213 1883 3250 an-

292 3285 517 3338 tequam
546 3273 727 3339 reipaa
758 3284 1032 3340 peractum
1066 3270 1183 3325 fuit.
1218 3271 1346 3325 Ilaec
1383 3279 1467 3325 est
1494 3271 1636 3323 enim
1678 3271 1884 3334 sapien-

298 3347 376 3398 tia
413 3346 463 3396 in
495 3343 733 3412 mysterio
775 3341 1104 3403 abscondita,
1136 3341 1236 3394 hoc
1267 3350 1348 3395 est
1372 3380 1387 3403 ,
1437 3347 1706 3395 secretum
1727 3381 1742 3402 ,
1791 3355 1885 3392 seu

297 3414 627 3485 mySterium
649 3452 664 3473 ,
709 3415 851 3483 quod
897 3412 1364 3485 etiaqummones
1394 3412 1587 3485 latuit;
1616 3418 1889 3485 quatiunt

294 3480 377 3539 ait
402 3480 896 3549 Avo-tolum'nemo
918 3483 1208 3552 principum
1228 3480 1381 3550 hujus
1405 3483 1584 3534 seculi
1614 3482 1880 3547 cognovit;

296 3556 344 3609 si
366 3558 504 3607 enim
534 3555 885 3622 cognovissent
909 3593 924 3614 ,
950 3569 1229 3617 numquam
1260 3552 1535 3611 Dominum
1561 3553 1742 3621 gloria:
1769 3567 1857 3603 cru

300 3625 586 3691 ciﬁzissettl
628 3622 683 3689 (I
710 3622 828 3676 Cor.
863 3623 960 3691 tt),
993 3639 1022 3676 a
1055 3639 1164 3693 quo
1189 3625 1399 3677 scilicet
1448 3637 1507 3676 se
1537 3622 1885 3675 debellandos

302 3706 360 3747 et
386 3695 702 3762 spoliandus
727 3693 1105 3761 intelligerent.
1140 3694 1214 3748 Ita
1246 3694 1302 3747 S.
1337 3693 1447 3747 Leo
1475 3706 1726 3762 sermone
1757 3693 1790 3744 9
1820 3693 1886 3744 de

303 3761 565 3819 Passione
605 3765 814 3833 Domini
845 3781 858 3815 :
896 3763 1007 3817 Nec
1051 3765 1167 3833 ipse
1193 3763 1431 3817 diabolus
1476 3761 1725 3816 intellexit
1750 3762 1887 3829 quod

303 3836 562 3916 capiendo
592 3836 645 3887 in
685 3832 949 3916 Christum
997 3832 1149 3887 suum
1177 3834 1457 3916 destrueret
1504 3833 1883 3916 priueiqatum,

304 3907 394 3976 qui
421 3908 650 3976 antiqute
677 3904 873 3976 fraudis
892 3908 1018 3975 jura
1057 3921 1157 3976 non
1189 3905 1438 3968 perderet,
1471 3901 1515 3959 si
1546 3920 1599 3956 se
1621 3901 1890 3976 adDontiui

307 3973 434 4029 Iesu
462 3973 714 4044 sanguine
742 3973 1043 4029 contineret.
1077 3975 1182 4030 Sed
1229 3976 1429 4027 ntalitia
1460 3974 1680 4027 nocendi
1708 3973 1889 4025 avidus

309 4048 432 4099 dum
477 4048 651 4103 irruit.
685 4045 823 4110 ruit;
850 4045 974 4097 dum
1019 4046 1188 4115 capit.
1218 4055 1401 4111 captus
1429 4055 1539 4105 est;
1568 4044 1690 4096 dum
1721 4059 1892 4110 persc—

309 4117 488 4187 quitur
520 4118 822 4179 mortalem,
851 4117 1028 4169 incidit
1061 4120 1113 4168 in
1156 4115 1478 4170 Salvatorem
1547 4115 1610 4168 Et
1640 4129 1891 4187 sermone

313 4184 373 4241 II
404 4204 419 4239 :
447 4185 682 4241 Christus
727 4193 781 4238 ut
826 4187 1108 4257 humanum
1152 4202 1310 4257 genus
1353 4187 1571 4257 vinculis
1615 4185 1893 4257 mortifera:

310 4257 751 4327 prmricatiouis
781 4256 1093 4320 absolveret,
1126 4256 1172 4310 et
1211 4258 1435 4310 swvienti
1467 4256 1671 4308 diabolo
1696 4266 1890 4327 poten-

314 4320 438 4381 tiam
490 4343 599 4381 sure
629 4327 912 4397 majestatis
959 4328 1212 4387 occuluit,
1245 4338 1290 4377 et
1322 4320 1895 4393 inﬁrmitatem'uostra:

312 4399 616 4451 humilitatis
641 4399 841 4466 obiecit.
877 4398 936 4451 Si
963 4400 1095 4451 enim
1124 4397 1344 4449 crudelis
1372 4409 1418 4450 et
1440 4398 1687 4462 superbus
1705 4397 1892 4466 inimi-

312 4486 400 4522 cus
425 4464 708 4522 consilium
727 4468 1085 4521 misericordiae
1111 4468 1199 4519 Dei
1227 4483 1376 4521 nosse
1398 4470 1663 4535 potuisset,
1683 4464 1717 4518 .1
1725 4469 1896 4519 uda-o-

313 4556 427 4592 rum
464 4542 665 4591 animos
706 4538 1099 4591 mansuetudine
1126 4540 1296 4604 potius
1334 4548 1615 4606 temperare
1642 4554 1791 4607 quam
1818 4539 1898 4588 in-

316 4610 462 4670 iustis
492 4610 626 4662 odiis
653 4609 931 4661 studuisset
971 4611 1278 4673 accendere;
1317 4624 1383 4660 ne
1408 4608 1635 4660 omnium
1664 4611 1896 4669 captivo-

1977 2283 2101 2335 vidit
2136 2285 2275 2354 quod
2320 2293 2523 2354 gutture
2549 2294 2754 2338 teneret.
2793 2283 2932 2337 Nam
2974 2284 3206 2354 quamvis
3246 2298 3361 2354 eum
3400 2284 3568 2351 fuerat

1978 2355 2085 2422 ipse
2109 2352 2369 2425 confessus
2394 2352 2442 2406 F
2448 2355 2589 2407 ilium
2621 2355 2734 2419 Dei,
2761 2355 2894 2408 velut
2906 2352 3085 2425 tamen
3107 2371 3289 2423 parum
3315 2353 3570 2408 hominem

1979 2426 2110 2475 mori
2133 2423 2371 2490 credidit,
2394 2425 2462 2477 ad
2486 2433 2634 2487 cuius
2658 2438 2867 2477 mortem
2888 2423 3194 2479 Iudaeorum
3219 2427 3420 2478 animos
3444 2443 3538 2479 con
3556 2457 3568 2466 -

1978 2495 2170 2548 citavit.
2208 2496 2269 2548 Β.
2306 2497 2540 2549 Isidorus
2570 2496 2659 2552 lib.
2692 2511 2707 2548 ι
2740 2497 2805 2549 de
2832 2495 3057 2550 Summo
3090 2494 3238 2548 BOnu
3268 2495 3419 2563 (Cap.
3456 2498 3567 2562 16):

1981 2564 2236 2628 Christus,
2272 2577 2474 2620 ostensa
2505 2582 2611 2619 sua?
2636 2567 2807 2620 carnis
2839 2567 3171 2629 martalitate,
3206 2582 3362 2635 quam
3392 2568 3572 2620 interi-

1980 2639 2216 2689 mendum
2246 2636 2481 2691 diabolus
2510 2640 2800 2707 appetebat,
2834 2635 3100 2689 abscondit
3139 2636 3451 2688 dit-irritatum
3477 2680 3491 2700 ,
3516 2647 3571 2691 ut

1982 2706 2217 2773 laqueum
2249 2725 2348 2776 quo
2376 2723 2491 2760 eum
2511 2749 2523 2761 .
2544 2706 2689 2760 velut
2741 2723 2884 2759 avem
2912 2708 3238 2775 improvisum
3264 2748 3274 2761 .
3308 2707 3532 2760 irretirrt
3553 2749 3568 2772 ,

1983 2791 2086 2829 etc.
2125 2778 2343 2830 Domum
2373 2780 2427 2831 S.
2463 2778 2697 2831 Thomas
2726 2779 2775 2830 in
2816 2778 2987 2842 prima
3021 2786 3172 2843 parte
3198 2776 3419 2842 (Qutest.
3465 2778 3532 2830 64
3554 2820 3568 2836 .

1982 2857 2080 2900 art.
2129 2848 2187 2913 I,
2218 2850 2285 2900 ad
2316 2850 2405 2913 t):
2441 2847 2774 2916 Mysterium.
2830 2848 3036 2914 inquit,
3077 2848 3220 2916 regni
3270 2847 3397 2908 Dei,
3431 2850 3571 2915 quod

1985 2926 2056 2969 est
2108 2919 2372 2985 impletum
2418 2934 2506 2987 per
2553 2917 2850 2982 Christum,
2892 2933 3067 2970 omnes
3095 2919 3295 2987 quidem
3324 2918 3495 2987 angeli
3537 2936 3572 2973 α

1985 2989 2236 3058 principio
2255 2989 2428 3055 aliqua
2446 2989 2595 3042 modo
2618 2997 2961 3058 cognoverunt
2982 2993 3200 3040 maxime
3222 3004 3284 3039 ex
3300 2990 3573 3052 quobeatt-

1987 3056 2124 3124 [ἰσαιὶ
2152 3056 2271 3110 sunt
2298 3059 2487 3110 visione
2518 3056 2699 3122 Verbi,
2728 3075 2879 3126 quam
2905 3060 3159 3111 dwmones
3179 3075 3455 3128 numquam
3477 3061 3571 3113 ha-

1988 3131 2222 3187 buerunt,
2250 3144 2349 3180 non
2374 3137 2538 3199 tamen
2566 3146 2735 3181 omnes
2761 3129 2928 3197 angeli
2953 3141 3295 3199 cognoverunt
3318 3134 3569 3199 perfecte,

1989 3214 2148 3266 neque
2174 3200 2458 3267 irqualitcr.
2493 3197 2643 3253 Unde
2667 3199 2924 3252 daemones
2955 3197 3114 3251 multo
3143 3197 3341 3261 minus,
3364 3197 3570 3253 Christo

1990 3272 2229 3322 existente
2252 3271 2304 3322 in
2354 3269 2564 3340 arundo,
2600 3274 2821 3338 perfecte
2849 3271 3145 3340 myuerium
3189 3270 3573 3325 Incarnationis

1990 3349 2349 3408 cognoverunt.
2404 3339 2523 3393 Non
2571 3341 2703 3392 enim
2749 3339 2971 3392 innotuit
3012 3341 3111 3401 eis.
3157 3351 3211 3392 ut
3257 3342 3575 3409 Augustinus

1990 3409 2113 3481 dicit
2140 3408 2278 3477 (Lib.
2307 3426 2362 3464 ιι
2391 3412 2452 3463 de
2476 3409 2623 3464 Civil.
2655 3427 2698 3462 c.
2726 3408 2839 3478 2|).
2864 3415 2991 3463 sicut
3022 3412 3217 3475 angeli.-
3241 3408 3449 3470 sanctis.
3482 3415 3575 3481 qui

1999 3478 2151 3533 Verbi
2178 3483 2484 3550 participato
2511 3483 2798 3534 (eternitate
2826 3480 3196 3547 perfruuntur,
3222 3481 3311 3533 sed
3339 3482 3471 3533 sicut
3494 3478 3575 3534 eis

1992 3552 2241 3621 teri-endis
2268 3552 2690 3605 innotescendum
2730 3553 2825 3621 fuit
2870 3567 2960 3620 per
2996 3550 3230 3621 quwdant
3267 3553 3573 3617 temporalia

1990 3619 2195 3685 effecta.
2244 3623 2305 3677 Si
2331 3633 2501 3675 autem
2546 3619 2765 3691 perfecte
2799 3631 2845 3691 et
2872 3619 2964 3684 per
2991 3619 3340 3691 certitudinem
3386 3637 3573 3689 cogno-

1990 3692 2175 3753 rissent
2204 3692 2372 3763 ipsum
2415 3688 2622 3763 esse‘F
2626 3692 2773 3743 ilium
2791 3690 2927 3763 ‘Dei,
2957 3701 3003 3743 et
3041 3688 3277 3763 emat-tum
3324 3688 3575 3760 passionis

1988 3764 2125 3829 ejus.
2152 3760 2426 3829 numquam
2450 3762 2723 3813 Dominum
2744 3760 2923 3829 gloria:
2944 3760 3175 3826 cruci/tgi
3196 3775 3573 3830 procurassent.

1992 3831 2065 3883 Ita
2097 3831 2192 3884 SS.
2222 3832 2426 3885 Patres.
2461 3832 2529 3884 At
2558 3832 2624 3884 de
2655 3829 2927 3899 propesita
2966 3840 3269 3898 qumsttoue
3301 3831 3416 3897 plus
3443 3832 3574 3885 satis

1993 3903 2216 3954 dictum.
2248 3901 2492 3969 Ignoscat
2524 3902 2693 3954 lector
2720 3905 2763 3954 si
2811 3900 3012 3954 limites
3047 3902 3382 3955 notationum
3415 3901 3465 3954 iu
3520 3918 3578 3955 re

1995 3983 2100 4025 tant
2129 3971 2255 4025 amb
2277 3986 2375 4039 gua
2409 3982 2456 4024 ct
2495 3971 2752 4037 perplexa
2790 3970 3031 4024 nonnihil
3062 3970 3457 4026 excesserimus
3485 4013 3499 4037 ,
3524 3974 3575 4025 in

1994 4058 2096 4111 qua
2121 4042 2280 4095 etiam
2300 4041 2588 4095 Cassianus
2609 4043 2734 4096 tntis
2760 4042 2929 4096 lrilms
2951 4041 3215 4107 capitibus
3238 4041 3576 4097 immoratur.

2067 4122 2093 4149 "
2125 4112 2402 4168 Similibus
2438 4115 2615 4167 verbis
2649 4114 2703 4167 S.
2756 4111 2865 4167 Leo
2894 4128 3142 4166 sermone
3164 4110 3198 4165 4
3232 4114 3299 4166 de
3351 4115 3580 4181 Epipha—

1996 4185 2126 4264 nia:
2164 4182 2413 4267 Viderunt
2460 4185 2598 4267 magi
2640 4194 2687 4237 et
2722 4184 3063 4267 adorarerunt
3113 4200 3365 4267 puerum,
3415 4202 3580 4254 quan-

1995 4257 2137 4309 titate
2163 4256 2459 4321 parvulum,
2489 4255 2672 4308 aliena!
2699 4257 2808 4324 opis
2839 4255 3102 4323 indigum,
3133 4257 3277 4321 [andi
3302 4255 3579 4322 impotem,

1996 4337 2044 4379 et
2062 4328 2113 4396 in
2132 4326 2278 4379 nullo
2300 4324 2362 4377 ab
2382 4327 2621 4379 humana:
2639 4327 2873 4392 infantia:
2893 4324 3228 4396 generalitate
3256 4327 3579 4380 dissimilem.

2068 4395 2096 4434 1'
2126 4397 2181 4450 Id
2211 4404 2316 4456 cst,
2350 4402 2407 4447 ttt
2436 4410 2657 4448 securus
2685 4402 2848 4457 esset,
2890 4394 2989 4447 nec
3021 4394 3293 4447 dubitaret
3326 4410 3428 4447 non
3461 4410 3582 4449 eSSe

2003 4467 2193 4529 Deum,
2212 4480 2368 4534 quem
2394 4464 2686 4528 hominem,
2717 4466 2882 4519 inuno
2906 4480 3129 4534 puerum
3156 4465 3437 4534 parvulum
3463 4481 3583 4520 esse

1998 4538 2235 4591 videbat.

2075 4617 2097 4646 ο
2136 4609 2225 4660 Est
2256 4606 2574 4679 hyperbole.
2604 4605 2735 4679 Nam
2758 4615 2811 4660 et
2838 4606 2927 4658 alii
2958 4605 3203 4679 Nestor-io
3226 4605 3582 4679 antiquiores,

2001 4676 2219 4732 Christo
2246 4676 2468 4747 perinde
2496 4678 2760 4744 injuriosi.
2791 4691 2891 4729 nec
2923 4678 3094 4729 minus
3122 4692 3281 4747 quam
3308 4678 3397 4731 ille
3421 4717 3436 4739 ,
3471 4678 3586 4730 dia-
3615 4676 3624 4721 ἲ

2003 4748 2232 4803 bolicam
2282 4748 2610 4816 impietatem
2656 4748 2985 4815 supergressi
3040 4750 3137 4801 hac
3186 4750 3235 4801 in
3272 4761 3425 4812 parte
3473 4748 3579 4802 diri
3619 4774 3635 4816 ι

2004 4829 2226 4889 possunt
2252 4861 2266 4883 ,
2303 4829 2360 4874 ut
2402 4818 2726 4884 Cerinthus,
2763 4818 2928 4873 Ebiou
2954 4859 2968 4883 ,
3002 4816 3185 4884 Arius,
3219 4819 3582 4885 Manichams,
3620 4820 3635 4881 ξ

2003 4888 2057 4945 et
2090 4891 2175 4942 alii
2202 4890 2600 4944 hrcresiarchaz.
3627 4888 3631 4947 ᾖ

2074 4958 2101 4995 ⁸
2145 4960 2460 5014 Existimant
2487 4958 2731 5013 nonnulli
2780 4968 2899 5024 post
2928 4957 3127 5011 diaboli
3161 4961 3488 5013 tentationes
3536 4961 3588 5014 in

315 4696 428 4732 rum
458 4680 713 4732 amitteret
752 4680 1070 4741 servitutem,
1100 4680 1225 4732 dum
1255 4677 1384 4731 nihil
1410 4681 1504 4731 sibi
1537 4678 1760 4730 debeatis
1786 4696 1901 4744 per-

317 4751 545 4819 sequitur
575 4746 1118 4820 libertatetheIellit
1144 4757 1264 4818 ergo
1283 4751 1427 4801 illum
1450 4752 1746 4820 malignitas
1771 4763 1899 4820 sua:

318 4818 492 4871 intulit
522 4821 837 4889 supplicium
869 4819 1005 4872 Filio
1038 4818 1132 4873 Dei
1157 4860 1172 4881 ,
1195 4821 1334 4889 quod
1359 4821 1555 4874 cunctis
1578 4818 1702 4887 filiis
1728 4818 1899 4870 Itami-

317 4906 435 4963 num
467 4892 519 4943 in
543 4890 818 4963 remedium
859 4900 1155 4963 uerteretur;
1174 4893 1308 4961 fudit
1347 4891 1647 4963 sanguinrm
1673 4895 1897 4963 justum,

318 4962 403 5028 qui
430 4960 816 5013 reconciliando
845 4960 1040 5013 mundo
1062 4972 1107 5013 et
1130 4951 1351 5027 pretium
1374 4951 1499 5014 essvet
1517 5002 1529 5020 .
1554 4972 1599 5013 et
1632 4951 1893 5026 pbculum.
1930 4951 1978 5010 Ι)

321 5029 385 5083 ει
428 5046 621 5084 rursus
659 5044 909 5101 sermone
939 5029 1036 5084 18:
1080 5031 1191 5101 Hoc
1235 5048 1433 5101 magna!
1477 5033 1678 5098 pietatis
1722 5047 1899 5082 sacra-

318 5113 544 5155 mentum
564 5144 577 5164 ,
608 5100 930 5155 dilectissimi
955 5143 968 5161 .
993 5101 1124 5154 sicut
1149 5099 1374 5155 Iudaica
1396 5103 1651 5170 impietas,
1684 5102 1754 5153 ita
1783 5103 1898 5152 dia-

322 5175 483 5225 bolica
508 5173 746 5243 superbia
778 5172 1049 5225 nesciebat.
1085 5171 1146 5228 Si
1172 5173 1307 5225 enim
1336 5173 1723 5243 cognovissent,
1757 5186 1903 5222 num-

320 5260 476 5310 quam
506 5241 781 5295 Dominum
804 5243 985 5312 gloria:
1005 5244 1398 5307 cruciﬁxissent.
1435 5242 1540 5297 Sed
1560 5243 1681 5311 quia
1705 5241 1900 5294 Ιιοδιρηι

321 5314 517 5381 generis
546 5313 757 5366 humani
785 5311 973 5365 latebat
996 5314 1267 5366 consilium
1297 5314 1660 5366 misericordim
1685 5312 1797 5375 Dei,
1828 5323 1895 5370 et.

326 5385 560 5449 opposito
588 5384 758 5436 carnis
784 5384 1051 5446 relumiue,
1080 5382 1212 5437 Deus
1233 5383 1286 5436 in
1316 5383 1516 5436 Christo
1537 5386 1783 5435 mundum
1805 5383 1902 5435 sibi

323 5455 655 5508 reconcilians
690 5454 971 5523 tegebatur.
1018 5455 1234 5518 perstitit
1263 5455 1313 5506 in
1342 5470 1454 5507 eum
1497 5456 1687 5523 furere,
1722 5455 1771 5504 in
1802 5472 1901 5518 quo

327 5524 454 5596 nihil
479 5542 625 5578 suum
661 5535 862 5596 poterat
894 5526 1135 5596 invenire.
1157 5525 1224 5596 VI).
1251 5526 1540 5592 Gregorius
1570 5526 1633 5577 ad
1669 5525 1753 5596 illa
1787 5541 1901 5577 νυνι

327 5593 390 5647 ba
428 5596 552 5650 Job.
587 5593 690 5650 XL':
738 5594 1007 5665 Numquid
1035 5595 1217 5649 iliades
1248 5597 1320 5651 ei.
1355 5599 1499 5663 quasi
1531 5597 1650 5649 avi?
1682 5595 1743 5649 In
1785 5613 1902 5665 pas-

328 5667 484 5731 sione,
513 5665 719 5735 inquit,
757 5664 1006 5735 Dominus
1045 5666 1202 5718 illusit
1242 5668 1359 5732 avi,
1404 5667 1457 5718 id
1496 5677 1602 5730 est,
1651 5667 1900 5731 dantuiri,

330 5735 443 5787 dum
468 5737 513 5788 ei
540 5733 793 5807 unigeniti
829 5733 954 5788 Filii
981 5736 1061 5788 sui
1091 5737 1310 5789 ostendit
1336 5752 1522 5797 escam,
1553 5738 1643 5789 sed
1669 5738 1904 5805 laqueum

331 5806 612 5861 abscondit.
639 5805 790 5859 Vidit
834 5807 998 5876 enim,
1042 5808 1179 5878 quod
1222 5823 1309 5862 ore
1335 5808 1653 5876 perciperet,
1687 5810 1775 5862 sed
1804 5825 1903 5863 non

2004 5030 2221 5085 deserto
2247 5041 2484 5084 cassatas
2506 5040 2560 5084 et
2581 5040 2879 5097 superatas,
2912 5044 3016 5081 non
3048 5029 3206 5081 modo
3227 5030 3587 5097 suspicionem

2006 5103 2087 5154 vel
2121 5100 2430 5168 opinionem
2461 5116 2580 5153 cum
2615 5100 2900 5152 formidine
2942 5102 3008 5151 de
3049 5101 3296 5166 opposito
3325 5115 3590 5154 lll8ltSlS§c

2010 5174 2060 5225 in
2091 5171 2449 5237 daemonibus,
2494 5172 2587 5225 sed
2616 5178 2817 5222 certam
2872 5169 3028 5223 tidem
3079 5184 3140 5223 ac
3184 5172 3587 5238 persuasionem

2013 5242 2237 5296 Deitatis
2267 5241 2465 5295 Christi
2515 5240 2594 5294 eis
2636 5241 2911 5303 obortam;
2970 5240 3212 5305 adeoque
3258 5253 3381 5295 tunc
3429 5241 3591 5294 etiam

2010 5327 2195 5367 verum
2230 5312 2395 5365 fuisse
2422 5308 2565 5378 quod
2601 5310 2673 5362 ait
2703 5311 2976 5378 apostolus
3003 5309 3234 5362 Jacobus
3259 5327 3272 5361 :
3311 5308 3372 5361 Et
3402 5312 3594 5365 dromo-

2009 5400 2097 5435 nes
2125 5383 2361 5445 credunt,
2385 5377 2848 5433 rt'contremiscuut
2879 5377 3013 5449 (lac.
3048 5379 3130 5447 tt).
3168 5378 3238 5430 Ita
3262 5380 3593 5437 Maldonatus

2012 5455 2064 5506 in
2097 5468 2218 5520 cap.
2268 5467 2360 5505 vnt
2394 5450 2649 5505 Matlnri.
2711 5456 2774 5503 At
2823 5451 2945 5503 huic
2975 5449 3217 5519 Opinioni
3265 5450 3460 5504 multas
3488 5453 3587 5506 SS.

2014 5524 2231 5578 Patrum
2251 5524 2534 5591 opiniones
2548 5537 2606 5573 su
2618 5521 2795 5589 pet-ius
2811 5523 3180 5591 opposuimus,
3202 5520 3397 5589 quibus
3415 5531 3592 5577 osten-

2013 5596 2188 5649 dimus
2215 5595 2487 5647 dantioues
2521 5607 2618 5646 nec
2645 5591 2841 5646 Christi
2872 5593 3230 5659 divinitatem,
3258 5608 3356 5647 nec
3386 5593 3597 5648 redem-

2015 5667 2210 5735 ptionis
2240 5673 2439 5717 nostra!
2470 5665 2783 5733 mysterium
2814 5671 2966 5717 certo
2992 5677 3044 5735 et
3081 5665 3363 5732 explorate
3393 5679 3592 5733 cogno-

2011 5734 2335 5808 visserante
2383 5736 2817 5808 ejus__inortent,
2862 5734 3077 5805 quando
3126 5737 3298 5808 teipsa
3344 5746 3398 5791 et
3447 5743 3595 5790 certe

2012 5807 2382 5870 experimento
2414 5806 2463 5861 id
2493 5804 2820 5861 didicerunt.
