4016 6192
240 379 343 436 933

1265 377 1352 432 DE
1392 376 1904 433 lNCARNATlONE
1943 377 2216 434 CHRISTI
2254 379 2382 436 LIB.
2431 380 2536 436 νη.

3413 388 3520 444 2:5

243 493 641 557 monia-utens,
683 491 806 560 quia
838 489 1026 545 Filium
1053 489 1146 544 Dt-i
1203 491 1320 545 sine
1367 503 1537 547 matre
1587 490 1785 546 asseris
1815 536 1827 556 ,
1861 493 1910 552 Δ
1945 504 2166 558 vitalem
2188 505 2436 574 corporis
2457 503 2682 572 sibiipsi
2706 499 3054 560 sulfecitsine
3073 517 3250 576 patre.
3275 496 3526 575 argnti...

242 587 400 640 etiam
421 584 538 638 sine
557 591 709 652 patre
731 596 850 638 esse
873 582 1232 650 blasphemes.
1263 581 1428 636 Vides
1451 597 1578 650 ergo
1605 597 1828 650 perver-

239 677 411 731 sitatis
446 689 512 729 ac
543 674 797 743 nequitias
828 683 930 727 tua:
957 673 1156 738 studio,
1192 674 1245 726 in
1285 673 1430 743 quod
1465 684 1516 728 te
1544 673 1833 742 impietatis

239 776 572 836 prmruptum
598 765 798 835 jeceris
827 782 838 817 :
870 773 931 819 ut
960 765 1102 832 quod
1132 780 1291 820 nemo
1324 765 1498 820 adhuc
1541 781 1566 818 a
1598 765 1830 833 saeculis,

237 858 340 912 nisi
373 859 596 911 insanus
627 857 879 920 fortasse,
910 856 1063 923 dixit,
1106 856 1230 910 dum
1259 857 1453 912 Filium
1481 859 1572 912 Dei
1607 867 1758 911 matri
1781 873 1833 912 m

235 964 344 1002 non
379 948 638 1003 habuisse
667 949 822 1015 dicis,
854 949 1015 1003 etiam
1045 957 1249 1018 patrem
1285 950 1453 1017 ipsius
1478 949 1732 1018 deneges.
1767 949 1835 1002 Et

238 1041 340 1095 hoc
369 1050 553 1094 tamen
584 1041 766 1095 nescio
792 1041 1066 1110 impietate
1096 1041 1282 1109 majori
1318 1055 1385 1095 an
1433 1041 1666 1110 ineptia;
1712 1042 1830 1111 quia

234 1135 366 1203 quid
392 1133 636 1200 stultius,
666 1135 792 1204 quid
826 1134 1081 1202 ineptius.
1105 1149 1262 1203 quam
1294 1134 1386 1188 lilii
1413 1150 1608 1189 nomen
1634 1150 1835 1204 ponere

236 1237 289 1281 et
323 1228 493 1296 patris
527 1242 720 1281 nomen
755 1227 891 1282 velle
922 1227 1193 1282 reticere?
1226 1227 1328 1282 Sed
1354 1227 1486 1281 dicis
1513 1245 1526 1280 :
1559 1227 1674 1281 Non
1702 1228 1834 1282 reti-

237 1334 358 1380 reo,
388 1335 495 1372 non
517 1333 675 1387 nego.
711 1317 777 1371 Et
803 1318 922 1386 quis
951 1333 1081 1387 ergo
1111 1326 1162 1372 te
1191 1317 1342 1371 furor
1367 1317 1650 1386 compulit,
1684 1319 1837 1372 testi-

237 1414 484 1464 monium
539 1410 668 1463 illud
723 1424 945 1478 ponere,
980 1410 1069 1463 ubi
1117 1409 1242 1463 dum
1282 1417 1511 1463 matrem
1561 1425 1682 1462 eum
1728 1424 1835 1463 non

237 1503 500 1556 habuisse
528 1502 688 1568 dicis,
725 1502 884 1556 etiam
914 1511 1122 1570 patrem
1152 1501 1269 1570 ejus
1297 1515 1524 1570 negasse
1552 1501 1786 1556 videaris
1813 1502 1836 1555 7

233 1594 371 1648 Nam
406 1609 533 1648 cum
569 1593 619 1646 in
646 1592 843 1647 eodem
871 1592 1204 1660 testimonio,
1233 1594 1371 1648 sicut
1393 1593 1509 1648 sine
1535 1604 1730 1660 matre,
1763 1593 1835 1648 ita

233 1685 403 1740 etiam
437 1686 558 1739 sine
591 1695 746 1753 patre
775 1700 894 1739 esse
917 1684 1150 1749 dicatur,
1184 1698 1404 1739 necesse
1433 1692 1516 1738 est
1541 1695 1598 1737 ut
1629 1684 1674 1738 si
1719 1685 1836 1738 sine

232 1789 412 1834 matre
448 1779 516 1834 ibi
549 1779 778 1848 intelligi
817 1786 989 1847 potest
1032 1780 1222 1833 eodem
1255 1779 1414 1832 modo
1446 1794 1552 1846 quo
1581 1779 1698 1833 sine
1721 1794 1835 1832 ma-

1943 597 2062 666 quit
2079 595 2391 660 Apostolus,
2413 597 2526 649 sine
2543 605 2714 664 patre,
2731 597 2841 650 sine
2859 606 3047 666 matre,
3067 597 3178 652 sine
3195 596 3523 668 geneaIOgia.

2536 699 2764 756 CAPUT
2802 703 2918 758 XV.

1940 784 2208 851 Quomodo
2242 787 2477 842 Christus
2501 790 2949 912 sinedgenealogia
2975 798 3038 849 ab
3069 797 3316 869 Apostolo
3361 802 3524 871 fuisse

2642 873 2831 912 tcutnr.

2642 873 2831 916 tcutur.

2009 948 2291 1014 Quomodo
2333 951 2451 1006 sine
2473 954 2784 1024 genenlogia
2815 955 3100 1013 Dominum
3156 961 3318 1017 fuisse
3367 964 3520 1027 dicit,

1937 1051 2056 1090 cum
2111 1039 2459 1108 Evangelium
2511 1043 2746 1099 Matthzei
2776 1047 3130 1117 evangelista:
3151 1066 3179 1104 a
3211 1058 3523 1124 genealogia

1937 1132 2162 1194 coeperit
2199 1131 2518 1193 Salvatoris.
2570 1134 2794 1192 dicens:
2839 1137 2991 1192 Liber
3017 1145 3356 1212 generationis
3398 1145 3524 1199 Jesu

1941 1220 2152 1287 Christi,
2179 1223 2278 1289 ﬁlii
2305 1224 2488 1291 David,
2516 1228 2613 1295 ﬁlii
2636 1230 2930 1286 Abraham?
2955 1235 3094 1304 Ergo
3117 1244 3169 1289 et
3179 1237 3336 1305 juxta
3364 1253 3525 1292 evan-

1938 1313 2187 1383 gelistam
2245 1317 2407 1372 habet
2449 1321 2840 1392 genealogiam,
2901 1335 2953 1379 et
3002 1326 3153 1395 juxta
3204 1331 3522 1398 Apostolum

1940 1420 2044 1459 non
2080 1407 2241 1462 habet
2271 1426 2281 1460 :
2316 1411 2438 1478 quia
2467 1411 2619 1479 juxta
2650 1413 3000 1484 Evangelium
3023 1433 3089 1472 ex
3122 1431 3295 1473 matre
3340 1423 3520 1486 habet,

1932 1497 2084 1567 juxta
2114 1501 2433 1567 Apostolum
2462 1517 2526 1556 ex
2575 1515 2724 1572 patre
2767 1521 2872 1561 non
2918 1507 3102 1563 habet.
3137 1511 3205 1564 Et
3236 1513 3356 1567 ideo
3391 1514 3525 1568 bene

1939 1592 2229 1658 Apostolus
2255 1593 2460 1656 dicens,
2504 1595 2632 1650 Sine
2661 1609 2826 1666 patre,
2859 1601 2969 1654 sine
2999 1610 3178 1671 matre,
3213 1605 3322 1660 sine
3342 1624 3526 1674 ganea-

1940 1681 2116 1753 logia;
2143 1684 2230 1738 ubi
2259 1701 2380 1740 eum
2407 1687 2524 1742 sine
2556 1692 2995 1761 matregenitum
3028 1709 3147 1750 esse
3204 1700 3402 1766 posuit,
3453 1702 3523 1755 ibi

1941 1774 2103 1828 etiam
2131 1776 2250 1832 sine
2281 1779 2593 1850 genealogia
2623 1795 2743 1836 esse
2802 1788 3138 1842 memoravit.
3195 1788 3272 1845 Ac
3300 1806 3394 1859 per
3424 1791 3526 1846 hoc

234 1881 319 1926 tre
351 1885 476 1925 esse
506 1870 578 1923 ibi
603 1871 942 1942 intelligitur,
976 1871 1139 1924 etiam
1162 1871 1281 1925 sine
1313 1880 1465 1938 patre
1495 1883 1618 1925 esse
1642 1869 1834 1925 creda-
1862 1851 1909 1910 Β
1937 1865 1990 1919 in
2041 1875 2268 1937 utraque
2319 1871 2530 1925 Domini
2587 1874 2891 1941 nativitate,
2920 1887 2974 1932 et
3005 1851 3313 1950 evangelica
3338 1884 3437 1938 sibi
3469 1895 3524 1939 et

232 1976 342 2018 tur.
365 1963 472 2018 Sed
496 1963 601 2018 hoc
627 1971 895 2033 praerupta
926 1962 1013 2017 illa
1032 1961 1097 2016 ad
1117 1962 1420 2032 negandum
1443 1961 1830 2018 Deuminsania

229 2069 345 2109 non
371 2053 638 2108 intellexit
662 2069 677 2118 ;
711 2069 832 2122 qua:
861 2068 981 2108 cum
1003 2052 1055 2107 id
1089 2062 1390 2108 truncatum
1412 2061 1662 2122 poneret,
1688 2049 1828 2121 quod

228 2150 506 2215 integrum
537 2145 796 2214 scriptum
829 2154 929 2210 est,
957 2160 1064 2198 non
1088 2144 1219 2198 vidit
1243 2155 1479 2198 reserata
1510 2144 1653 2199 sacri
1675 2143 1831 2198 volu-

227 2241 398 2295 minis
427 2240 571 2294 serie
594 2238 844 2307 redargui
869 2237 1153 2308 impudens
1178 2248 1339 2309 atque
1369 2248 1619 2307 apertum
1669 2252 1830 2306 posse

224 2330 602 2386 mendacium.
662 2328 705 2384 Ο
752 2329 912 2384 stulta
947 2329 1279 2398 blaSphemia
1311 2339 1364 2384 et
1395 2329 1668 2384 amentia!
1709 2344 1830 2398 qua:

221 2424 361 2477 dum
388 2423 503 2491 ipsa
545 2436 651 2476 non
681 2420 828 2476 videt
880 2421 1005 2490 quid
1054 2421 1207 2490 sequi
1254 2421 1468 2487 debeat,
1501 2421 1660 2475 etiam
1695 2420 1829 2475 illud

224 2533 342 2572 non
373 2517 555 2586 sapuit
584 2515 710 2585 quid
744 2513 850 2584 legi
881 2514 1082 2582 possit;
1127 2515 1278 2584 quasi
1311 2529 1441 2569 vero
1469 2513 1588 2582 quia
1623 2523 1647 2549 ἰ
1675 2514 1828 2568 aule-

221 2610 391 2664 rebat
434 2608 540 2662 sibi
582 2607 1018 2677 intelligentiam,
1078 2606 1293 2660 auferre
1341 2613 1523 2674 posset
1578 2605 1829 2661 omnibus

223 2700 559 2760 lectionem;
591 2709 679 2752 aut
723 2699 843 2753 ideo
891 2697 1148 2766 perdituri
1182 2713 1373 2752 omnes
1418 2697 1484 2752 ad
1538 2697 1826 2768 legendum

221 2791 425 2845 oculos
448 2789 640 2858 capitis
662 2789 742 2843 sui
772 2799 977 2853 essent,
1005 2790 1131 2858 quia
1157 2791 1270 2856 ipse
1287 2789 1396 2857 jam
1425 2789 1618 2842 mentis
1639 2789 1826 2844 oculos

220 2881 585 2953 perdidisset.
615 2879 754 2935 Audi
795 2895 943 2949 ergo,
988 2880 1259 2947 lueretice,
1303 2881 1446 2950 quod
1478 2879 1685 2935 furatus
1726 2896 1826 2943 es;

217 2974 360 3029 audi
395 2974 555 3042 plena
587 2985 637 3028 et
670 2976 899 3043 integra,
951 2989 1070 3043 quae
1117 2974 1316 3027 debilia
1349 2988 1412 3027 ac
1461 2982 1704 3028 truncata
1735 2988 1828 3042 po-

216 3065 416 3120 suis-ti.
452 3065 741 3132 Apostolus
765 3065 1030 3133 duplicem
1065 3065 1156 3119 Dei
1182 3065 1523 3120 nativitatem
1551 3065 1827 3120 insinuare

217 3157 488 3212 omnibus
511 3157 755 3226 cupiens,
790 3166 848 3211 ut
875 3165 932 3211 et
980 3156 1030 3210 in
1071 3156 1280 3211 Deitaze
1305 3165 1490 3210 natum
1536 3156 1824 3210 Dominum

1935 1958 2236 2025 apostolica
2289 1960 2448 2015 simul
2486 1964 2684 2032 scripta
2719 1969 3073 2023 conveniunt.
3123 1971 3258 2037 Quia
3293 1982 3346 2028 et
3369 1974 3521 2044 juxta

1935 2051 2317 2119 evangelistam
2351 2051 2512 2109 habet
2541 2055 2914 2125 genealogiam
2947 2060 3064 2114 sine
3089 2073 3245 2130 patre
3275 2064 3327 2118 in
3359 2080 3524 2120 carne

1935 2151 2129 2206 natus;
2159 2152 2213 2197 et
2261 2145 2411 2212 juxta
2459 2145 2778 2214 Apostolum
2809 2163 2913 2201 non
2946 2148 3127 2216 habet,
3181 2154 3300 2208 sine
3350 2166 3524 2210 matre

1935 2231 2197 2287 Dominus
2223 2235 2273 2288 in
2295 2235 2502 2291 Deitate
2525 2247 2832 2307 generatus,
2859 2240 2994 2295 Isaia
3017 2243 3231 2299 dicente
3259 2263 3270 2297 :
3302 2244 3328 2284 δ
3358 2246 3523 2303 Cenc-

1931 2323 2182 2378 rationem
2212 2337 2379 2379 autent
2417 2329 2527 2396 ejus
2554 2329 2664 2395 quis
2691 2332 2953 2384 enarrabit
2980 2331 3082 2404 (Is.
3114 2333 3231 2406 thl‘)
3263 2337 3286 2389 ἲ

2530 2440 2756 2497 CAPUT
2798 2443 2934 2499 XVI.

1932 2528 2016 2582 Ad
2038 2531 2486 2605 Ainstandcemonis
2528 2533 2788 2588 Christum
2817 2539 3080 2605 tentantis,
3114 2544 3332 2595 ostendit
3361 2546 3523 2600 lucre-

2008 2602 2136 2655 ticos
2194 2601 2521 2672 Scripturam
2563 2621 2761 2658 sacram
2810 2617 3048 2663 truncare
3071 2601 3125 2663 et
3146 2625 3450 2681 pervertere.

2006 2694 2115 2748 Cur
2139 2710 2285 2764 ergo,
2332 2694 2607 2762 hrrretice,
2638 2713 2743 2751 non
2777 2699 2878 2754 hoc
2925 2701 3087 2755 modo
3137 2719 3257 2772 quae
3314 2706 3524 2775 legeras

1935 2784 2142 2854 integra
2173 2796 2226 2840 et
2250 2787 2554 2856 incorrupta
2584 2789 2858 2858 posuisti?
2891 2789 3050 2843 Vides
3076 2793 3255 2861 itaque
3284 2797 3522 2862 Aposto-

1932 2874 2041 2928 lum
2070 2875 2170 2929 hac
2220 2876 2431 2930 ratione
2482 2892 2583 2946 qua
2636 2889 2818 2931 natum
2873 2880 3161 2934 Dominum
3208 2883 3324 2937 sine
3372 2895 3521 2953 patre

1935 2967 2136 3035 posuit,
2169 2967 2447 3021 hacctiam
2495 2968 2612 3023 sine
2641 2979 2814 3023 matre
2868 2972 3151 3040 posuisse;
3211 2984 3267 3026 ut
3315 2984 3370 3028 et
3417 2993 3520 3046 qua

1938 3059 2146 3113 ratione
2169 3059 2556 3128 intelligeretur
2575 3075 2698 3115 esse
2727 3061 2844 3116 sine
2872 3071 3043 3130 patre,
3078 3064 3176 3118 hac
3204 3077 3521 3123 nosceretur

1936 3167 2057 3206 esse
2084 3155 2202 3207 sine
2234 3163 2425 3207 matre.
2459 3154 2525 3207 Et
2553 3154 2693 3207 sicut
2725 3170 2830 3208 non
2864 3159 3030 3223 possit
3057 3159 3246 3228 utique
3275 3161 3393 3214 sine
3424 3177 3519 3230 pa-

217 3261 274 3304 et
331 3247 389 3302 in
419 3223 963 3312 carne—monstraret,
997 3246 1093 3311 ait,
1129 3245 1255 3302 Sine
1287 3253 1451 3315 patre.
1483 3246 1593 3300 sine
1621 3256 1825 3310 matre;
1856 3223 1901 3286 (ἶ
1934 3255 2013 3300 tre
2034 3248 2208 3310 credi,
2242 3249 2311 3301 ita
2343 3248 2462 3301 sine
2493 3256 2663 3302 matre
2693 3263 2907 3318 quoque
2932 3265 3036 3303 non
3068 3223 3239 3319 pos—sit
3269 3223 3517 3324 intelligi.

219 3343 470 3395 alterum
521 3339 664 3394 enim
732 3337 1008 3407 proprium
1062 3347 1146 3392 est
1193 3336 1495 3391 divinitatis
1539 3337 1824 3402 nativitati,

218 3432 467 3485 alterum
508 3429 707 3484 carnis.
741 3428 876 3494 Quia
906 3430 1045 3483 sicut
1073 3427 1127 3482 in
1163 3428 1374 3482 Deitate
1401 3435 1484 3482 cst
1509 3428 1627 3482 sine
1655 3437 1828 3483 matre

222 3531 548 3592 generatus,
578 3523 648 3575 ita
677 3522 730 3576 in
763 3535 991 3591 corpore
1021 3530 1105 3576 est
1134 3521 1254 3576 sine
1285 3532 1436 3591 patre
1466 3541 1477 3574 :
1512 3538 1574 3576 ac
1601 3524 1679 3576 sic
1704 3537 1826 3577 cum

227 3630 336 3671 nec
380 3614 500 3670 sine
543 3625 713 3684 patre,
763 3628 863 3668 nec
891 3613 1013 3676 sine
1047 3621 1218 3667 matre
1269 3613 1359 3680 sit,
1417 3621 1472 3668 et
1527 3613 1648 3668 sine
1677 3623 1828 3683 patre

229 3718 419 3760 tamen
462 3715 515 3760 et
543 3706 659 3760 siue
705 3717 877 3760 matre
904 3704 1206 3761 credendus
1235 3714 1339 3760 est.
1373 3704 1507 3770 Quia
1536 3704 1582 3759 si
1607 3705 1732 3759 dum
1759 3721 1824 3760 ex

227 3807 392 3866 patre
428 3796 687 3861 nascitur,
718 3796 966 3861 respicis,
999 3796 1117 3850 sine
1148 3806 1320 3850 matre
1345 3811 1496 3862 esse;
1531 3798 1573 3850 si
1602 3797 1726 3851 dum
1759 3813 1826 3852 ex

233 3896 436 3955 matre,
472 3888 588 3941 sine
618 3898 788 3956 patre.
822 3887 899 3939 Ac
946 3885 1022 3940 sic
1074 3886 1126 3941 in
1180 3887 1406 3957 singulis
1461 3888 1827 3944 nativitatibus

233 3981 475 4034 alterum
507 3978 730 4042 habens,
774 3977 1001 4032 alterum
1057 3978 1108 4032 in
1156 3989 1384 4048 utroque
1437 3994 1542 4033 non
1597 3978 1824 4044 lubuit;

235 4071 362 4140 quia
395 4085 496 4125 nec
525 4069 820 4125 divinitatis
849 4069 1100 4123 nativitas
1123 4077 1294 4124 matre
1315 4070 1485 4139 eguit,
1519 4077 1573 4124 et
1596 4069 1659 4123 ad
1685 4073 1828 4126 nati-

1931 3339 2040 3394 Cur
2071 3355 2221 3408 ergo,
2255 3339 2529 3404 haeretice,
2564 3355 2669 3393 non
2711 3340 2814 3394 hoc
2843 3342 3003 3395 modo
3030 3358 3148 3412 qua:
3177 3343 3228 3397 in
3258 3346 3520 3414 Apostolo

1934 3432 2141 3501 legeras
2166 3430 2454 3484 incolumia
2477 3440 2530 3485 et
2550 3430 2802 3485 inviolata
2827 3432 3052 3500 posuisti
3077 3433 3100 3486 ἲ
3129 3434 3222 3488 sed
3257 3445 3278 3473 ο
3313 3447 3518 3503 partem

1931 3522 2156 3593 ingeris,
2187 3533 2389 3590 partem
2413 3521 2716 3583 subtrahis;
2753 3529 2807 3575 et
2833 3535 2882 3576 ut
2918 3533 3169 3578 astruere
3230 3524 3517 3579 falsitatem

1934 3632 2030 3686 per
2058 3616 2234 3670 scelus
2281 3615 2483 3684 possis,
2532 3614 2776 3668 veritatis
2825 3617 2993 3670 verba
3029 3615 3245 3671 iuraris.
3281 3617 3448 3672 Video
3490 3635 3518 3672 a

1930 3721 2039 3776 quo
2059 3706 2248 3760 doctus
2266 3719 2343 3758 es.
2369 3704 2520 3758 Illius
2551 3704 2692 3758 enim
2721 3704 2918 3759 habere
2941 3705 3245 3760 credendus
3274 3723 3331 3760 es
3352 3708 3517 3762 insti-

1932 3799 2217 3859 tutionem,
2235 3797 2386 3864 cujus
2401 3796 2644 3864 sequeris
2658 3796 2987 3864 exemplum.
3008 3797 3252 3852 Sicenim
3270 3799 3518 3855 diabolus

1932 3888 1984 3942 in
2008 3887 2302 3955 Evangelio
2331 3895 2547 3940 tentans
2579 3887 2765 3939 Deum:
2786 3887 2845 3942 Si
2869 3885 3063 3952 Filius,
3093 3890 3284 3959 inquit,
3313 3890 3409 3946 Dei
3441 3912 3514 3954 es.

1932 3982 2138 4032 mittete
2154 3979 2410 4031 deorsum.
2470 3977 2735 4044 Scriptum
2761 3987 2832 4030 est
2859 3980 2992 4032 enim
3020 3981 3142 4043 quia
3171 3987 3370 4051 angelis
3409 3989 3518 4039 suis

1931 4070 2191 4123 mandavit
2213 4069 2276 4121 de
2289 4077 2357 4133 te,
2377 4078 2430 4121 ut
2449 4069 2736 4123 custodiant
2757 4077 2804 4123 te
2826 4068 2878 4122 in
2893 4070 3125 4126 euntibus
3140 4073 3230 4126 viis
3245 4074 3346 4129 tuis
3364 4075 3515 4144 (Luc.

1299 4186 1555 4242 ALARDI
1597 4188 1829 4244 ΟΑΖᾸΞΙ
1868 4185 2437 4245 COMMENTARIUS.

313 4293 339 4319 ⁸
383 4281 439 4335 Id
467 4289 563 4340 est,
600 4279 814 4332 nolebat
847 4278 1146 4346 intelligere
1185 4278 1323 4346 quod
1352 4279 1583 4345 legebat.
1621 4279 1694 4330 De
1723 4293 1828 4342 qua

241 4355 526 4408 Psaltnista
555 4369 568 4402 :
607 4348 785 4402 Noluit
826 4349 1126 4418 intelligere,
1160 4360 1210 4400 ut
1242 4349 1363 4401 bene
1393 4358 1586 4419 ageret.
1623 4350 1697 4403 llo
1728 4351 1830 4404 Ne-

240 4427 414 4478 storio
447 4421 683 4490 proprie,
719 4428 777 4471 ttt
819 4421 963 4490 bene,
985 4420 1209 4490 sentiret
1234 4427 1286 4470 et
1319 4419 1645 4486 loqueretur.

313 4494 340 4532 ι)
383 4488 512 4546 llam
551 4488 721 4542 verba
749 4488 903 4541 Isaiae
935 4488 1000 4540 de
1051 4489 1228 4541 divina
1278 4498 1332 4542 et
1377 4499 1575 4543 aeterna
1627 4488 1828 4545 Christi

242 4564 600 4634 generatione
641 4577 667 4611 a
718 4560 873 4634 Patre
924 4559 1307 4634 interpretatur
1337 4561 1609 4634 ﬁliam-0.
1637 4561 1831 4634 Hiero-

249 4627 441 4700 itymus
468 4632 716 4685 SL'ribt‘llS
747 4633 796 4682 in
822 4644 941 4696 cap.
973 4645 986 4681 ι
1019 4629 1246 4681 Μαιηκεί
1275 4647 1286 4681 :
1325 4627 1388 4681 In
1423 4628 1604 4700 Isaia,
1635 4631 1824 4700 inquit,

1934 4280 2005 4331 tio
2033 4295 2094 4330 ea:
2140 4276 2372 4348 Virgine.
2406 4276 2524 4342 ipse
2554 4275 2715 4329 etiam
2747 4276 2982 4348 Hierony
3009 4298 3017 4308 ·
3045 4295 3104 4330 us
3150 4281 3199 4332 in
3231 4279 3519 4340 Commei-

1933 4349 2087 4423 tariis
2121 4346 2266 4423 Isaia:
2292 4350 2485 4423 tatetur
2511 4348 2698 4423 eadem
2726 4346 3208 4423 verba__dupli_cite_r
3252 4354 3471 4423 intelligi
3501 4400 3512 4410 .

1931 4430 2022 4472 aut
2053 4421 2114 4471 de
2143 4417 2432 4489 divinitate,
2464 4426 2551 4468 aut
2598 4417 2659 4468 de
2689 4426 2848 4489 partu
2867 4416 3124 4489 ‘Virginis.
3162 4416 3518 4488 ApertiSSI'me

1935 4506 2064 4542 Vero
2092 4490 2154 4542 D.
2189 4487 2296 4540 Leo
2327 4501 2579 4539 sermone
2607 4489 2640 4541 5
2668 4488 2732 4540 de
2759 4486 3081 4543 Nativitate:
3117 4486 3234 4542 Non
3255 4493 3409 4547 cnim.
3441 4501 3514 4548 in-

1932 4560 2066 4631 quit,
2109 4557 2178 4610 ad
2221 4556 2354 4631 illud
2395 4558 2758 4631 tantummodo
2786 4571 3314 4631 sacramentum,rquo
3347 4560 3517 4619 Filius

1935 4629 2029 4682 Dei
2059 4629 2492 4697 consempitcrnus
2515 4639 2588 4680 est
2611 4626 2777 4694 Patri,
2811 4628 2903 4681 sed
2924 4631 3075 4682 etiam
3097 4633 3164 4682 ad
3184 4626 3320 4684 hunc
3347 4645 3518 4688 ortum

247 4688 463 4776 legimus
488 4719 505 4755 :
533 4688 923 4776 Generationem
953 4701 1204 4776 eiusquis
1223 4701 1528 4751 (narrabit?
1557 4688 1678 4776 on
1709 4688 1828 4772 ergo
1859 4688 1908 4747 Ι)
1933 4715 2032 4776 quo
2067 4697 2234 4750 Verba
2258 4688 2431 4776 lipara
2466 4706 2654 4776 factum
2681 4688 2775 4761 est,
2806 4701 3058 4776 credimus
3078 4702 3350 4776 pertinere.
3382 4711 3519 4772 quod

249 4768 478 4841 putemus
524 4771 884 4838 evangelistam
930 4768 1186 4841 prophetia
1228 4786 1333 4821 esse
1377 4771 1730 4834 contrarium,
1765 4768 1830 4824 ἰιι

248 4838 377 4913 quod
407 4847 500 4898 ille
527 4842 841 4912 impossibile
855 4841 989 4913 dixit
1015 4838 1194 4913 e/fatn,
1232 4841 1321 4913 hic,
1346 4857 1556 4893 narrare
1575 4841 1785 4910 incipiat
1810 4859 1829 4906 ;

248 4910 363 4983 quia
384 4918 455 4969 ibi
478 4918 542 4968 de
581 4910 910 4982 generatione
936 4910 1352 4983 divinitatis,_hic
1377 4913 1440 4961 de
1479 4913 1831 4983 incarnatione

251 4979 320 5038 est
344 4991 563 5040 dictum.
582 4979 632 5036 Ἀ
659 4983 907 5035 Matth-.80
933 4981 1156 5041 scilint,
1183 4979 1272 5047 qui
1295 4996 1448 5032 suum
1477 4981 1829 5048 Evangelium

252 5061 322 5108 εἰς
353 5071 585 5110 exorsus
613 5064 695 5104 est
724 5069 736 5103 :
765 5050 912 5103 Liber
939 5051 1285 5119 generationis
1328 5049 1455 5102 Jesn
1504 5050 1692 5103 Christi
1733 5051 1831 5118 ﬁlii

258 5127 416 5180 Durid
467 5126 687 5193 (.llattlt.
721 5127 812 5193 ι),
845 5131 951 5174 etc.
1003 5120 1201 5173 Verum
1245 5121 1330 5173 alii
1379 5121 1558 5193 Patres
1583 5122 1831 5174 eumdem

257 5202 423 5250 locum
451 5191 612 5248 etiam
670 5197 735 5245 de
794 5192 1020 5244 humana
1049 5200 1102 5243 et
1152 5191 1434 5255 temporali
1489 5194 1836 5259 generatiOne

257 5281 303 5318 et
329 5269 607 5320 ttatiViL'ttc
631 5263 828 5315 Christi
875 5276 937 5313 ex
983 5260 1199 5328 Virgine
1227 5271 1520 5328 exponunt.
1552 5260 1838 5316 Tertullia-

257 5353 350 5390 nos
386 5340 479 5391 lib.
517 5337 778 5387 adversus
817 5331 1029 5385 .ludazos
1059 5346 1177 5398 cap.
1237 5329 1320 5391 15,
1355 5330 1588 5400 Cyrillus
1635 5331 1672 5384 l.
1703 5347 1735 5384 v
1783 5334 1836 5384 in

256 5407 507 5460 Joannem
554 5421 605 5457 c.
638 5407 692 5469 ‘2,
723 5404 1139 5468 Chrysostomus
1174 5401 1391 5454 homilia
1433 5402 1500 5454 de
1539 5403 1596 5454 S.
1627 5401 1836 5456 Joanne

255 5479 506 5544 Baptista.
559 5475 893 5544 Ambrosius
928 5472 1021 5525 lib.
1078 5486 1094 5523 ι
1125 5473 1190 5526 de
1222 5470 1371 5534 Fide,
1406 5473 1470 5524 ad
1495 5471 1834 5544 Gratianum,

252 5563 302 5598 c.
333 5543 384 5605 5.
411 5549 526 5613 ubi,
550 5561 670 5599 cum
695 5548 844 5613 prius
867 5543 934 5613 de
965 5551 1164 5594 aeterna
1194 5544 1540 5609 generatiove
1563 5543 1829 5595 dixi-set:

257 5617 380 5670 .llihi
406 5611 614 5686 quidem
644 5611 954 5682 impossibile
987 5621 1076 5686 “est
1121 5614 1461 5683 generationis
1491 5613 1622 5665 scire
1669 5628 1834 5686 secre-

253 5699 389 5741 tam:
420 5683 572 5739 mens
611 5686 811 5750 deficit,
834 5699 929 5734 vox
954 5683 1090 5745 silet,
1124 5699 1224 5733 non
1255 5698 1364 5733 mea
1395 5693 1610 5740 tantum,
1669 5685 1757 5734 sed
1786 5692 1834 5735 et

248 5765 541 5824 angelorum
563 5795 578 5818 ,
611 5754 790 5809 subdit
826 5752 1049 5806 inferius
1076 5767 1090 5805 ε
1125 5750 1245 5824 Non
1275 5753 1388 5805 sola
1411 5754 1731 5806 ad'nirabilis
1771 5769 1833 5805 ea:

253 5823 400 5883 Patre
429 5827 690 5902 generatio
712 5824 928 5881 Christi.
959 5823 1275 5876 adntiral'ilis
1305 5826 1450 5875 etiam
1489 5827 1598 5894 ejus
1621 5839 1831 5896 genera-

527 5923 804 5984 Ps'rnoL.
854 5917 922 5977 L.

1933 4772 2126 4822 dictum
2151 4777 2224 4850 est
2249 4767 2681 4850 :nCi’iierritioncnt
2707 4773 2816 4850 ejus
2846 4772 2958 4850 quis
2981 4771 3232 4850 cnarrabit
3257 4775 3282 4825 ?
3311 4773 3374 4827 Et
3394 4767 3517 4829 ser-

1934 4853 2095 4893 mone
2124 4840 2188 4890 10
2214 4855 2225 4888 :
2259 4837 2542 4891 Saluatoris
2576 4837 2733 4890 nostri
2757 4840 2879 4892 natit
2899 4842 2994 4892 itas
3023 4857 3122 4893 non
3151 4842 3315 4894 solum
3338 4860 3520 4897 secun-

1935 4912 2058 4962 dum
2089 4908 2334 4960 Deitatem
2366 4909 2428 4959 de
2478 4906 2654 4970 Patre,
2695 4911 2782 4960 sed
2811 4912 2961 4961 etiam
3003 4912 3284 4963 secundum
3314 4929 3517 4969 carnem

1936 4980 2000 5033 de
2026 4988 2217 5052 matre,
2267 4979 2339 5028 ita
2392 4976 2692 5042 facultatem
2731 4978 2948 5052 humani
2975 4983 3168 5034 excedit
3221 4981 3430 5052 eloquii,
3466 4995 3520 5038 nt

1936 5051 2122 5103 merito
2151 5049 2217 5100 ad
2245 5059 2514 5115 utrumque
2539 5052 2790 5116 referatur
2814 5050 2949 5114 quod
2988 5052 3182 5103 dictum
3226 5049 3323 5117 est,
3350 5051 3518 5108 Gene-

1936 5121 2185 5173 rationem
2213 5119 2323 5184 ejus
2351 5121 2462 5186 quis
2489 5118 2788 5171 enarrabit?
2812 5129 2914 5172 etc.
2952 5119 3014 5173 D.
3049 5120 3281 5174 Thomas
3309 5133 3518 5178 utrnnt-

1938 5189 2393 5261 que_sen'enti.im
2419 5189 2699 5261 explicans
2722 5198 2773 5261 et
2795 5190 3084 5261 concilians
3110 5193 3165 5258 (5
3194 5209 3265 5257 ιλ,
3292 5213 3340 5261 q.
3362 5193 3514 5260 5l,a,

2038 5259 2346 5334 Dicendum,
2363 5258 2696 5334 ὶιιμιιιίμηιιρά
2707 5260 2852 5334 ,sicut
2871 5261 2992 5312 dicit
3008 5259 3056 5311 ll
3064 5258 3356 5334 ieronymus
3367 5258 3520 5334 super

1943 5331 2252 5402 Matt/tantm
2271 5370 2283 5392 ,
2316 5327 2484 5381 Isaias
2515 5330 2741 5398 loquitur
2767 5329 2828 5381 de
2855 5331 3181 5402 generatione
3210 5327 3518 5402 divinitalis,

1941 5401 2217 5454 Mattheus
2239 5410 2406 5451 autem
2434 5413 2636 5451 enarrat
2650 5403 3021 5470 generationem
3041 5401 3230 5453 Christi
3243 5401 3520 5461 secundant

1942 5471 2314 5524 humanitatem
2341 5485 2357 5520 :
2389 5486 2487 5522 non
2515 5469 2717 5540 quidem
2739 5469 3004 5540 explicans
3033 5473 3240 5524 modum
3273 5473 3521 5530 lncarna-

1941 5542 2118 5598 tionis.
2143 5541 2260 5613 quin
2286 5540 2551 5613 hocnetiam
2580 5551 2652 5592 est
2684 5539 2959 5613 ine/Tubilc,
2985 5541 3075 5594 sed
3099 5559 3401 5599 enumerans
3422 5565 3519 5613 pa-

1943 5619 2043 5663 tres
2065 5626 2128 5662 ea:
2153 5611 2334 5681 quibus
2364 5609 2597 5663 Christus
2635 5610 2916 5663 secundum
2957 5628 3163 5666 carnem
3205 5609 3471 5681 processit.

2018 5693 2038 5718 ε
2073 5681 2150 5734 De
2188 5680 2285 5733 hac
2319 5682 2690 5734 haereticorum
2725 5681 2984 5749 pravitate
3029 5685 3078 5736 in
3128 5680 3438 5744 trunCandis
3465 5698 3518 5750 et

1944 5749 2307 5807 dilacerandis
2336 5751 2632 5821 Scriptnris
2665 5755 2910 5819 superius
2935 5755 3135 5809 dictum
3169 5767 3269 5810 est.

2964 5915 3004 5978 8
