4016 6192
211 451 313 509 237

1217 442 1309 499 DE
1350 440 1863 499 lNCARNATlONE
1901 439 2177 497 CHRISTI
2214 438 2343 496 LIB.
2386 442 2495 498 Vll.

3405 444 3512 502 238

214 564 466 629 vcnisse,
524 562 619 619 sed
677 560 840 617 etiam
904 560 1074 616 virtus
1123 558 1389 615 Altissimi
1453 558 1817 618 obumbrasse
1844 558 1899 619 A
1926 557 2207 629 templum,
2251 567 2306 614 et
2346 560 2485 628 quod
2516 575 2544 613 a
2584 560 2789 629 Spiritu
2820 559 3067 617 elevatus
3098 560 3173 616 sit
3203 559 3257 617 in
3284 561 3507 630 caelum,

213 656 503 726 Virginem
537 654 771 725 legitur;
807 662 864 707 ut
904 652 1027 723 quia
1065 651 1336 720 sapientia
1379 649 1493 720 ipsa
1537 647 1817 720 plenitudo

209 749 531 805 Divinitatis
586 758 692 812 est,
749 746 1045 817 Sapientia:
1092 747 1197 801 sibi
1251 746 1475 800 domum
1528 744 1816 800 aedificanti

207 858 430 896 omnem
490 839 798 895 divinitatis
853 838 1243 909 plenitudinem
1297 852 1459 893 nemo
1513 837 1818 907 ambigeret

204 934 456 990 sll'uissc.
485 932 595 989 Sed
626 931 813 987 infelix
849 930 1260 1000 hlasphemandi
1282 931 1544 998 amentia,
1572 928 1699 983 dum
1731 943 1817 984 se-

205 1042 407 1099 parare
452 1025 734 1081 Christum
776 1040 807 1079 a
848 1023 986 1080 Filio
1031 1025 1125 1080 Dei
1164 1025 1383 1089 nititur,
1424 1040 1531 1079 non
1574 1022 1718 1079 videt
1756 1036 1817 1078 se

205 1122 380 1190 ipsam
407 1135 441 1172 a
464 1135 524 1174 se
550 1118 859 1172 Divinitatis
885 1120 1103 1188 penitus
1126 1132 1383 1187 separare
1406 1129 1677 1173 naturam.
1701 1118 1814 1173 Nisi

206 1212 351 1266 forte
387 1210 568 1265 credit
606 1209 751 1280 quod
797 1209 921 1264 ideo
951 1209 1218 1263 tedificata
1248 1210 1296 1263 ei
1324 1225 1355 1263 a
1388 1209 1594 1278 Spiritu
1625 1217 1815 1263 sancto

203 1304 405 1357 domus
456 1302 551 1369 sit,
602 1302 731 1371 quia
779 1301 1009 1356 idoneus
1056 1316 1121 1354 ac
1160 1308 1352 1370 potens
1394 1300 1669 1357 aedificare
1710 1301 1814 1356 sibi

205 1400 431 1449 domum
465 1394 583 1463 ipse
611 1410 718 1449 non
748 1393 931 1449 fuerit.
967 1393 1075 1450 Sed
1103 1393 1207 1449 hoc
1233 1410 1394 1464 quam
1424 1397 1673 1449 insanum
1706 1404 1809 1459 est,

207 1496 317 1540 tam
361 1486 695 1551 ridiculum;
743 1488 926 1557 utqui
973 1495 1107 1541 nutu
1149 1501 1361 1541 omnem
1399 1487 1704 1542 ctelestium
1748 1501 1815 1542 ac

205 1579 559 1633 terrestrium
590 1579 1004 1634 universitatem
1028 1594 1245 1634 creasse
1266 1578 1522 1646 creditur,
1539 1579 1814 1634 adiﬁcare

205 1671 312 1725 sibi
357 1685 566 1740 corpus
606 1687 711 1725 non
757 1672 997 1740 potuisse
1030 1670 1321 1725 credatur?
1350 1672 1653 1740 praesertim
1685 1685 1811 1728 cum

203 1766 383 1819 virtus
412 1764 591 1818 sancti
630 1763 867 1833 Spiritus
904 1763 1077 1817 virtus
1106 1764 1225 1832 ejus
1256 1763 1352 1817 sit:
1396 1772 1451 1819 et
1492 1772 1516 1801 ι
1558 1764 1630 1818 ita
1662 1763 1812 1821 unita

204 1857 313 1912 sibi
357 1865 527 1925 atque
565 1855 947 1925 inseparabilis
978 1854 1234 1909 divinitas
1273 1855 1346 1909 sit
1397 1854 1682 1911 Trinitatis
1731 1864 1813 1911 at-

202 1964 315 2017 que
351 1946 635 2016 maiestas,
668 1956 726 2000 ut
757 1945 892 2000 nihil
922 1944 1150 2001 omnino
1189 1949 1244 2000 in
1288 1961 1391 2000 una
1436 1946 1659 2001 Deitatis
1690 1962 1813 2017 per-

202 2055 347 2096 sona
387 2040 568 2110 possit
610 2038 838 2107 intelligi
880 2037 1021 2107 quod
1064 2052 1093 2091 a
1140 2037 1476 2107 plenitudine
1514 2038 1816 2095 divinitatis

201 2132 390 2186 valeat
422 2128 692 2199 separari.
726 2129 870 2197 Ergo
899 2128 1004 2184 hoc
1031 2129 1207 2198 posito
1233 2138 1293 2183 et
1317 2129 1616 2194 intellecto,
1645 2129 1808 2199 quod,

200 2224 367 2293 juxta
401 2223 567 2277 ﬁdem
599 2220 894 2290 Scriptura:
923 2236 1116 2287 sacras,
1158 2221 1362 2290 Spiritu
1404 2229 1593 2276 sancto
1622 2236 1816 2290 super-

201 2316 492 2381 veniente,
524 2319 581 2367 et
607 2313 803 2367 virtute
830 2312 1098 2368 Altissimi
1122 2312 1505 2380 obumbrante,
1536 2313 1813 2383 Sapientia

202 2408 312 2463 sibi
341 2407 563 2460 domum
592 2405 968 2471 aedificaverit,
1000 2405 1223 2475 reliqua:
1244 2407 1639 2461 calumniarum
1664 2406 1814 2463 blas-

205 2501 456 2570 phemia:
499 2498 630 2552 nihil
673 2509 822 2551 sunt.
861 2496 1051 2567 Neque
1095 2498 1237 2553 enim
1281 2497 1502 2552 dubium
1547 2507 1633 2555 est
1671 2499 1816 2569 quod

204 2595 334 2664 ipse
384 2608 483 2661 per
524 2606 585 2646 se
621 2601 781 2661 atque
818 2590 870 2645 in
911 2605 973 2646 se
1016 2592 1271 2646 universa
1310 2592 1522 2657 fecerit,
1566 2593 1619 2646 in
1662 2593 1817 2663 cujus

204 2686 444 2741 nomine
486 2698 550 2739 ac
596 2684 699 2739 llde
741 2686 905 2739 etiam
952 2684 1289 2738 credentium
1336 2684 1472 2739 ﬁdes
1519 2686 1663 2739 nulla
1706 2702 1814 2741 non

204 2778 417 2848 potuit.
458 2775 644 2845 Neque
683 2776 823 2831 enim
860 2777 954 2831 ille
981 2777 1190 2830 auxilio
1222 2776 1452 2831 alterius
1482 2778 1648 2846 eguit,
1692 2793 1813 2833 cum

201 2886 278 2926 ne
313 2869 399 2923 illi
429 2869 650 2937 quidem
691 2869 962 2939 eguerint,
994 2869 1085 2939 qui
1117 2869 1170 2924 in
1203 2870 1402 2925 virtute
1438 2871 1607 2940 ipsius
1636 2871 1816 2925 credi-

200 2963 440 3018 derunt.
477 2964 649 3029 Atque
676 2960 800 3014 ideo
828 2970 880 3015 et
910 2960 1065 3025 illud,
1095 2961 1237 3031 quod
1264 2961 1366 3026 ais,
1400 2962 1523 3030 quia
1551 2977 1579 3015 a
1611 2962 1814 3031 Spiritu

198 3054 549 3127 justiﬁeatus
580 3053 672 3122 sit,
702 3061 758 3107 et
783 3053 928 3123 quod
957 3054 1308 3108 metuendum
1332 3070 1453 3110 eum
1479 3054 1817 3110 dazmonibus

201 3146 462 3222 Spiritth'
490 3144 696 3213 fetet-it,
724 3156 779 3202 et
802 3147 950 3217 quod
978 3162 1110 3203 csro
1137 3147 1254 3218 ejus
1284 3163 1312 3203 a
1341 3148 1548 3219 Spiritu
1575 3147 1714 3204 facta
1747 3149 1817 3204 sit

1920 651 2183 720 sacrilega
2224 661 2280 706 et
2323 652 2521 705 furiosa
2560 660 2685 705 sunt
2725 652 2904 707 omnia
2948 667 2964 709 :
3011 666 3121 706 non
3162 652 3286 722 quia
3330 653 3383 708 in
3426 652 3512 709 his

1920 744 2172 798 omnibus
2204 759 2323 812 quae
2352 743 2468 812 ipse
2489 742 2616 798 fecit
2643 745 2818 798 unitas
2843 753 2898 798 et
2924 745 3239 814 cooperatio
3269 743 3508 816 Spiritus
3574 771 3589 783 ο

1918 835 2161 891 defuisse
2191 835 2461 891 credenda
2500 835 2592 900 sit,
2624 845 2808 906 utpote
2838 852 2961 891 cum
2992 853 3281 908 numquam
3325 840 3509 894 Deitas

1917 940 1947 979 a
1986 941 2046 981 se
2074 926 2238 992 desit,
2282 935 2337 981 et
2368 927 2419 981 in
2446 925 2704 995 oneribus
2741 927 3039 983 Salvatoris
3079 944 3295 998 semper
3335 930 3507 985 virtus

1918 1016 2083 1072 fuerit
2115 1018 2431 1085 Trinitatis;
2467 1019 2560 1074 sed
2594 1020 2718 1089 quia
2762 1029 2814 1074 tu
2858 1021 3083 1075 Domino
3110 1020 3239 1076 Jesu
3266 1020 3507 1087 Christo,

1919 1108 2072 1179 quasi
2127 1110 2274 1176 inopi
2327 1116 2381 1163 et
2427 1108 2707 1163 imbecillo
2754 1109 3078 1178 Opitulatum
3123 1110 3203 1165 vis
3248 1110 3504 1179 Spiritum

1918 1209 2191 1262 sanctum,
2224 1200 2310 1267 qui
2348 1214 2410 1255 ea
2450 1200 2528 1254 illi
2570 1200 2757 1271 utique
2788 1201 3061 1267 tribuerit,
3093 1217 3216 1271 quas
3243 1211 3503 1272 prtestarc

1917 1293 2020 1348 sibi
2050 1294 2149 1362 ipsi
2176 1308 2283 1348 non
2314 1293 2563 1362 quiverit.
2597 1293 2752 1349 Disce
2780 1294 2959 1364 itaque
2980 1310 3047 1351 ex
3067 1296 3237 1350 sacris
3267 1296 3499 1352 testimo-

1918 1385 2020 1438 niis
2054 1386 2217 1438 Deum
2251 1385 2498 1449 credere,
2530 1394 2583 1439 et
2624 1384 2915 1441 falsitatem
2950 1387 3163 1442 veritati
3201 1403 3303 1441 non
3336 1387 3509 1443 admi-
3584 1448 3589 1451 Α

1917 1488 2095 1537 scere,
2127 1476 2251 1545 quia
2283 1492 2370 1531 res
2397 1491 2503 1530 non
2534 1477 2749 1545 recipit,
2776 1485 2830 1532 et
2855 1479 2992 1533 ratio
3024 1479 3420 1547 perhorrescit,
3448 1488 3509 1533 ut

1918 1567 2116 1623 divinis
2163 1569 2488 1626 testimoniis
2532 1571 2849 1627 daemoniaci
2886 1572 3111 1643 spiritus
3155 1572 3507 1645 intelligentia

1917 1662 2226 1718 misceatur.

2481 1776 2712 1835 CAPUT
2752 1776 2945 1835 XVlll.

1840 1930 1889 1992 Β
1917 1904 2067 1962 Illud
2104 1907 2339 1990 Apostoli
2378 1909 2635 1992 quomodo
2676 1910 3173 1992 intelligendum-sit
3201 1926 3221 1965 :
3251 1911 3507 1982 Apparuit

2138 1979 2192 2033 in
2220 1979 2397 2049 carne,
2413 1981 2732 2051 justiﬁcatus
2758 1979 2905 2036 estin
2934 1982 3156 2054 Spiritu,
3180 1991 3287 2036 etc.

1987 2133 2107 2188 Jam
2152 2133 2389 2203 primum
2427 2134 2571 2190 enim
2619 2134 2722 2190 hoc
2756 2134 2785 2175 δ
2832 2136 2974 2206 quod
3005 2137 3103 2203 ais,
3138 2138 3259 2207 quia
3297 2136 3502 2207 justitia

1916 2225 2209 2293 repleverit
2246 2225 2389 2292 quod
2431 2236 2672 2282 creatum
2711 2236 2825 2294 est;
2866 2241 2918 2283 et
2948 2228 3052 2283 hoc
3083 2228 3396 2298 Apostolico
3425 2230 3506 2286 vis

1916 2317 2232 2372 testimonio
2255 2319 2631 2387 comprobare,
2657 2322 2799 2391 quod
2819 2322 2983 2385 dicet,
3007 2323 3246 2394 apparuit
3260 2324 3310 2375 in
3330 2340 3504 2385 carne.

1911 2413 2232 2484 justi/iratus
2256 2423 2329 2467 est
2361 2414 2413 2467 in
2448 2413 2651 2483 Spiritu
2677 2431 2695 2469 :
2729 2425 3013 2484 utrumque
3041 2416 3231 2471 insano
3262 2432 3424 2472 sensu
3456 2427 3512 2471 et

1919 2502 2127 2559 furioso
2153 2505 2344 2574 spiritu
2378 2506 2634 2575 loqueris.
2666 2507 2802 2574 Quia
2834 2518 2886 2563 et
2916 2507 3019 2563 huc
3049 2509 3191 2574 quod
3232 2525 3261 2562 a
3303 2510 3508 2579 Spiritu

1921 2599 2003 2652 \is
2034 2614 2156 2651 eum
2186 2598 2454 2666 repletum
2489 2614 2612 2654 esse
2638 2599 2872 2669 justitia,
2908 2601 3027 2656 ideo
3056 2602 3212 2670 ponis
3242 2610 3299 2658 ut
3326 2613 3511 2657 osten-

1921 2688 2020 2742 das
2049 2688 2168 2755 ejus
2195 2688 2541 2755 vacuitatem,
2572 2689 2655 2743 cui
2683 2692 2974 2758 prtestitam
3006 2706 3133 2746 esse
3157 2707 3370 2747 asseras
3396 2709 3513 2760 jus—

1922 2780 2054 2834 tilia!
2076 2779 2544 2847 adimpletionem.
2571 2780 2638 2834 Et
2667 2780 2767 2835 hoc
2800 2781 2941 2847 quod
2972 2797 3135 2853 super
3158 2781 3257 2837 hac
3280 2799 3339 2837 re
3366 2784 3512 2853 Apo-

1919 2873 2116 2927 stolico
2148 2873 2457 2927 testimonio
2488 2873 2677 2940 uteris,
2724 2873 2890 2927 divini
2931 2874 3228 2928 testimonii
3262 2875 3508 2930 ordinem

1921 2964 2295 3031 rationemque
2326 2962 2541 3017 iuraris.
2574 2961 2691 3016 Non
2722 2963 2865 3017 enim
2912 2962 2982 3017 ita
3018 2964 3086 3018 ab
3122 2966 3382 3034 Aposmlo
3413 2981 3511 3036 po-

1919 3056 2082 3109 situm
2114 3062 2217 3119 est,
2253 3063 2307 3107 ut
2347 3062 2403 3106 tu
2446 3052 2499 3107 id
2541 3062 2844 3107 truncatum
2874 3053 3227 3125 vitiatumque
3259 3057 3507 3126 posuisti.

1921 3146 2061 3215 Quid
2091 3146 2234 3201 enim
2268 3145 2561 3214 Apostolus
2589 3145 2702 3199 ait?
2729 3144 2799 3198 Et
2826 3147 3095 3218 manifeste
3120 3158 3141 3187 ο
3168 3164 3409 3220 magnum
3434 3158 3512 3204 est

1310 3285 1566 3341 ΑιΑιιιιι
1607 3250 1840 3342 cum
1882 3283 2442 3339 COMMENTARIUS.

204 3376 487 3433 mediante
512 3386 683 3431 trutina
704 3378 760 3431 in
787 3390 895 3450 ejus
926 3387 1066 3432 utero
1093 3378 1207 3448 ﬁeri
1232 3379 1472 3447 dignatus
1500 3389 1573 3432 est
1601 3396 1689 3447 per
1714 3378 1813 3430 hu~
1846 3378 1890 3438 C
1926 3378 2041 3450 ιιρι,
2087 3378 2155 3430 ita
2209 3388 2267 3431 et
2313 3377 2486 3450 virtus
2529 3375 2625 3430 Dei
2664 3376 2868 3450 eadem,
2899 3376 3260 3434 similitudine
3302 3383 3511 3438 Vocari.

208 3450 527 3503 viduitatem
564 3464 769 3515 corpus.
808 3449 953 3513 Quia
991 3466 1112 3518 ergo
1155 3454 1322 3503 lumen
1370 3451 1725 3520 incorporeum
1765 3450 1816 3501 in

209 3524 337 3584 eius
359 3526 470 3570 erat
496 3526 643 3571 utero
668 3520 1070 3585 corporandum,
1104 3520 1149 3572 ei
1177 3536 1290 3585 qute
1315 3522 1673 3588 incorporeum
1700 3537 1822 3572 cou-

212 3590 359 3648 cepit
388 3589 461 3641 ad
488 3605 692 3659 corpus.
724 3589 914 3642 dicitur
945 3605 965 3644 :
1004 3589 1178 3643 Virtus
1218 3592 1467 3644 Allissimi
1500 3590 1822 3643 olmmbrabit

214 3662 337 3723 tibi,
369 3661 426 3713 id
455 3668 548 3723 est,
575 3676 762 3731 corpus
802 3661 855 3712 in
902 3670 948 3714 te
979 3661 1313 3713 humanitatis
1336 3662 1551 3725 accipiet
1578 3663 1821 3725 incorpo-

214 3747 373 3784 reum
420 3731 592 3783 lumen
620 3732 925 3784 diuinitatis.
957 3731 1221 3786 Similiter
1245 3741 1299 3784 et
1323 3732 1688 3785 Damascenus
1724 3731 1816 3783 lib.

214 3818 278 3857 Ill
318 3816 447 3869 cap.
484 3800 543 3861 2,
574 3801 714 3854 Beda
746 3810 801 3854 et
828 3801 1263 3871 TheOphylactus
1291 3803 1341 3856 in
1373 3802 1815 3855 Commentariis.

218 3874 300 3927 Es
345 3873 543 3939 quibus
589 3872 650 3926 D.
692 3871 927 3926 Thomas
975 3873 1089 3925 inec
1127 3874 1461 3938 summatim,
1503 3888 1653 3926 tnore
1695 3887 1818 3937 suo,

218 3943 450 4009 colligit,
502 3956 622 4010 qua:
668 3942 791 3995 huic
837 3943 953 3996 loco
992 3944 1321 3997 elucidaudo
1362 3942 1649 3997 commode
1699 3957 1819 3996 ser-

220 4015 379 4067 viunt
411 4030 425 4064 :
465 4011 775 4085 Dicendum,
819 4013 990 4077 inquit
1026 4013 1117 4081 (ιιι
1152 4031 1228 4078 p.,
1265 4031 1316 4085 q.
1355 4015 1447 4075 5'2,
1478 4015 1588 4085 a._l
1617 4010 1655 4076 ),
1676 4012 1821 4085 quod

221 4101 353 4155 opus
386 4083 734 4152 conceptionis
761 4099 1026 4155 commune
1056 4081 1284 4155 quidem
1308 4094 1380 4138 est
1419 4086 1510 4137 toti
1535 4081 1821 4155 Trinitati;

220 4152 508 4226 secundum
541 4162 711 4226 tamen
728 4154 964 4226 _modum
1007 4154 1234 4226 aliquem
1273 4155 1575 4208 attribuitur
1602 4152 1820 4223 singulis

223 4224 479 4293 personis.
534 4222 673 4293 Nam
721 4222 869 4277 Patri
913 4222 1210 4278 attribuitur
1257 4228 1537 4279 auctoritas
1588 4234 1821 4289 respectu

222 4291 651 4368 personw_Eilii,
694 4296 783 4363 qui
825 4312 914 4361 per
954 4295 1256 4368 hisjusntodi
1295 4296 1677 4368 conceptionem
1725 4294 1823 4368 sibi

222 4363 503 4433 assumpsit
534 4366 815 4417 humanam
844 4363 1106 4420 naturom.
1142 4363 1284 4419 Filio
1326 4363 1497 4419 autem
1524 4364 1823 4419 attribuitur

224 4436 339 4503 ipsa
378 4437 555 4508 carnis
588 4438 887 4508 assumptio.
925 4438 1029 4492 Sed
1067 4438 1292 4508 Spiritui
1320 4446 1497 4508 sancto
1522 4435 1823 4508 attribuitur

227 4507 472 4573 formatio
501 4507 758 4571 corporis,
798 4508 937 4575 quod
978 4504 1254 4560 assumitur
1282 4524 1314 4560 a
1351 4504 1513 4560 Filio.
1552 4506 1690 4559 Nam
1715 4508 1823 4575 ipse

230 4575 465 4649 Spiritus
512 4590 727 4649 sanctus
762 4588 835 4628 est
886 4579 1111 4649 Spiritus
1158 4576 1303 4649 ἔξω,
1361 4577 1639 4649 secundum
1689 4577 1823 4629 illud

229 4645 345 4699 Gal.
379 4662 433 4699 tv
464 4664 476 4699 :
513 4644 658 4697 Misit
696 4646 831 4698 Deus
872 4644 1125 4714 Spiritum
1167 4644 1298 4702 Filii
1337 4651 1436 4701 sui.
1476 4647 1625 4703 Sicut
1652 4657 1819 4698 autem

228 4718 383 4769 sinus
419 4718 632 4774 animos.
673 4733 787 4784 qute
822 4728 896 4770 est
940 4720 993 4770 in
1029 4720 1236 4784 semine,
1276 4736 1365 4787 per
1389 4719 1625 4785 spiritum
1652 4717 1738 4783 qui
1767 4718 1818 4769 in

231 4789 415 4860 semine
437 4788 729 4860 includitur
750 4791 940 4860 format
963 4806 1147 4857 corpus
1176 4793 1227 4841 in
1247 4789 1575 4860 generatione
1598 4788 1819 4860 aliorum

233 4854 530 4929 hominum;
550 4862 642 4929 _ita
670 4854 829 4911 virtus
866 4858 979 4929 Dei,
1006 4854 1123 4929 qua:
1148 4870 1220 4912 est
1248 4854 1357 4929 ipse
1390 4856 1563 4929 Filius
1601 4858 1619 4922 (
1639 4874 1821 4929 secun-

233 4927 353 4978 dum
376 4928 515 4979 illud
546 4926 566 4980 Ι
598 4928 722 4980 Cor.
753 4943 765 4979 I
792 4945 805 4979 :
850 4926 1107 4982 Christum
1136 4930 1231 4981 Dei
1253 4926 1507 4997 uirtutem)
1538 4943 1629 4998 per
1647 4928 1822 4998 Spiri-

234 5004 335 5049 tant
366 5008 607 5049 sanctum
636 5013 822 5058 corpus
856 5002 1094 5065 formarit
1131 5000 1267 5067 quod
1308 4996 1604 5065 assumpsit.
1636 4996 1703 5049 Et
1728 4998 1822 5049 hoc

235 5068 377 5118 etiam
420 5068 575 5119 verba
618 5070 790 5138 angeli
820 5079 1249 5132 commonstraut,
1280 5071 1493 5122 dicentis
1534 5084 1552 5121 :
1594 5068 1821 5137 Spiritus

236 5150 434 5210 sanctus
468 5139 798 5210 superveniet
836 5139 888 5192 in
938 5148 1005 5203 te,
1053 5142 1201 5210 quasi
1244 5140 1313 5193 ad
1357 5140 1760 5210 praeparandam
1778 5146 1823 5191 et

237 5208 561 5272 formandam
592 5213 859 5260 materiam
888 5207 1119 5275 corporis
1152 5207 1371 5274 Christi;
1397 5220 1443 5263 et
1463 5207 1629 5261 ’virtus
1657 5207 1817 5260 Altis-

238 5277 363 5347 simi,
409 5279 467 5329 id
502 5287 595 5342 est,
649 5276 902 5343 Christus,
944 5280 1260 5333 oliumbrubit
1303 5281 1413 5343 tibi,
1453 5294 1635 5347 corpus
1678 5279 1730 5329 in
1775 5286 1823 5329 te

237 5344 572 5421 {unianitatis
628 5351 848 5421 accipiet
892 5350 1251 5421 incorporeum
1292 5351 1464 5405 lumen
1515 5344 1816 5421 divinitatis.

243 5410 425 5492 Umbra
464 5420 601 5492 enim
639 5435 673 5471 a
716 5410 907 5492 lumine
944 5410 1198 5492 formatur
1234 5431 1280 5475 et
1318 5435 1551 5492 corpore,
1595 5418 1822 5492 ιιι-ξανθ-

240 5488 402 5560 {otius
435 5490 563 5542 dicit
603 5504 733 5543 mn
760 5488 976 5560 Morali,
1000 5491 1292 5545 Altissimus
1321 5488 1490 5544 autem
1517 5488 1822 5560 intelligitur

249 5553 408 5631 fater.
436 5563 591 5630 cujus
621 5563 781 5613 virtus
816 5570 889 5613 est
911 5559 1123 5631 ,Filius.
1154 5562 1442 5631 llucusque
1472 5561 1528 5614 S.
1560 5553 1819 5631 Thomas.

244 5621 398 5701 fol-ro
425 5621 749 5701 Eu'thymitts
776 5642 824 5684 et
854 5630 940 5684 alii
971 5647 1066 5697 pro
1089 5633 1279 5687 eodem
1306 5621 1576 5698 accipiunt
1596 5638 1650 5683 et
1677 5630 1816 5698 quod

243 5693 463 5775 Spiritus
494 5693 719 5775 sanctus
750 5693 1127 5775 supervenerit
1172 5705 1237 5775 in
1269 5693 1561 5775 Virginem,
1592 5712 1646 5775 et
1676 5693 1817 5775 quod

243 5770 399 5822 virtus
447 5772 711 5826 Altissimi
761 5788 879 5824 eam
930 5772 1297 5835 obumbrarit;
1351 5783 1407 5825 ut
1460 5773 1531 5825 sit
1577 5770 1817 5839 ejusdem

249 5843 514 5911 ξιιιιιιιιιὶςιξ
556 5842 813 5911 διιιιίεΙίἱς
852 5846 1031 5895 verbis
1076 5844 1348 5904 repetitio.
1379 5857 1498 5911 qua:
1530 5842 1822 5911 Scripturis

244 5908 476 5978 frequens
502 5922 611 5968 est.
657 5910 725 5967 Et
770 5912 911 5967 solet
935 5912 1164 5984 Spiritus
1191 5908 1431 5983 sanctus,
1463 5912 1603 5967 sicut
1624 5909 1822 5984 digitus

1924 3447 2083 3501 Luca:
2125 3464 2249 3501 xxxv
2276 3465 2288 3499 :
2320 3447 2424 3501 Vos
2448 3456 2617 3501 autem
2658 3449 2825 3501 sedete
2852 3449 2904 3501 in
2931 3450 3153 3513 civitate,
3184 3452 3514 3519 quoadusque

1922 3519 2215 3571 induamini
2251 3519 2435 3571 virtute
2466 3534 2528 3571 ex
2566 3520 2689 3571 alto.
2728 3522 2981 3572 Actorum
3015 3535 3030 3572 ι
3066 3522 3379 3589 :Accipietis
3407 3524 3513 3576 vir-

1923 3597 2079 3659 tutem,
2105 3589 2503 3658 supervenientis
2539 3590 2589 3642 in
2620 3605 2708 3659 vos
2747 3589 2974 3659 Spiritus
3000 3591 3185 3645 sancti.

1997 3669 2023 3697 η
2057 3658 2355 3733 Numquam
2385 3659 2635 3733 enim,qait
2659 3658 2857 3733 S._l_.e_o
2881 3659 3072 3733 (_Serm.
3097 3659 3131 3713 ὅ
3157 3661 3221 3714 de
3250 3660 3509 3733 Pentec.),

1922 3729 1986 3783 ab
2012 3730 2382 3797 omnipotentia
2412 3727 2604 3786 Putris.
2626 3736 2671 3779 ct
2700 3727 2850 3789 Filii.
2873 3728 3103 3793 Spiritus
3120 3733 3285 3785 sancti
3306 3744 3381 3786 est
3403 3727 3515 3789 dis;

1924 3810 2062 3854 creta
2107 3801 2383 3868 majestas;
2425 3807 2473 3850 et
2514 3798 2765 3867 quidquid
2809 3800 2862 3851 in
2907 3800 3240 3868 dispositione
3282 3806 3513 3859 omnium

1923 3887 2093 3943 rerum
2123 3878 2230 3943 agit
2259 3868 2431 3943 diving
2457 3868 2764 3943 moderatio,
2794 3885 2859 3943 ex
2888 3871 3045 3943 totius
3074 3873 3206 3924 venit
3236 3875 3511 3943 providen~

1924 3941 1996 3991 tia
2047 3939 2330 4012 Trinitatis.
2385 3936 2501 4012 Una
2545 3946 2617 3989 est
2786 3939 3070 4012 benignitas
3118 3936 3508 4012 misericordias,

1924 4026 2029 4086 una
2048 4025 2261 4086 censura
2276 4008 2519 4086 justitite,
2545 4024 2633 4061 nec
2659 4009 2859 4086 aliquid
2881 4008 3027 4067 estin
3054 4008 3510 4086 actionedwisum,

1924 4080 2012 4137 ubi
2040 4080 2171 4133 nihil
2201 4079 2284 4133 est
2304 4081 2355 4131 in
2380 4079 2641 4132 voluntate
2668 4080 2946 4142 diversum,
2980 4091 3083 4136 etc.

1996 4152 2023 4190 ιι
2067 4151 2224 4223 Quia,
2254 4165 2351 4217 pro
2378 4150 2530 4218 quod,
2560 4150 2765 4223 iustitia
2789 4152 3053 4219 repleverit
3080 4154 3315 4223 (scilicet
3344 4156 3515 4221 Spiri-

1928 4224 2037 4293 tus)
2065 4222 2202 4290 quod
2232 4232 2459 4294 creatum
2489 4230 2600 4294 est,
2621 4220 2669 4274 id
2710 4230 2812 4294 e_s_t,
2843 4220 3137 4294 Christum.
3167 4240 3328 4294 quem
3359 4220 3509 4281 crea-

1924 4290 2026 4348 vit.
2060 4294 2170 4347 Hoc
2198 4293 2340 4345 enim
2372 4302 2454 4343 est
2484 4293 2696 4344 tertium
2727 4290 2958 4345 Nestorii
2991 4290 3215 4357 dictum,
3244 4310 3338 4347 seu
3362 4298 3510 4352 blas-

1925 4363 2163 4434 phemia.
2209 4363 2347 4415 inter
2388 4361 2534 4434 alias,
2576 4362 2821 4434 superius
2872 4357 3024 4432 (Cap.
3064 4364 3149 4433 l7)
3179 4379 3509 4431 expressas:

1930 4431 2031 4498 Qui
2055 4444 2100 4485 et
2115 4434 2319 4503 justitia
2346 4432 2556 4499 replevit
2582 4431 2719 4500 quod
2745 4431 3198 4490 creatumest.Cui
3230 4435 3367 4489 infra
3398 4452 3512 4492 res-

2001 4505 2268 4557 Dthlllllll'.

1928 4519 2268 4575 ponnemtur.

1967 4586 2023 4656 Ic
2066 4573 2260 4658 διαιρεῖ,
2284 4572 2477 4658 legitur
2511 4587 2526 4625 ε
2554 4575 2641 4658 ιιᾳί
2665 4572 3078 4658 ῥμολογογμένως
3160 4576 3208 4629 id
3264 4584 3363 4658 est.
3388 4593 3509 4631 om-

1928 4646 2074 4698 niurn
2129 4642 2492 4705 Confessione,
2547 4653 2605 4697 ut
2655 4642 2969 4695 Alnhrinius
3004 4642 3183 4706 vertit,
3228 4647 3310 4701 vel
3358 4660 3507 4703 extra

1928 4713 2374 4791 controversiain,
2408 4721 2465 4765 ut
2487 4712 2599 4791 alii)
2622 4716 2754 4791 μέγα
2782 4715 2979 4791 inriga
3008 4724 3101 4791 τῆς
3123 4718 3383 4791 εὐσεϐείας
3407 4741 3513 4791 μυ-

1924 4791 2145 4860 ᾳτὴριον,
2162 4786 2284 4860 est};
2314 4787 2594 4860 ἐφανερώθη
2619 4783 2857 4860 ἐνρᾳρκὶ,
2879 4783 3139 4860 ἐδικαιώθη
3167 4783 3507 4860 innocuus-nrt.

1929 4857 2023 4911 Uht
2059 4857 2395 4908 manifestum
2427 4857 2641 4908 estnon
2675 4857 2855 4907 haberi
2897 4858 3055 4919 quod,
3110 4868 3163 4911 ut
3217 4858 3267 4910 in
3323 4857 3509 4915 nostro

1926 4925 2218 4997 testu,_sed
2252 4940 2345 4997 pro
2366 4941 2454 4997 co,
2485 4926 2628 4986 Θεὸς.
2656 4926 2704 4977 id
2732 4934 2833 4981 est.
2871 4925 3014 4980 Dens
3046 4928 3121 4997 (ut
3156 4932 3292 4983 scite
3322 4932 3509 4984 obser-

1924 4998 2069 5048 vavit
2090 4994 2402 5073 Qagneins),
2441 5006 2495 5048 ut
2524 4998 2623 5049 hoc
2655 5014 2894 5073 magnum
2936 4994 3137 5073 pietatis
3166 5008 3212 5073 et
3243 5000 3508 5073 religionis

1924 5068 2239 5135 mysterium,
2272 5066 2385 5136 sive
2401 5080 2797 5127 sacramentum,
2832 5068 3155 5136 intelligatur
3186 5072 3323 5125 Dens
3340 5066 3507 5127 Chri-

1925 5146 2065 5198 stus,
2099 5136 2186 5201 qui
2219 5135 2590 5188 Inanifc~tatus
2616 5146 2699 5189 est
2731 5139 2782 5188 in
2815 5135 3125 5205 carnesqui
3155 5141 3297 5193 enim
3349 5155 3508 5198 antea

1932 5207 2179 5280 homines
2211 5204 2495 5280 I‘atehat‘in
2516 5206 2814 5280 divinitate,
2846 5223 2940 5280 per
2969 5204 3145 5280 carnis
3181 5215 3510 5280 assumptio-

1930 5291 2052 5348 nein
2083 5276 2191 5329 illis
2222 5276 2451 5348 innotuit
2482 5275 2533 5348 in
2564 5292 2658 5348 sua
2692 5278 3043 5331 humanitate.
3072 5275 3403 5348 Justiﬁcatus
3431 5294 3509 5338 est

1927 5346 2238 5418 inSpiritu;
2270 5345 2410 5415 quod
2440 5346 2657 5401 iudubie
2687 5348 2981 5400 secundum
3012 5345 3401 5407 humanitatem
3429 5354 3509 5407 in-

1931 5417 2092 5485 telligi
2140 5417 2320 5491 debet,
2378 5418 2672 5491 secundum
2726 5434 2883 5491 quam
2934 5418 3258 5491 justiﬁcatus
3283 5422 3504 5491 diCllUl‘,

1928 5487 2201 5556 quomodo
2243 5496 2297 5539 et
2351 5486 2991 5556 sanctificatus,Joannis
3035 5504 3067 5541 ι
3102 5506 3113 5541 :
3147 5492 3307 5556 Quem
3348 5486 3509 5551 Pater

1928 5555 2267 5622 s’anctiﬁcavit
2286 5566 2334 5609 et
2362 5558 2498 5609 misit
2525 5559 2576 5610 in
2598 5558 2860 5610 mundum.
2884 5555 3213 5626 lustiﬁcatus
3234 5573 3404 5619 autem
3433 5575 3509 5620 est

1929 5628 2155 5691 Spiritu.
2188 5628 2237 5680 id
2270 5635 2374 5688 est,
2407 5642 2503 5693 per
2531 5627 2788 5698 Spiritum
2836 5641 3079 5683 Sanctum
3124 5640 3177 5684 et
3219 5634 3508 5698 plenitudi-

1928 5714 2051 5775 nem
2082 5700 2307 5775 gratiae;
2338 5698 2425 5775 vel
2447 5697 2768 5769 justiﬁcatus
2800 5709 2895 5765 est,
2927 5698 2977 5752 id
3010 5712 3112 5775 est,
3138 5697 3313 5769 justus
3342 5722 3507 5775 appa-

1928 5770 2056 5824 ruit.
2087 5770 2218 5841 Nam
2250 5769 2351 5822 etsi
2386 5777 2719 5841 coinessator
2744 5781 2795 5823 et
2825 5779 3033 5835 potator
3064 5772 3196 5841 vini,
3228 5785 3281 5829 et
3303 5769 3506 5830 ἀειζώο-

1931 5841 2094 5912 nium_
2125 5838 2352 5912 habens,
2400 5853 2429 5892 a
2483 5837 2682 5894 Judaeis
2733 5840 2961 5907 audiret,
3014 5837 3192 5912 justus
3231 5856 3405 5901 tamen
3437 5848 3505 5903 ab

1930 5909 2181 5965 omnibus
2211 5910 2423 5981 agnitus
2444 5919 2549 5979 est,
2573 5919 2627 5967 et
2644 5912 2874 5983 amplius
2904 5909 3229 5983 agnoscetur
3258 5912 3378 5972 cuni
3401 5917 3502 5976 Ju-
