4016 6192
303 249 390 305 lii

1296 246 1387 301 DE
1430 244 1938 301 INCAllNA'HUNE
1979 242 2250 299 CHRISTI
2291 242 2396 298 LIB
2465 242 2571 299 VH.

3446 237 3495 300 ἶ
3507 242 3585 304 52'

301 369 951 433 acceperunt,numquam
988 368 1251 430 potestate
1274 361 1386 429 ipsa
1411 368 1467 413 ut
1498 374 1593 413 sna
1622 361 1704 413 usi
1736 368 1880 422 sunt,
1916 362 2255 428 Aynmdate,
2286 362 2540 416 (immanes
2569 360 2957 437 ejiciteﬂlatth.
2977 362 3053 428 x).
3091 360 3154 416 Et
3184 362 3374 416 iterum
3406 381 3417 414 :
3448 363 3474 401 ιι
3509 362 3567 417 in

304 455 390 511 sed
412 460 735 523 potestatem
767 451 937 521 ipsam
961 452 1027 505 ad
1056 467 1177 507 eum
1206 466 1234 504 a
1266 467 1370 521 quo
1395 460 1716 519 acceperant
1741 460 1882 504 retu-

306 550 474 604 lerunt
507 563 523 600 :
555 546 679 616 quia
712 561 813 601 nec
861 553 1098 615 potestas
1126 544 1242 613 ipsa
1294 544 1398 597 vim
1437 543 1595 597 ullam
1631 557 1883 610 umquam

304 641 497 696 habere
529 637 731 707 potuit,
761 637 865 692 nisi
894 652 992 707 per
1020 651 1216 692 nomen
1244 635 1408 705 ipsius
1429 634 1517 705 qui
1546 633 1713 689 dedit.
1736 632 1887 687 lden-

302 747 399 802 que
425 741 481 785 et
510 729 750 799 apostoli
785 739 843 784 et
879 743 1071 783 omnes
1111 727 1340 781 ministri
1382 726 1475 781 Dr-i
1504 724 1634 780 nihil
1687 726 1739 780 in
1789 741 1888 779 suo

302 836 579 889 umquam,
625 819 723 875 sed
777 821 833 874 in
883 820 1085 875 Christi
1116 819 1336 876 nomine
1366 831 1526 890 atque
1555 819 1889 874 invocatione

302 911 578 975 fecerunt;
603 910 725 979 quia
750 918 989 979 potestas
1010 910 1124 981 ipsa
1154 909 1281 965 inde
1298 908 1591 977 accipiebat
1616 909 1887 973 virtutem,

302 1004 442 1059 unde
473 1003 707 1057 habebat
737 1002 1053 1067 exordium;
1086 1012 1140 1057 et
1166 1002 1283 1057 dari
1331 1019 1426 1073 per
1473 1004 1751 1058 ministros
1794 1019 1890 1058 nec

301 1110 570 1164 quaquam
601 1102 840 1162 poterat,
867 1095 969 1150 nisi
1000 1095 1069 1149 ab
1098 1105 1318 1170 auctore
1342 1096 1596 1150 venisset.
1629 1099 1708 1150 Tu
1739 1112 1888 1166 ergo,

305 1185 388 1254 qui
416 1186 562 1241 idem
592 1184 880 1240 Dominum
913 1185 1081 1241 fuisse
1100 1184 1236 1241 dicis
1261 1186 1402 1256 quod
1433 1202 1595 1241 unum
1625 1203 1689 1243 ex
1723 1189 1891 1243 servis

305 1278 449 1342 suis;
481 1278 610 1348 quia
640 1278 781 1332 sicut
808 1278 1039 1346 apostoli
1066 1278 1200 1334 nihil
1230 1280 1412 1350 utique
1440 1279 1756 1346 habuerant,
1791 1281 1890 1336 nisi

301 1384 327 1422 a
354 1367 589 1421 Domino
611 1383 713 1422 suo
740 1369 1099 1438 accepissent,
1126 1369 1198 1423 ita
1228 1378 1283 1424 tu
1317 1368 1447 1424 nihil
1477 1371 1560 1425 vis
1603 1371 1891 1426 Dominum

302 1458 475 1527 ipsum
491 1458 881 1525 habuisse,nisi
896 1459 1037 1530 quod
1050 1460 1295 1530 aSpiritu
1310 1461 1668 1532 acceperit,ac
1682 1478 1779 1531 per
1793 1465 1892 1519 hoc

302 1560 351 1604 et
373 1550 551 1618 ipsum
578 1550 725 1620 quod
754 1551 957 1615 habuit,
978 1567 1085 1607 non
1108 1562 1165 1607 ut
1190 1553 1472 1607 Dominum
1508 1554 1587 1608 vis
1617 1554 1889 1620 habuisse,

302 1642 393 1696 sed
427 1654 485 1696 ut
507 1657 725 1699 servum
754 1645 1062 1713 accepisse:
1094 1644 1182 1701 dic
1200 1646 1327 1701 mihi
1356 1662 1485 1717 ergo
1510 1648 1781 1717 quomodo
1806 1651 1893 1705 ille

1988 455 2211 516 nonn’ne,
2261 452 2451 522 inquit,
2494 469 2604 505 meo
2651 454 2908 506 dcrmonia
2958 454 3173 524 ejicietis
3206 452 3396 523 (Marc.
3427 455 3567 525 xvt).

1988 543 2253 614 Numquid
2276 544 2339 597 ad
2366 553 2681 613 potestatem
2713 544 3067 599 exercendam
3098 544 3320 599 alterius
3350 545 3572 599 nomine

1989 636 2153 706 eguit,
2184 638 2272 707 qui
2309 638 2480 707 ipsum
2514 651 2709 690 nomen
2742 651 2896 690 suum
2916 644 3237 704 potestatem
3260 650 3382 690 esse
3411 635 3572 689 fecit?

1990 727 2093 783 Sed
2123 728 2249 798 quid
2280 727 2456 782 adhuc
2487 725 2700 781 additur
2726 745 2737 779 :
2769 726 2917 794 Ecce,
2947 726 3137 795 inquit,
3168 725 3289 780 dedi
3318 726 3455 780 vobis
3480 743 3572 796 po-

1992 828 2219 874 testatem
2243 818 2482 871 calcandi
2502 835 2654 885 super
2679 826 2937 885 serpentes
2964 829 3010 871 et
3035 819 3328 882 scorpiones
3350 828 3397 871 et
3417 833 3583 887 super

1993 928 2188 965 omnem
2214 913 2446 965 virtutem
2490 912 2688 965 inimici
2729 911 2906 982 (Luca:
2947 908 3019 982 χ).
3053 910 3170 980 Ipse
3195 920 3341 966 certe
3365 912 3571 976 mitem,

1994 1015 2050 1058 ut
2074 1019 2200 1059 vere
2226 1012 2363 1069 erat,
2388 1011 2443 1057 et
2467 1002 2723 1057 humilem
2764 1001 2927 1057 corde
2968 1017 3026 1057 se
3055 1018 3175 1058 esse
3195 1004 3323 1058 dicit
3354 1004 3565 1075 (Matth.

1992 1094 2090 1164 xt).
2145 1094 2208 1148 Et
2263 1093 2555 1161 quomodo,
2590 1108 2687 1162 pro
2716 1094 3139 1163 smnmarutique
3182 1103 3468 1162 potestate,
3520 1096 3595 1149 in»-

1996 1185 2212 1239 nomine
2240 1201 2337 1238 suo
2362 1185 2573 1253 operari
2605 1184 2739 1238 alios
2769 1183 3033 1254 praecipit,
3064 1186 3106 1238 si
3138 1186 3251 1254 ipse
3279 1186 3331 1240 in
3361 1186 3581 1243 nomine

1993 1277 2318 1347 operabatur
2343 1277 2557 1331 alieno?
2588 1284 2678 1329 aut
2702 1275 2821 1329 aliis
2849 1274 3007 1330 dabat
3034 1277 3186 1346 quasi
3230 1293 3409 1346 sttum,
3435 1275 3583 1348 quod

1995 1369 2132 1439 ipse,
2166 1379 2223 1422 nt
2255 1377 2307 1422 tu
2361 1369 2463 1434 ais,
2494 1384 2600 1422 non
2633 1367 2913 1432 habuerat,
2947 1366 3051 1421 nisi
3098 1368 3399 1438 accepisset
3442 1369 3581 1424 alie-

1994 1463 2157 1516 num?
2187 1462 2282 1517 Dic
2316 1464 2444 1518 mihi
2487 1474 2687 1530 autem,
2721 1466 2809 1536 qui
2841 1474 3151 1521 sanctorum
3186 1474 3505 1538 potestatem
3550 1481 3595 1521 a-

1995 1553 2106 1609 Deo
2139 1555 2463 1623 accipientes
2490 1556 2568 1611 sic
2619 1558 2823 1627 operati
2875 1558 3034 1611 sunt?
3061 1566 3153 1611 aut
3181 1556 3438 1625 numquid
3473 1573 3597 1612 nune

1994 1648 2215 1703 insanus
2240 1648 2430 1703 Petrus
2451 1650 2685 1705 creditus
2714 1650 2904 1718 fuerat,
2941 1659 3032 1704 aut
3063 1650 3297 1704 furiosus
3317 1649 3576 1713 Joannes,

303 1744 579 1803 potestate
623 1736 763 1806 ipsa,
798 1746 856 1791 ut
911 1752 1030 1803 sua,
1082 1753 1187 1791 non
1235 1747 1295 1793 ut
1323 1748 1563 1809 accepta,
1614 1741 1897 1797 utebatur?
1930 1728 1974 1787 Β
2001 1749 2091 1792 aut
2119 1754 2307 1793 amens
2338 1740 2554 1808 Paulus,
2575 1742 2619 1795 si
2650 1742 3085 1813 quibuscumque
3107 1751 3196 1796 aut
3225 1742 3380 1812 aegris
3406 1741 3574 1795 dixis-

302 1828 443 1894 Quid
467 1827 614 1882 enim
640 1826 710 1883 de
736 1843 802 1882 eo
824 1828 1085 1898 legimus?
1118 1827 1307 1900 Surge,
1358 1830 1533 1900 inquit
1576 1832 1892 1901 paralytico,

302 1920 430 1973 tolle
454 1921 730 1992 grabatum
756 1930 921 1986 tuum,
973 1930 1022 1975 et
1051 1922 1178 1976 vade
1204 1923 1258 1977 in
1286 1923 1491 1976 domum
1519 1932 1655 1978 tuam
1682 1924 1891 1996 (Matth.

302 2014 402 2081 tx).
444 2012 508 2065 Et
555 2013 749 2068 iterum
785 2013 1107 2082 supplicanti
1136 2030 1231 2083 pro
1261 2014 1370 2068 ﬁlio
1395 2016 1530 2084 patri
1566 2032 1578 2068 :
1617 2014 1775 2081 Vade,
1809 2017 1894 2070 in-

300 2105 447 2173 quit,
490 2105 631 2172 ﬁlius
656 2116 775 2159 tuus
796 2106 912 2159 vivit
941 2104 1122 2174 (Joan.
1154 2104 1249 2176 tv).
1304 2106 1369 2161 Et
1395 2105 1527 2161 illud
1578 2107 1666 2162 ubi
1710 2107 1897 2162 unicus

300 2196 499 2252 matris
519 2196 589 2251 ad
615 2196 925 2266 sepulcrum
956 2196 1302 2252 deferebatur
1335 2216 1347 2250 :
1384 2206 1411 2235 ι
1451 2197 1785 2262 Adolescens,
1818 2198 1897 2252 in-

298 2288 447 2359 quit,
498 2288 593 2341 tibi
634 2289 768 2353 dico,
814 2305 966 2358 surge
1009 2287 1193 2359 (Lucae
1217 2289 1335 2356 vn).
1370 2288 1634 2358 Numquid
1662 2305 1809 2360 ergo,
1842 2298 1900 2343 ut

301 2393 428 2432 nios
456 2394 646 2433 eorum
676 2380 767 2449 qui
802 2389 1121 2449 potestatem
1153 2396 1182 2434 a
1215 2381 1326 2434 Deo
1356 2380 1711 2450 accipiebant,
1747 2390 1899 2451 pote-

298 2478 507 2525 statem
539 2472 753 2539 quoque
801 2469 896 2525 ille
926 2470 1041 2525 dari
1070 2471 1170 2526 sibi
1201 2471 1266 2526 ad
1300 2470 1639 2527 efﬁciendum
1684 2473 1901 2528 invoca-

302 2564 462 2617 tione
489 2561 661 2616 divini
684 2563 920 2617 nominis
946 2562 1285 2632 postulabat?
1309 2562 1417 2619 Cur
1444 2579 1547 2618 non
1598 2564 1737 2620 sicut
1764 2580 1899 2636 apo-

302 2653 435 2708 stoli
463 2653 518 2707 in
550 2654 771 2708 nomine
799 2652 992 2725 ipsius,
1047 2653 1119 2709 ita
1168 2654 1286 2725 ipse
1324 2671 1538 2725 quoque
1582 2657 1637 2711 in
1686 2658 1903 2714 nomine

302 2743 551 2813 Spiritus
585 2746 943 2813 operabatur?
966 2746 1208 2816 Denique
1237 2748 1363 2817 quid
1394 2747 1462 2804 de
1510 2748 1630 2818 ipso
1661 2749 1904 2821 Evange-

302 2835 443 2888 linm
472 2836 839 2904 protestatur?
873 2834 1023 2903 Erat,
1055 2836 1248 2906 inquit,
1276 2838 1463 2893 docens
1493 2856 1576 2893 eos
1605 2841 1733 2894 sicut
1761 2852 1904 2911 pote-

300 2937 496 2980 statem
527 2928 737 2993 habens,
766 2945 869 2982 non
892 2930 1023 2983 sicut
1066 2928 1263 2985 Scriba:
1299 2940 1347 2984 et
1396 2930 1652 2986 Phariswi
1683 2933 1901 3005 (Matth.

301 3017 433 3088 vn).
461 3020 569 3073 Aut
594 3020 885 3089 superbum
909 3029 964 3075 et
984 3033 1324 3092 arrogantem
1353 3013 1576 3079 fors'itan
1605 3025 1686 3079 vis
1713 3024 1899 3095 luisse,

300 3111 402 3183 qui
436 3120 758 3181 potestatem
795 3127 953 3182 quam
979 3127 1008 3166 a
1040 3113 1171 3177 Deo,
1201 3125 1257 3168 ut
1296 3114 1397 3182 ais,
1445 3115 1764 3186 accepisset,
1793 3130 1904 3173 sute

302 3204 571 3271 patentia:
599 3203 919 3271 dcpnturct?
945 3204 1050 3259 Sed
1079 3204 1203 3274 quid
1241 3204 1462 3260 facimus
1491 3206 1633 3273 quod
1667 3216 1905 3277 potestas

303 3313 615 3367 numquam
640 3308 725 3353 est
751 3299 1001 3352 obsecuta
1035 3297 1271 3364 famulis,
1300 3298 1401 3354 nisi
1445 3315 1540 3368 per
1562 3314 1755 3354 nomen
1779 3315 1906 3356 auc-

308 3389 483 3454 toris;
517 3404 617 3443 nec
644 3389 844 3445 habere
875 3389 1220 3445 efﬁcientiam
1267 3392 1462 3461 potuit,
1498 3392 1539 3447 si
1572 3392 1771 3463 aliquid
1802 3393 1906 3448 sibi

309 3499 377 3537 cx
414 3498 477 3537 ea
508 3482 718 3538 faciens
759 3482 1057 3554 deputavit.

934 3595 1165 3652 CAPUT
1202 3595 1318 3650 XX.

346 3684 397 3740 C
404 3687 693 3741 rarioribus
718 3688 1196 3757 urgcntioribusque
1224 3688 1538 3758 argumentis
1566 3690 1867 3745 sententiam

756 3758 902 3811 illam
932 3759 1216 3812 invalidare
1243 3767 1478 3815 conatur.

386 3848 495 3902 Sed
525 3848 657 3919 quid
688 3849 891 3904 tamdiu
913 3849 1257 3904 evidentibus
1292 3849 1530 3920 quidem,
1583 3851 1677 3906 sed
1728 3859 1902 3905 tamen

316 3942 622 3995 minoribus
646 3941 978 4011 argumentis
1005 3949 1193 3997 contra
1222 3940 1486 3996 furentem
1512 3942 1903 4011 blasphemiam

314 4032 567 4098 agitans?
594 4033 887 4088 Audiamus
935 4034 1109 4101 ipsum
1142 4033 1206 4087 ad
1246 4034 1544 4104 discipulos
1593 4033 1904 4103 loquentem

319 4125 488 4180 Dwm
526 4143 537 4178 :
569 4123 820 4195 Inﬁrmos
864 4135 1060 4192 curate,
1116 4136 1342 4180 mortuos
1384 4126 1645 4188 suscitare,
1676 4127 1906 4196 leprosos

1999 1841 2118 1884 sent
2153 1847 2167 1884 :
2198 1830 2252 1885 In
2283 1833 2499 1887 nomine
2529 1844 2712 1888 nostro
2740 1835 2970 1904 surgite;
2999 1845 3089 1888 attt
3118 1835 3326 1890 claudis
3359 1852 3372 1889 :
3403 1834 3458 1889 lu
3488 1848 3583 1888 no-

2000 1922 2143 1977 mine
2170 1931 2356 1977 nustro
2385 1924 2688 1988 ambulate;
2719 1933 2810 1978 aut
2837 1927 3065 1980 mortuis
3095 1924 3187 1979 ειη
3229 1924 3445 1980 nomine
3487 1940 3582 1979 no-

1999 2019 2114 2065 stro
2137 2011 2334 2076 vivite;
2363 2020 2456 2066 aut
2487 2013 2612 2068 illud
2644 2012 2711 2067 ad
2742 2014 2951 2085 aliquos
2980 2032 2993 2068 :
3028 2015 3228 2069 Damus
3256 2015 3408 2069 vobis
3433 2024 3583 2085 pute-

1999 2110 2191 2156 atatem
2242 2102 2484 2156 calcandi
2536 2118 2699 2173 super
2738 2114 3041 2173 serpentes,
3072 2115 3121 2159 et
3156 2107 3491 2174 scorpiones.
3529 2116 3584 2159 et

2000 2205 2162 2260 super
2186 2206 2398 2246 omnem
2431 2201 2751 2262 potestatem
2785 2194 3024 2249 inimici?
3052 2180 3313 2263 Intelligis
3343 2210 3473 2265 ergo
3517 2211 3583 2250 es

2002 2280 2103 2336 hoc
2152 2281 2271 2349 ipso
2302 2283 2563 2337 insaniam
2597 2293 2741 2339 tuam
2770 2304 2782 2339 :
2813 2287 2936 2355 quia
2963 2287 3104 2342 sicut
3143 2287 3260 2342 haec
3290 2290 3449 2343 verba
3502 2291 3587 2343 in-

2000 2387 2130 2428 sana
2155 2383 2298 2440 sunt,
2331 2374 2377 2429 si
2400 2376 2509 2430 sint
2536 2375 2780 2432 humanae
2811 2378 3250 2447 prmsumptiunis
3272 2420 3286 2445 ,
3317 2380 3387 2433 ita
3422 2389 3473 2433 tu
3506 2380 3587 2433 in-

2001 2467 2338 2534 sanissimus,
2369 2468 2457 2538 qui
2485 2468 2682 2523 divina:
2709 2470 2821 2525 haec
2852 2486 2959 2526 non
2988 2472 3245 2542 intelligis
3277 2473 3585 2544 potestatis.

2003 2557 2085 2613 Ex
2117 2559 2327 2615 duobus
2357 2561 2497 2616 enim
2528 2562 2754 2617 alterum
2779 2563 3089 2619 conﬁtearis
3120 2580 3344 2620 necesse
3366 2573 3471 2631 est,
3498 2573 3589 2620 aut

2007 2664 2164 2719 posse
2193 2650 2465 2706 hominem
2491 2651 2725 2707 divinam
2756 2661 3078 2722 potestatem
3109 2664 3164 2709 et
3188 2657 3386 2711 habere
3409 2668 3462 2712 et
3488 2657 3590 2712 da-

2006 2757 2098 2810 re;
2150 2753 2241 2798 aut
2292 2752 2441 2800 certe
2469 2745 2515 2800 si
2548 2744 2727 2799 nullus
2757 2746 2977 2800 omnino
3001 2747 3277 2801 hominum
3306 2744 3358 2802 id
3386 2758 3586 2816 potest.

2009 2836 2176 2891 Deum
2198 2835 2361 2892 fuisse
2386 2838 2474 2906 qui
2508 2839 2701 2907 potuit.
2721 2838 2889 2894 Nemo
2910 2839 3050 2893 enim
3076 2838 3310 2893 divinam
3335 2840 3588 2896 virtutem

2008 2936 2191 2997 potest
2221 2927 2457 2984 tribuere
2486 2928 2537 2983 in
2567 2929 2956 2999 muniﬁcentia,
2989 2930 3092 2985 nisi
3118 2930 3209 3001 qui
3244 2930 3493 2987 habuerit
3534 2932 3589 2989 in

2010 3029 2221 3075 natura.

2603 3135 2828 3192 CAPUT
2869 3135 3007 3191 XXI.

2010 3274 2215 3331 Christo
2261 3275 2474 3347 perinde
2532 3284 2683 3344 atque
2728 3274 2960 3347 (Spiritui
3011 3284 3190 3331 sancto
3236 3277 3593 3333 ascribendum

2080 3362 2210 3487 ἴση,
2258 3346 2397 3429 quod
2453 3360 2576 3400 caro
2625 3356 2673 3399 et
2714 3346 3009 3402 humanitas
3055 3349 3167 3419 ejus
3209 3349 3455 3419 templum
3501 3348 3602 3404 Dei

2106 3428 2221 3471 acta
2251 3427 2343 3471 stt.

2081 3574 2338 3645 Sequitur
2363 3586 2540 3633 autem
2569 3576 2621 3631 in
2646 3576 2977 3646 blasphemia
3013 3585 3124 3641 tua,
3154 3574 3295 3644 quod
3321 3588 3450 3630 caro
3478 3575 3597 3644 ejus

2011 3668 2268 3738 templum
2300 3684 2328 3724 a
2350 3668 2552 3739 Spiritu
2585 3668 2721 3723 facta
2754 3668 2844 3733 sit,
2876 3667 3001 3723 ideo
3031 3667 3155 3737 quia
3183 3667 3421 3723 Joannes
3446 3665 3594 3722 dixe-

2009 3760 2115 3815 rit:
2160 3758 2277 3813 Vidi
2313 3761 2456 3814 enim
2508 3758 2765 3827 Spiritum
2813 3757 3195 3812 descendentem
3244 3758 3308 3812 de
3353 3758 3501 3824 creto,
3548 3746 3616 3814 et.

2007 3858 2297 3903 manentem
2326 3850 2481 3919 super
2501 3865 2618 3902 eum
2647 3848 2826 3919 (Joan.
2861 3846 2930 3919 t).
2959 3848 3095 3914 Quia
3130 3847 3387 3904 furiosam
3413 3862 3593 3904 asser-

2010 3941 2212 3995 tionem
2256 3950 2399 3995 tuam
2446 3940 2607 3996 etiam
2656 3939 2855 3996 divinis
2907 3939 3228 3995 testimoniis
3271 3940 3595 3996 conﬁrmare

2010 4033 2225 4089 conaris
2259 4050 2273 4087 :
2303 4047 2462 4103 quam
2494 4033 2564 4088 ob
2590 4046 2808 4089 causam
2855 4031 3134 4089 videamus
3172 4047 3240 4088 an
3287 4034 3409 4100 hoc,
3452 4033 3602 4104 quod

2010 4135 2066 4182 tu
2097 4126 2201 4192 ais,
2234 4125 2601 4181 testimonium
2631 4139 2843 4183 sacrum
2864 4108 3082 4182 dixerit.
3111 4136 3134 4165 ο
3167 4124 3286 4181 Vidi
3311 4125 3476 4193 enim,
3508 4125 3597 4182 in-

1384 4263 1641 4319 ALARDI
1680 4262 1913 4319 GAZAEI
1950 4260 2516 4318 COMMENTARIUS.

383 4374 417 4404 ⁸
454 4372 697 4428 Observa
726 4373 812 4429 hic
838 4372 1125 4429 discrimen
1151 4375 1292 4429 inter
1314 4372 1585 4428 Christum
1610 4380 1667 4428 et
1684 4382 1899 4441 aposto-
1923 4374 1976 4435 D
2002 4382 2131 4443 guat
2157 4371 2419 4498 'l‘hgrreus
2448 4372 2587 4444 [Lib.
2616 4372 2681 4426 de
2706 4372 2942 4428 Dazmon.
2970 4389 3017 4427 c.
3048 4371 3201 4454 xui],
3228 4386 3333 4427 non
3376 4373 3587 4445 video),

383 4460 402 4497 ε
428 4450 595 4498 atoue
616 4443 749 4497 alios
774 4452 992 4498 sanctos
1017 4445 1067 4498 in
1089 4442 1361 4498 natrandis
1390 4444 1682 4498 miraculis.
1706 4444 1899 4498 Petrus
2005 4454 2063 4498 ut
2083 4458 2203 4498 cum
2270 4444 2360 4498 icit
2389 4443 2596 4498 venisse
2620 4457 2685 4498 se
2714 4445 2768 4496 in
2796 4444 3002 4498 nomine
3028 4443 3223 4498 Patris.
3249 4443 3405 4498 Joan.
3444 4459 3497 4498 v.
3531 4447 3587 4498 id

314 4445 402 4500 los
428 4450 595 4513 atque
616 4443 749 4497 alios
774 4452 992 4499 sanctos
1017 4445 1067 4498 in
1089 4442 1361 4513 patrandis
1390 4444 1682 4499 miraculis.
1706 4444 1899 4500 Petrus

314 4512 720 4585 quidemidixit
746 4523 1011 4585 (mortuae,
1035 4512 1223 4579 puella:
1252 4529 1268 4568 :
1303 4512 1544 4583 Tabitha,
1577 4530 1729 4583 surge
1756 4515 1895 4585 (Act.
1932 4534 1935 4538 ‘

315 4585 428 4653 tx);
464 4584 562 4637 sed
595 4598 700 4639 non
726 4584 865 4638 dixit
899 4584 1052 4639 :Tibi
1073 4585 1216 4649 dico,
1244 4598 1432 4652 surge;
1478 4586 1601 4653 quia
1642 4601 1746 4638 non
1774 4600 1895 4650 sua,

314 4656 407 4709 sed
434 4654 637 4725 Christi
659 4655 979 4725 auctoritate
999 4662 1053 4708 et
1073 4655 1289 4710 nomine
1308 4655 1643 4725 loquebatur.
1671 4654 1824 4711 Unde
1846 4666 1900 4710 et

311 4726 438 4779 alibi
470 4724 671 4779 dicitur
697 4724 940 4779 Christus
964 4739 1058 4793 per
1081 4726 1335 4780 miracula
1369 4724 1743 4780 manifestaSse
1783 4726 1900 4794 glo-

312 4794 451 4849 riam
484 4808 637 4848 suam
684 4794 868 4864 (Joan.
902 4794 983 4864 tt),
1014 4796 1064 4848 id
1106 4804 1209 4861 est,
1256 4795 1591 4850 divinitatem
1632 4811 1812 4859 suam;
1843 4805 1900 4851 ut

315 4864 686 4933 intelligamus
731 4866 888 4920 aliter
938 4865 1234 4928 Christum,
1282 4865 1441 4921 aliter
1490 4865 1783 4935 prophetas
1845 4875 1901 4922 et

313 4937 473 5007 alios,
504 4935 761 5007 miracula
791 4934 999 5007 iecisse.
1033 4936 1166 5007 Nam
1197 4935 1349 4991 multi
1379 4934 1606 5007 quidem
1624 4935 1899 5006 pr0pheta:

315 5005 578 5059 miracula
610 5003 876 5071 fecerunt,
900 5005 968 5060 de
996 5006 1141 5059 nullo
1168 5016 1344 5061 tamen
1373 5003 1557 5062 eorum
1589 5003 1790 5062 dictum
1818 5016 1905 5062 est

314 5073 542 5143 gloriam
573 5089 872 5149 cumsuam
897 5077 1299 5149 mztnilestasse;
1327 5078 1448 5149 quia
1490 5094 1594 5133 non
1627 5085 1897 5149 tamquam

316 5156 689 5199 creaturarum
714 5144 939 5211 domini,
966 5146 1057 5200 sed
1084 5144 1355 5216 tamquam
1367 5147 1638 5202 Creatoris
1667 5144 1897 5202 ministri

318 5216 370 5286 i_u
398 5216 669 5270 creaturis
696 5216 952 5286 miracula
978 5216 1263 5277 faciebant.
1283 5220 1464 5286 sicque
1488 5232 1592 5271 non
1616 5232 1787 5284 suam,
1804 5218 1897 5273 sed

316 5283 411 5339 Dei
442 5286 670 5358 gloriam
691 5285 1133 5358 manifestfabant;
1160 5283 1406 5341 Chri~tus
1427 5302 1556 5342 vero
1578 5304 1752 5351 suam,
1772 5283 1895 5358 quia

317 5358 430 5419 ipse
460 5357 687 5427 Creator
714 5364 771 5409 et
800 5355 1081 5427 Dominus,
1115 5359 1231 5426 ipse
1263 5372 1463 5426 primus
1487 5369 1676 5413 auctor
1712 5355 1896 5427 ac'pa-

319 5436 487 5479 trator
525 5425 911 5481 miraculorum
942 5425 1076 5480 erat.

385 5495 411 5533 δ
454 5496 512 5551 In
572 5496 654 5549 Itis
689 5498 871 5551 verbis
914 5499 1021 5551 duo
1061 5497 1315 5551 nutanla.
1366 5497 1603 5552 Primum
1641 5499 1792 5562 illud,
1828 5496 1892 5552 In

319 5569 520 5619 nomine
542 5583 676 5633 meo,
710 5568 855 5621 varie
884 5569 1052 5636 accipi
1082 5569 1135 5621 in
1178 5568 1473 5637 Scriptura.
1520 5568 1702 5635 Neque
1750 5572 1892 5623 enim

319 5652 417 5689 una
435 5649 516 5690 est
536 5637 704 5705 ipsius
720 5639 949 5692 nominis
970 5639 1312 5706 SlgttiﬁCulltt.
1334 5641 1600 5704 Acripilttr
1626 5640 1891 5693 interdum

321 5722 413 5774 pro
442 5708 695 5779 imperio,
728 5722 820 5763 seu
869 5708 1184 5766 auctoritate
1217 5708 1334 5780 (cur
1370 5710 1511 5765 enim
1561 5709 1675 5764 hrc
1707 5708 1890 5765 distin-

2005 4454 2063 4499 ut
2083 4458 2203 4499 cum
2232 4443 2360 4498 dicit
2389 4443 2596 4498 venisse
2620 4457 2685 4499 se
2714 4445 2768 4496 in
2796 4444 3002 4498 nomine
3028 4443 3223 4509 Patris,
3249 4443 3405 4498 .loan.
3444 4459 3497 4509 v,
3531 4443 3601 4501 id‘

2002 4522 2110 4584 est,
2135 4529 2202 4569 ex
2232 4514 2402 4568 Patris
2429 4513 2671 4580 decreto,
2702 4515 3038 4579 auctoritate,
3084 4512 3375 4569 voluntate.
3412 4514 3585 4569 later-

2003 4584 2132 4640 dum
2164 4600 2259 4653 pro
2288 4585 2515 4653 meritis,
2544 4592 2604 4638 ut
2630 4600 2749 4641 cum
2778 4583 2960 4639 omnia
2994 4584 3258 4653 promittit
3285 4586 3589 4653 petentibus

2004 4666 2058 4711 et
2084 4654 2393 4725 rogantibus
2442 4655 2651 4710 Patrem
2684 4655 2735 4707 in
2766 4655 2983 4711 nomine
3009 4670 3128 4720 suo,
3153 4654 3311 4710 Joan.
3345 4669 3452 4709 xtv.
3485 4656 3587 4709 Pe-

2004 4735 2118 4795 tere
2143 4726 2285 4780 enim
2315 4726 2367 4779 in
2394 4726 2611 4781 nomine
2636 4725 2858 4791 Christi,
2913 4736 2998 4782 est
3046 4735 3227 4795 petere
3253 4741 3350 4795 per
3393 4726 3587 4781 merita

2003 4794 2225 4862 Christi,
2255 4807 2313 4850 ut
2342 4796 2597 4850 Ecclesiae
2617 4811 2744 4851 usus
2772 4794 3175 4866 interpretatur.
3203 4794 3446 4864 Denique
3489 4812 3586 4865 pro

2004 4868 2207 4921 virtute
2227 4882 2290 4921 ac
2318 4874 2585 4935 potestate
2608 4868 2854 4932 sumitur,
2898 4881 3020 4920 cum
3070 4866 3201 4920 dicit
3225 4887 3237 4922 :
3267 4866 3439 4932 Opera
3468 4883 3585 4935 qua:

2003 4952 2100 5006 ego
2128 4938 2262 5004 facio
2291 4937 2346 4989 in
2376 4939 2578 4991 nomine
2605 4936 2779 4990 Patris
2809 4936 2926 5000 mei,
2951 4940 3065 5005 ipsa
3097 4937 3584 5005 testimoniumper-

2005 5007 2176 5061 hibeat
2202 5006 2264 5060 de
2291 5022 2390 5070 me,
2420 5006 2575 5060 Joan.
2604 5022 2659 5062 x.
2694 5007 2881 5070 Porro,
2911 5007 3152 5074 quamvis
3175 5014 3230 5062 et
3249 5007 3449 5060 Christi
3482 5008 3589 5060 itn-
3664 5032 3673 5053 ς

2005 5076 2174 5146 perio,
2208 5085 2262 5131 et
2309 5077 2509 5131 Christi
2562 5078 2789 5145 meritis,
2821 5087 2876 5131 et
2908 5077 3108 5130 Christi
3161 5076 3587 5142 potestate-dici

2004 5149 2172 5216 po~sit
2199 5148 2389 5213 expelli
2417 5147 2931 5215 daemonia,quando
2958 5147 3025 5201 ad
3055 5146 3287 5201 nominis
3315 5147 3432 5214 eius
3461 5163 3584 5201 evo-

2002 5219 2269 5271 cationem
2302 5218 2665 5285 expelluntur,
2714 5218 2929 5286 proprie
2960 5227 3134 5270 tamen
3185 5218 3436 5271 virtutem
3463 5217 3582 5286 ejus

2004 5287 2365 5357 intelligimus,
2396 5287 2653 5352 divinam,
2684 5288 2925 5354 inquam,
2951 5287 3224 5353 virtutem,
3256 5286 3484 5357 utidem
3509 5290 3581 5343 sit

2004 5359 2056 5412 in
2090 5356 2282 5412 (grumi
2316 5358 2533 5412 numine
2585 5368 2745 5426 atque
2771 5358 2826 5411 in
2855 5359 3047 5429 virtute
3078 5356 3275 5412 Christi
3298 5356 3580 5429 («Immunes

2002 5430 2289 5496 expellere.
2340 5429 2492 5495 Quod
2539 5431 2822 5483 conﬁrmat
2858 5427 3082 5487 Auctor.
3107 5441 3229 5481 cum
3260 5428 3329 5480 ait
3363 5444 3376 5479 :
3411 5427 3581 5482 Nuru-

2000 5500 2122 5565 quitl
2149 5500 2215 5549 ad
2268 5508 2563 5561 potestatem
2587 5500 2921 5552 exercendam
2946 5499 3383 5570 alteriusnomine
3411 5502 3576 5570 eguit,

2000 5570 2089 5637 qui
2117 5570 2279 5639 ipsum
2306 5585 2486 5621 nomen
2510 5586 2657 5623 suum
2682 5578 2974 5635 potestatem
3004 5583 3113 5623 esse
3141 5568 3300 5636 fecit?

2077 5651 2096 5676 ε
2133 5643 2293 5692 liucct
2330 5640 2387 5692 Ι).
2420 5639 2710 5708 Gregorius
2734 5642 2784 5692 in
2819 5642 2921 5694 line
2946 5639 3035 5693 lib.
3071 5654 3106 5692 ll
3133 5640 3435 5702 Moralium,
3473 5643 3574 5696 ali-

2005 5720 2086 5765 tcr
2108 5710 2157 5765 in
2178 5709 2590 5775 Christn,alitcr
2622 5712 2674 5766 in
2705 5712 2833 5766 viris
2864 5711 3061 5766 “uictis
3093 5711 3355 5782 Spiritum
3382 5710 3439 5763 Β.
3460 5728 3575 5767 tua-
