4016 6192
371 245 477 300 263

1695 242 1980 300 ,ιοΑΝΝιδ
2019 241 2326 298 CASSIASI

3544 241 3648 297 ΞΗ

371 371 506 437 qoit,
541 366 792 437 Spiritum
840 363 1217 418 descendentem
1246 359 1390 415 sicut
1413 360 1726 429 columbam,
1765 370 1812 417 et
1840 378 1954 416 ma-
1983 362 2033 424 Α
2061 360 2317 416 habuisse
2348 359 2579 414 traditur
2613 360 2667 414 in
2701 358 2905 414 radice.
2940 370 2962 398 ο
2993 358 3256 428 Leporius
3278 357 3368 414 ille
3398 357 3540 412 enim
3569 363 3652 428 (ut

372 474 574 518 stentem
602 478 756 529 super
776 476 913 516 eum.
941 459 1193 512 Discerne
1219 455 1328 522 hic,
1348 453 1394 510 si
1415 462 1590 525 potes,
1613 457 1735 527 quis
1757 456 1956 526 potior,

373 557 491 625 quis
523 555 694 624 ma'jor
719 554 808 619 sit,
854 552 976 620 quis
1007 548 1353 604 honoratior?
1382 549 1426 604 is
1451 549 1541 619 qui
1573 549 1956 618 descendebat,

370 662 438 700 an
464 646 506 701 is
529 646 594 699 ad
619 660 778 713 quem
807 625 1279 697 descendebatur?
1307 640 1356 695 is
1377 641 1464 711 qui
1489 640 1765 697 deferebat
1788 640 1961 695 bono-

371 755 507 805 rem,
551 754 617 792 an
640 738 692 792 .is
720 738 803 792 cui
833 735 1177 791 deferebatur
1205 735 1412 790 honor?
1440 733 1541 791 Ubi
1572 733 1662 790 hic
1711 736 1765 790 in
1807 737 1959 790 testi-

368 833 552 886 tuonio
583 837 763 897 sonat,
807 828 951 900 quod
994 843 1214 885 carnem
1255 827 1372 896 ejus
1420 827 1681 898 templum
1727 828 1957 899 Spiritus

367 921 590 978 fecerit?
620 928 713 975 aut
745 921 796 973 in
825 935 932 990 quo
975 918 1238 974 hooorem
1271 918 1366 973 Dei
1410 918 1637 985 minuit,
1678 919 1723 974 si
1766 919 1831 973 ad
1864 920 1960 974 de-

367 1013 784 1069 monstrandum
817 1011 1056 1067 humano
1102 1012 1286 1080 generi
1328 1010 1498 1066 Deum
1536 1012 1674 1066 Deus
1716 1012 1830 1080 ipse
1859 1012 1955 1068 de-

368 1106 613 1162 scendit?
643 1103 774 1158 Cum
819 1104 1002 1173 utique
1045 1117 1152 1157 non
1192 1103 1370 1157 minor
1409 1103 1631 1173 intelligi
1660 1103 1852 1158 debeat
1884 1105 1950 1169 is,

370 1199 526 1266 cujus
558 1198 788 1252 indicata
821 1198 891 1252 sit
919 1196 1186 1266 dignitas,
1225 1210 1381 1265 quam
1418 1196 1462 1249 is
1490 1197 1580 1266 qui
1616 1195 1772 1250 index
1799 1197 1957 1252 fuerit

368 1289 669 1358 dignitatis.
701 1287 808 1344 Sed
837 1287 977 1342 absit
1008 1287 1170 1342 ullam
1208 1287 1435 1342 credere
1463 1297 1554 1342 aut
1585 1288 1700 1343 fieri
1740 1288 1790 1342 in
1821 1290 1957 1344 divi-

368 1382 538 1437 nitate
566 1379 881 1436 distantiam
909 1397 922 1432 :
949 1380 1072 1450 quia
1096 1378 1282 1434 eadem
1306 1395 1410 1433 una
1432 1378 1625 1444 deitus,
1653 1389 1707 1434 et
1731 1381 1955 1449 aequalis

367 1482 614 1540 potestas
643 1471 950 1540 opinionem
985 1470 1196 1539 penitus
1238 1469 1414 1537 impia:
1457 1471 1836 1536 inaequalitatis
1863 1487 1958 1525 ex-

370 1564 558 1618 cludit.
588 1563 656 1619 Et
677 1561 796 1618 ideo
821 1563 873 1616 in
902 1561 1006 1616 hoc
1032 1562 1265 1632 negotio,
1291 1577 1411 1616 cum
1436 1572 1490 1616 et
1516 1560 1694 1616 Patris
1722 1577 1952 1631 persona

347 1666 422 1727 et
453 1653 577 1708 Filii
605 1664 658 1710 et
690 1654 925 1723 Spiritus
955 1654 1126 1708 sancti
1157 1655 1247 1716 sit.
1279 1661 1333 1709 et
1375 1669 1494 1709 cum
1528 1653 1702 1708 Filius
1748 1654 1841 1712 Dei
1885 1658 1956 1710 sit

2060 451 2327 520 Leporius
2373 451 2670 520 discipulus
2717 465 2848 506 suus
2876 449 3046 522 dixit)
3087 450 3374 505 Dominum
3407 460 3648 505 nostrum

2058 543 2336 599 asserebat
2365 542 2640 599 Christum
2673 543 2872 598 factum
2901 557 3024 598 esse
3065 558 3162 612 per
3189 542 3515 613 baptismum
3543 560 3558 597 :
3593 553 3650 596 tu

2059 637 2112 690 in
2146 635 2411 706 baptismo
2441 637 2700 705 templum
2732 635 2826 690 Dei
2851 634 2988 690 dicis
3015 635 3214 690 factum
3246 651 3369 690 esse
3401 651 3495 704 per
3529 637 3650 705 Spi-

2059 728 2243 783 ritum.
2274 725 2304 767 ἀ
2332 725 2448 786 Non
2479 729 2699 800 quidem
2730 729 2796 783 ad
2830 729 3048 799 plenum
3083 729 3276 784 eadem
3304 731 3470 785 verba
3500 741 3645 796 sunt,

2057 820 2152 876 sed
2184 819 2250 876 ad
2281 820 2496 892 plenum
2525 837 2630 877 una
2663 824 3018 892 perversitas.

2633 977 2865 1035 CAPUT
2903 977 3074 1057 χχιι.

2061 1095 2410 1151 Elevationem
2445 1092 2636 1150 Christi
2670 1095 2726 1166 in
2763 1095 2945 1149 caluit:
2973 1110 3076 1149 non
3107 1095 3206 1150 soli
3233 1093 3456 1166 Spiritui
3484 1097 3651 1151 ascri-

2659 1165 2876 1220 bendam
2911 1181 3043 1220 esse.

2127 1279 2297 1336 Addis
2314 1288 2495 1334 autem
2519 1278 2679 1334 etiam
2706 1281 2810 1337 hoc
2835 1278 3107 1349 praedictis
3128 1278 3494 1348 impietatibns
3517 1280 3642 1345 tuis,

2057 1375 2199 1444 quod
2225 1373 2586 1428 elevationem
2619 1372 2848 1426 Domino
2883 1371 2935 1425 in
2962 1371 3160 1426 ctelum
3185 1371 3420 1441 Spiritus
3443 1371 3648 1425 condo-

2059 1465 2237 1522 narit:
2274 1464 2568 1521 ostendens
2609 1464 2821 1519 scilicet
2849 1463 3111 1532 sacrilego
3142 1477 3303 1518 sensu
3355 1473 3468 1526 tuo,
3499 1464 3642 1532 quod

2057 1567 2165 1612 tam
2217 1556 2546 1612 imbecillum
2583 1571 2647 1610 ac
2683 1566 2790 1610 tam
2845 1570 3072 1626 egenum
3122 1554 3407 1609 Dominum
3461 1555 3644 1611 Jesum

2057 1648 2332 1704 Christum
2367 1648 2532 1703 fuisse
2569 1647 2767 1711 credis,
2797 1647 2938 1715 quod
2975 1647 3076 1702 nisi
3109 1663 3229 1702 eum
3262 1647 3495 1716 Spiritus
3533 1649 3651 1704 cle-

369 1747 437 1800 ad
467 1761 626 1814 quem
668 1746 1040 1810 descenditur,
1074 1746 1304 1817 Spiritus
1332 1747 1419 1816 qui
1452 1745 1762 1814 descendit,
1799 1749 1958 1802 Pater
1987 1740 2034 1798 Β
2062 1752 2238 1796 vasset
2270 1742 2320 1796 in
2349 1741 2572 1805 caelum,
2597 1741 2770 1795 adhuc
2797 1739 2959 1796 hodie
2990 1740 3214 1796 forsitan
3237 1739 3472 1795 futurum
3500 1743 3649 1796 επιειί-

369 1839 460 1908 qui
495 1839 864 1894 testimonium
911 1838 1088 1893 dicit:
1123 1837 1301 1892 nullus
1346 1838 1466 1906 plus
1495 1838 1678 1892 habuit
1709 1837 1952 1903 honoris,

371 1931 550 1984 nullus
579 1929 869 2000 quidquam
914 1930 1122 2000 accepit
1168 1929 1379 1999 injuriae
1407 1948 1419 1984 :
1452 1930 1547 1985 sed
1578 1931 1856 1998 aequaliter
1885 1931 1953 1986 ad

371 2021 760 2087 plenitudinem
792 2021 1008 2076 deitatis
1042 2032 1214 2077 letum
1261 2022 1565 2077 redundat:
1598 2023 1720 2092 quia
1751 2023 1956 2094 quaevis

373 2114 428 2168 in
471 2112 732 2168 Trinitate
776 2127 1006 2182 persona
1039 2112 1298 2168 honorem
1330 2113 1381 2167 in
1412 2129 1471 2168 se
1509 2115 1674 2168 totius
1717 2115 1958 2169 continet

373 2208 674 2264 Trinitatis.
702 2207 768 2262 Et
793 2206 915 2262 ideo
935 2206 1037 2262 dici
1063 2205 1188 2262 hinc
1206 2207 1439 2277 amplius
1467 2224 1572 2262 non
1602 2222 1827 2264 necesse
1849 2215 1954 2275 est,

371 2299 478 2356 nisi
497 2299 562 2354 ad
591 2298 1036 2354 mattifestandam
1061 2307 1266 2353 tantum
1292 2299 1584 2366 impietatis
1607 2307 1717 2354 tua:
1736 2313 1953 2354 causam

371 2403 533 2460 atque
577 2390 870 2461 originem.
900 2399 926 2428 ι
958 2391 1093 2456 Quia
1124 2390 1294 2460 spina:
1332 2391 1518 2461 utique
1563 2407 1626 2446 ac
1673 2391 1857 2447 tribuli
1887 2406 1954 2446 ex

369 2483 640 2540 radicibus
689 2495 1030 2554 emergentes
1075 2482 1333 2552 qualitate
1384 2481 1470 2537 sui
1522 2483 1744 2552 stirpem
1799 2498 1952 2539 suam

368 2577 635 2648 produnt;
670 2593 736 2634 es
767 2592 836 2632 eo
871 2579 988 2648 ipso
1031 2575 1173 2646 quod
1217 2585 1360 2640 sunt,
1395 2575 1634 2631 indicant
1663 2575 1807 2630 unde
1852 2589 1952 2629 na-

367 2679 610 2725 scantur.
639 2667 714 2724 Ita
737 2682 868 2738 ergo
893 2677 949 2723 et
976 2678 1028 2722 tu
1051 2666 1080 2706 ι)
1109 2665 1409 2736 Pelagianae
1430 2666 1709 2723 haereseos
1727 2666 1946 2736 spinosa

366 2759 584 2817 soboles
611 2759 754 2816 idem
786 2759 1028 2816 ostendis
1073 2760 1126 2814 in
1157 2760 1419 2832 germine,
1450 2758 1593 2830 quod
1629 2768 1783 2824 pater
1818 2768 1944 2813 tuus

2061 1851 2237 1892 mares
2267 1836 2321 1891 in
2368 1848 2531 1891 terra.
2561 1834 2640 1890 Ad
2689 1835 3064 1903 probationem
3109 1843 3290 1890 autem
3323 1835 3452 1889 dicti
3478 1836 3644 1892 etiam

2061 1930 2424 1984 testimonium
2472 1943 2688 1983 sacrum
2735 1927 2962 1982 adhibes
3002 1943 3018 1983 :
3068 1927 3244 1997 inquis
3281 1927 3466 1982 enim:
3503 1927 3648 1982 Dans

2061 2024 2302 2075 mandata
2331 2021 2582 2088 apostolis
2607 2036 2733 2088 quos
2776 2019 2957 2090 elegit,
2988 2035 3079 2090 per
3124 2018 3380 2088 Spiritum
3408 2029 3646 2073 sanctum

2061 2115 2282 2168 elevatus
2305 2124 2376 2168 es:
2406 2112 2543 2181 (Act.
2572 2110 2648 2182 ι).
2673 2111 2808 2180 Quid
2837 2121 2886 2166 te
2909 2111 3210 2181 appellem?
3231 2112 3352 2182 quid
3376 2121 3428 2167 te
3450 2113 3648 2166 existi-

2063 2207 2241 2261 mem?
2269 2207 2358 2276 qui
2399 2205 2796 2276 corrumpendo
2825 2205 3033 2260 divinas
3069 2204 3301 2271 litteras,
3343 2205 3394 2259 id
3434 2205 3546 2274 agis
3574 2221 3648 2260 ne

2061 2297 2361 2352 testimonia
2384 2310 2538 2352 sacra
2561 2295 2795 2350 habeant
2817 2295 2922 2349 vim
2949 2295 3417 2350 testimoniorum?
3435 2294 3646 2350 Novum

2057 2389 2296 2443 audacia:
2319 2403 2510 2458 genus,
2537 2387 2679 2456 quod
2705 2386 2756 2442 id
2782 2386 3002 2443 efﬁcere
3026 2387 3361 2457 argumentis
3390 2387 3648 2452 nequitia:

2057 2495 2170 2534 sua:
2191 2480 2402 2544 nititur,
2423 2487 2480 2532 ut
2505 2477 2787 2533 fal-itatem
2807 2477 3008 2534 veritas
3029 2480 3351 2534 confirmare
3374 2478 3644 2534 videatur.

2057 2572 2174 2626 Non
2203 2572 2347 2625 enim
2369 2571 2442 2625 ita
2467 2571 2516 2625 in
2547 2569 2878 2638 Apostolicis
2900 2569 3124 2624 Actibus
3149 2570 3349 2624 dictum
3376 2577 3480 2631 est,
3504 2579 3560 2624 ut
3584 2579 3644 2624 tu

2057 2665 2136 2719 ais
2165 2680 2180 2720 :
2211 2665 2337 2734 quid
2381 2664 2527 2719 enim
2577 2664 2852 2732 Scriptura
2899 2662 3065 2718 dicit?
3113 2662 3243 2730 Quae
3292 2664 3442 2733 erepit
3487 2660 3648 2718 Iesus

2058 2758 2226 2826 [acere
2273 2765 2321 2810 et
2367 2757 2580 2822 docere,
2623 2765 2647 2793 °
2692 2772 2852 2826 usque
2896 2757 2952 2809 in
3000 2755 3134 2808 diem
3185 2771 3288 2826 qua
3340 2757 3646 2828 prtecipiens

1437 2871 1692 2928 ALARDI
1731 2870 1962 2928 GAZIEI
2002 2867 2564 2926 COMMENTARIUS.

365 2979 516 3020 nere.
551 2963 970 3035 Quomodotait,
1001 2964 1267 3035 singulare
1299 2963 1622 3035 signumest,
1651 2963 1790 3035 quod
1819 2962 1944 3035 Spi-

366 3037 494 3089 ritus
520 3048 724 3105 sancms
750 3036 804 3088 in
837 3032 1036 3088 Christo
1066 3032 1368 3105 permanet?
1402 3032 1465 3088 ln
1487 3034 1661 3101 donis,
1689 3034 1802 3089 sine
1831 3034 1947 3101 qui-

367 3107 459 3188 bus
487 3104 554 3187 ad
585 3105 1036 3188 vitamupervepiri
1068 3104 1178 3186 non
1226 3113 1420 3188 potest,
1463 3105 1691 3188 Spiritus
1739 3113 1945 3188 sanctas

2053 2975 2150 3012 nas
2176 2967 2229 3014 et
2258 2960 2508 3026 tribulos,
2539 2969 2810 3028 tamquam
2848 2958 3132 3014 maledicta
3165 2966 3327 3021 terra,
3361 2959 3639 3028 germina-

2050 3030 2162 3101 vit)
2191 3032 2411 3097 Spinosa
2445 3031 2668 3098 proinde
2695 3031 2983 3098 progenies
3012 3030 3255 3085 ostendis
3285 3028 3338 3084 in
3371 3031 3641 3099 germine,

2052 3101 2103 3154 id
2133 3109 2235 3161 est.
2268 3102 2319 3156 in
2355 3111 2407 3157 te
2439 3102 2575 3170 ipso.
2609 3101 2698 3169 qui
2729 3116 2788 3154 es
2825 3115 3045 3169 germen
3079 3101 3246 3165 illius,
3277 3101 3419 3169 quod
3463 3111 3641 3168 pater,

366 3177 470 3229 sive
510 3175 562 3227 in
613 3170 1034 3242 pradicatoribus
1079 3175 1205 3237 suis,
1226 3170 1358 3228 'sive
1401 3175 1454 3226 in
1501 3170 1671 3228 electis
1714 3174 1948 3227 omnibus
1977 3171 2022 3234 C
2055 3170 2105 3242 id
2137 3181 2241 3235 est,
2273 3186 2583 3242 praecessor
2614 3179 2734 3225 tuus
2764 3171 2998 3242 (scilicet
3047 3171 3311 3242 Pelagius,
3343 3171 3429 3225 vel
3461 3171 3644 3239 Lepo-

366 3261 566 3316 semper
597 3254 783 3298 manet.
819 3242 885 3298 In
914 3244 1020 3316 illis
1059 3254 1247 3310 autem,
1277 3245 1462 3316 quibus
1491 3260 1582 3312 per
1608 3245 1947 3316 ostensionem

366 3313 509 3369 illius
538 3331 640 3368 non
667 3324 844 3368 nostra
884 3315 988 3368 vita
1016 3322 1265 3379 servatur,
1290 3313 1383 3367 sed
1411 3316 1636 3368 aliorum
1679 3315 1946 3381 queritur,

366 3401 686 3456 nequaquam
734 3401 932 3456 semper
954 3386 1008 3437 in
1039 3385 1460 3456 prcedicatoribus
1501 3393 1756 3456 permanet
1785 3400 1803 3438 :
1831 3386 1952 3453 quia

367 3454 566 3526 semper
589 3456 796 3526 quidem
827 3454 1004 3509 eorum
1028 3455 1266 3508 cordibus
1286 3454 1354 3508 ad
1385 3456 1503 3508 bene
1529 3455 1796 3508 vivendum
1818 3471 1952 3526 prte-

367 3525 530 3590 sidet;
559 3543 648 3580 nec
687 3535 857 3580 tamen
883 3543 973 3596 per
995 3540 1079 3579 eos
1104 3525 1349 3578 virtutum
1383 3526 1532 3593 signa
1561 3541 1758 3596 semper.
1788 3525 1952 3596 osten-

368 3597 462 3662 dit,
495 3597 587 3651 sed
616 3594 894 3664 aliquando
920 3612 973 3650 se
993 3598 1065 3649 eis
1086 3611 1118 3648 a
1146 3596 1411 3664 signorum
1434 3595 1806 3649 ostensionibus
1824 3594 1949 3649 sub-

370 3668 567 3721 trahit:
601 3666 833 3721 Christus
862 3677 1031 3720 autem
1069 3666 1124 3719 in
1165 3666 1358 3720 cunctis
1390 3664 1644 3735 Spiritum
1675 3675 1722 3719 et
1751 3681 1951 3729 semper

369 3746 417 3808 et
448 3738 683 3791 continue
708 3737 855 3808 habet
878 3744 1198 3808 pra-sentem,
1232 3739 1353 3808 quia
1383 3747 1427 3808 et
1453 3752 1518 3790 ea:
1552 3737 1644 3789 illo
1666 3737 1797 3790 idem
1827 3735 1948 3803 Spi-

369 3807 499 3862 ritus
551 3823 641 3879 per
683 3807 1021 3861 substantiam
1066 3807 1342 3876 profertur.
1391 3807 1541 3879 licet;
1582 3823 1722 3876 ergo,
1754 3823 1870 3860 cum
1897 3808 1952 3862 in

369 3875 560 3934 sanctis
587 3879 1007 3947 pradicatoribus
1036 3887 1272 3944 maneat,
1299 3880 1353 3932 in
1391 3875 1595 3931 Christo
1622 3875 1953 3948 singulariter

369 3967 573 4020 planen
615 3950 955 4020 perhibetur:
982 3949 1107 4017 quia
1146 3949 1200 4020 in
1248 3949 1358 4002 istis
1387 3965 1478 4018 per
1517 3951 1738 4018 gratiam
1781 3957 1952 4003 manet

369 4019 438 4088 ad
483 4016 682 4088 aliquid
710 4035 730 4074 :
757 4020 810 4073 in
849 4019 945 4073 ilto
976 4016 1066 4088 per
1093 4016 1432 4072 substantiam
1460 4016 1630 4073 manet
1653 4021 1720 4073 ad
1749 4029 1950 4074 cuncta.

374 4087 464 4143 Sic
491 4087 802 4157 Gregorius.

448 4166 472 4226 ἒ
505 4160 760 4226 Spectare
804 4157 1019 4212 videtur
1061 4157 1190 4212 illud
1239 4159 1404 4214 Lucae
1432 4175 1488 4214 vr
1519 4175 1533 4210 :
1563 4157 1686 4212 Non
1715 4167 1788 4211 est
1819 4161 1951 4212 enim

373 4225 735 4299 arbor’bona,
783 4243 896 4294 qua
933 4228 1068 4299 facit
1101 4228 1503 4299 fructusdmalos
1540 4242 1558 4281 :
1599 4245 1759 4299 neque
1799 4230 1953 4283 arbor

373 4298 512 4371 mala
554 4297 750 4371 faciens
796 4297 1022 4368 fructum
1052 4297 1256 4371 bonum.
1289 4297 1614 4371 [incauteque
1641 4297 1771 4371 enim
1802 4300 1954 4371 arbor

372 4369 436 4437 de
460 4368 634 4443 fructu
663 4387 760 4425 suo
781 4371 1126 4443 cognoscitur.
1156 4368 1498 4443 Nequeenim
1527 4369 1591 4421 de
1609 4369 1771 4440 spinis
1801 4369 1951 4424 colli-

373 4440 674 4512 guntficus,
701 4440 860 4512 neque
884 4441 949 4494 de
975 4440 1105 4494 rubo
1131 4441 1445 4495 vindemiant
1479 4456 1648 4512 uvam.

442 4508 472 4550 δ
501 4508 1135 4606 NestoriumLPelagiana:
1165 4511 1450 4606 haereseps‘
1469 4510 1708 4566 sobolem
1737 4523 1801 4565 ac
1823 4524 1950 4580 gcr-
1979 4545 2029 4606 υ

372 4597 498 4636 mcn
544 4591 720 4645 vocat,
766 4581 835 4636 ob
882 4583 1141 4635 rationem
1189 4582 1298 4651 jam
1346 4581 1546 4636 dudum
1591 4595 1948 4651 expressam:

372 4651 514 4720 quod
545 4651 845 4708 Nemorius
895 4651 1194 4720 Pelagianae
1247 4652 1517 4708 haereseos
1573 4668 1678 4708 non
1737 4660 1948 4708 tantum

372 4723 546 4778 heres
577 4739 638 4776 ac
663 4730 915 4788 sectator,
947 4723 1041 4777 sed
1067 4731 1121 4776 et
1145 4731 1405 4792 patronus
1439 4737 1504 4778 ac
1533 4720 1709 4776 fautor
1733 4721 1951 4776 exstite-

373 4795 467 4852 rit.
501 4803 552 4846 ut
583 4794 829 4861 superius
863 4791 1246 4847 ostensum’est
1278 4791 1414 4863 (Lib.
1445 4808 1461 4847 ι
1491 4809 1607 4863 cap.
1640 4792 1721 4861 ὅ).
1749 4792 1948 4848 Verum

373 4864 464 4936 alii
495 4863 690 4936 (Basil.
723 4863 924 4936 editio)
955 4863 1134 4933 legunt
1173 4863 1311 4936 :ngu
1360 4862 1658 4936 Pelagiana
1705 4863 1950 4936 hafreseos

372 4932 636 5007 spinosam
657 4932 825 4989 sabuli
851 4932 1263 5007 ﬁdem’ostendis
1289 4937 1340 4988 in
1367 4932 1610 5007 germine,
1640 4933 1778 5002 quod
1807 4943 1952 5005 pater

378 5004 490 5058 tuus
511 5004 748 5060 habuisse
769 5006 988 5058 traditur
1008 5007 1060 5058 in
1081 5007 1270 5060 radice.
1292 5004 1461 5070 Quam
1486 5005 1772 5060 lectionem
1796 5004 1953 5058 Secu-

376 5086 462 5130 tus
485 5075 745 5130 Baronius
761 5073 846 5146 (Τ.
867 5075 904 5128 ν
928 5076 1250 5144 Ληηαι.,ἀη.
1271 5075 1401 5141 420)
1420 5076 1623 5146 colligit
1645 5075 1769 5131 hinc
1786 5075 1958 5143 Lepo-

371 5147 513 5200 rinm
567 5147 718 5216 illum
774 5147 1139 5216 Pelagianam,
1196 5147 1264 5201 de
1319 5161 1424 5216 quo
1473 5145 1632 5210 infra,
1681 5157 1954 5201 auctorem

373 5216 539 5271 fuisse
567 5215 820 5272 Nestorio
850 5231 961 5271 suae
1004 5218 1170 5284 ipsius
1224 5215 1466 5270 haeresis.
1519 5219 1586 5270 At
1617 5216 1763 5281 prior
1793 5217 1956 5272 lectio

373 5295 433 5340 ut
456 5285 666 5342 facilior
682 5297 733 5341 et
757 5287 975 5351 clarior,
1003 5287 1104 5341 Do.
1135 5285 1376 5356 Cuychio
1411 5287 1464 5340 in
1489 5287 1722 5341 editione
1753 5286 1957 5340 Plauti-

368 5357 535 5410 niana
565 5360 760 5427 magis_
775 5358 992 5425 placuit,
1029 5372 1187 5424 quam
1229 5365 1286 5412 et
1313 5357 1545 5412 libenter
1571 5371 1793 5426 sequor.
1822 5356 1954 5412 Nam

373 5427 537 5481 verba
571 5425 699 5481 illa':
725 5425 1027 5497 Pelagiana:
1050 5429 1298 5483 hareseos
1325 5428 1585 5493 spinosam
1613 5425 1787 5482 sabuli
1809 5427 1957 5484 sebo.-

373 5499 478 5552 Iem
506 5497 729 5569 ostendis
755 5498 808 5552 in
832 5499 1083 5569 germine.
1109 5510 1240 5560 etc..
1267 5513 1424 5566 quem
1449 5513 1668 5554 sensum
1699 5497 1952 5569 habeant,

368 5578 424 5623 et
479 5567 748 5636 quomodo
795 5567 1126 5637 cohaereant,
1179 5569 1401 5624 difficile
1446 5578 1528 5624 est
1574 5568 1852 5636 expedire.
1886 5571 1956 5622 At

372 5639 527 5708 justo
574 5648 814 5692 nostram
859 5640 1176 5704 lecticuem,
1208 5654 1403 5695 sensus
1431 5639 1517 5694 hic.
1546 5653 1667 5695 esse
1699 5639 1950 5696 videtur:

372 5708 453 5766 't‘u
488 5708 698 5765 Nestori
727 5709 1023 5779 Pelagianae
1066 5711 1103 5791 ξ,
1125 5735 1152 5784 τε
1179 5725 1334 5769 eseos
1369 5713 1513 5784 (qua;
1544 5709 1677 5766 nihil
1710 5709 1813 5766 nisi
1843 5711 1952 5780 spi-

2054 3241 2166 3297 rius
2197 3238 2539 3313 Pelagianus)
2573 3238 2825 3296 habuisse
2864 3238 3196 3313 traditurin
3223 3240 3400 3313 radice
3445 3259 3460 3294 :
3512 3238 3640 3310 quia

2053 3327 2117 3367 es
2171 3310 2344 3378 ipsius
2386 3310 2572 3366 errore
2618 3321 2889 3377 tamquam
2937 3327 3002 3366 ex
3033 3311 3236 3375 radice,
3291 3310 3516 3365 haeresis
3547 3321 3644 3368 tua

2053 3381 2340 3452 pullulavit
2367 3399 2380 3434 :
2411 3383 2513 3436 hoc
2558 3393 2661 3448 est,
2709 3383 2852 3436 idem
2900 3381 3075 3452 reipsa
3122 3381 3283 3436 doces
3328 3391 3384 3437 et
3411 3383 3640 3453 asseris,

2053 3453 2193 3522 quod
2226 3453 2304 3522 illi
2339 3463 2463 3507 ante
2492 3462 2543 3506 te
2567 3454 2891 3507 docuerunt.

2127 3533 2150 3562 ε
2185 3523 2260 3578 De
2288 3521 2517 3588 Leporio
2547 3524 2694 3590 prius
2739 3521 2934 3591 insigni
2963 3519 3274 3590 Pelagiana,
3297 3591 3300 3592 ν
3323 3529 3444 3590 post
3471 3537 3641 3592 opera

2053 3591 2112 3649 S.
2158 3593 2476 3663 Augustini,
2529 3604 2584 3648 et
2626 3593 2901 3648 Gallorum
2947 3592 3229 3646 doctorum
3284 3591 3456 3662 (inter
3501 3591 3644 3660 quos

2053 3664 2369 3731 Cassianus)
2398 3664 2468 3718 ab
2494 3663 2688 3718 haeresi
2717 3664 2782 3715 ad
2813 3663 2972 3716 ﬁdem
3003 3663 3335 3729 [catholicam
3369 3677 3644 3720 converso

2053 3734 2298 3805 diximus
2336 3733 2678 3805 alias(Lib._t
2707 3731 2929 3805 rap._4).
2962 3734 3196 3805 Apparet
3221 3744 3396 3805 autem
3439 3734 3644 3805 exfhoc

2053 3804 2173 3858 loco
2200 3804 2428 3859 alterum
2461 3804 2627 3858 fuisse
2652 3803 2938 3873 Leporium
2969 3804 3084 3868 eius
3117 3803 3437 3873 discipulum
3476 3803 3643 3872 (Gen-

2055 3875 2177 3929 nad.
2212 3874 2278 3927 de
2321 3873 2427 3928 Vir.
2463 3873 2669 3928 Illustr.
2702 3872 2819 3941 cap.
2851 3872 2964 3939 59),
2991 3888 3018 3926 a
3046 3888 3153 3941 quo
3203 3872 3492 3928 Cassianus
3525 3877 3645 3931 htec

2053 3947 2325 4016 acceperit
2368 3961 2383 4001 :
2436 3954 2634 4016 praeter
2676 3945 2859 4016 alium,
2888 3944 3067 4016 itidem
3097 3943 3336 4016 ejusdem
3381 3944 3640 4016 hinnitus,

2054 4015 2118 4071 D.
2152 4014 2452 4085 Augustino
2488 4015 2710 4070 charum
2754 4027 2812 4086 et
2850 4015 2902 4069 in
2943 4014 3059 4083 ejus
3089 4014 3338 4086 cceuobio
3385 4014 3646 4086 religiose

2053 4080 2356 4158 versnn'tcm
2383 4087 2622 4158 (August.
2648 4087 2710 4139 de
2743 4080 3129 4158 Diversa'serm.
3163 4080 3278 4154 50).

2125 4154 2152 4194 ἀ
2182 4154 2445 4210 Similiter
2486 4154 2575 4214 lib.
2611 4172 2628 4210 ι
2671 4172 2790 4220 cap.
2820 4158 2854 4210 ’5
2888 4173 2901 4209 :
2933 4155 3260 4208 Addiderunt
3291 4154 3639 4225 (Pelagiani)

2055 4226 2338 4281 Dominum
2395 4227 2818 4295 Salvatoremque
2878 4235 3106 4279 nostrum
3174 4226 3642 4295 postibaptisma,

2055 4301 2251 4366 factum
2265 4313 2373 4351 esse
2393 4297 2675 4361 Christum;
2700 4294 2812 4363 post
2833 4294 3273 4360 resurrectionem,
3295 4294 3458 4348 Deum
3482 4298 3648 4350 :alte—

2051 4383 2168 4422 rum
2208 4369 2528 4438 assignantes
2575 4369 2829 4438 unctionis
2875 4367 3146 4437 mysterio,
3192 4367 3411 4438 alterum
3459 4367 3646 4421 merito

2053 4435 2333 4505 passionis:
2383 4437 2534 4492 Unde
2579 4435 2797 4492 advertit
2849 4435 3008 4491 novus
3053 4453 3154 4490 non
3201 4452 3344 4490 nova:
3393 4437 3648 4492 hereseos

2057 4517 2235 4562 auctor
2288 4510 2307 4579 (
2335 4507 2670 4577 Nestorius)
2721 4509 2810 4578 qui
2868 4507 3147 4561 Dominum
3223 4506 3649 4579 Salvatoremaue

2057 4578 2621 4633 nostrum'solitarium
2668 4579 2924 4633 hominem
2969 4587 3144 4631 natum
3199 4594 3302 4631 esse
3356 4578 3645 4646 contendit,

2055 4650 2188 4703 idem
2214 4667 2269 4704 se
2293 4651 2500 4705 omnino
2530 4649 2719 4720 dicere,
2761 4649 2899 4720 quod
2941 4647 3305 4719 Pelagianism
3332 4663 3452 4702 ante
3487 4648 3647 4703 dixe-

2056 4729 2480 4861 “Thaidem:
2505 4791 2705 4845 Auctor
2727 4789 3056 4855 Nestorium.
3085 4788 3228 4861 (1³οδ
3257 4789 3310 4844 in
3335 4787 3428 4861 his
3457 4787 3648 4845 verbis

2060 4875 2165 4916 non
2196 4860 2386 4916 solum
2414 4861 2710 4928 Scriptura:
2740 4875 2983 4921 sensum,
3026 4860 3118 4915 sed
3151 4869 3208 4914 et
3235 4860 3522 4914 verborum
3554 4875 3652 4913 or-

2059 4932 2242 4988 dinem
2283 4939 2618 5000 perverteret
2659 4939 2818 5000 atque
2861 4930 3216 4985 confunderet
3250 4948 3263 4983 :
3294 4930 3491 5000 quippe
3520 4944 3651 4986 cum

2061 5003 2224 5058 verba
2254 5003 2362 5062 illa.
2391 5018 2482 5073 per
2511 5001 2765 5073 Spiritum
2791 5011 3046 5065 sanctum,
3074 5015 3194 5073 quae
3222 5001 3288 5054 ad
3319 5001 3653 5073 cleationem

2060 5070 2435 5142 apostolorum
2470 5070 2750 5127 referenda
2781 5080 2930 5142 sunt,
2963 5073 3078 5139 ipse
3122 5070 3188 5125 ad
3221 5070 3652 5138 assumptionem

2060 5141 2154 5198 seu
2183 5143 2558 5200 ascensionem
2598 5141 2799 5196 Christi
2831 5142 3092 5205 referret,
3119 5142 3189 5194 ita
3223 5142 3396 5195 citans
3424 5149 3482 5194 et
3510 5153 3652 5195 con-

2060 5223 2275 5268 struens
2303 5214 2448 5269 hunc
2470 5214 2646 5268 locum
2673 5231 2685 5265 :
2718 5212 2863 5266 Dans
2895 5210 3138 5266 mandata
3157 5212 3405 5281 apostolis
3431 5209 3508 5281 (id
3537 5222 3651 5279 est,

2060 5284 2365 5355 praecipiens
2396 5287 2667 5349 apostolis,
2700 5292 2754 5337 ut
2785 5291 2968 5337 noster
2997 5280 3268 5355 interpres
3298 5280 3495 5355 vertit)
3518 5296 3655 5355 quos

2057 5350 2232 5423 elegit,
2264 5369 2352 5424 per
2405 5355 2661 5424 Spiritum
2687 5360 2924 5424 sanctum
2958 5354 3180 5407 elevatus
3210 5359 3302 5424 est.
3335 5350 3656 5424 Verum_alii

2062 5421 2315 5479 auctores
2344 5421 2569 5479 cenSent
2598 5423 2863 5495 illtld._dtc't
2893 5425 3181 5495 ηνσύματος
3211 5422 3494 5495 ἁγίοιιὶλρςν
3523 5421 3656 5495 ξρε-

2058 5496 2219 5548 ritum
2245 5503 2497 5560 sanctum,
2527 5508 2685 5562 posse
2706 5490 2924 5564 adjungi
2954 5490 3568 5564 et'prascep'toChristi,
3595 5501 3660 5547 et

2058 5566 2313 5622 cleetioni
2341 5561 2732 5632 apostolorum,
2755 5561 2809 5618 et
2829 5561 3186 5632 assumptioni
3207 5561 3433 5618 Christi.
3464 5561 3654 5632 Primo

2057 5639 2198 5691 enim
2231 5647 2282 5689 et
2314 5631 2554 5704 proxime
2590 5634 2780 5689 referri
2826 5631 3092 5703 potestad
3129 5641 3458 5704 praeceptum
3486 5631 3651 5704 Chrig

2055 5707 2156 5775 sti,
2188 5703 2481 5765 secundum
2523 5704 2993 5778 Chrysostomuui,
3042 5709 3167 5776 quia
3202 5703 3434 5776 Spiritus
3475 5703 3654 5764 sancti
