4016 6192
356 300 467 357 ΞΗ

1354 303 1437 357 DE
1480 301 1988 361 INCARNATIUNE
2029 302 2296 360 CHRISTI
2339 306 2465 361 LIB.
2516 308 2623 364 Vll.

3528 317 3636 375 250

356 411 599 482 Cumque
624 416 742 481 ipse
774 413 900 481 sibi,
932 423 991 467 ut
1027 413 1166 467 solet
1194 427 1373 467 sermo
1400 412 1639 476 divinus,
1666 412 1817 482 quasi
1848 413 1946 467 sub
1974 419 2022 476 A
2050 430 2171 469 eum
2200 416 2421 484 gloriam
2470 419 2666 474 habere
2696 421 2989 490 propriam,
3025 432 3078 479 ut
3111 440 3217 480 non
3263 441 3521 498 negemus
3550 438 3633 484 ta-

357 503 686 573 inquirentis
732 506 951 561 nomine
994 505 1385 574 respondisset,
1436 505 1563 571 Quis
1591 516 1667 559 est
1708 507 1803 560 iste
1837 507 1948 560 Rea:

354 596 786 669 gloric?statitu
834 597 1094 664 subdidit,
1143 595 1398 651 Dominus
1440 598 1589 667 fortis
1637 607 1684 650 et
1727 608 1944 667 potens,

352 688 613 744 Dominus
662 701 840 758 potens
868 693 922 743 in
961 689 1178 759 pratia;
1224 689 1324 743 sub
1370 688 1539 757 przelii
1587 690 1771 758 utique
1810 689 1947 758 gesti

350 782 600 848 nomine,
650 783 931 837 victoriam
961 781 1174 837 Domini
1204 781 1586 847 triumphantis
1626 782 1941 835 Ostendens.

353 872 562 929 Deinde
591 890 715 928 cum
744 875 810 928 ad
839 874 1214 945 complendam
1243 876 1319 929 rei
1349 876 1768 944 expositionem,
1820 886 1943 930 tex-

349 976 462 1022 tum
493 967 789 1036 supradicti
831 967 1098 1023 sermonis
1143 969 1424 1031 iterasset,
1467 967 1566 1022 hac
1606 967 1942 1035 majestatem

347 1060 571 1115 Domini
600 1061 798 1116 coelum
848 1061 1175 1115 introeuntis
1222 1060 1572 1115 conclusione
1602 1059 1941 1125 monstravit,

346 1152 540 1207 dicens
555 1168 571 1208 ζ
588 1150 841 1206 Dominus
862 1152 1130 1215 virtutum,
1148 1152 1256 1223 ipse
1276 1162 1349 1205 est
1372 1150 1485 1204 Rea:
1498 1149 1700 1222 g'oriae.
1726 1150 1947 1204 Scilicet

347 1260 416 1298 ne
444 1244 724 1309 susceptio
754 1243 1000 1312 corporis
1036 1243 1292 1297 honorem
1324 1256 1550 1295 summa:
1598 1241 1947 1295 imminueret

344 1338 376 1391 d
404 1338 673 1398 vinitatis.
710 1337 960 1392 eumdem
990 1337 1076 1392 hic
1103 1336 1392 1390 Dominum
1438 1336 1718 1399 virtutum,
1764 1345 1818 1390 et
1856 1351 1944 1390 re-

343 1443 465 1497 gem
505 1429 746 1482 cmlestis
772 1428 957 1498 gloriae
996 1442 1119 1483 esse
1155 1427 1364 1490 docuit,
1396 1442 1555 1496 quem
1586 1426 1836 1496 superius
1862 1426 1945 1480 vi-

342 1528 553 1573 ctorem
606 1518 799 1573 inferni
849 1518 1017 1587 praelii
1046 1519 1380 1587 praedicavit.
1425 1518 1577 1573 Nunc
1605 1528 1659 1573 et
1684 1518 1938 1573 donatam

343 1609 582 1664 Domino
611 1611 838 1680 gloriam
869 1625 990 1665 esse
1017 1610 1205 1675 dicito,
1226 1606 1357 1664 cum
1398 1618 1452 1664 et
1489 1608 1768 1679 prophetia
1813 1624 1937 1664 eum

342 1700 549 1772 Regem
581 1703 769 1771 gloriie
794 1717 916 1757 esse
939 1702 1161 1770 dixerit,
1193 1710 1249 1757 et
1288 1704 1403 1770 ipse
1428 1703 1498 1757 de
1540 1717 1600 1756 se
1642 1702 1711 1756 ita
1746 1701 1939 1757 testiﬁ-

2052 522 2172 562 men
2207 507 2342 563 hanc
2370 502 2538 578 ipa-am
2570 513 2755 581 gloriae
2785 516 3166 583 proprietatem
3197 520 3244 573 ei
3283 535 3405 574 cum
3434 521 3633 591 Spiritu

2048 614 2112 655 ac
2142 601 2294 655 Patre
2321 618 2439 658 esse
2469 619 2830 660 communem.
2861 607 2993 673 Quia
3036 610 3294 681 quidquid
3337 612 3478 668 Deus
3508 629 3637 682 pos-

2048 692 2208 757 sidet,
2253 693 2475 748 Deitatis
2521 706 2632 759 est;
2680 708 2732 751 et
2776 713 3000 766 regnum
3040 700 3228 768 glorize
3277 703 3346 755 ita
3380 713 3462 757 est
3493 703 3632 758 Filio

2049 784 2141 838 Dei
2177 786 2474 853 pr0prium,
2506 787 2645 854 quod
2688 803 2794 840 non
2822 798 2905 843 est
2936 798 3109 844 tamen
3141 807 3168 843 a
3205 793 3365 846 totius
3400 793 3632 851 Deitatis

2049 880 2379 945 preprietate
2409 877 2658 932 divisum.

2258 1038 2277 1046 _
2600 969 2827 1026 CAPUT
2866 971 3053 1025 xxw.

2119 1057 2174 1113 Β.
2210 1057 2400 1112 IIilarii
2421 1062 2728 1115 auctoritate
2753 1062 3040 1115 doctrinam
3071 1062 3205 1116 hanc
3232 1066 3528 1119 corroborat

2116 1149 2222 1204 Sed
2247 1158 2455 1221 tempus
2478 1152 2686 1206 tandem
2712 1162 2792 1206 est
2819 1153 2978 1208 linem
3004 1155 3165 1220 libro,
3189 1158 3352 1210 immo
3375 1158 3625 1212 universo

2046 1243 2198 1313 operi
2234 1243 2531 1312 imponere,
2572 1245 2615 1299 si
2650 1261 2937 1313 paucorun
2972 1254 3149 1301 tamen
3191 1258 3498 1303 sanctorum
3548 1251 3626 1304 vi-

2045 1349 2230 1388 rorum
2259 1346 2417 1403 atque
2445 1336 2729 1388 illustrium
2757 1337 3097 1390 sacerdotum
3123 1337 3262 1391 dicta
3291 1339 3580 1393 subdidere
3605 1383 3621 1407 ,

2043 1436 2101 1480 ut
2136 1425 2186 1479 id
2214 1426 2354 1493 quod
2384 1427 2704 1480 auctoritate
2735 1427 3164 1481 testimoniorum
3196 1443 3472 1483 sacrorum
3514 1429 3620 1497 jam

2040 1518 2480 1586 approbavimus,
2510 1518 2673 1572 etiam
2706 1516 2808 1571 fide
2840 1518 3122 1586 praesentis
3171 1521 3432 1587 temporis
3462 1518 3623 1572 robu-

2040 1626 2240 1666 remus.
2277 1620 2303 1647 η
2332 1610 2564 1664 llilarius
2593 1610 2676 1664 vir
2700 1612 2957 1665 virtutum
2990 1611 3228 1666 omnium
3271 1621 3428 1682 atque
3458 1627 3622 1666 orna-

2042 1713 2368 1766 mentorum,
2401 1712 2454 1756 et
2480 1703 2620 1757 sicut
2644 1701 2771 1767 vita,
2808 1703 2879 1755 ita
2907 1702 3219 1770 eloquentia
3250 1702 3492 1771 insignis,
3525 1702 3618 1771 qui

343 1804 500 1847 catus
532 1794 604 1847 sit
634 1793 799 1846 :Cum
842 1794 1031 1848 venerit
1076 1793 1255 1848 Filius
1301 1793 1530 1848 hominis
1564 1794 1618 1847 in
1648 1793 1817 1866 gloria
1843 1809 1939 1847 sua
1969 1786 2015 1846 B
2042 1803 2096 1849 et
2139 1793 2395 1863 magister
2437 1793 2796 1847 Ecclesiarum
2838 1802 2894 1848 et
2930 1792 3204 1857 sacerdos,
3248 1807 3352 1847 non
3399 1808 3493 1862 per
3523 1806 3623 1847 sua

344 1881 567 1952 (Matth.
601 1882 752 1954 xxv).
780 1883 1064 1954 Repugna,
1092 1885 1136 1939 si
1170 1893 1344 1954 potes,
1374 1894 1429 1940 et
1457 1885 1847 1949 contradicito;
1878 1892 1937 1939 ut

340 1989 465 2028 cum
500 1975 593 2029 ille
615 1990 677 2030 se
709 1975 909 2030 habere
948 1983 1174 2030 testetur
1206 1975 1433 2043 gloriam
1474 1990 1650 2042 suam,
1694 1982 1751 2028 tu
1781 1989 1939 2030 acce-

340 2064 492 2134 pisse
520 2080 644 2121 eum
680 2065 828 2121 dicas
855 2066 1107 2121 alienam.
1140 2065 1398 2132 Quamvis
1442 2081 1541 2120 nos
1584 2065 1656 2120 ita
1696 2065 1938 2121 dicamus

2042 1892 2248 1939 tantum
2280 1885 2504 1953 merita,
2538 1883 2633 1939 sed
2662 1885 2825 1939 etiam
2856 1898 2950 1954 per
2982 1883 3251 1955 proiectus
3292 1885 3463 1939 crevit
3489 1885 3624 1937 alio-

2039 1991 2182 2040 rum,
2214 1984 2271 2030 et
2296 1978 2436 2029 inter
2467 1976 2732 2045 procellas
2762 1975 3194 2043 persecutionum
3228 1975 3299 2027 ita
3329 1975 3623 2029 iuunobilis

2038 2066 2297 2135 perstitit,
2339 2074 2398 2120 ut
2440 2080 2537 2135 per
2580 2066 2793 2120 invictae
2840 2063 2965 2120 ﬁdei
2994 2062 3363 2118 fortitudinem
3392 2061 3419 2101 δ
3454 2066 3618 2119 etiam

1429 2204 1689 2260 ALARDI
1728 2205 1958 2263 GAZ-IEI
1994 2205 2562 2264 COMMENTARIUS.

340 2319 595 2372 bonorum
622 2318 693 2390 ad
723 2319 933 2390 angelos
968 2319 1400 2390 maloquuorum
1428 2318 1665 2390 princeps
1693 2319 1932 2373 diabolus

340 2398 439 2442 est.
472 2390 539 2445 Et
564 2388 702 2443 infra
735 2408 748 2442 :
776 2387 902 2461 Quis
923 2400 997 2445 est
1021 2393 1113 2444 iste
1138 2387 1256 2443 Rex
1292 2390 1511 2461 gloriae?
1539 2387 1653 2443 Vox
1674 2392 1931 2461 majorum

339 2461 659 2524 damonum,
690 2477 753 2513 ac
781 2461 825 2514 si
853 2460 1079 2530 dicerent
1103 2476 1121 2514 .'
1152 2461 1263 2514 Nos
1292 2458 1546 2530 nostrum,
1566 2476 1733 2530 regem
1775 2458 1931 2512 habe-

341 2547 458 2583 mus
478 2529 775 2603 diabolum;
801 2532 895 2584 iste
915 2529 1027 2603 Rea:
1049 2530 1231 2603 gloria:
1251 2531 1364 2600 quis
1385 2532 1496 2603 est?
1518 2528 1764 2603 Dominus
1782 2531 1939 2603 fortia

338 2612 392 2671 et
419 2609 620 2670 potens.
654 2599 768 2654 Vox
792 2596 1090 2671 angelorum
1121 2596 1366 2655 bonorum
1387 2617 1405 2654 :
1428 2602 1573 2669 [ortis
1596 2611 1691 2659 est.
1731 2596 1819 2671 qui
1848 2596 1930 2653 all

342 2670 522 2740 ligavit
548 2675 733 2739 [artem
760 2672 1038 2741 principem
1078 2681 1329 2736 vestrum;
1360 2672 1509 2741 fortis
1545 2687 1662 2724 cum
1704 2671 1929 2738 suscepit

346 2751 588 2801 mortem,
624 2752 802 2807 potens
832 2758 946 2795 cum
986 2741 1105 2794 vicit
1143 2744 1423 2811 infernum.
1467 2741 1532 2794 lu
1564 2742 1742 2809 praelia
1775 2756 1931 2795 :cum

344 2812 577 2882 spoliato
604 2821 821 2875 tartara,
853 2812 1055 2865 reduxit
1085 2828 1255 2865 secum
1286 2812 1662 2865 multitudinem
1702 2812 1929 2882 captivo-

342 2897 487 2933 rum.
537 2881 666 2935 lltec
705 2882 1085 2948 llierouymus.
1129 2882 1184 2935 In
1225 2883 1467 2936 eamdem
1498 2881 1821 2936 sententiam
1864 2882 1926 2935 D.

342 2950 588 3023 Thomas
617 2952 697 3023 (Ill
726 2969 806 3019 p.,
833 2952 1011 3023 q.§:’.,‘
1043 2968 1093 3004 a.
1123 2950 1212 3021 2),
1240 2952 1366 3023 dum
1407 2967 1595 3023 causas
1633 2951 1799 3023 all‘ert
1831 2968 1929 3005 cur

341 3019 680 3076 conveniens
704 3024 861 3076 fuerit
881 3019 1097 3076 Christu
1112 3019 1241 3075 min
1273 3021 1542 3076 infernqu
1570 3021 1920 3086 descendere,

344 3091 489 3146 banc
524 3094 734 3146 tertiam
778 3092 1014 3161 assignat
1044 3110 1056 3144 :
1086 3087 1153 3146 Ut
1182 3094 1343 3159 sicut,
1386 3094 1576 3159 inquit,
1627 3101 1925 3162 potestatem

342 3178 495 3213 suam
532 3163 753 3215 ostendit
782 3163 836 3215 in
873 3174 1005 3215 terra
1045 3164 1250 3215 vivendo
1284 3174 1328 3216 et
1357 3163 1641 3226 moriendo,
1667 3165 1737 3213 ita
1775 3164 1929 3214 etiam

344 3241 650 3304 potestatem
674 3232 1125 3304 suam_ostenderet
1156 3236 1208 3285 in
1233 3235 1647 3304 inferno,.ipsum
1673 3232 1938 3286 visitando

342 3310 394 3355 et
422 3301 787 3357 illuminanda.
822 3301 970 3358 Unde
991 3303 1179 3356 dicitur
1200 3303 1252 3356 in
1275 3304 1470 3372 psalmo
1492 3301 1731 3372 trigesimo
1757 3304 1933 3356 tertio;

346 3372 580 3426 Attollitc
598 3385 795 3443 portas,
820 3373 1097 3443 principes,
1127 3385 1336 3426 uestras.
1362 3371 1567 3439 Glossa’,
1599 3373 1652 3425 id
1670 3380 1763 3440 est,
1787 3374 1926 3439 prin-

345 3443 483 3510 cipes
510 3445 723 3513 inferni,
753 3447 954 3514 auferte
997 3451 1290 3514 potestatem
1332 3451 1579 3514 vestram,
1626 3459 1727 3513 qua
1772 3460 1928 3511 usque

346 3528 483 3567 nunc
512 3512 743 3568 homines
770 3512 1050 3583 in‘inferno
1079 3513 1398 3568 detinebatis.
1444 3512 1510 3566 Et
1535 3514 1607 3567 sic
1636 3512 1690 3566 in
1720 3515 1931 3566 nomine

344 3583 471 3636 Iesu
498 3600 645 3637 omne
684 3601 817 3654 genu
846 3582 1111 3655 ﬂectatur,
1153 3600 1258 3655 non
1286 3582 1454 3637 solum
1478 3584 1792 3655 caal‘esti_um,
1838 3586 1933 3637 sed

344 3656 494 3707 etiam
516 3650 858 3722 infensorum,
879 3663 935 3708 ut
956 3653 1142 3707 dicitur
1170 3653 1367 3719 Philip.
1391 3669 1447 3707 tt.
1470 3654 1557 3708 Sic
1581 3652 1642 3705 D.
1669 3650 1925 3708 Thomas.

344 3723 530 3778 Plures
574 3725 708 3779 altas
754 3725 1123 3794 expositiones
1175 3725 1333 3778 alfert
1383 3724 1522 3777 idem
1568 3723 1928 3792 Hieronymus

344 3795 534 3848 eodem
558 3798 698 3860 loco,
724 3809 857 3864 quas
880 3795 1154 3850 brevitatis
1175 3809 1334 3848 causa
1359 3795 1731 3864 praetermitto.
1760 3796 1928 3849 l’orro

344 3878 466 3917 cum
495 3881 565 3918 ex
603 3865 874 3933 praedictis
919 3864 1187 3931 Patribus,
1236 3866 1536 3933 prtescrtim
1584 3863 1838 3933 Dionysio
1874 3873 1929 3920 et

346 3933 701 4007 Hieronymo,
734 3936 902 3990 videri
936 3936 1111 4007 possit
1136 3947 1241 3988 tam
1274 3935 1493 4007 angelos
1536 3934 1927 4007 quamAdtemo-

346 4003 768 4073 nesigubrasse.
800 4003 962 4060 etiam
994 4008 1047 4061 in
1093 4006 1206 4070 ipsa
1254 4005 1608 4068 Ascensione,
1652 4003 1926 4060 Cbrismm

346 4090 464 4128 esse
514 4091 698 4130 verum
743 4075 933 4143 Deum,
979 4078 1275 4131 natandum
1326 4077 1425 4130 hac
1469 4076 1537 4130 de
1580 4091 1641 4130 re
1685 4074 1927 4143 ejusdem

344 4145 567 4217 Thomas
595 4147 803 4215 insigne
833 4146 1217 4217 documentum
1241 4146 1280 4216 (ι
1302 4164 1379 4217 ρ..
1402 4162 1455 4216 q.
1480 4147 1571 4217 57,
1598 4162 1651 4199 a.
1681 4144 1820 4217 5,ad
1848 4143 1925 4215 1):

347 4214 422 4268 De
452 4214 721 4287 mysterio,
752 4218 944 4286 inquit,
974 4214 1353 4271 lncarnation'is
1377 4214 1651 4287 dupliciter
1679 4214 1928 4286 contingit

345 4287 479 4355 loqui
502 4286 523 4340 ὲ
549 4302 655 4340 uno
676 4289 825 4342 modo
852 4288 903 4340 in
928 4289 1176 4357 generali,
1207 4296 1255 4341 et
1282 4287 1357 4357 sic
1385 4286 1619 4341 omnibus
1649 4287 1927 4341 revelatum

344 4366 417 4427 est
442 4374 475 4409 a
508 4358 767 4427 principio
793 4373 903 4412 sua:
929 4356 1274 4412 beatitudinis.
1323 4356 1485 4425 Cujus
1527 4359 1657 4411 ratio
1684 4366 1776 4422 est,
1804 4358 1926 4427 quia

343 4425 439 4480 ltoc
459 4437 537 4481 est
565 4425 830 4497 quoddam
854 4428 1087 4496 generale
1116 4428 1446 4495 principium,
1477 4428 1545 4481 ad
1572 4428 1709 4497 quod
1753 4425 1925 4481 omnia

341 4512 517 4551 eorum
538 4494 719 4577 fficia
756 4494 1085 4577 ordinantur.
1119 4494 1318 4577 Omnes
1360 4498 1494 4552 enim
1538 4494 1658 4577 sunt
1704 4498 1923 4577 admitti.
1948 4496 2003 4556 D
2030 4496 2232 4577 ςξςιιιοε3
2265 4497 2491 4564 aliisque
2544 4495 2617 4577 in"
2652 4494 2813 4577 lpcis;

342 4567 829 4637 aratorii—spiritus,
860 4581 912 4621 ut
941 4569 1131 4623 dicitur
1163 4567 1498 4623 Hebraorum
1537 4569 1719 4637 primo,
1754 4568 1807 4620 in
1836 4570 1929 4623 mi-

343 4639 610 4691 nisterium
650 4640 793 4692 missi
835 4652 1039 4709 propter
1079 4655 1164 4693 eos
1201 4642 1290 4706 qui
1331 4638 1678 4709 hatreditatem
1720 4640 1929 4709 capiunt

341 4709 544 4772 salutis,
589 4709 727 4776 quod
760 4707 938 4778 βιρά
982 4707 1363 4764 Incarnationis
1409 4708 1727 4778 mysterium.
1780 4707 1930 4763 Unde

342 4780 565 4847 oportuit
594 4779 659 4831 de
681 4778 777 4833 hoc
797 4781 1039 4849 mysterio
1063 4797 1236 4834 omnes
1266 4798 1296 4833 a
1323 4779 1572 4849 principio
1599 4781 1931 4849 communiter

340 4852 557 4903 edoceri.
590 4851 710 4903 Alio
740 4847 891 4904 modo
918 4867 1191 4919 possumus
1215 4847 1352 4919 loqui
1379 4852 1441 4903 de
1468 4847 1708 4919 mysterio
1738 4847 1927 4903 lucar-

340 4922 554 4975 ttatioru's
581 4930 834 4991 quantum
868 4917 938 4975 ad
965 4922 1209 4987 speciales
1247 4917 1580 4975 conditiones.
1611 4917 1790 4991 Etrsic
1816 4938 1917 4976 non

340 5006 505 5045 omnes
523 4992 699 5061 angeli
722 5008 754 5044 a
777 4993 1027 5063 principio
1048 4992 1110 5046 de
1132 4991 1364 5046 omnibus
1392 5002 1508 5045 sunt
1534 4990 1738 5063 edocti;
1760 4991 1915 5046 immo

338 5063 543 5128 quidam
569 5063 724 5116 etiam
741 5061 1030 5131 superiores
1051 5064 1223 5134 angeli
1245 5063 1565 5134 postmodum
1584 5061 1878 5134 didicerunt
1897 5103 1912 5128 ,

340 5080 543 5128 gaianas
569 5080 724 5116 etiam
741 5080 1030 5131 superiores
1051 5080 1117 5116 an
1157 5080 1223 5118 ett
1245 5080 1565 5134 postmoaum
1584 5080 1878 5116 atatcerunt
1897 5103 1912 5128 ,

340 5143 388 5205 I_tl
413 5144 551 5203 patet
584 5150 677 5205 per
704 5135 1063 5188 auctoritatem
1108 5080 1348 5205 Dionysii
1394 5133 1676 5186 inductam.
1728 5132 1818 5205 Sic
1849 5132 1915 5187 D.

339 5201 589 5274 Thomas.
614 5203 861 5274 Lyram]!
883 5205 1029 5259 addit
1054 5201 1266 5274 angelis
1280 5204 1574 5259 innotuisse
1601 5203 1912 5274 mysterium

339 5272 727 5328 lucarnattotits
773 5290 867 5342 per
916 5272 1213 5330 Ecclesium
1269 5275 1574 5344 cognitione
1631 5272 1925 5344 intuitiva,

341 5347 472 5412 quod
501 5358 665 5399 antea
703 5341 1067 5415 cognoverant
1095 5341 1395 5415 cognitione
1416 5341 1915 5415 abstractiVaL‘Non

341 5411 534 5479 solum,
581 5411 796 5484 inquit:
842 5418 1133 5471 nominibus
1163 5411 1272 5485 'fuit
1316 5415 1675 5469 absconditum
1728 5411 1921 5468 Christi

342 5487 658 5556 mysterium,
679 5495 727 5537 et
750 5490 967 5541 maxime
993 5487 1055 5541 de
1080 5487 1341 5540 vocatione
1365 5487 1589 5557 gentium
1611 5502 1628 5547 ;
1657 5485 1746 5537 sed
1766 5485 1920 5537 etiam

341 5558 505 5628 angeli
548 5561 713 5611 sancti
740 5572 855 5628 non
870 5569 1207 5626 cognoverunt
1236 5559 1302 5610 ad
1330 5564 1558 5628 ptenum,
1591 5558 1753 5608 donec
1782 5571 1917 5622 prte—

343 5626 630 5699 dicarttibus
656 5627 905 5699 apostolis
932 5629 1027 5694 fuit
1050 5626 1339 5699 impletum.
1369 5626 1501 5693 Quia
1532 5635 1685 5699 antea
1723 5635 1919 5699 tantum

345 5698 623 5752 habuerunt
670 5698 953 5764 simplicem
984 5696 1236 5763 notitiam,
1260 5713 1371 5765 qua:
1395 5706 1556 5766 potest
1583 5697 1686 5749 diri
1722 5696 1918 5747 abstra-

345 5771 489 5839 ctira,
523 5772 577 5823 in
609 5780 854 5839 quantum
897 5781 967 5824 cst
1010 5770 1081 5824 rei
1124 5787 1223 5824 non
1263 5768 1558 5840 praesentis;
1599 5766 1686 5821 sed
1719 5768 1919 5836 quando

2034 2319 2134 2388 fuit
2160 2321 2441 2390 impletum,
2466 2321 2750 2375 habuerunt
2774 2322 3005 2376 notitiam
3028 2322 3492 2391 experintentalem,
3516 2323 3624 2377 sive

2033 2390 2341 2462 intuitioam,
2373 2399 2479 2446 etc.
2523 2391 2677 2446 Juxta
2712 2392 2852 2445 hunc
2884 2393 3045 2462 igitur
3089 2407 3305 2445 sensum
3353 2393 3621 2460 interpre-

2035 2461 2193 2513 tanda
2224 2470 2349 2515 sunt
2377 2462 2535 2532 verba
2566 2462 2805 2532 Dionysii
2842 2475 2890 2515 et
2915 2461 3257 2532 Hieronymi,
3306 2477 3447 2532 qute
3468 2463 3619 2531 igno-

2025 2533 2264 2591 rantiam
2300 2542 2405 2585 tam
2436 2531 2823 2587 Incarnatioais
2867 2548 3027 2599 quam
3078 2532 3373 2585 divinitatis
3420 2531 3619 2587 Christi

2026 2601 2192 2671 etiam
2218 2601 2387 2656 beatis
2413 2602 2635 2671 angelis,
2669 2612 2719 2656 et
2749 2604 2800 2655 in
2833 2603 2943 2670 ipsa
2985 2604 3101 2669 ejus
3142 2604 3492 2668 Ascensione,
3526 2606 3620 2655 tri-

2023 2663 2203 2735 iuuere
2231 2663 2520 2725 videntur":
2545 2663 2667 2741 quia
2716 2663 2968 2725 nimirum
3015 2663 3119 2725 non
3165 2673 3320 2739 plene
3351 2682 3403 2726 et
3434 2663 3619 2739 explo-

2021 2740 2150 2816 rate
2180 2740 2763 2816 cognoverunt’omnes
2803 2742 2919 2811 ejus
2947 2743 3399 2816 circumstantias,
3429 2743 3619 2816 cotidi-

2026 2810 2210 2864 ‘tiones
2253 2810 2308 2865 et
2353 2811 2615 2875 effectus,
2663 2827 2797 2878 quos
2838 2810 3031 2879 postea
3089 2826 3184 2878 per
3233 2812 3616 2866 t’ct’clnlioncm

2034 2880 2291 2946 divinant,
2319 2893 2374 2935 et
2396 2898 2489 2950 per
2510 2883 2950 2951 prmdicationem
2979 2882 3343 2947 apostolorum
3367 2892 3421 2933 et
3445 2879 3615 2949 ipsam

2032 2952 2419 3019 experientiam
2462 2953 2785 3005 didicerunt.
2831 2953 2945 3018 Quo
2988 2953 3147 3004 etiam
3195 2960 3398 3017 εριιςιιιι
3432 2952 3514 3003 illa
3551 2952 3612 3005 Ι).

2032 3021 2177 3075 Pauli
2206 3024 2469 3093 Sententia
2496 3021 2720 3093 (Epltes.
2748 3025 2843 3091 ιιι)
2870 3040 2881 3074 :
2914 3020 3047 3075 Mihi
3070 3021 3293 3093 omnium
3324 3033 3617 3093 sanctorum

2032 3093 2243 3144 minimo
2271 3092 2393 3144 data
2422 3091 2691 3161 est‘grutia
2720 3094 2856 3159 haec,
2890 3093 2946 3145 in
2992 3092 3222 3161 gentibus
3269 3091 3618 3160 evangelicarc

2032 3161 2404 3231 investigabilcs
2426 3162 2627 3216 divitias
2658 3161 2871 3229 Christi,
2902 3170 2949 3216 et
2976 3161 3273 3216 illuminare
3296 3177 3467 3213 omnes
3494 3177 3611 3231 gnte

2031 3232 2096 3284 sit
2124 3232 2443 3300 dispensatio
2471 3233 2781 3286 sacramenti
2806 3232 3091 3286 absconditi
3116 3248 3147 3283 a
3176 3232 3376 3284 sarculis
3408 3232 3459 3283 in
3482 3232 3615 3296 Deo,

2030 3302 2149 3375 quia
2170 3303 2339 3375 omnia
2361 3303 2546 3375 creavit
2567 3317 2584 3355 :
2606 3315 2659 3356 ut
2683 3304 2966 3375 innotescat
2986 3301 3298 3375 principibus
3320 3311 3370 3375 et
3393 3312 3617 3375 potesta-

2030 3372 2163 3495 t'ibus
2191 3373 2243 3425 in
2270 3374 2553 3427 caelestibus
2580 3390 2671 3443 per
2698 3371 2995 3428 Ecclesium
3026 3371 3356 3442 multiformis
3403 3373 3617 3426 scientia

2083 3458 2150 3495 ei.
2179 3450 2282 3495 etc.

2083 3442 2150 3505 ei,
2179 3450 2282 3499 etc.

2103 3511 2218 3585 {8.
2255 3513 2506 3579 llilarius,
2551 3513 2890 3570 Pictavorum
2930 3515 3240 3585 episcopus,
3267 3521 3319 3566 et
3356 3511 3414 3585 S.
3448 3512 3615 3585 ᾼιιιτι-

2031 3583 2164 3636 nasii
2195 3586 2443 3655 aequalis,
2474 3586 2720 3653 quamvis
2759 3586 2870 3655 jam
2919 3582 3190 3655 provecta:
3220 3583 3397 3655 :etatis
3450 3582 3612 3655 Chri-

2030 3654 2236 3708 stianus
2260 3653 2453 3715 laetus,
2487 3652 2664 3709 tamen
2698 3652 2850 3709 brevi
2878 3655 2930 3707 in
2963 3652 3331 3709 ecclesiasdra
3364 3652 3608 3707 doctrina

2031 3724 2101 3776 ita
2127 3723 2381 3792 profecit,
2404 3737 2460 3778 ut
2486 3725 2675 3779 deetor
2705 3725 2994 3788 maximus,
3018 3734 3072 3777 et
3119 3722 3372 3792 Ecclesiae
3423 3723 3611 3776 catho-

2030 3791 2147 3847 licJe
2192 3795 2443 3863 columna
2478 3795 2686 3863 merito
2737 3794 2950 3847 habitus
2981 3795 3049 3863 sit
3103 3791 3372 3863 (Bellona.
3416 3793 3610 3863 lib._de

2030 3863 2231 3933 Script.
2266 3862 2515 3933 Eccles.).
2543 3863 2620 3917 De
2651 3878 2723 3933 eo
2758 3859 3378 3933 Martyrologit'turRotu.
3404 3859 3613 3928 (151a;

2030 3878 2231 3925 Dct'tpl.
2266 3878 2515 3933 nectes.»
2543 3878 2620 3917 ue
2657 3878 2723 3917 eo
2758 3878 3187 3986 martyreto§um
3221 3878 3378 3914 nom.
3404 3878 3609 3928 (ποδα-

2029 3932 2209 4003 nuar.)
2243 3947 2258 3984 :
2294 3931 2519 3986 Pictavis
2551 3934 2605 3986 in
2635 3931 2809 3986 Gallia
2836 3932 3025 4003 natalis
3105 3971 3116 3986 .
3156 3930 3348 3985 Hilarii
3382 3933 3609 4002 episcopi

2027 4010 2075 4055 et
2103 4003 2434 4073 confessoris,
2466 4006 2552 4068 qui
2579 4003 2638 4055 ob
2669 4002 2977 4057 catholicam
3018 4004 3193 4071 ﬁdem,
3225 4018 3376 4070 quam
3407 4013 3612 4054 strenue

2028 4073 2393 4144 prapugnatn't,
2446 4074 2787 4144 quadriennio
2825 4075 2963 4143 apud
3014 4074 3298 4144 Phrygiam
3317 4075 3615 4144 relegatus,

2027 4143 2159 4195 inter
2184 4142 2291 4198 alia
2322 4142 2573 4198 miracula
2604 4142 3177 4200 mortuum'suscitaoitf
3193 4142 3392 4199 Scribit
3421 4142 3609 4197 de.eo-

2028 4212 2173 4281 dem,
2206 4221 2269 4269 ut
2296 4223 2445 4269 notat
2482 4215 2739 4268 Barouius
2771 4216 3003 4282 ibidem,
3028 4215 3079 4269 in
3106 4214 3290 4284 primis
3330 4215 3388 4269 S.
3422 4215 3613 4268 lliero-

2028 4299 2218 4354 nymus
2248 4284 2342 4340 lib.
2376 4286 2445 4340 de
2465 4284 2661 4352 Script.
2695 4285 2931 4349 Eccles.,
2964 4287 3017 4338 in
3041 4286 3297 4353 Apologia
3339 4286 3607 4345 adversus

2028 4353 2304 4422 R’utinum,
2337 4357 2391 4411 in
2417 4356 2645 4423 epistola
2676 4355 2708 4410 6
2738 4356 2802 4408 ad
2834 4355 3186 4419 Florentium,
3217 4357 3268 4407 in
3312 4355 3538 4423 epistola
3567 4354 3611 4410 ἰ’

2027 4425 2094 4478 ad
2119 4425 2341 4491 Lanam,
2371 4426 2534 4493 epist.
2568 4427 2637 4480 84
2662 4425 2728 4478 ad
2774 4425 3042 4493 Magnum,
3090 4423 3350 4478 adversus
3387 4424 3603 4479 Lucife-

2908 4508 3101 4548 everus
3146 4494 3402 4560 Sulpitius
3447 4494 3538 4547 lib.
3566 4510 3607 4550 tt

2036 4564 2282 4621 Historiae
2329 4563 2530 4631 sacrae;
2582 4566 2801 4620 Ruﬁnus
2842 4564 2936 4619 lib.
2984 4579 3022 4619 ιι
3057 4564 3325 4629 Historiae,
3355 4579 3405 4618 c.
3438 4563 3506 4617 50
3548 4576 3609 4618 et-

2031 4635 2131 4701 31;
2161 4636 2436 4704 Socrates,
2466 4638 2502 4691 l.
2537 4653 2592 4691 ιιι
2620 4651 2669 4692 c.
2698 4636 2761 4700 8;
2794 4634 3127 4692 Sozomenus
3157 4635 3248 4690 lib.
3295 4650 3352 4689 ιιι
3378 4649 3429 4689 c.
3462 4633 3529 4688 13
3549 4646 3609 4689 eo

2031 4704 2127 4759 lib.
2162 4723 2192 4761 ν
2220 4723 2270 4761 c.
2304 4710 2401 4773 l2;
2430 4708 2783 4763 Cassiodorus
2802 4706 2854 4760 in
2877 4704 3085 4775 praifat.
3115 4707 3287 4760 Divin.
3314 4705 3610 4761 Lect.For-r

2031 4783 2249 4831 tuuatus
2278 4793 2366 4832 res
2396 4788 2573 4846 gestas
2601 4777 2785 4832 llilarii
2816 4776 3026 4831 duobus
3054 4776 3203 4831 libris
3234 4775 3552 4843 conscripsit
3579 4792 3609 4840 ;.

2029 4848 2125 4916 sed
2156 4864 2224 4901 ex
2251 4853 2432 4901 multis
2465 4864 2631 4914 pauca
2662 4848 2999 4916 perstrinxit.
3031 4847 3203 4901 Habet
3229 4859 3283 4901 et
3302 4846 3615 4901 Venantius

2029 4915 2357 4972 Fortunatus
2393 4918 2461 4971 de
2510 4915 2700 4973 eodem
2751 4916 3081 4985 epigramma
3138 4918 3230 4969 lib.
3262 4933 3336 4972 xu
3375 4916 3441 4970 de
3484 4916 3613 4982 ejus

2021 4988 2296 5112 migacuhs
2316 5029 2329 5054 ,
2358 4988 2651 5059 Gregorius
2676 4987 3011 5042 Turonensis
3053 4987 3122 5042 de
3152 4986 3337 5041 Gloria
3366 4986 3603 5041 conl‘eSS.

2021 5071 2066 5112 c.
2130 5098 2145 5112 .

2018 5071 2066 5112 c.
2087 5071 2145 5112 2.

2091 5128 2119 5167 δ
2153 5129 2225 5184 De
2276 5128 2492 5183 nomine
2543 5127 2871 5185 confessoris
2910 5142 3017 5181 non
3071 5127 3440 5193 prietereuttda
3494 5125 3597 5179 ltoe

2020 5199 2142 5253 loco
2168 5199 2317 5254 card.
2354 5198 2567 5256 Baronii
2602 5199 2828 5266 insignis
2857 5208 2907 5251 et
2933 5200 3069 5267 scitu
3097 5196 3253 5265 digna
3282 5199 3487 5250 notatio
3510 5196 3605 5267 (In

2020 5271 2154 5323 notis
2200 5270 2270 5322 ad
2318 5268 2543 5339 Martyr.
2583 5270 2620 5324 Ξ
2646 5267 2896 5335 Ianuar.)
2929 5285 2940 5318 :
2971 5266 3251 5322 Sciendum
3282 5278 3377 5339 est,
3405 5266 3596 5335 inquit.

2024 5341 2223 5395 diversa
2267 5338 2547 5394 admodum
2576 5339 2948 5410 signiﬁcatione
2983 5354 3013 5389 a
3059 5338 3327 5410 pra’sentis
3358 5341 3602 5410 temporis

2025 5426 2122 5464 usu
2148 5410 2280 5464 hanc
2309 5428 2477 5465 vocem
2501 5428 2533 5464 a
2563 5406 2843 5480 majoribus
2874 5406 3197 5480 usurpatam.
3231 5406 3323 5480 Illi
3344 5409 3481 5480 enim
3507 5426 3598 5460 ne-

2027 5484 2215 5534 minem
2243 5498 2298 5535 eo
2330 5482 2533 5535 nomine
2557 5478 3176 5551 appellabant,_nisi_eum
3201 5479 3289 5551 qui
3317 5478 3509 5532 Christi
3536 5480 3599 5546 ﬁo

2026 5552 2141 5606 dem
2168 5551 2522 5617 interpellatus
2552 5548 2724 5604 coram
2755 5550 2873 5617 [idei
2901 5548 3126 5601 hostibus
3151 5550 3414 5618 confessus
3444 5564 3597 5601 esset.

2028 5623 2088 5677 Si
2116 5640 2230 5675 vero
2256 5623 2460 5689 aliquod
2489 5638 2643 5691 genus
2673 5629 3039 5673 tormentorum
3060 5631 3186 5671 esset
3218 5634 3477 5689 expertus,
3504 5637 3597 5672 nec

2027 5704 2194 5747 tamen
2242 5697 2486 5762 martyrio
2531 5692 2863 5762 occubuisset,
2896 5700 3015 5742 tunc
3044 5700 3090 5742 et
3121 5706 3314 5762 nntrtgr
3362 5700 3593 5762 vocatus,
3640 5731 3646 5737 .

2027 5765 2258 5836 idemque
2302 5760 2575 5837 aliquando
2604 5762 2754 5818 etiam
2804 5760 2966 5817 dictus
3010 5761 3267 5830 reperitur
3313 5761 3589 5832 confcsm,
