4016 6192
382 274 489 332 251

1696 270 1975 328 JOANNIS
2010 270 2325 328 CASSIANI

3542 274 3655 332 253

384 387 711 444 confessoris
738 386 943 458 ceperit
970 387 1317 457 dignitatem;
1347 393 1373 422 ει
1402 385 1454 439 in
1477 383 1615 439 libro
1640 383 1757 439 ﬁdei
1788 385 1960 454 primo
1988 390 2034 448 Α
2066 385 2203 441 Deus
2234 388 2398 442 nostri
2429 404 2587 442 causa
2614 386 2791 453 homo,
2816 387 2870 442 id
2895 387 3031 457 quod
3053 398 3160 441 tum
3185 404 3282 443 non
3307 399 3443 456 erat,
3474 390 3662 464 gigne-

386 478 539 552 (Lib.
568 494 585 536 ι
614 481 678 533 de
704 479 978 548 Trinitat.)
1006 519 1023 547 ,
1058 479 1222 533 Deum
1251 492 1434 532 verum
1465 493 1529 532 ex
1576 476 1684 531 Deo
1706 491 1833 531 vero
1867 478 1968 531 Do-

389 570 590 625 niinnm
619 569 803 626 Iesum
831 570 1126 635 Christum,
1173 576 1231 623 et
1265 576 1390 622 ante
1420 568 1615 622 saecula
1663 577 1846 622 natum
1868 612 1883 637 ,
1914 576 1970 624 et

390 669 574 729 postea
606 660 876 713 hominem
906 661 1144 729 genitum
1187 671 1310 714 esse
1358 667 1604 712 testatur.
1635 656 1767 712 ltem
1806 657 1857 711 in
1884 673 1973 713 se-

294 741 299 745 ’
389 751 567 806 eundo
588 751 724 805 libro
748 769 761 805 :
785 749 813 789 δ
842 750 987 806 Unus
1010 751 1302 823 unigenitus
1323 749 1458 804 Deus
1477 750 1532 804 in
1554 750 1847 818 corpusculi
1874 751 1974 804 hu-

390 844 526 896 mani
553 847 767 910 formam
795 855 983 897 sancta:
1015 842 1243 914 Virginis
1270 853 1412 896 utero
1445 844 1663 897 insertus
1705 843 1970 909 accrescit,

387 938 476 1005 qui
505 939 676 990 omnia
701 938 947 1001 continet,
979 945 1025 992 et
1048 938 1183 990 intra
1210 952 1358 1006 quem
1384 944 1566 990 cuncta
1591 942 1732 1004 sunt,
1762 933 1978 989 humani
2007 927 2018 937 ’

388 1041 566 1099 partus
598 1032 706 1101 lege
734 1030 1012 1102 profertur.
1053 1029 1186 1084 Item
1219 1029 1271 1081 in
1304 1027 1497 1083 eadem
1531 1027 1668 1080 libro
1702 1044 1715 1079 :
1748 1025 1976 1095 Angelus

391 1123 528 1175 testis
555 1130 645 1181 est,
676 1118 815 1175 Deus
840 1122 1101 1174 nobiscum
1128 1130 1221 1187 est,
1251 1118 1340 1173 ille
1369 1120 1460 1190 qui
1489 1119 1737 1173 nascitur.
1770 1117 1898 1189 [teni
1923 1117 1975 1171 in

389 1211 528 1265 libro
556 1211 767 1266 decimo
793 1230 806 1265 :
839 1211 968 1265 Nati
997 1227 1199 1282 quoque
1226 1212 1277 1263 in
1300 1209 1552 1263 hominem
1583 1224 1645 1262 ex
1670 1217 1824 1280 partu
1856 1205 1978 1259 Vir-

390 1303 524 1373 ginis
572 1302 663 1356 Dei
702 1310 1075 1356 sacramentum
1121 1300 1415 1355 docuimus.
1461 1300 1592 1354 Item
1634 1298 1686 1352 in
1733 1296 1972 1351 eodem:

390 1393 630 1461 Namque
656 1411 769 1446 cum
798 1394 850 1447 in
878 1391 1086 1446 homine
1113 1400 1266 1447 natus
1310 1391 1447 1445 Deus
1490 1390 1588 1457 sit,
1628 1404 1731 1442 non
1777 1387 1974 1441 idcirco

389 1493 542 1538 natus
565 1498 658 1549 est,
684 1501 747 1538 ne
768 1483 903 1537 Deus
923 1500 1022 1537 non
1042 1492 1288 1537 maneret.
1311 1482 1442 1536 Item
1462 1480 1704 1548 ejusdem
1724 1479 1776 1533 in
1797 1492 1977 1547 prote-

389 1575 499 1629 mio
534 1575 896 1643 Expositionis
927 1586 947 1613 ε
988 1573 1263 1644 Evangelii
1292 1571 1587 1627 secundum
1619 1570 1926 1626 Matthteum
1958 1585 1974 1624 :

390 1663 521 1717 Erat
542 1681 754 1733 namque
774 1664 997 1733 primum
1026 1663 1379 1719 necessarium
1402 1662 1568 1730 nobis,
1594 1670 1648 1716 ut
1672 1662 1973 1734 unigenitus

2072 490 2230 534 retur.
2273 480 2412 533 Idem
2448 481 2499 534 in
2540 480 2728 535 eodem
2757 497 2772 535 :
2798 479 3027 534 Tertium
3072 481 3312 552 deinceps
3359 484 3496 538 illud
3531 502 3661 540 con-

2073 587 2258 641 gruum
2284 571 2402 642 fuit.
2434 581 2488 625 ut
2516 572 2639 641 quia
2684 569 2823 626 Deus
2853 572 3004 626 homo
3033 573 3236 643 genitus
3269 575 3319 626 in
3351 576 3565 640 mundo,
3609 586 3660 632 et

2076 668 2281 717 cetera.
2312 660 2436 715 Haec
2463 661 2677 730 quidem
2708 676 2875 732 pauca
2903 670 3031 716 sunt
3057 662 3125 716 de
3153 661 3284 717 satis
3315 665 3516 721 multis.
3549 667 3657 722 Sed

2080 758 2255 803 tamen
2298 749 2448 804 vides
2473 748 2633 803 etiam
2664 764 2727 803 ex
2759 747 2842 802 his
2879 765 3000 819 qum
3037 749 3272 806 diximus
3300 753 3439 819 quod
3482 755 3656 822 palam

2079 849 2134 897 et
2160 841 2438 911 evidenter
2466 852 2646 895 natum
2675 857 2739 896 ex
2772 841 2935 896 Maria
2960 840 3128 897 Deum
3153 844 3431 912 praedicat.
3469 845 3534 900 Et
3566 846 3660 902 ubi

2078 933 2208 988 illud
2242 944 2388 988 tuum
2420 951 2432 987 ε
2458 933 2570 987 Non
2603 934 2773 1003 potuit
2804 945 3050 988 creatura
3082 949 3271 1004 parere
3298 935 3610 993 Creatorem
3640 957 3657 1005 ;

2077 1023 2220 1095 quod
2250 1034 2431 1078 natum
2459 1034 2542 1079 est
2570 1040 2637 1079 ex
2667 1040 2851 1091 carne,
2880 1040 3009 1079 caro
3038 1024 3166 1079 est?
3196 1025 3439 1097 Longum
3469 1038 3552 1082 est
3589 1030 3660 1085 de

2076 1110 2104 1151 ἀ
2136 1113 2358 1183 singulis
2382 1113 2626 1183 personis
2656 1114 3030 1168 convenientia
3060 1112 3261 1169 dicere.
3302 1115 3658 1173 Enumeratio

2080 1206 2251 1275 magis
2265 1219 2423 1274 quam
2455 1206 2732 1260 exsecutio
2755 1204 3018 1259 dictorum
3044 1205 3250 1274 agenda
3281 1218 3384 1277 est,
3407 1209 3531 1279 quia
3551 1209 3658 1265 sibi

2076 1296 2143 1351 ad
2170 1296 2574 1352 exsecutionem
2600 1296 2680 1350 sui
2714 1296 2829 1365 ipsa
2857 1294 3155 1351 sufﬁciunt.

2646 1386 2874 1442 CAPUT
2912 1385 3079 1443 XXV.

2233 1472 2303 1529 D.
2342 1473 2548 1531 Hilario
2575 1476 2897 1531 Ambrosium
2925 1476 3200 1547 astipulari
3230 1481 3475 1535 ostendit.

2150 1575 2175 1605 °
2199 1566 2519 1624 Ambrosius
2539 1568 2767 1622 eximius
2788 1568 2881 1623 Dei
2909 1569 3181 1635 sacerdos,
3202 1571 3290 1639 qui
3318 1586 3348 1625 a
3374 1587 3530 1627 manu
3552 1573 3662 1629 Do-

2077 1657 2206 1714 mini
2227 1672 2333 1714 non
2360 1657 2642 1725 recedens,
2674 1658 2729 1713 in
2753 1659 2848 1715 Dei
2865 1673 3078 1731 semper
3099 1659 3267 1732 digito
3289 1659 3309 1699 τ
3333 1666 3482 1733 quasi
3509 1681 3661 1736 gem-

1455 1819 1711 1876 ALARDI
1749 1817 1983 1877 cum
2017 1784 2578 1876 COMMENTARIUS.

392 1934 533 2005 quod
550 1935 740 1990 scilicet
764 1936 987 1989 nondum
1017 1935 1320 2005 martyrium
1348 1940 1779 2005 consummasset.
1805 1931 1963 2005 Licet,
1997 1935 2045 1995 Β
2070 1946 2176 2002 gno
2225 1930 2476 1998 pontifice
2505 1930 2575 2005 _in
2627 1930 2852 2001 epistola
2901 1930 2974 1987 97
2996 1972 3011 1999 ,
3059 1946 3179 2002 qua)
3206 1941 3291 1989 est
3316 1933 3383 1987 ad
3414 1933 3655 1992 Leonem

392 2002 438 2059 si
462 2005 565 2058 uim
593 2005 779 2058 harum
804 2002 1292 2075 uocumexpendais,
1323 2006 1508 2075 cladem
1532 2005 1675 2075 sint;
1706 2002 1970 2075 nihilomi-

392 2091 488 2129 nus
512 2084 617 2129 tam
639 2078 775 2146 apud
802 2072 1182 2129 Tertullianum
1204 2074 1295 2146 (In
1323 2074 1409 2129 lib.
1433 2074 1500 2127 ad
1516 2072 1786 2146 Martyr.),
1810 2088 1968 2139 quam

393 2148 545 2200 etiam
576 2144 716 2215 apud
735 2146 1070 2217 Cyprianum,
1095 2155 1143 2199 et
1171 2144 1302 2199 alios
1330 2144 1966 2217 plerosqueantiquorum,

395 2231 454 2269 eo
479 2214 653 2274 sensu.
699 2214 815 2285 quo
844 2216 1094 2282 diximus,
1142 2231 1228 2269 eas
1273 2214 1417 2285 voces
1441 2214 1605 2285 accipi
1634 2214 1968 2285 consueris“,

396 2279 721 2355 perspectum
739 2287 859 2339 satis
903 2279 1329 2355 exploratumque
1368 2279 1607 2355 habetur.
1655 2279 1890 2355 consule,
1920 2279 1971 2355 si

394 2351 752 2409 hlec'exactius
783 2356 911 2407 scire
935 2351 1101 2421 cupis,
1133 2357 1185 2409 in
1228 2351 1415 2423 primis,
1452 2354 1701 2423 Cypriani
1728 2354 1879 2420 epist.
1916 2354 1969 2417 7,

298 2488 299 2491 η
394 2424 449 2487 9.
482 2424 568 2485 10,
603 2424 693 2489 15,
726 2424 816 2486 '50.,
855 2424 944 2483 51.
976 2423 1045 2477 52
1073 2436 1119 2479 et
1142 2425 1205 2479 81
1238 2425 1360 2477 edit.
1393 2422 1634 2487 Panaetii,
1668 2425 1755 2492 qui
1793 2423 1973 2476 eadem

396 2495 661 2546 annotavit
690 2493 743 2547 in
770 2493 980 2547 scholiis
1029 2495 1178 2559 epist.
1219 2493 1253 2549 9
1278 2493 1428 2559 (Not.
1477 2495 1607 2552 iep.
1654 2491 1708 2558 9,
1739 2493 1829 2555 30,
1857 2491 1968 2557 85).

399 2563 522 2634 [huc
550 2562 833 2628 Bnronius,
861 2577 923 2617 ac
955 2561 1109 2628 paulo
1136 2572 1257 2633 post
1284 2563 1465 2617 subdit
1490 2580 1504 2616 :
1536 2561 1699 2617 Juxta
1742 2563 1974 2634 ejusdem

397 2631 642 2705 Cypriani
668 2636 989 2705 sententiam,
1020 2634 1109 2704 qui
1131 2631 1234 2687 non
1261 2634 1616 2705 interpellatus
1645 2649 1697 2686 se
1728 2631 1974 2705 martyrio

398 2703 679 2773 ingerebat.
698 2702 781 2756 hic
807 2702 1068 2757 dicebatur
1087 2707 1375 2773 professor;
1394 2702 1447 2755 si
1473 2703 1644 2756 adhuc
1668 2713 1836 2755 autem
1862 2704 1975 2771 quis

396 2772 582 2843 timore
606 2783 891 2841 correptus,
923 2789 990 2826 ne
1016 2772 1465 2843 ﬁdem’proderet,
1509 2789 1606 2827 sua
1646 2788 1864 2842 suosque
1894 2790 1973 2827 re-
2028 2777 2033 2781 ’

398 2842 650 2915 linquens,
695 2844 877 2899 exsilio
902 2854 1181 2915 spontaneo
1212 2842 1397 2911 procul
1422 2860 1453 2895 a
1480 2844 1648 2915 patria
1678 2844 1837 2915 vitam
1861 2859 1976 2915 age-

398 2919 498 2985 ret,
535 2912 618 2967 hic
659 2912 1015 2985 appellabatur
1061 2916 1301 2977 extorris,
1332 2912 1489 2982 cujus
1527 2931 1627 2966 non
1663 2922 1772 2966 erat
1804 2913 1976 2984 despi-

400 2983 584 3036 cienda
612 2983 870 3049 conditio;
902 3001 1023 3039 nam
1044 2996 1313 3038 etnumero
1329 2996 1613 3055 martyrum
1637 2983 1976 3055 recensendas

398 3063 528 3117 erat,
555 3056 600 3107 si
627 3071 687 3108 ea
718 3058 779 3108 de
805 3071 963 3108 causa
1009 3063 1221 3107 mortem
1258 3053 1573 3124 appetiisset.
1627 3053 1781 3124 Iltech
1804 3055 1975 3107 omnia

401 3138 542 3177 more
570 3126 824 3196 majorum
854 3134 1007 3194 atque
1032 3133 1223 3177 vetusto
1250 3122 1485 3194 loquendi
1514 3140 1713 3196 genere.
1745 3122 1977 3196 Obrlinuit

406 3194 729 3263 postmodum
761 3209 882 3246 usus
908 3202 962 3246 ut
991 3210 1163 3247 omnes
1187 3197 1271 3263 qui
1299 3204 1479 3247 sancta
1507 3194 1555 3247 et
1598 3194 1846 3247 laudabili
1873 3195 1975 3247 vita

2072 2004 2390 2070 Augustum,
2418 2017 2468 2057 c.
2502 2003 2555 2056 5.

2149 2084 2171 2111 ο
2202 2072 2520 2148 Ejns_et_iam
2555 2071 2800 2128 meminit
2826 2071 2888 2126 D.
2922 2071 3282 2143 Hieronymus
3311 2074 3363 2128 in
3395 2073 3658 2148 Catalogo

2072 2157 2296 2211 Operum
2336 2141 2545 2196 Hilarii.

2144 2210 2171 2249 ά
2206 2212 2260 2268 Id
2287 2221 2388 2273 est.
2417 2213 2484 2266 de
2506 2211 2733 2282 singulis
2755 2212 3065 2267 auctoribus
3094 2212 3398 2267 testimonia
3422 2229 3661 2271 consen-

2077 2292 2235 2336 tanea
2285 2282 2547 2351 proferre.
2566 2280 2950 2353 k'Enumeratio
3002 2285 3165 2353 magis
3210 2299 3361 2351 quam
3399 2289 3659 2340 exsccutio

2075 2352 2351 2418 dictorum,
2400 2360 2506 2406 etc.
2552 2351 2804 2423 Excussit)
2845 2351 3103 2406 dictorum
3141 2353 3318 2422 potius
3370 2354 3655 2423 legendum

2074 2425 2286 2491 topinor,
2317 2432 2376 2477 ut
2402 2438 2590 2477 sensus
2618 2424 2690 2476 sit
2719 2442 2732 2477 :
2765 2420 2945 2477 Satius
2973 2431 3057 2477 est
3082 2420 3333 2477 nonnulla
3364 2420 3445 2478 de'
3473 2427 3659 2482 multis

2074 2508 2358 2548 recensere
2382 2504 2474 2546 aut
2502 2493 2763 2560 indicare,
2795 2508 2951 2561 quam
2975 2507 3038 2548 ea
3068 2495 3343 2547 discutere
3371 2505 3419 2547 et
3452 2499 3650 2549 t-Xutni-

2075 2577 2207 2617 nare
2232 2580 2245 2616 :
2272 2564 2394 2628 quia
2419 2562 2515 2616 sibi
2541 2564 2610 2617 ad
2651 2565 3003 2617 excussionem
3042 2580 3132 2617 seu
3160 2564 3531 2617 discussione»:
3576 2567 3661 2620 sui

2075 2633 2190 2699 ipsa
2218 2633 2495 2703 sufﬁciunt,
2529 2635 2578 2687 id
2617 2644 2720 2695 est,
2754 2642 2860 2687 tam
2887 2635 3029 2688 clara
3079 2640 3138 2688 et
3177 2646 3364 2704 aperta
3411 2646 3558 2700 sunt,
3600 2647 3661 2691 ut

2075 2704 2415 2758 diScussione
2445 2718 2550 2757 non
2578 2714 2791 2769 egeant.

2151 2783 2174 2810 ε
2206 2775 2265 2827 S.
2301 2774 2616 2827 Ambrosius
2661 2775 2947 2841 episcopus
2974 2772 3422 2836 Mediolancnsis,
3466 2774 3658 2831 dnctnr

2079 2843 2331 2897 Ecclesia:
2347 2845 2718 2897 sanctissimus
2737 2855 2786 2897 et
2809 2844 3176 2910 doctissimus,
3204 2843 3574 2899 sanratiann
3601 2855 3658 2901 et

2076 2913 2383 2967 Thendnsio
2433 2915 2625 2980 imper.
2676 2914 2883 2977 llornit,
2936 2916 3023 2983 de,
3055 2930 3161 2979 qun
3214 2914 3652 2983 Mirtyrnlngitim

2079 2985 2234 3038 liom.
2270 2983 2384 3038 lucc
2430 2968 2588 3038 habet
2619 2985 2677 3054 (4
2707 2968 2921 3055 Aprilis)
2950 2968 3260 3050 :De'positio
3310 2968 3371 3038 δῖ
3403 2968 3659 3039 Ambrosii

2076 3055 2300 3126 episcOpi
2324 3062 2369 3106 et
2396 3055 2700 3125 confessoris
2720 3095 2733 3116 ,
2766 3057 2913 3125 cujus
2950 3055 3152 3114 studio.
3182 3055 3314 3107 inter
3352 3065 3534 3107 cratera
3562 3057 3660 3108 do-

2076 3126 2256 3196 ctrinm
2284 3133 2333 3178 et
2355 3126 2724 3196 miraculorum
2753 3126 2997 3196 insignia,
3023 3135 3246 3196 tempore
3272 3125 3476 3195 Ariqnce
3501 3128 3653 3196 perﬁ-

2077 3194 2199 3265 dicc.
2233 3205 2335 3248 tota
2365 3200 2470 3265 fere
2497 3194 2654 3247 Italia
2680 3198 2746 3246 ad
2775 3192 3089 3265 catholicam,
3109 3195 3277 3262 ﬁdem.
3300 3192 3535 3249 conversa
3559 3192 3657 3252 est.

401 3261 666 3334 vicissent,
698 3271 968 3331 sanctoque
997 3261 1523 3334 demum‘acgprobato
1553 3264 1654 3332 ﬁne
1673 3266 1727 3318 in
1755 3264 1973 3334 Domino
2001 3268 2046 3334 ιζ,
2081 3264 2184 3318 Ubi
2210 3261 2474 3319 videndus
2506 3265 2772 3319 BarOnius
2800 3264 2850 3318 in
2884 3266 3047 3319 nntis.
3074 3264 3260 3318 Exstat
3294 3266 3351 3318 D.
3383 3267 3654 3321 Ambrosii

401 3332 727 3404 quievissent,
773 3335 1085 3404 confessores
1128 3332 1529 3404 appellarentur.
1568 3333 1841 3404 illactenus
1871 3333 1972 3386 Ba-

405 3403 609 3456 rtmiUs.
640 3402 880 3456 Consule
895 3402 1170 3457 eumdem
1199 3414 1342 3457 tomo
1387 3403 1450 3458 Ill
1478 3411 1536 3457 et
1566 3402 1630 3465 IV
1660 3403 1973 3458 Annalium.

408 3469 563 3542 _llude
593 3482 898 3540 promptum
929 3481 1013 3528 est
1039 3473 1359 3540 intelligere,
1401 3489 1502 3542 qua
1527 3473 1738 3527 ratione
1768 3474 1981 3527 dicatur

405 3538 639 3614 Hilarius
667 3538 965 3610 persanch
986 3543 1107 3612 ﬁdei
1130 3538 1479 3611 fortitudinem
1505 3544 1657 3596 etiam
1673 3544 1980 3614 confessoris

402 3613 596 3684 cepisse
619 3628 707 3666 seu
733 3614 984 3684 accepisse
1013 3614 1333 3680 dignitatem.
1361 3616 1558 3682 quippe
1583 3614 1678 3684 qui
1706 3613 1824 3667 ﬁdei
1846 3629 1980 3684 con—
2040 3613 2050 3622 ’

402 3683 599 3735 stantia
625 3699 728 3736 nnn
760 3682 962 3738 tantum
996 3686 1280 3751 episcOpos
1308 3685 1556 3748 Arianos,
1588 3682 1681 3736 sed
1731 3694 1784 3738 et
1831 3682 1980 3737 Con-

405 3753 659 3806 stantium
679 3753 873 3821 imper.
896 3752 1076 3807 itidem
1098 3754 1354 3807 Ariannm
1379 3752 1666 3821 superarit,
1690 3762 1743 3809 et
1774 3755 1980 3809 ratione

404 3824 861 3894 persecutionum,
891 3832 948 3878 et
975 3824 1149 3878 exsilii
1180 3839 1280 3894 pro
1303 3823 1407 3878 {ide
1440 3824 1652 3880 tolerati
1684 3840 1788 3878 non
1821 3824 1981 3879 modo

404 3893 707 3963 confessor,
737 3898 832 3948 sed
863 3905 1138 3963 etmartyr
1161 3905 1373 3949 vetusto
1409 3909 1560 3949 more
1588 3895 1847 3963 appellari
1872 3909 1982 3948 me-

408 3910 707 3963 cntuessor,
737 3910 832 3948 seu
863 3910 1065 3948 etmarl
1113 3911 1138 3948 r
1161 3910 1373 3949 vetusw
1409 3910 1560 3949 more
1588 3910 1847 3963 appellari
1872 3910 1982 3948 me-

408 3965 607 4032 ruerit;
638 3980 743 4032 quo
770 3964 930 4017 modo
965 3910 1116 4019 de
1150 3965 1378 4019 Martino
1421 3965 1720 4019 Turonensi
1771 3968 1983 4019 canitur

405 4029 462 4085 in
495 4029 736 4086 Ecclesia
771 4051 785 4085 :
821 4034 864 4085 0
886 4034 1207 4105 sanctissima
1233 4035 1422 4105 anima,
1457 4051 1613 4105 quam
1638 4046 1683 4088 et
1709 4035 1752 4088 si
1779 4034 1983 4105 gladius

404 4104 748 4175 persecutoris
776 4118 877 4175 non
904 4103 1135 4175 abstulit,
1159 4103 1383 4175 palmam
1420 4103 1589 4175 (cuneis
1617 4103 1850 4175 martyrii
1880 4122 1983 4160 non

407 4169 579 4242 amisit
608 4169 717 4242 (Ea:
763 4172 962 4242 Sulpit.
991 4169 1232 4240 epist.'de
1258 4170 1413 4226 Obilu
1444 4172 1506 4229 3.
1532 4169 1769 4228 Martini:
1787 4174 1979 4231 Baron.

407 4250 446 4293 ι.
481 4240 687 4312 tunc
718 4258 805 4294 an.
836 4241 987 4312 suo).

480 4320 507 4347 ει
537 4311 723 4365 Libros
750 4312 873 4366 lidni
905 4310 1061 4366 vncat
1087 4311 1256 4367 libros
1281 4310 1348 4366 de
1374 4310 1638 4368 Trinitate
1672 4313 1742 4366 ab
1782 4313 1984 4371 Hilario

409 4384 773 4455 conscriptos,
799 4383 867 4436 de
888 4383 1082 4451 quibus
1115 4384 1185 4455 D._
1211 4383 1570 4455 Hieronymus
1611 4385 1661 4436 in
1688 4382 1943 4455 Catalago
1967 4403 1981 4441 :

412 4451 490 4526 De
513 4454 709 4526 synodo
737 4452 1025 4526 Byterrensi
1069 4455 1119 4507 in
1154 4451 1435 4526 Phrygiam
1475 4454 1750 4526 relegatus,
1792 4451 1985 4509 duode-

408 4523 507 4576 cim
534 4523 775 4577 adversus
811 4525 1026 4576 Arianos
1052 4523 1279 4591 confecit
1294 4523 1473 4590 libros,
1503 4523 1609 4579 etc.
1635 4527 1987 4583 Commendat

411 4594 631 4647 eosdem
682 4595 922 4648 scribens
959 4593 1027 4648 ad
1062 4594 1257 4649 Laetam
1292 4592 1488 4718 SEpt'st.
1523 4596 1599 4666 7),
1648 4596 1729 4648 his
1760 4597 1980 4653 verbis:

411 4663 679 4717 Athanasii
707 4664 962 4718 epistolas.
995 4673 1041 4717 et
1073 4664 1268 4718 Hilarii
1316 4663 1451 4718 ibros
1475 4665 1726 4718 innﬁ'enso
1750 4666 1980 4718 decurrat

409 4663 679 4734 Athanasii
707 4664 962 4734 epistolas,
995 4673 1041 4717 et
1073 4664 1268 4720 Hilarii

411 4733 576 4808 pede;
604 4732 814 4808 illorum
842 4733 1120 4808 delectetur
1150 4735 1411 4808 ingeniis,
1463 4737 1519 4789 in
1563 4732 1788 4808 quorum
1843 4738 1989 4793 libris

410 4805 574 4871 pietas
604 4804 734 4878 ﬁdei
749 4820 850 4878 non
882 4805 1112 4878 vacillat.
1146 4804 1271 4878 nec
1301 4804 1656 4878 Hieronymus
1687 4809 1858 4876 qnoad
1896 4822 1987 4862 sa-

414 4890 537 4947 nam
583 4875 651 4947 de
693 4874 957 4947 Trinitate
985 4877 1307 4937 doctrinam.
1337 4876 1404 4930 de
1436 4874 1540 4946 qua
1572 4874 1822 4947 vigebant
1847 4878 1989 4933 inter

410 4944 718 5001 Catholicae
748 4953 803 5000 et
835 4946 1062 5001 Arianos
1096 4944 1506 5002 controversim.
1541 4949 1613 5002 De
1629 4944 1832 5003 iisdem
1875 4950 1990 5005 hzec

411 5014 747 5087 Snzomenus
793 5013 932 5085 (Lib.
964 5031 1022 5071 Ill
1050 5032 1097 5069 c.
1129 5016 1184 5087 i)
1214 5034 1227 5070 :
1263 5015 1453 5071 Hilarii
1502 5028 1669 5071 autem
1721 5019 1879 5074 libros
1926 5020 1990 5073 de

411 5084 534 5158 fide,
564 5086 718 5158 etiam
744 5088 807 5140 ab
834 5087 896 5141 iis
922 5088 1011 5158 qui
1035 5084 1351 5140 contrariam
1379 5091 1646 5142 tuebantur
1666 5089 1786 5156 fidei
1813 5090 1990 5144 catho-

410 5155 525 5208 licce
553 5157 865 5231 opinionem,
893 5155 1198 5231 admodum“
1214 5158 1588 5231 commendatos
1638 5155 1745 5213 esse
1794 5161 1990 5231 praedi-

408 5234 548 5308 cant.
575 5226 740 5310 i’orro
756 5227 1110 5310 cassindnrns
1134 5226 1235 5351 5οε
1254 5227 1428 5281 Dicin.
1455 5226 1595 5282 Lecl.
1618 5246 1669 5310 ς.
1699 5226 1991 5313 {6)'tre_de-

415 5309 521 5349 cum
554 5296 721 5351 libros
751 5298 932 5351 Ihlarn
964 5298 1086 5351 (nisi
1154 5310 1272 5351 orte
1303 5301 1554 5351 mendum
1586 5298 1677 5351 sit)
1702 5301 1769 5351 de
1813 5301 1991 5351 Trini-

415 5294 521 5349 cim
554 5296 721 5369 libros
751 5298 932 5351 Hilarii
964 5298 1086 5369 (nisi
1134 5294 1272 5354 forte
1303 5301 1554 5353 mendum
1586 5298 1677 5369 sit)
1702 5294 1778 5354 de
1813 5301 1992 5355 Trini-

413 5372 526 5421 tate
552 5368 785 5434 scriptos
821 5368 1227 5431 connneinornt,
1265 5371 1333 5423 ita
1367 5369 1610 5423 scribens
1638 5368 1762 5423 :Ad
1803 5372 1991 5438 confir-

413 5440 682 5510 mationem
710 5439 1023 5510 igiturﬂdei
1052 5449 1258 5504 nostrae,
1305 5448 1354 5493 et
1400 5440 1753 5510 haereticorum
1800 5458 1995 5506 praeca-

413 5506 608 5583 uendas
624 5506 853 5572 insidias,
877 5506 1075 5583 Legendi
1091 5521 1207 5564 sunt
1223 5510 1466 5583 tredecim
1485 5509 1604 5583 libri
1622 5510 1751 5565 beati
1773 5511 1990 5583 Hilarii,

414 5591 546 5655 quos
575 5577 637 5630 de
661 5591 843 5655 _sancta
875 5577 1147 5655 Trinitale,
1178 5580 1441 5655 profunda
1470 5592 1516 5636 et
1546 5581 1883 5638 disertissima
1912 5577 1995 5638 ni;

416 5649 512 5700 mis
540 5649 770 5702 oratione
792 5652 1116 5716 conscripsit.

486 5716 514 5757 ³³
543 5717 785 5774 Cilantur
815 5721 929 5775 haec
955 5732 1009 5775 et
1032 5723 1131 5774 alia
1163 5723 1348 5779 Hilarii
1379 5722 1544 5779 verba
1583 5737 1611 5778 a
1660 5722 1839 5780 Leone
1879 5724 1994 5781 Ma-

2083 3301 2184 3318 υυ.
2220 3301 2474 3319 "usus...
2506 3301 2772 3319 νων-..ιω
3074 3301 3260 3318 υκαι...
3295 3301 3351 3318 υ.
3383 3301 3654 3321 nmmum.

2001 3301 2047 3364 C
2081 3334 2199 3388 Vita
2226 3349 2432 3389 summa
2469 3336 2571 3388 [ide
2612 3335 2878 3402 descripta
2918 3350 2945 3387 a
2979 3334 3200 3389 Paulino
3245 3338 3498 3405 qundam,
3550 3354 3657 3391 nun

2081 3405 2175 3458 illo
2217 3405 2424 3459 Nolano
2463 3406 2739 3471 episcopo.
2782 3416 2837 3457 ut
2865 3406 3099 3459 ostendit
3129 3405 3265 3458 idem
3297 3406 3556 3459 Barnnins
3601 3406 3658 3460 in

2078 3474 2382 3529 Annalibus
2413 3474 2585 3544 (Tom.
2616 3474 2659 3530 V
2681 3475 2771 3528 sub
2801 3491 2889 3528 an.
2910 3476 3063 3545 597),
3097 3476 3189 3528 sed
3214 3477 3415 3530 clerico
3445 3477 3657 3530 Mediu-

2079 3544 2315 3615 lanensis
2364 3545 2640 3611 Emit-sim,
2691 3555 2746 3599 et
2789 3546 2957 3615 ipsius
3002 3546 3267 3599 Ambrosii
3316 3548 3657 3611 alllatIUt'lISi,

2081 3614 2243 3684 idque
2269 3631 2427 3669 suasu
2459 3627 2512 3670 et
2542 3616 2756 3669 hortatu
2782 3616 2841 3669 D.
2870 3617 3172 3685 Augustini,
3202 3624 3258 3668 ut
3286 3616 3373 3669 ille
3401 3620 3512 3681 ipse
3537 3617 3660 3685 ejus

2080 3685 2310 3739 exordio
2362 3693 2606 3743 testatur.
2651 3686 2725 3740 ita
2757 3684 3325 3751 scribenszllortaris,
3360 3690 3658 3741 venerabilis

2082 3753 2241 3809 Pater
2268 3757 2564 3825 Augustine,
2598 3767 2653 3808 ut
2678 3758 2808 3809 sicut
2830 3757 2962 3809 beati
2988 3758 3087 3809 viri
3117 3756 3429 3809 Athanasius
3454 3769 3498 3808 et
3528 3756 3657 3825 Ilie-

2080 3839 2325 3897 ronyrnus
2349 3821 2615 3897 presby'er
2641 3827 2774 3897 stylo
2817 3827 3065 3895 persecuti
3110 3834 3229 3879 sunt
3268 3826 3410 3880 Vitas
3455 3821 3663 3880 sancto-

2082 3911 2196 3947 rum
2226 3895 2385 3949 Pauli
2415 3905 2458 3949 et
2492 3895 2701 3948 Antonii
2727 3898 2779 3948 in
2804 3912 2971 3950 eremo
3003 3898 3282 3963 positorum
3300 3911 3318 3959 ;
3347 3898 3477 3948 sicut
3506 3899 3661 3950 etiam

2085 3963 2302 4019 Martini
2360 3966 2665 4021 venerabilis
2696 3968 2921 4035 episcOpi
2949 3966 3266 4020 Turonensis
3295 3965 3536 4035 Ecclesiw
3563 3968 3663 4022 Se-

2082 4053 2231 4090 uerus
2261 4053 2433 4091 scrrus
2466 4037 2555 4088 Dei
2586 4034 2819 4090 sermone
2846 4038 3136 4101 contexuit;
3164 4038 3236 4090 sic
3264 4040 3415 4091 etiam
3444 4034 3510 4088 Β.
3538 4040 3663 4089 Am-

2085 4107 2240 4160 brosii
2266 4108 2493 4174 episcopi
2525 4107 2929 4160 Mediolanensis
2964 4107 3207 4161 Ecclesire
3238 4122 3348 4160 meo
3378 4123 3659 4176 persequar

2082 4176 2239 4246 stylo,
2275 4185 2380 4230 etc.
2410 4176 2499 4233 Sic
2522 4178 2632 4232 ille.
2659 4180 2913 4240 Attamen,
2946 4178 3117 4243 inquit
3144 4177 3425 4243 Barnnius,
3457 4181 3661 4232 brevius

2083 4263 2239 4320 quam
2266 4259 2513 4320 par_erat,
2545 4259 2592 4301 et
2618 4264 2720 4302 non
2762 4248 2856 4300 levi
2892 4251 3105 4320 jactura
3139 4257 3473 4314 posterorum.
3503 4265 3662 4314 quam

2086 4317 2312 4386 plurima
2334 4317 2398 4371 ab
2422 4335 2478 4371 eo
2522 4320 2866 4389 prattermissa
2891 4317 3425 4389 noscuntur;_'_quibus
3453 4320 3661 4386 quidem

2086 4399 2288 4442 auctam
2356 4386 2588 4460 ejusdem
2633 4390 2942 4442 sanctissimi
2989 4387 3168 4441 Patris
3213 4386 3390 4441 Vitam
3432 4404 3463 4440 a
3513 4392 3663 4443 nobis

2086 4459 2447 4531 conscriptam,
2482 4459 2663 4531 Sixlus
2700 4459 2935 4528 pontifex
2981 4461 3262 4531 maximus,
3318 4461 3483 4531 cujus_
3504 4460 3665 4531 jussu

2088 4544 2197 4601 eam
2229 4528 2427 4601 suscepi
2456 4530 2787 4601 provinciam,
2818 4528 3169 4601 suw'editioni
3195 4530 3423 4601 ejusdem
3447 4528 3515 4583 Si
3538 4532 3668 4601 Ama

2090 4595 2243 4654 brosii
2295 4595 2504 4668 operum
2552 4598 2817 4668 prae/iram
2868 4600 3117 4652 edendam
3160 4595 3567 4668 cu'ravit;quam
3591 4599 3667 4652 ad

1316 4663 1451 4740 ibros
1471 4662 1726 4740 _inoﬁ‘enso
1750 4666 1991 4740 decurrat
2014 4662 2065 4721 D
2090 4672 2282 4740 scripta
2309 4662 2374 4724 de
2397 4662 2579 4740 eodem;
2600 4662 2990 4732 in'Annalibus,
3019 4685 3134 4722 cum
3171 4669 3293 4736 quid
3315 4662 3569 4740 diuersum
3598 4671 3659 4723 in

2093 4738 2401 4811 eainuenies
2424 4738 2581 4811 (quod
2604 4743 2908 4811 posteriores
2940 4739 3531 4811 cogitationes_meliores
3557 4755 3674 4811 esse

2092 4802 2332 4882 soleant),
2368 4802 2725 4882 confirmanda
2776 4802 3081 4882 intelligas.
3114 4810 3238 4864 llaec
3276 4809 3572 4882 Baronius.
3601 4809 3675 4865 Et

2092 4879 2423 4936 eadem'l‘ere
2453 4879 2506 4934 in
2536 4879 2677 4951 notis
2723 4881 2788 4933 ad
2821 4879 3093 4951 Martyrol.
3145 4883 3209 4932 ad
3242 4881 3529 4951 seminum
3562 4881 3672 4932 lie-

2091 4951 2342 5009 cembris.
2385 4966 2493 5019 quo
2520 4950 2609 5004 die
2637 4948 3091 5005 commemoratur
3136 4951 3395 5003 ordinatio
3446 4948 3508 5003 S.
3539 4951 3675 5002 Am-

2093 5023 2261 5093 brosiig
2272 5022 2499 5093 episcopi
2527 5031 2573 5075 et
2605 5020 2846 5093 Ecclesia
2893 5021 3140 5093 doctoris,
3169 5021 3256 5093 ubi
3305 5021 3677 5093 latetnr‘ejns-

2092 5092 2213 5147 dem
2243 5088 2419 5146 Vitam
2446 5088 2608 5145 etiam
2641 5107 2667 5143 a
2696 5092 2853 5147 Joan.
2883 5091 3129 5145 Costerio
3158 5089 3356 5143 editam
3383 5130 3399 5156 ,
3430 5088 3678 5145 editione

2094 5163 2345 5217 nimirum
2381 5162 2696 5226 Basileensi,
2728 5177 2869 5214 anno
2900 5161 3107 5215 Domini
3134 5158 3295 5214 i555.

2168 5231 2188 5272 τ
2211 5233 2414 5288 Alludit
2442 5233 2507 5286 ad
2554 5247 2758 5287 morem
2809 5239 3136 5298 magnatnm,
3166 5229 3255 5298 qui
3301 5243 3587 5299 gemmam,
3616 5229 3683 5299 si

2095 5319 2251 5373 qnam
2282 5304 2511 5356 habeant
2539 5302 2660 5356 aliis
2691 5296 3086 5371 pretiosiOrem.
3119 5296 3412 5369 et'egrégle
3439 5296 3688 5373 rutilanJ

2096 5370 2202 5429 tem
2230 5389 2292 5428 ac
2316 5370 2739 5443 prmlulgentem,
2766 5386 2899 5426 auro
2932 5374 3189 5425 inclusam
3223 5386 3336 5443 non
3361 5381 3467 5423 tam
3498 5370 3678 5443 digito

2095 5458 2254 5515 quam
2277 5440 2448 5498 oculis
2475 5440 2707 5514 gestant,
2736 5457 2954 5515 summa
2982 5455 3111 5515 cura
3133 5440 3456 5515 custndiunt.
3487 5448 3542 5493 et
3573 5440 3677 5496 vix

2098 5510 2348 5583 umquam
2380 5510 2674 5581 deponunt,
2698 5524 2752 5567 et
2792 5526 2891 5579 pro
2914 5512 3097 5580 sigillo
3120 5510 3375 5583 subinde
3402 5520 3624 5583 utuntur
3655 5527 3675 5583 ς

2100 5578 2242 5640 unde
2266 5578 2493 5638 annulus
2520 5578 2872 5652 signatorius,
2914 5578 3006 5637 aut
3033 5581 3522 5652 sigillaris_dic:tus.
3566 5578 3678 5652 cui

2100 5654 2308 5710 accedit
2337 5648 2606 5724 vulgatum
2639 5656 2778 5723 apud
2826 5668 2924 5708 nos
2965 5648 3259 5724 adagium;
3285 5648 3679 5724 Garde_tonﬁ-

2103 5726 2214 5781 dele
2252 5720 2516 5790 servileur,
2568 5720 2759 5780 contine
2788 5725 2840 5780 la
2885 5724 3026 5797 perle
3069 5720 3157 5778 iur
3200 5721 3408 5793 l’ongle.
3444 5720 3510 5776 Et
3534 5720 3677 5777 illud
