  <div class='ocr_page' id='page_1' title='image "/cluster/home/n/w/nwhite01/storage/ocr_20150623/50/hvd.32044096580717/144.png"; bbox 0 0 4016 6192; ppageno 0'>
   <div class='ocr_carea' id='block_1_1' title="bbox 310 237 413 296">
    <p class='ocr_par' dir='ltr' id='par_1_1' title="bbox 310 237 413 296">
     <span class='ocr_line' id='line_1_1' title="bbox 310 237 413 296; baseline 0 -1"><span class='ocrx_word' id='word_1_1' title='bbox 310 237 413 296; x_wconf 72' lang='grc'><strong><em>253</em></strong></span> 
     </span>
    </p>
   </div>
   <div class='ocr_carea' id='block_1_2' title="bbox 1296 239 2559 298">
    <p class='ocr_par' dir='ltr' id='par_1_2' title="bbox 1296 239 2559 298">
     <span class='ocr_line' id='line_1_2' title="bbox 1296 239 2559 298; baseline -0.001 -1"><span class='ocrx_word' id='word_1_2' title='bbox 1296 242 1382 297; x_wconf 86' lang='lat' dir='ltr'><strong><em>DE</em></strong></span> <span class='ocrx_word' id='word_1_3' title='bbox 1424 240 1931 298; x_wconf 71' lang='lat' dir='ltr'><strong><em>lNCARNATlONE</em></strong></span> <span class='ocrx_word' id='word_1_4' title='bbox 1967 239 2238 298; x_wconf 79' lang='lat' dir='ltr'><strong><em>CHRISTI</em></strong></span> <span class='ocrx_word' id='word_1_5' title='bbox 2276 242 2403 297; x_wconf 84' lang='lat' dir='ltr'><strong><em>LIB.</em></strong></span> <span class='ocrx_word' id='word_1_6' title='bbox 2447 241 2559 298; x_wconf 76' lang='lat' dir='ltr'><strong><em>Vl].</em></strong></span> 
     </span>
    </p>
   </div>
   <div class='ocr_carea' id='block_1_3' title="bbox 3374 248 3566 317">
    <p class='ocr_par' dir='ltr' id='par_1_3' title="bbox 3374 248 3566 317">
     <span class='ocr_line' id='line_1_3' title="bbox 3374 248 3566 317; baseline -0.005 -13"><span class='ocrx_word' id='word_1_7' title='bbox 3374 313 3378 317; x_wconf 45' lang='grc'>,</span> <span class='ocrx_word' id='word_1_8' title='bbox 3458 248 3566 304; x_wconf 74' lang='lat' dir='ltr'><strong><em>25t</em></strong></span> 
     </span>
    </p>
   </div>
   <div class='ocr_carea' id='block_1_4' title="bbox 311 352 3571 430">
    <p class='ocr_par' dir='ltr' id='par_1_4' title="bbox 311 352 3571 430">
     <span class='ocr_line' id='line_1_4' title="bbox 311 352 3571 430; baseline 0.002 -23"><span class='ocrx_word' id='word_1_9' title='bbox 311 369 395 410; x_wconf 87' lang='lat' dir='ltr'><strong><em>ma</em></strong></span> <span class='ocrx_word' id='word_1_10' title='bbox 424 354 690 419; x_wconf 77' lang='lat' dir='ltr'><strong><em>rutilavit;</em></strong></span> <span class='ocrx_word' id='word_1_11' title='bbox 723 364 749 392; x_wconf 72' lang='grc' dir='ltr'><strong><em>ι</em></strong></span> <span class='ocrx_word' id='word_1_12' title='bbox 779 354 830 409; x_wconf 92' lang='lat' dir='ltr'><strong><em>in</em></strong></span> <span class='ocrx_word' id='word_1_13' title='bbox 864 352 1023 418; x_wconf 85' lang='lat' dir='ltr'><strong><em>libro,</em></strong></span> <span class='ocrx_word' id='word_1_14' title='bbox 1055 354 1144 423; x_wconf 88' lang='lat' dir='ltr'><strong>qui</strong></span> <span class='ocrx_word' id='word_1_15' title='bbox 1176 365 1254 409; x_wconf 87' lang='lat' dir='ltr'><strong><em>est</em></strong></span> <span class='ocrx_word' id='word_1_16' title='bbox 1281 354 1345 409; x_wconf 89' lang='lat' dir='ltr'><strong><em>ad</em></strong></span> <span class='ocrx_word' id='word_1_17' title='bbox 1371 354 1635 423; x_wconf 79' lang='lat' dir='ltr'><strong><em>Virgines,</em></strong></span> <span class='ocrx_word' id='word_1_18' title='bbox 1671 355 1741 408; x_wconf 88' lang='lat' dir='ltr'><strong><em>ita</em></strong></span> <span class='ocrx_word' id='word_1_19' title='bbox 1773 369 1886 409; x_wconf 45' lang='lat' dir='ltr'><strong><em>me‘</em></strong></span> <span class='ocrx_word' id='word_1_20' title='bbox 1912 357 1961 415; x_wconf 82' lang='lat' dir='ltr'><strong>A</strong></span> <span class='ocrx_word' id='word_1_21' title='bbox 1988 355 2167 409; x_wconf 88' lang='lat' dir='ltr'><strong><em>mundi</em></strong></span> <span class='ocrx_word' id='word_1_22' title='bbox 2196 356 2443 421; x_wconf 86' lang='lat' dir='ltr'><strong><em>nascitur,</em></strong></span> <span class='ocrx_word' id='word_1_23' title='bbox 2470 365 2516 409; x_wconf 90' lang='lat' dir='ltr'><strong><em>et</em></strong></span> <span class='ocrx_word' id='word_1_24' title='bbox 2541 354 2713 410; x_wconf 84' lang='lat' dir='ltr'><strong><em>nullus</em></strong></span> <span class='ocrx_word' id='word_1_25' title='bbox 2752 365 2827 412; x_wconf 87' lang='lat' dir='ltr'><strong><em>est</em></strong></span> <span class='ocrx_word' id='word_1_26' title='bbox 2882 360 3099 425; x_wconf 82' lang='lat' dir='ltr'><strong><em>gemitus</em></strong></span> <span class='ocrx_word' id='word_1_27' title='bbox 3151 357 3402 430; x_wconf 88' lang='lat' dir='ltr'><strong><em>parientis</em></strong></span> <span class='ocrx_word' id='word_1_28' title='bbox 3433 375 3453 414; x_wconf 88' lang='lat'><strong><em>:</em></strong></span> <span class='ocrx_word' id='word_1_29' title='bbox 3479 377 3571 414; x_wconf 86' lang='lat' dir='ltr'><strong><em>va-</em></strong></span> 
     </span>
    </p>
   </div>
   <div class='ocr_carea' id='block_1_5' title="bbox 309 442 1883 514">
    <p class='ocr_par' dir='ltr' id='par_1_5' title="bbox 309 442 1883 514">
     <span class='ocr_line' id='line_1_5' title="bbox 309 442 1883 514; baseline -0.001 -14"><span class='ocrx_word' id='word_1_30' title='bbox 309 456 468 500; x_wconf 73' lang='lat' dir='ltr'><strong><em>morat</em></strong></span> <span class='ocrx_word' id='word_1_31' title='bbox 498 444 635 509; x_wconf 90' lang='lat' dir='ltr'><strong><em>(Lib.</em></strong></span> <span class='ocrx_word' id='word_1_32' title='bbox 663 444 705 514; x_wconf 87' lang='grc' dir='ltr'><strong><em>ι)</em></strong></span> <span class='ocrx_word' id='word_1_33' title='bbox 729 464 741 499; x_wconf 90' lang='lat'><strong>:</strong></span> <span class='ocrx_word' id='word_1_34' title='bbox 766 444 795 483; x_wconf 72' lang='grc' dir='ltr'>δ</span> <span class='ocrx_word' id='word_1_35' title='bbox 824 442 1016 499; x_wconf 80' lang='lat' dir='ltr'><strong><em>Frater</em></strong></span> <span class='ocrx_word' id='word_1_36' title='bbox 1044 462 1184 498; x_wconf 89' lang='lat' dir='ltr'><strong><em>meus</em></strong></span> <span class='ocrx_word' id='word_1_37' title='bbox 1211 445 1462 498; x_wconf 85' lang='lat' dir='ltr'><strong><em>candidus</em></strong></span> <span class='ocrx_word' id='word_1_38' title='bbox 1486 455 1532 498; x_wconf 91' lang='lat' dir='ltr'><strong><em>et</em></strong></span> <span class='ocrx_word' id='word_1_39' title='bbox 1547 444 1883 499; x_wconf 87' lang='lat' dir='ltr'><strong><em>rubicundus.</em></strong></span> 
     </span>
    </p>
   </div>
   <div class='ocr_carea' id='block_1_6' title="bbox 308 534 1881 606">
    <p class='ocr_par' dir='ltr' id='par_1_6' title="bbox 308 534 1881 606">
     <span class='ocr_line' id='line_1_6' title="bbox 308 534 1881 606; baseline -0.001 -16"><span class='ocrx_word' id='word_1_40' title='bbox 308 534 587 602; x_wconf 85' lang='lat' dir='ltr'><strong><em>Candidus,</em></strong></span> <span class='ocrx_word' id='word_1_41' title='bbox 620 537 741 605; x_wconf 97' lang='lat' dir='ltr'><strong><em>quia</em></strong></span> <span class='ocrx_word' id='word_1_42' title='bbox 776 534 954 589; x_wconf 86' lang='lat' dir='ltr'><strong><em>Patris</em></strong></span> <span class='ocrx_word' id='word_1_43' title='bbox 980 534 1224 604; x_wconf 83' lang='lat' dir='ltr'><strong><em>splendor</em></strong></span> <span class='ocrx_word' id='word_1_44' title='bbox 1250 547 1360 601; x_wconf 89' lang='lat' dir='ltr'><strong><em>est;</em></strong></span> <span class='ocrx_word' id='word_1_45' title='bbox 1382 536 1586 601; x_wconf 86' lang='lat' dir='ltr'><strong><em>rubens,</em></strong></span> <span class='ocrx_word' id='word_1_46' title='bbox 1616 536 1735 606; x_wconf 90' lang='lat' dir='ltr'><strong><em>quia</em></strong></span> <span class='ocrx_word' id='word_1_47' title='bbox 1758 554 1881 604; x_wconf 87' lang='lat' dir='ltr'><strong><em>par-</em></strong></span> 
     </span>
    </p>
   </div>
   <div class='ocr_carea' id='block_1_7' title="bbox 308 624 1884 697">
    <p class='ocr_par' dir='ltr' id='par_1_7' title="bbox 308 624 1884 697">
     <span class='ocr_line' id='line_1_7' title="bbox 308 624 1884 697; baseline 0.001 -20"><span class='ocrx_word' id='word_1_48' title='bbox 308 636 384 679; x_wconf 86' lang='lat' dir='ltr'><strong><em>tus</em></strong></span> <span class='ocrx_word' id='word_1_49' title='bbox 412 634 483 678; x_wconf 87' lang='lat' dir='ltr'><strong><em>est</em></strong></span> <span class='ocrx_word' id='word_1_50' title='bbox 524 624 771 697; x_wconf 75' lang='lat' dir='ltr'><strong><em>Virginis.</em></strong></span> <span class='ocrx_word' id='word_1_51' title='bbox 820 625 1074 679; x_wconf 78' lang='lat' dir='ltr'><strong><em>Memento</em></strong></span> <span class='ocrx_word' id='word_1_52' title='bbox 1102 635 1276 677; x_wconf 89' lang='lat' dir='ltr'><strong><em>tamen</em></strong></span> <span class='ocrx_word' id='word_1_53' title='bbox 1304 625 1595 695; x_wconf 89' lang='lat' dir='ltr'><strong><em>antiquiora</em></strong></span> <span class='ocrx_word' id='word_1_54' title='bbox 1640 628 1691 678; x_wconf 91' lang='lat' dir='ltr'><strong><em>in</em></strong></span> <span class='ocrx_word' id='word_1_55' title='bbox 1718 641 1778 679; x_wconf 92' lang='lat' dir='ltr'><strong><em>eo</em></strong></span> <span class='ocrx_word' id='word_1_56' title='bbox 1804 626 1884 679; x_wconf 88' lang='lat' dir='ltr'><strong><em>di-</em></strong></span> 
     </span>
    </p>
   </div>
   <div class='ocr_carea' id='block_1_8' title="bbox 308 716 1883 787">
    <p class='ocr_par' dir='ltr' id='par_1_8' title="bbox 308 716 1883 787">
     <span class='ocr_line' id='line_1_8' title="bbox 308 716 1883 787; baseline 0.002 -19"><span class='ocrx_word' id='word_1_57' title='bbox 308 717 527 770; x_wconf 62' lang='lat' dir='ltr'><strong><em>vinitatis</em></strong></span> <span class='ocrx_word' id='word_1_58' title='bbox 556 718 784 787; x_wconf 87' lang='lat' dir='ltr'><strong><em>insignia</em></strong></span> <span class='ocrx_word' id='word_1_59' title='bbox 812 733 966 787; x_wconf 87' lang='lat' dir='ltr'><strong><em>quam</em></strong></span> <span class='ocrx_word' id='word_1_60' title='bbox 993 718 1219 785; x_wconf 88' lang='lat' dir='ltr'><strong><em>corporis</em></strong></span> <span class='ocrx_word' id='word_1_61' title='bbox 1241 728 1573 770; x_wconf 86' lang='lat' dir='ltr'><strong><em>sacramenta.</em></strong></span> <span class='ocrx_word' id='word_1_62' title='bbox 1609 716 1727 771; x_wconf 77' lang='lat' dir='ltr'><strong><em>Non</em></strong></span> <span class='ocrx_word' id='word_1_63' title='bbox 1748 720 1883 771; x_wconf 90' lang='lat' dir='ltr'><strong><em>enim</em></strong></span> 
     </span>
    </p>
   </div>
   <div class='ocr_carea' id='block_1_9' title="bbox 311 805 1877 880">
    <p class='ocr_par' dir='ltr' id='par_1_9' title="bbox 311 805 1877 880">
     <span class='ocr_line' id='line_1_9' title="bbox 311 805 1877 880; baseline 0.002 -20"><span class='ocrx_word' id='word_1_64' title='bbox 311 808 447 875; x_wconf 68' lang='lat' dir='ltr'><strong><em>carpit</em></strong></span> <span class='ocrx_word' id='word_1_65' title='bbox 495 823 559 860; x_wconf 82' lang='lat' dir='ltr'><strong><em>ea:</em></strong></span> <span class='ocrx_word' id='word_1_66' title='bbox 604 805 849 880; x_wconf 76' lang='lat' dir='ltr'><strong><em>Virgine;</em></strong></span> <span class='ocrx_word' id='word_1_67' title='bbox 891 811 981 861; x_wconf 88' lang='lat' dir='ltr'><strong><em>sed</em></strong></span> <span class='ocrx_word' id='word_1_68' title='bbox 1022 809 1107 875; x_wconf 90' lang='lat' dir='ltr'><strong><em>qui</em></strong></span> <span class='ocrx_word' id='word_1_69' title='bbox 1157 818 1286 868; x_wconf 79' lang='lat' dir='ltr'><strong><em>erat,</em></strong></span> <span class='ocrx_word' id='word_1_70' title='bbox 1319 808 1454 860; x_wconf 85' lang='lat' dir='ltr'><strong><em>venit</em></strong></span> <span class='ocrx_word' id='word_1_71' title='bbox 1497 812 1549 859; x_wconf 88' lang='lat' dir='ltr'><strong><em>in</em></strong></span> <span class='ocrx_word' id='word_1_72' title='bbox 1598 808 1877 878; x_wconf 69' lang='lat' dir='ltr'><strong><em>Virginem.</em></strong></span> 
     </span>
    </p>
   </div>
   <div class='ocr_carea' id='block_1_10' title="bbox 310 881 1883 966">
    <p class='ocr_par' dir='ltr' id='par_1_10' title="bbox 310 881 1883 966">
     <span class='ocr_line' id='line_1_10' title="bbox 310 881 1883 966; baseline -0.001 -12"><span class='ocrx_word' id='word_1_73' title='bbox 310 898 428 954; x_wconf 80' lang='lat' dir='ltr'><strong><em>Item</em></strong></span> <span class='ocrx_word' id='word_1_74' title='bbox 466 898 639 966; x_wconf 82' lang='lat' dir='ltr'><strong><em>ipsius</em></strong></span> <span class='ocrx_word' id='word_1_75' title='bbox 682 901 733 952; x_wconf 91' lang='lat' dir='ltr'><strong><em>in</em></strong></span> <span class='ocrx_word' id='word_1_76' title='bbox 772 909 795 938; x_wconf 74' lang='grc' dir='ltr'><em>ε</em></span> <span class='ocrx_word' id='word_1_77' title='bbox 838 898 1014 953; x_wconf 82' lang='lat' dir='ltr'><strong><em>Natali</em></strong></span> <span class='ocrx_word' id='word_1_78' title='bbox 1062 881 1273 951; x_wconf 88' lang='lat' dir='ltr'><strong><em>Domini</em></strong></span> <span class='ocrx_word' id='word_1_79' title='bbox 1308 916 1319 952; x_wconf 90' lang='lat'><strong>:</strong></span> <span class='ocrx_word' id='word_1_80' title='bbox 1363 899 1541 952; x_wconf 91' lang='lat' dir='ltr'><strong><em>Videte</em></strong></span> <span class='ocrx_word' id='word_1_81' title='bbox 1581 901 1883 953; x_wconf 74' lang='lat' dir='ltr'><strong><em>miraculum</em></strong></span> 
     </span>
    </p>
   </div>
   <div class='ocr_carea' id='block_1_11' title="bbox 306 986 1879 1061">
    <p class='ocr_par' dir='ltr' id='par_1_11' title="bbox 306 986 1879 1061">
     <span class='ocr_line' id='line_1_11' title="bbox 306 986 1879 1061; baseline 0.003 -20"><span class='ocrx_word' id='word_1_82' title='bbox 306 986 328 1026; x_wconf 78' lang='grc'><strong><em>⁸</em></strong></span> <span class='ocrx_word' id='word_1_83' title='bbox 356 1000 473 1041; x_wconf 64' lang='lat' dir='ltr'><strong><em>matr</em></strong></span> <span class='ocrx_word' id='word_1_84' title='bbox 491 991 537 1043; x_wconf 89' lang='lat' dir='ltr'><strong><em>is</em></strong></span> <span class='ocrx_word' id='word_1_85' title='bbox 561 990 844 1044; x_wconf 65' lang='lat' dir='ltr'><strong><em>Dominicis</em></strong></span> <span class='ocrx_word' id='word_1_86' title='bbox 866 1006 883 1042; x_wconf 89' lang='lat'><strong><em>:</em></strong></span> <span class='ocrx_word' id='word_1_87' title='bbox 905 991 1047 1059; x_wconf 84' lang='lat' dir='ltr'><strong><em>virgo</em></strong></span> <span class='ocrx_word' id='word_1_88' title='bbox 1065 993 1315 1057; x_wconf 85' lang='lat' dir='ltr'><strong><em>concepit,</em></strong></span> <span class='ocrx_word' id='word_1_89' title='bbox 1335 992 1476 1061; x_wconf 80' lang='lat' dir='ltr'><strong><em>rirgo</em></strong></span> <span class='ocrx_word' id='word_1_90' title='bbox 1503 994 1719 1061; x_wconf 79' lang='lat' dir='ltr'><strong><em>peperit,</em></strong></span> <span class='ocrx_word' id='word_1_91' title='bbox 1740 994 1879 1061; x_wconf 87' lang='lat' dir='ltr'><strong><em>virgo</em></strong></span> 
     </span>
    </p>
   </div>
   <div class='ocr_carea' id='block_1_12' title="bbox 295 1081 1882 1153">
    <p class='ocr_par' dir='ltr' id='par_1_12' title="bbox 295 1081 1882 1153">
     <span class='ocr_line' id='line_1_12' title="bbox 295 1081 1882 1153; baseline 0.003 -20"><span class='ocrx_word' id='word_1_92' title='bbox 295 1081 410 1153; x_wconf 54' lang='lat' dir='ltr'><strong><em>cum</em></strong></span> <span class='ocrx_word' id='word_1_93' title='bbox 442 1083 690 1147; x_wconf 84' lang='lat' dir='ltr'><strong><em>parturit,</em></strong></span> <span class='ocrx_word' id='word_1_94' title='bbox 726 1083 867 1153; x_wconf 85' lang='lat' dir='ltr'><strong><em>virga</em></strong></span> <span class='ocrx_word' id='word_1_95' title='bbox 897 1083 1133 1151; x_wconf 85' lang='lat' dir='ltr'><strong><em>gravida,</em></strong></span> <span class='ocrx_word' id='word_1_96' title='bbox 1161 1084 1301 1153; x_wconf 80' lang='lat' dir='ltr'><strong><em>virgo</em></strong></span> <span class='ocrx_word' id='word_1_97' title='bbox 1331 1095 1442 1149; x_wconf 88' lang='lat' dir='ltr'><strong><em>post</em></strong></span> <span class='ocrx_word' id='word_1_98' title='bbox 1483 1094 1708 1151; x_wconf 81' lang='lat' dir='ltr'><strong><em>partum.</em></strong></span> <span class='ocrx_word' id='word_1_99' title='bbox 1735 1084 1882 1139; x_wconf 84' lang='lat' dir='ltr'><strong><em>Sient</em></strong></span> 
     </span>
    </p>
   </div>
   <div class='ocr_carea' id='block_1_13' title="bbox 275 1142 1879 1245">
    <p class='ocr_par' dir='ltr' id='par_1_13' title="bbox 275 1142 1879 1245">
     <span class='ocr_line' id='line_1_13' title="bbox 275 1142 1879 1245; baseline 0.002 -19"><span class='ocrx_word' id='word_1_100' title='bbox 275 1142 349 1226; x_wconf 37' lang='lat' dir='ltr'><strong><em>lin</em></strong></span> <span class='ocrx_word' id='word_1_101' title='bbox 377 1171 647 1228; x_wconf 74' lang='lat' dir='ltr'><strong><em>Ezechiele</em></strong></span> <span class='ocrx_word' id='word_1_102' title='bbox 674 1174 897 1227; x_wconf 84' lang='lat' dir='ltr'><strong><em>dicitur:</em></strong></span> <span class='ocrx_word' id='word_1_103' title='bbox 938 1175 1004 1227; x_wconf 79' lang='lat' dir='ltr'><strong><em>Et</em></strong></span> <span class='ocrx_word' id='word_1_104' title='bbox 1030 1186 1181 1245; x_wconf 89' lang='lat' dir='ltr'><strong><em>parta</em></strong></span> <span class='ocrx_word' id='word_1_105' title='bbox 1210 1184 1317 1228; x_wconf 85' lang='lat' dir='ltr'><strong><em>erat</em></strong></span> <span class='ocrx_word' id='word_1_106' title='bbox 1346 1176 1540 1238; x_wconf 84' lang='lat' dir='ltr'><strong><em>clausa,</em></strong></span> <span class='ocrx_word' id='word_1_107' title='bbox 1584 1189 1629 1229; x_wconf 90' lang='lat' dir='ltr'><strong><em>et</em></strong></span> <span class='ocrx_word' id='word_1_108' title='bbox 1660 1195 1760 1229; x_wconf 90' lang='lat' dir='ltr'><strong><em>non</em></strong></span> <span class='ocrx_word' id='word_1_109' title='bbox 1805 1188 1879 1230; x_wconf 85' lang='lat' dir='ltr'><strong><em>est</em></strong></span> 
     </span>
    </p>
   </div>
   <div class='ocr_carea' id='block_1_14' title="bbox 300 1266 1873 1339">
    <p class='ocr_par' dir='ltr' id='par_1_14' title="bbox 300 1266 1873 1339">
     <span class='ocr_line' id='line_1_14' title="bbox 300 1266 1873 1339; baseline 0.004 -21"><span class='ocrx_word' id='word_1_110' title='bbox 300 1281 498 1334; x_wconf 87' lang='lat' dir='ltr'><strong><em>aperta.</em></strong></span> <span class='ocrx_word' id='word_1_111' title='bbox 530 1269 651 1335; x_wconf 87' lang='lat' dir='ltr'><strong><em>quia</em></strong></span> <span class='ocrx_word' id='word_1_112' title='bbox 686 1266 935 1319; x_wconf 80' lang='lat' dir='ltr'><strong><em>Dominus</em></strong></span> <span class='ocrx_word' id='word_1_113' title='bbox 962 1268 1195 1320; x_wconf 74' lang='lat' dir='ltr'><strong><em>transicit</em></strong></span> <span class='ocrx_word' id='word_1_114' title='bbox 1225 1284 1313 1337; x_wconf 88' lang='lat' dir='ltr'><strong><em>per</em></strong></span> <span class='ocrx_word' id='word_1_115' title='bbox 1343 1285 1453 1320; x_wconf 89' lang='lat' dir='ltr'><strong><em>eam</em></strong></span> <span class='ocrx_word' id='word_1_116' title='bbox 1477 1267 1688 1337; x_wconf 80' lang='lat' dir='ltr'><strong><em>(Ezec/i.</em></strong></span> <span class='ocrx_word' id='word_1_117' title='bbox 1713 1270 1873 1339; x_wconf 74' lang='lat' dir='ltr'><strong><em>xw).</em></strong></span> 
     </span>
    </p>
   </div>
   <div class='ocr_carea' id='block_1_15' title="bbox 298 1357 1878 1430">
    <p class='ocr_par' dir='ltr' id='par_1_15' title="bbox 298 1357 1878 1430">
     <span class='ocr_line' id='line_1_15' title="bbox 298 1357 1878 1430; baseline 0.001 -18"><span class='ocrx_word' id='word_1_118' title='bbox 298 1357 532 1412; x_wconf 73' lang='lat' dir='ltr'><strong><em>Gloriasa</em></strong></span> <span class='ocrx_word' id='word_1_119' title='bbox 584 1358 871 1430; x_wconf 77' lang='lat' dir='ltr'><strong><em>virginitas,</em></strong></span> <span class='ocrx_word' id='word_1_120' title='bbox 903 1370 949 1412; x_wconf 88' lang='lat' dir='ltr'><strong><em>et</em></strong></span> <span class='ocrx_word' id='word_1_121' title='bbox 980 1361 1230 1426; x_wconf 67' lang='lat' dir='ltr'><strong><em>praetora</em></strong></span> <span class='ocrx_word' id='word_1_122' title='bbox 1274 1360 1583 1429; x_wconf 73' lang='lat' dir='ltr'><strong><em>fecunditas.</em></strong></span> <span class='ocrx_word' id='word_1_123' title='bbox 1626 1358 1878 1414; x_wconf 86' lang='lat' dir='ltr'><strong><em>Dominus</em></strong></span> 
     </span>
    </p>
   </div>
   <div class='ocr_carea' id='block_1_16' title="bbox 1992 447 3570 517">
    <p class='ocr_par' dir='ltr' id='par_1_16' title="bbox 1992 447 3570 517">
     <span class='ocr_line' id='line_1_16' title="bbox 1992 447 3570 517; baseline 0.004 -20"><span class='ocrx_word' id='word_1_124' title='bbox 1992 456 2173 498; x_wconf 91' lang='lat' dir='ltr'><strong><em>cuatur</em></strong></span> <span class='ocrx_word' id='word_1_125' title='bbox 2201 453 2371 499; x_wconf 85' lang='lat' dir='ltr'><strong><em>uterus</em></strong></span> <span class='ocrx_word' id='word_1_126' title='bbox 2403 456 2449 499; x_wconf 88' lang='lat' dir='ltr'><strong><em>et</em></strong></span> <span class='ocrx_word' id='word_1_127' title='bbox 2477 461 2621 499; x_wconf 89' lang='lat' dir='ltr'><strong><em>verus</em></strong></span> <span class='ocrx_word' id='word_1_128' title='bbox 2652 447 2821 514; x_wconf 74' lang='lat' dir='ltr'><strong><em>infans</em></strong></span> <span class='ocrx_word' id='word_1_129' title='bbox 2850 449 3125 517; x_wconf 64' lang='lat' dir='ltr'><strong><em>excipitur,</em></strong></span> <span class='ocrx_word' id='word_1_130' title='bbox 3151 466 3242 502; x_wconf 92' lang='lat' dir='ltr'><strong><em>nec</em></strong></span> <span class='ocrx_word' id='word_1_131' title='bbox 3268 458 3434 517; x_wconf 63' lang='lat' dir='ltr'><strong><em>tanien</em></strong></span> <span class='ocrx_word' id='word_1_132' title='bbox 3463 453 3570 504; x_wconf 83' lang='lat' dir='ltr'><strong><em>vir-</em></strong></span> 
     </span>
    </p>
   </div>
   <div class='ocr_carea' id='block_1_17' title="bbox 1990 534 3571 605">
    <p class='ocr_par' dir='ltr' id='par_1_17' title="bbox 1990 534 3571 605">
     <span class='ocr_line' id='line_1_17' title="bbox 1990 534 3571 605; baseline 0.006 -17"><span class='ocrx_word' id='word_1_133' title='bbox 1990 536 2180 605; x_wconf 89' lang='lat' dir='ltr'><strong><em>ginitas</em></strong></span> <span class='ocrx_word' id='word_1_134' title='bbox 2216 537 2456 590; x_wconf 82' lang='lat' dir='ltr'><strong><em>violatur.</em></strong></span> <span class='ocrx_word' id='word_1_135' title='bbox 2488 534 2598 592; x_wconf 84' lang='lat' dir='ltr'><strong><em>Fas</em></strong></span> <span class='ocrx_word' id='word_1_136' title='bbox 2641 548 2769 600; x_wconf 89' lang='lat' dir='ltr'><strong><em>erat,</em></strong></span> <span class='ocrx_word' id='word_1_137' title='bbox 2803 548 2857 591; x_wconf 91' lang='lat' dir='ltr'><strong><em>ut</em></strong></span> <span class='ocrx_word' id='word_1_138' title='bbox 2907 539 3013 593; x_wconf 92' lang='lat' dir='ltr'><strong><em>Dea</em></strong></span> <span class='ocrx_word' id='word_1_139' title='bbox 3070 553 3308 593; x_wconf 87' lang='lat' dir='ltr'><strong><em>nascente</em></strong></span> <span class='ocrx_word' id='word_1_140' title='bbox 3338 543 3571 598; x_wconf 81' lang='lat' dir='ltr'><strong><em>meritum</em></strong></span> 
     </span>
    </p>
   </div>
   <div class='ocr_carea' id='block_1_18' title="bbox 1989 632 3570 703">
    <p class='ocr_par' dir='ltr' id='par_1_18' title="bbox 1989 632 3570 703">
     <span class='ocr_line' id='line_1_18' title="bbox 1989 632 3570 703; baseline 0.003 -21"><span class='ocrx_word' id='word_1_141' title='bbox 1989 641 2232 703; x_wconf 71' lang='lat' dir='ltr'><strong><em>cresceret</em></strong></span> <span class='ocrx_word' id='word_1_142' title='bbox 2264 632 2547 697; x_wconf 79' lang='lat' dir='ltr'><strong><em>castitatis;</em></strong></span> <span class='ocrx_word' id='word_1_143' title='bbox 2576 648 2667 683; x_wconf 86' lang='lat' dir='ltr'><strong><em>nec</em></strong></span> <span class='ocrx_word' id='word_1_144' title='bbox 2694 649 2783 701; x_wconf 90' lang='lat' dir='ltr'><strong><em>per</em></strong></span> <span class='ocrx_word' id='word_1_145' title='bbox 2810 633 2921 699; x_wconf 85' lang='lat' dir='ltr'><strong><em>ejus</em></strong></span> <span class='ocrx_word' id='word_1_146' title='bbox 2950 648 3210 702; x_wconf 77' lang='lat' dir='ltr'><strong><em>egressum</em></strong></span> <span class='ocrx_word' id='word_1_147' title='bbox 3256 634 3570 688; x_wconf 76' lang='lat' dir='ltr'><strong><em>violarentur</em></strong></span> 
     </span>
    </p>
   </div>
   <div class='ocr_carea' id='block_1_19' title="bbox 1988 721 3571 793">
    <p class='ocr_par' dir='ltr' id='par_1_19' title="bbox 1988 721 3571 793">
     <span class='ocr_line' id='line_1_19' title="bbox 1988 721 3571 793; baseline 0.003 -22"><span class='ocrx_word' id='word_1_148' title='bbox 1988 722 2206 789; x_wconf 85' lang='lat' dir='ltr'><strong><em>integra,</em></strong></span> <span class='ocrx_word' id='word_1_149' title='bbox 2237 721 2324 789; x_wconf 88' lang='lat' dir='ltr'><strong><em>qui</em></strong></span> <span class='ocrx_word' id='word_1_150' title='bbox 2355 729 2556 773; x_wconf 84' lang='lat' dir='ltr'><strong><em>venerat</em></strong></span> <span class='ocrx_word' id='word_1_151' title='bbox 2589 736 2769 772; x_wconf 89' lang='lat' dir='ltr'><strong><em>sanare</em></strong></span> <span class='ocrx_word' id='word_1_152' title='bbox 2798 733 3059 788; x_wconf 86' lang='lat' dir='ltr'><strong><em>corrupta.</em></strong></span> <span class='ocrx_word' id='word_1_153' title='bbox 3095 722 3223 775; x_wconf 81' lang='lat' dir='ltr'><strong><em>item</em></strong></span> <span class='ocrx_word' id='word_1_154' title='bbox 3256 722 3308 776; x_wconf 91' lang='lat' dir='ltr'><strong><em>in</em></strong></span> <span class='ocrx_word' id='word_1_155' title='bbox 3339 732 3362 759; x_wconf 73' lang='grc' dir='ltr'>ε</span> <span class='ocrx_word' id='word_1_156' title='bbox 3392 724 3571 793; x_wconf 78' lang='lat' dir='ltr'><strong><em>Expo-</em></strong></span> 
     </span>
    </p>
   </div>
   <div class='ocr_carea' id='block_1_20' title="bbox 1987 810 3569 881">
    <p class='ocr_par' dir='ltr' id='par_1_20' title="bbox 1987 810 3569 881">
     <span class='ocr_line' id='line_1_20' title="bbox 1987 810 3569 881; baseline 0.003 -18"><span class='ocrx_word' id='word_1_157' title='bbox 1987 812 2183 865; x_wconf 82' lang='lat' dir='ltr'><strong><em>sitione</em></strong></span> <span class='ocrx_word' id='word_1_158' title='bbox 2214 812 2484 878; x_wconf 77' lang='lat' dir='ltr'><strong><em>Evangelii</em></strong></span> <span class='ocrx_word' id='word_1_159' title='bbox 2509 810 2800 863; x_wconf 87' lang='lat' dir='ltr'><strong><em>secundum</em></strong></span> <span class='ocrx_word' id='word_1_160' title='bbox 2827 811 3021 865; x_wconf 81' lang='lat' dir='ltr'><strong><em>LuCam</em></strong></span> <span class='ocrx_word' id='word_1_161' title='bbox 3057 830 3069 864; x_wconf 93' lang='lat'>:</span> <span class='ocrx_word' id='word_1_162' title='bbox 3107 813 3257 878; x_wconf 83' lang='lat' dir='ltr'><strong><em>Quod</em></strong></span> <span class='ocrx_word' id='word_1_163' title='bbox 3284 831 3342 867; x_wconf 88' lang='lat' dir='ltr'><strong><em>ea</em></strong></span> <span class='ocrx_word' id='word_1_164' title='bbox 3363 813 3569 881; x_wconf 86' lang='lat' dir='ltr'><strong><em>potissi-</em></strong></span> 
     </span>
    </p>
   </div>
   <div class='ocr_carea' id='block_1_21' title="bbox 1992 901 3568 974">
    <p class='ocr_par' dir='ltr' id='par_1_21' title="bbox 1992 901 3568 974">
     <span class='ocr_line' id='line_1_21' title="bbox 1992 901 3568 974; baseline 0.002 -20"><span class='ocrx_word' id='word_1_165' title='bbox 1992 918 2133 954; x_wconf 87' lang='lat' dir='ltr'><strong><em>mum</em></strong></span> <span class='ocrx_word' id='word_1_166' title='bbox 2165 903 2294 954; x_wconf 81' lang='lat' dir='ltr'><strong><em>lecta</em></strong></span> <span class='ocrx_word' id='word_1_167' title='bbox 2330 911 2402 955; x_wconf 86' lang='lat' dir='ltr'><strong><em>est</em></strong></span> <span class='ocrx_word' id='word_1_168' title='bbox 2446 912 2498 952; x_wconf 89' lang='lat' dir='ltr'><strong><em>ut</em></strong></span> <span class='ocrx_word' id='word_1_169' title='bbox 2535 901 2697 953; x_wconf 90' lang='lat' dir='ltr'><strong><em>Deum</em></strong></span> <span class='ocrx_word' id='word_1_170' title='bbox 2742 912 2960 971; x_wconf 85' lang='lat' dir='ltr'><strong><em>pareret,</em></strong></span> <span class='ocrx_word' id='word_1_171' title='bbox 2989 919 3101 970; x_wconf 77' lang='lat' dir='ltr'><strong><em>qua:</em></strong></span> <span class='ocrx_word' id='word_1_172' title='bbox 3129 913 3236 956; x_wconf 87' lang='lat' dir='ltr'><strong><em>erat</em></strong></span> <span class='ocrx_word' id='word_1_173' title='bbox 3263 906 3568 974; x_wconf 79' lang='lat' dir='ltr'><strong><em>desponsata</em></strong></span> 
     </span>
    </p>
   </div>
   <div class='ocr_carea' id='block_1_22' title="bbox 1987 991 3567 1062">
    <p class='ocr_par' dir='ltr' id='par_1_22' title="bbox 1987 991 3567 1062">
     <span class='ocr_line' id='line_1_22' title="bbox 1987 991 3567 1062; baseline 0.001 -16"><span class='ocrx_word' id='word_1_174' title='bbox 1987 996 2095 1046; x_wconf 83' lang='lat' dir='ltr'><strong><em>viro</em></strong></span> <span class='ocrx_word' id='word_1_175' title='bbox 2125 992 2259 1062; x_wconf 86' lang='lat' dir='ltr'><strong><em>(Lib.</em></strong></span> <span class='ocrx_word' id='word_1_176' title='bbox 2288 991 2372 1062; x_wconf 83' lang='grc' dir='ltr'><strong>ιι).</strong></span> <span class='ocrx_word' id='word_1_177' title='bbox 2406 992 2595 1046; x_wconf 81' lang='lat' dir='ltr'><strong><em>Natum</em></strong></span> <span class='ocrx_word' id='word_1_178' title='bbox 2628 1005 2777 1045; x_wconf 89' lang='lat' dir='ltr'><strong><em>certe</em></strong></span> <span class='ocrx_word' id='word_1_179' title='bbox 2808 1010 2868 1046; x_wconf 82' lang='lat' dir='ltr'><strong><em>ex</em></strong></span> <span class='ocrx_word' id='word_1_180' title='bbox 2918 993 3133 1060; x_wconf 76' lang='lat' dir='ltr'><strong><em>Virgine</em></strong></span> <span class='ocrx_word' id='word_1_181' title='bbox 3179 996 3341 1048; x_wconf 88' lang='lat' dir='ltr'><strong><em>Deum</em></strong></span> <span class='ocrx_word' id='word_1_182' title='bbox 3375 995 3567 1061; x_wconf 76' lang='lat' dir='ltr'><strong><em>prauit-</em></strong></span> 
     </span>
    </p>
   </div>
   <div class='ocr_carea' id='block_1_23' title="bbox 1986 1083 3566 1151">
    <p class='ocr_par' dir='ltr' id='par_1_23' title="bbox 1986 1083 3566 1151">
     <span class='ocr_line' id='line_1_23' title="bbox 1986 1083 3566 1151; baseline -0.001 -13"><span class='ocrx_word' id='word_1_183' title='bbox 1986 1096 2095 1151; x_wconf 88' lang='lat' dir='ltr'><strong><em>cat,</em></strong></span> <span class='ocrx_word' id='word_1_184' title='bbox 2130 1085 2346 1138; x_wconf 70' lang='lat' dir='ltr'><strong><em>Mariam</em></strong></span> <span class='ocrx_word' id='word_1_185' title='bbox 2395 1084 2618 1136; x_wconf 79' lang='lat' dir='ltr'><strong><em>Matrem</em></strong></span> <span class='ocrx_word' id='word_1_186' title='bbox 2676 1083 2766 1135; x_wconf 90' lang='lat' dir='ltr'><strong><em>Dei</em></strong></span> <span class='ocrx_word' id='word_1_187' title='bbox 2822 1086 3083 1135; x_wconf 91' lang='lat' dir='ltr'><strong><em>nominat.</em></strong></span> <span class='ocrx_word' id='word_1_188' title='bbox 3120 1085 3181 1136; x_wconf 90' lang='lat' dir='ltr'><strong><em>Et</em></strong></span> <span class='ocrx_word' id='word_1_189' title='bbox 3227 1085 3313 1136; x_wconf 86' lang='lat' dir='ltr'><strong><em>ubi</em></strong></span> <span class='ocrx_word' id='word_1_190' title='bbox 3356 1085 3440 1135; x_wconf 91' lang='lat' dir='ltr'><strong><em>illa</em></strong></span> <span class='ocrx_word' id='word_1_191' title='bbox 3482 1092 3566 1141; x_wconf 82' lang='lat' dir='ltr'><strong><em>est</em></strong></span> 
     </span>
    </p>
   </div>
   <div class='ocr_carea' id='block_1_24' title="bbox 1986 1173 3565 1247">
    <p class='ocr_par' dir='ltr' id='par_1_24' title="bbox 1986 1173 3565 1247">
     <span class='ocr_line' id='line_1_24' title="bbox 1986 1173 3565 1247; baseline -0.001 -19"><span class='ocrx_word' id='word_1_192' title='bbox 1986 1179 2292 1247; x_wconf 73' lang='lat' dir='ltr'><strong><em>prodigiosa</em></strong></span> <span class='ocrx_word' id='word_1_193' title='bbox 2318 1186 2480 1245; x_wconf 85' lang='lat' dir='ltr'><strong><em>atque</em></strong></span> <span class='ocrx_word' id='word_1_194' title='bbox 2498 1174 2843 1228; x_wconf 72' lang='lat' dir='ltr'><strong><em>exsecrabilis</em></strong></span> <span class='ocrx_word' id='word_1_195' title='bbox 2864 1190 2962 1226; x_wconf 75' lang='lat' dir='ltr'><strong><em>vox</em></strong></span> <span class='ocrx_word' id='word_1_196' title='bbox 2993 1185 3102 1233; x_wconf 84' lang='lat' dir='ltr'><strong><em>tua,</em></strong></span> <span class='ocrx_word' id='word_1_197' title='bbox 3124 1190 3223 1242; x_wconf 88' lang='lat' dir='ltr'><strong><em>qua</em></strong></span> <span class='ocrx_word' id='word_1_198' title='bbox 3248 1173 3349 1237; x_wconf 85' lang='lat' dir='ltr'><strong><em>ais,</em></strong></span> <span class='ocrx_word' id='word_1_199' title='bbox 3380 1173 3398 1210; x_wconf 69' lang='grc' dir='ltr'>τ</span> <span class='ocrx_word' id='word_1_200' title='bbox 3424 1174 3565 1240; x_wconf 85' lang='lat' dir='ltr'><strong><em>Quo-</em></strong></span> 
     </span>
    </p>
   </div>
   <div class='ocr_carea' id='block_1_25' title="bbox 1987 1267 3565 1333">
    <p class='ocr_par' dir='ltr' id='par_1_25' title="bbox 1987 1267 3565 1333">
     <span class='ocr_line' id='line_1_25' title="bbox 1987 1267 3565 1333; baseline -0.003 -10"><span class='ocrx_word' id='word_1_201' title='bbox 1987 1271 2146 1323; x_wconf 85' lang='lat' dir='ltr'><strong><em>modo</em></strong></span> <span class='ocrx_word' id='word_1_202' title='bbox 2178 1282 2347 1321; x_wconf 73' lang='lat' dir='ltr'><strong><em>mater</em></strong></span> <span class='ocrx_word' id='word_1_203' title='bbox 2386 1275 2558 1333; x_wconf 62' lang='lat' dir='ltr'><strong><em>potest</em></strong></span> <span class='ocrx_word' id='word_1_204' title='bbox 2590 1282 2709 1320; x_wconf 83' lang='lat' dir='ltr'><strong><em>esse</em></strong></span> <span class='ocrx_word' id='word_1_205' title='bbox 2747 1267 2906 1319; x_wconf 80' lang='lat' dir='ltr'><strong><em>alieni</em></strong></span> <span class='ocrx_word' id='word_1_206' title='bbox 2940 1282 2966 1319; x_wconf 92' lang='lat' dir='ltr'><strong><em>a</em></strong></span> <span class='ocrx_word' id='word_1_207' title='bbox 3000 1276 3188 1319; x_wconf 87' lang='lat' dir='ltr'><strong><em>natura</em></strong></span> <span class='ocrx_word' id='word_1_208' title='bbox 3230 1268 3359 1318; x_wconf 79' lang='lat' dir='ltr'><strong><em>sua?</em></strong></span> <span class='ocrx_word' id='word_1_209' title='bbox 3391 1268 3432 1318; x_wconf 90' lang='lat' dir='ltr'><strong><em>si</em></strong></span> <span class='ocrx_word' id='word_1_210' title='bbox 3467 1283 3565 1318; x_wconf 88' lang='lat' dir='ltr'><strong><em>au-</em></strong></span> 
     </span>
    </p>
   </div>
   <div class='ocr_carea' id='block_1_26' title="bbox 1988 1359 3565 1427">
    <p class='ocr_par' dir='ltr' id='par_1_26' title="bbox 1988 1359 3565 1427">
     <span class='ocr_line' id='line_1_26' title="bbox 1988 1359 3565 1427; baseline -0.001 -14"><span class='ocrx_word' id='word_1_211' title='bbox 1988 1370 2091 1414; x_wconf 87' lang='lat' dir='ltr'><strong><em>tem</em></strong></span> <span class='ocrx_word' id='word_1_212' title='bbox 2126 1368 2297 1412; x_wconf 90' lang='lat' dir='ltr'><strong><em>mater</em></strong></span> <span class='ocrx_word' id='word_1_213' title='bbox 2328 1360 2395 1412; x_wconf 89' lang='lat' dir='ltr'><strong><em>ab</em></strong></span> <span class='ocrx_word' id='word_1_214' title='bbox 2420 1359 2548 1426; x_wconf 80' lang='lat' dir='ltr'><strong><em>ipsis</em></strong></span> <span class='ocrx_word' id='word_1_215' title='bbox 2580 1368 2819 1424; x_wconf 80' lang='lat' dir='ltr'><strong><em>vocatur,</em></strong></span> <span class='ocrx_word' id='word_1_216' title='bbox 2853 1359 3158 1411; x_wconf 74' lang='lat' dir='ltr'><strong><em>humanitas</em></strong></span> <span class='ocrx_word' id='word_1_217' title='bbox 3190 1367 3271 1410; x_wconf 89' lang='lat' dir='ltr'><strong><em>est</em></strong></span> <span class='ocrx_word' id='word_1_218' title='bbox 3298 1360 3437 1427; x_wconf 89' lang='lat' dir='ltr'><strong><em>quod</em></strong></span> <span class='ocrx_word' id='word_1_219' title='bbox 3465 1373 3565 1411; x_wconf 80' lang='lat' dir='ltr'><strong><em>na-</em></strong></span> 
     </span>
    </p>
   </div>
   <div class='ocr_carea' id='block_1_27' title="bbox 1360 1514 2483 1572">
    <p class='ocr_par' dir='ltr' id='par_1_27' title="bbox 1360 1514 2483 1572">
     <span class='ocr_line' id='line_1_27' title="bbox 1360 1514 2483 1572; baseline -0.003 -1"><span class='ocrx_word' id='word_1_220' title='bbox 1360 1514 1612 1571; x_wconf 77' lang='lat' dir='ltr'><strong><em>ALARDI</em></strong></span> <span class='ocrx_word' id='word_1_221' title='bbox 1652 1516 1884 1572; x_wconf 69' lang='lat' dir='ltr'><strong><em>GAZrEl</em></strong></span> <span class='ocrx_word' id='word_1_222' title='bbox 1923 1515 2483 1571; x_wconf 68' lang='lat' dir='ltr'><strong><em>COMMENTARIUS.</em></strong></span> 
     </span>
    </p>
   </div>
   <div class='ocr_carea' id='block_1_28' title="bbox 294 1624 1873 1690">
    <p class='ocr_par' dir='ltr' id='par_1_28' title="bbox 294 1624 1873 1690">
     <span class='ocr_line' id='line_1_28' title="bbox 294 1624 1873 1690; baseline 0 -10"><span class='ocrx_word' id='word_1_223' title='bbox 294 1624 654 1679; x_wconf 71' lang='lat' dir='ltr'><strong><em>Ecclesiastici</em></strong></span> <span class='ocrx_word' id='word_1_224' title='bbox 693 1641 857 1679; x_wconf 67' lang='lat' dir='ltr'><strong><em>XXXIII</em></strong></span> <span class='ocrx_word' id='word_1_225' title='bbox 886 1644 897 1677; x_wconf 91' lang='lat'><strong>:</strong></span> <span class='ocrx_word' id='word_1_226' title='bbox 929 1624 988 1679; x_wconf 87' lang='lat' dir='ltr'><strong><em>Si</em></strong></span> <span class='ocrx_word' id='word_1_227' title='bbox 1015 1634 1086 1679; x_wconf 90' lang='lat' dir='ltr'><strong><em>est</em></strong></span> <span class='ocrx_word' id='word_1_228' title='bbox 1113 1625 1204 1677; x_wconf 85' lang='lat' dir='ltr'><strong><em>tibi</em></strong></span> <span class='ocrx_word' id='word_1_229' title='bbox 1235 1642 1403 1679; x_wconf 81' lang='lat' dir='ltr'><strong><em>servus</em></strong></span> <span class='ocrx_word' id='word_1_230' title='bbox 1453 1628 1641 1690; x_wconf 77' lang='lat' dir='ltr'><strong><em>ﬁdelis.</em></strong></span> <span class='ocrx_word' id='word_1_231' title='bbox 1673 1630 1737 1680; x_wconf 85' lang='lat' dir='ltr'><strong><em>sit</em></strong></span> <span class='ocrx_word' id='word_1_232' title='bbox 1784 1628 1873 1680; x_wconf 87' lang='lat' dir='ltr'><strong><em>tibi</em></strong></span> 
     </span>
    </p>
   </div>
   <div class='ocr_carea' id='block_1_29' title="bbox 292 1695 1870 1763">
    <p class='ocr_par' dir='ltr' id='par_1_29' title="bbox 292 1695 1870 1763">
     <span class='ocr_line' id='line_1_29' title="bbox 292 1695 1870 1763; baseline 0.002 -15"><span class='ocrx_word' id='word_1_233' title='bbox 292 1698 429 1763; x_wconf 83' lang='lat' dir='ltr'><strong><em>quasi</em></strong></span> <span class='ocrx_word' id='word_1_234' title='bbox 461 1696 639 1747; x_wconf 87' lang='lat' dir='ltr'><strong><em>anima</em></strong></span> <span class='ocrx_word' id='word_1_235' title='bbox 683 1707 788 1748; x_wconf 87' lang='lat' dir='ltr'><strong><em>tua.</em></strong></span> <span class='ocrx_word' id='word_1_236' title='bbox 827 1695 1023 1763; x_wconf 74' lang='lat' dir='ltr'><strong><em>Eodem</em></strong></span> <span class='ocrx_word' id='word_1_237' title='bbox 1082 1697 1267 1749; x_wconf 74' lang='lat' dir='ltr'><strong><em>referri</em></strong></span> <span class='ocrx_word' id='word_1_238' title='bbox 1307 1707 1479 1763; x_wconf 72' lang='lat' dir='ltr'><strong><em>potest</em></strong></span> <span class='ocrx_word' id='word_1_239' title='bbox 1530 1698 1657 1751; x_wconf 86' lang='lat' dir='ltr'><strong><em>illud</em></strong></span> <span class='ocrx_word' id='word_1_240' title='bbox 1705 1700 1870 1751; x_wconf 65' lang='lat' dir='ltr'><strong><em>Exodi</em></strong></span> 
     </span>
    </p>
   </div>
   <div class='ocr_carea' id='block_1_30' title="bbox 293 1764 1876 1837">
    <p class='ocr_par' dir='ltr' id='par_1_30' title="bbox 293 1764 1876 1837">
     <span class='ocr_line' id='line_1_30' title="bbox 293 1764 1876 1837; baseline 0.001 -18"><span class='ocrx_word' id='word_1_241' title='bbox 293 1782 381 1819; x_wconf 75' lang='lat' dir='ltr'><strong><em>xm</em></strong></span> <span class='ocrx_word' id='word_1_242' title='bbox 410 1783 422 1816; x_wconf 90' lang='lat'><strong>:</strong></span> <span class='ocrx_word' id='word_1_243' title='bbox 465 1764 530 1817; x_wconf 78' lang='lat' dir='ltr'><strong><em>Et</em></strong></span> <span class='ocrx_word' id='word_1_244' title='bbox 562 1768 658 1818; x_wconf 87' lang='lat' dir='ltr'><strong><em>erit</em></strong></span> <span class='ocrx_word' id='word_1_245' title='bbox 690 1765 836 1834; x_wconf 84' lang='lat' dir='ltr'><strong><em>quasi</em></strong></span> <span class='ocrx_word' id='word_1_246' title='bbox 864 1768 1064 1833; x_wconf 86' lang='lat' dir='ltr'><strong><em>signum</em></strong></span> <span class='ocrx_word' id='word_1_247' title='bbox 1092 1768 1145 1818; x_wconf 81' lang='lat' dir='ltr'><strong><em>in</em></strong></span> <span class='ocrx_word' id='word_1_248' title='bbox 1176 1784 1330 1818; x_wconf 88' lang='lat' dir='ltr'><strong><em>ntanu</em></strong></span> <span class='ocrx_word' id='word_1_249' title='bbox 1361 1779 1469 1828; x_wconf 86' lang='lat' dir='ltr'><strong><em>tua,</em></strong></span> <span class='ocrx_word' id='word_1_250' title='bbox 1504 1778 1547 1819; x_wconf 87' lang='lat' dir='ltr'><strong><em>et</em></strong></span> <span class='ocrx_word' id='word_1_251' title='bbox 1582 1771 1733 1837; x_wconf 88' lang='lat' dir='ltr'><strong><em>quasi</em></strong></span> <span class='ocrx_word' id='word_1_252' title='bbox 1761 1785 1876 1820; x_wconf 88' lang='lat' dir='ltr'><strong><em>ma-</em></strong></span> 
     </span>
    </p>
   </div>
   <div class='ocr_carea' id='block_1_31' title="bbox 292 1838 1875 1906">
    <p class='ocr_par' dir='ltr' id='par_1_31' title="bbox 292 1838 1875 1906">
     <span class='ocr_line' id='line_1_31' title="bbox 292 1838 1875 1906; baseline 0.003 -19"><span class='ocrx_word' id='word_1_253' title='bbox 292 1848 589 1888; x_wconf 78' lang='lat' dir='ltr'><strong><em>numentum</em></strong></span> <span class='ocrx_word' id='word_1_254' title='bbox 635 1846 755 1887; x_wconf 87' lang='lat' dir='ltr'><strong><em>ante</em></strong></span> <span class='ocrx_word' id='word_1_255' title='bbox 786 1839 961 1889; x_wconf 89' lang='lat' dir='ltr'><strong><em>oculos</em></strong></span> <span class='ocrx_word' id='word_1_256' title='bbox 990 1848 1126 1903; x_wconf 89' lang='lat' dir='ltr'><strong><em>tuos,</em></strong></span> <span class='ocrx_word' id='word_1_257' title='bbox 1158 1848 1206 1889; x_wconf 89' lang='lat' dir='ltr'><strong><em>et</em></strong></span> <span class='ocrx_word' id='word_1_258' title='bbox 1231 1847 1285 1888; x_wconf 86' lang='lat' dir='ltr'><strong><em>ut</em></strong></span> <span class='ocrx_word' id='word_1_259' title='bbox 1313 1838 1395 1890; x_wconf 75' lang='lat' dir='ltr'><strong><em>lea:</em></strong></span> <span class='ocrx_word' id='word_1_260' title='bbox 1426 1838 1631 1891; x_wconf 85' lang='lat' dir='ltr'><strong><em>Domini</em></strong></span> <span class='ocrx_word' id='word_1_261' title='bbox 1674 1854 1875 1906; x_wconf 79' lang='lat' dir='ltr'><strong><em>semper</em></strong></span> 
     </span>
    </p>
   </div>
   <div class='ocr_carea' id='block_1_32' title="bbox 291 1908 989 1959">
    <p class='ocr_par' dir='ltr' id='par_1_32' title="bbox 291 1908 989 1959">
     <span class='ocr_line' id='line_1_32' title="bbox 291 1908 989 1959; baseline -0.003 0"><span class='ocrx_word' id='word_1_262' title='bbox 291 1909 351 1959; x_wconf 79' lang='lat' dir='ltr'><strong><em>sit</em></strong></span> <span class='ocrx_word' id='word_1_263' title='bbox 374 1908 425 1957; x_wconf 86' lang='lat' dir='ltr'><strong><em>in</em></strong></span> <span class='ocrx_word' id='word_1_264' title='bbox 458 1921 548 1957; x_wconf 85' lang='lat' dir='ltr'><strong><em>ore</em></strong></span> <span class='ocrx_word' id='word_1_265' title='bbox 579 1915 684 1958; x_wconf 89' lang='lat' dir='ltr'><strong><em>tuo.</em></strong></span> <span class='ocrx_word' id='word_1_266' title='bbox 986 1914 989 1915; x_wconf 64' lang='grc'><strong><em>⁷</em></strong></span> 
     </span>
    </p>
   </div>
   <div class='ocr_carea' id='block_1_33' title="bbox 359 1976 1871 2045">
    <p class='ocr_par' dir='ltr' id='par_1_33' title="bbox 359 1976 1871 2045">
     <span class='ocr_line' id='line_1_33' title="bbox 359 1976 1871 2045; baseline 0.005 -19"><span class='ocrx_word' id='word_1_267' title='bbox 359 1984 382 2011; x_wconf 73' lang='grc'><em>⁸</em></span> <span class='ocrx_word' id='word_1_268' title='bbox 413 1976 665 2043; x_wconf 76' lang='lat' dir='ltr'><strong><em>Quatuor</em></strong></span> <span class='ocrx_word' id='word_1_269' title='bbox 690 1976 855 2027; x_wconf 82' lang='lat' dir='ltr'><strong><em>libros</em></strong></span> <span class='ocrx_word' id='word_1_270' title='bbox 877 1990 969 2028; x_wconf 88' lang='lat' dir='ltr'><strong><em>seu</em></strong></span> <span class='ocrx_word' id='word_1_271' title='bbox 995 1977 1167 2041; x_wconf 83' lang='lat' dir='ltr'><strong><em>potius</em></strong></span> <span class='ocrx_word' id='word_1_272' title='bbox 1198 1987 1474 2041; x_wconf 82' lang='lat' dir='ltr'><strong><em>tractatus,</em></strong></span> <span class='ocrx_word' id='word_1_273' title='bbox 1494 1977 1734 2045; x_wconf 83' lang='lat' dir='ltr'><strong><em>ejusdem</em></strong></span> <span class='ocrx_word' id='word_1_274' title='bbox 1756 1978 1871 2035; x_wconf 78' lang='lat' dir='ltr'><strong><em>fere</em></strong></span> 
     </span>
    </p>
   </div>
   <div class='ocr_carea' id='block_1_34' title="bbox 1981 1626 3562 1695">
    <p class='ocr_par' dir='ltr' id='par_1_34' title="bbox 1981 1626 3562 1695">
     <span class='ocr_line' id='line_1_34' title="bbox 1981 1626 3562 1695; baseline 0.003 -14"><span class='ocrx_word' id='word_1_275' title='bbox 1981 1628 2092 1681; x_wconf 86' lang='lat' dir='ltr'><strong><em>rius</em></strong></span> <span class='ocrx_word' id='word_1_276' title='bbox 2120 1627 2170 1680; x_wconf 93' lang='lat' dir='ltr'><strong><em>in</em></strong></span> <span class='ocrx_word' id='word_1_277' title='bbox 2202 1628 2461 1695; x_wconf 66' lang='lat' dir='ltr'><strong><em>psa‘mum</em></strong></span> <span class='ocrx_word' id='word_1_278' title='bbox 2504 1628 2747 1690; x_wconf 84' lang='lat' dir='ltr'><strong><em>quintum</em></strong></span> <span class='ocrx_word' id='word_1_279' title='bbox 2799 1627 3224 1693; x_wconf 79' lang='lat' dir='ltr'><strong><em>ptenitentiaiem</em></strong></span> <span class='ocrx_word' id='word_1_280' title='bbox 3251 1644 3265 1681; x_wconf 86' lang='lat'><strong>:</strong></span> <span class='ocrx_word' id='word_1_281' title='bbox 3296 1626 3562 1685; x_wconf 88' lang='lat' dir='ltr'><strong><em>Candidus</em></strong></span> 
     </span>
    </p>
   </div>
   <div class='ocr_carea' id='block_1_35' title="bbox 1982 1698 3559 1765">
    <p class='ocr_par' dir='ltr' id='par_1_35' title="bbox 1982 1698 3559 1765">
     <span class='ocr_line' id='line_1_35' title="bbox 1982 1698 3559 1765; baseline 0.003 -15"><span class='ocrx_word' id='word_1_282' title='bbox 1982 1714 2045 1750; x_wconf 78' lang='lat' dir='ltr'><strong><em>ex</em></strong></span> <span class='ocrx_word' id='word_1_283' title='bbox 2089 1698 2372 1749; x_wconf 82' lang='lat' dir='ltr'><strong><em>divinitatis</em></strong></span> <span class='ocrx_word' id='word_1_284' title='bbox 2402 1700 2588 1765; x_wconf 84' lang='lat' dir='ltr'><strong><em>specie,</em></strong></span> <span class='ocrx_word' id='word_1_285' title='bbox 2634 1699 2949 1749; x_wconf 71' lang='lat' dir='ltr'><strong><em>rubicundus</em></strong></span> <span class='ocrx_word' id='word_1_286' title='bbox 2980 1715 3040 1751; x_wconf 73' lang='lat' dir='ltr'><strong><em>ea:</em></strong></span> <span class='ocrx_word' id='word_1_287' title='bbox 3068 1701 3317 1763; x_wconf 84' lang='lat' dir='ltr'><strong><em>passionis</em></strong></span> <span class='ocrx_word' id='word_1_288' title='bbox 3356 1716 3559 1754; x_wconf 81' lang='lat' dir='ltr'><strong><em>cruore.</em></strong></span> 
     </span>
    </p>
   </div>
   <div class='ocr_carea' id='block_1_36' title="bbox 1987 1768 3560 1838">
    <p class='ocr_par' dir='ltr' id='par_1_36' title="bbox 1987 1768 3560 1838">
     <span class='ocr_line' id='line_1_36' title="bbox 1987 1768 3560 1838; baseline 0.003 -17"><span class='ocrx_word' id='word_1_289' title='bbox 1987 1768 2026 1821; x_wconf 87' lang='lat' dir='ltr'>S</span> <span class='ocrx_word' id='word_1_290' title='bbox 2081 1768 2384 1819; x_wconf 70' lang='lat' dir='ltr'><strong><em>iiernanlns</em></strong></span> <span class='ocrx_word' id='word_1_291' title='bbox 2414 1770 2465 1819; x_wconf 87' lang='lat' dir='ltr'><strong><em>in</em></strong></span> <span class='ocrx_word' id='word_1_292' title='bbox 2509 1769 2648 1818; x_wconf 83' lang='lat' dir='ltr'><strong><em>hunc</em></strong></span> <span class='ocrx_word' id='word_1_293' title='bbox 2682 1770 2855 1820; x_wconf 84' lang='lat' dir='ltr'><strong><em>locum</em></strong></span> <span class='ocrx_word' id='word_1_294' title='bbox 2886 1768 3227 1821; x_wconf 72' lang='lat' dir='ltr'><strong><em>Canticorum</em></strong></span> <span class='ocrx_word' id='word_1_295' title='bbox 3260 1768 3457 1838; x_wconf 46' lang='lat' dir='ltr'><strong><em>(Serm.</em></strong></span> <span class='ocrx_word' id='word_1_296' title='bbox 3492 1770 3560 1825; x_wconf 75' lang='grc'><strong>48</strong></span> 
     </span>
    </p>
   </div>
   <div class='ocr_carea' id='block_1_37' title="bbox 1986 1838 3558 1909">
    <p class='ocr_par' dir='ltr' id='par_1_37' title="bbox 1986 1838 3558 1909">
     <span class='ocr_line' id='line_1_37' title="bbox 1986 1838 3558 1909; baseline 0.002 -20"><span class='ocrx_word' id='word_1_297' title='bbox 1986 1839 2039 1889; x_wconf 87' lang='lat' dir='ltr'><strong><em>in</em></strong></span> <span class='ocrx_word' id='word_1_298' title='bbox 2071 1838 2327 1909; x_wconf 81' lang='lat' dir='ltr'><strong><em>Cantica).</em></strong></span> <span class='ocrx_word' id='word_1_299' title='bbox 2377 1838 2692 1909; x_wconf 76' lang='lat' dir='ltr'><strong><em>Singularis.</em></strong></span> <span class='ocrx_word' id='word_1_300' title='bbox 2728 1839 2918 1905; x_wconf 87' lang='lat' dir='ltr'><strong><em>inquit,</em></strong></span> <span class='ocrx_word' id='word_1_301' title='bbox 2954 1842 3174 1891; x_wconf 75' lang='lat' dir='ltr'><strong><em>mixtura</em></strong></span> <span class='ocrx_word' id='word_1_302' title='bbox 3206 1851 3277 1892; x_wconf 81' lang='lat' dir='ltr'><strong><em>est</em></strong></span> <span class='ocrx_word' id='word_1_303' title='bbox 3308 1842 3558 1903; x_wconf 89' lang='lat' dir='ltr'><strong><em>calorum,</em></strong></span> 
     </span>
    </p>
   </div>
   <div class='ocr_carea' id='block_1_38' title="bbox 1985 1908 3559 1976">
    <p class='ocr_par' dir='ltr' id='par_1_38' title="bbox 1985 1908 3559 1976">
     <span class='ocr_line' id='line_1_38' title="bbox 1985 1908 3559 1976; baseline 0.001 -19"><span class='ocrx_word' id='word_1_304' title='bbox 1985 1910 2073 1975; x_wconf 81' lang='lat' dir='ltr'><strong><em>qui</em></strong></span> <span class='ocrx_word' id='word_1_305' title='bbox 2103 1910 2153 1959; x_wconf 88' lang='lat' dir='ltr'><strong><em>in</em></strong></span> <span class='ocrx_word' id='word_1_306' title='bbox 2194 1908 2304 1961; x_wconf 88' lang='lat' dir='ltr'><strong><em>sala</em></strong></span> <span class='ocrx_word' id='word_1_307' title='bbox 2350 1924 2567 1969; x_wconf 80' lang='lat' dir='ltr'><strong><em>persona</em></strong></span> <span class='ocrx_word' id='word_1_308' title='bbox 2614 1908 2821 1960; x_wconf 84' lang='lat' dir='ltr'><strong><em>Domini</em></strong></span> <span class='ocrx_word' id='word_1_309' title='bbox 2849 1911 3139 1976; x_wconf 83' lang='lat' dir='ltr'><strong><em>Operatiane</em></strong></span> <span class='ocrx_word' id='word_1_310' title='bbox 3168 1910 3341 1961; x_wconf 74' lang='lat' dir='ltr'><strong><em>divina</em></strong></span> <span class='ocrx_word' id='word_1_311' title='bbox 3378 1926 3559 1961; x_wconf 76' lang='lat' dir='ltr'><strong><em>convc-</em></strong></span> 
     </span>
    </p>
   </div>
   <div class='ocr_carea' id='block_1_39' title="bbox 1982 1978 3559 2039">
    <p class='ocr_par' dir='ltr' id='par_1_39' title="bbox 1982 1978 3559 2039">
     <span class='ocr_line' id='line_1_39' title="bbox 1982 1978 3559 2039; baseline 0.004 -12"><span class='ocrx_word' id='word_1_312' title='bbox 1982 1978 2126 2029; x_wconf 82' lang='lat' dir='ltr'><strong><em>ninnt</em></strong></span> <span class='ocrx_word' id='word_1_313' title='bbox 2163 1978 2214 2030; x_wconf 90' lang='lat' dir='ltr'><strong><em>in</em></strong></span> <span class='ocrx_word' id='word_1_314' title='bbox 2243 1993 2415 2038; x_wconf 86' lang='lat' dir='ltr'><strong><em>unum,</em></strong></span> <span class='ocrx_word' id='word_1_315' title='bbox 2452 1994 2542 2029; x_wconf 84' lang='lat' dir='ltr'><strong><em>nec</em></strong></span> <span class='ocrx_word' id='word_1_316' title='bbox 2572 1986 2625 2029; x_wconf 89' lang='lat' dir='ltr'><strong><em>ut</em></strong></span> <span class='ocrx_word' id='word_1_317' title='bbox 2652 1979 2751 2030; x_wconf 89' lang='lat' dir='ltr'><strong><em>sint</em></strong></span> <span class='ocrx_word' id='word_1_318' title='bbox 2781 1996 2933 2039; x_wconf 84' lang='lat' dir='ltr'><strong><em>unus,</em></strong></span> <span class='ocrx_word' id='word_1_319' title='bbox 2959 1980 3046 2030; x_wconf 84' lang='lat' dir='ltr'><strong><em>sed</em></strong></span> <span class='ocrx_word' id='word_1_320' title='bbox 3069 1990 3121 2030; x_wconf 89' lang='lat' dir='ltr'><strong><em>ut</em></strong></span> <span class='ocrx_word' id='word_1_321' title='bbox 3142 1980 3241 2031; x_wconf 89' lang='lat' dir='ltr'><strong><em>sint</em></strong></span> <span class='ocrx_word' id='word_1_322' title='bbox 3272 1981 3321 2030; x_wconf 88' lang='lat' dir='ltr'><strong><em>in</em></strong></span> <span class='ocrx_word' id='word_1_323' title='bbox 3351 1996 3470 2030; x_wconf 90' lang='lat' dir='ltr'><strong><em>uno.</em></strong></span> <span class='ocrx_word' id='word_1_324' title='bbox 3513 1979 3559 2033; x_wconf 87' lang='lat'><em>0</em></span> 
     </span>
    </p>
   </div>
   <div class='ocr_carea' id='block_1_40' title="bbox 294 2046 3556 2117">
    <p class='ocr_par' dir='ltr' id='par_1_40' title="bbox 294 2046 3556 2117">
     <span class='ocr_line' id='line_1_40' title="bbox 294 2046 3556 2117; baseline 0 -19"><span class='ocrx_word' id='word_1_325' title='bbox 294 2046 597 2114; x_wconf 72' lang='lat' dir='ltr'><strong><em>argumenti</em></strong></span> <span class='ocrx_word' id='word_1_326' title='bbox 632 2046 801 2097; x_wconf 81' lang='lat' dir='ltr'><strong><em>edidit</em></strong></span> <span class='ocrx_word' id='word_1_327' title='bbox 829 2046 885 2098; x_wconf 89' lang='lat' dir='ltr'><strong><em>S.</em></strong></span> <span class='ocrx_word' id='word_1_328' title='bbox 920 2048 1253 2111; x_wconf 88' lang='lat' dir='ltr'><strong><em>Ambrosius,</em></strong></span> <span class='ocrx_word' id='word_1_329' title='bbox 1279 2050 1371 2117; x_wconf 85' lang='lat' dir='ltr'><strong><em>qui</em></strong></span> <span class='ocrx_word' id='word_1_330' title='bbox 1396 2064 1583 2102; x_wconf 75' lang='lat' dir='ltr'><strong><em>(mines</em></strong></span> <span class='ocrx_word' id='word_1_331' title='bbox 1613 2050 1665 2102; x_wconf 89' lang='lat' dir='ltr'><strong><em>in</em></strong></span> <span class='ocrx_word' id='word_1_332' title='bbox 1699 2051 1872 2115; x_wconf 80' lang='lat' dir='ltr'><strong><em>primo</em></strong></span> <span class='ocrx_word' id='word_1_333' title='bbox 1905 2059 1949 2117; x_wconf 76' lang='grc' dir='ltr'>Β</span> <span class='ocrx_word' id='word_1_334' title='bbox 1981 2050 2238 2113; x_wconf 82' lang='lat' dir='ltr'><strong><em>gratiosus</em></strong></span> <span class='ocrx_word' id='word_1_335' title='bbox 2266 2064 2499 2113; x_wconf 89' lang='lat' dir='ltr'><strong><em>sponsus,</em></strong></span> <span class='ocrx_word' id='word_1_336' title='bbox 2535 2058 2579 2098; x_wconf 85' lang='lat' dir='ltr'><strong><em>et</em></strong></span> <span class='ocrx_word' id='word_1_337' title='bbox 2606 2050 2836 2100; x_wconf 85' lang='lat' dir='ltr'><strong><em>amabilis</em></strong></span> <span class='ocrx_word' id='word_1_338' title='bbox 2881 2048 3046 2117; x_wconf 85' lang='lat' dir='ltr'><strong><em>valde,</em></strong></span> <span class='ocrx_word' id='word_1_339' title='bbox 3091 2049 3143 2100; x_wconf 88' lang='lat' dir='ltr'><strong><em>in</em></strong></span> <span class='ocrx_word' id='word_1_340' title='bbox 3173 2065 3271 2115; x_wconf 89' lang='lat' dir='ltr'><strong><em>quo</em></strong></span> <span class='ocrx_word' id='word_1_341' title='bbox 3301 2056 3556 2117; x_wconf 71' lang='lat' dir='ltr'><strong><em>generatio</em></strong></span> 
     </span>
    </p>
   </div>
   <div class='ocr_carea' id='block_1_41' title="bbox 292 2117 1871 2187">
    <p class='ocr_par' dir='ltr' id='par_1_41' title="bbox 292 2117 1871 2187">
     <span class='ocr_line' id='line_1_41' title="bbox 292 2117 1871 2187; baseline 0.002 -18"><span class='ocrx_word' id='word_1_342' title='bbox 292 2126 430 2169; x_wconf 91' lang='lat' dir='ltr'><strong><em>tomo</em></strong></span> <span class='ocrx_word' id='word_1_343' title='bbox 466 2119 670 2168; x_wconf 70' lang='lat' dir='ltr'><strong><em>Veto-ris</em></strong></span> <span class='ocrx_word' id='word_1_344' title='bbox 710 2117 958 2187; x_wconf 75' lang='lat' dir='ltr'><strong><em>editionis</em></strong></span> <span class='ocrx_word' id='word_1_345' title='bbox 989 2118 1309 2171; x_wconf 84' lang='lat' dir='ltr'><strong><em>Parisiensis</em></strong></span> <span class='ocrx_word' id='word_1_346' title='bbox 1345 2119 1677 2187; x_wconf 88' lang='lat' dir='ltr'><strong><em>aliarumque</em></strong></span> <span class='ocrx_word' id='word_1_347' title='bbox 1716 2131 1871 2172; x_wconf 54' lang='lat' dir='ltr'><strong><em>vetuc</em></strong></span> 
     </span>
    </p>
   </div>
   <div class='ocr_carea' id='block_1_42' title="bbox 290 2186 1867 2256">
    <p class='ocr_par' dir='ltr' id='par_1_42' title="bbox 290 2186 1867 2256">
     <span class='ocr_line' id='line_1_42' title="bbox 290 2186 1867 2256; baseline 0.003 -17"><span class='ocrx_word' id='word_1_348' title='bbox 290 2187 516 2256; x_wconf 84' lang='lat' dir='ltr'><strong><em>stiornm</em></strong></span> <span class='ocrx_word' id='word_1_349' title='bbox 546 2186 983 2256; x_wconf 77' lang='lat' dir='ltr'><strong><em>continebantur.</em></strong></span> <span class='ocrx_word' id='word_1_350' title='bbox 1021 2191 1084 2239; x_wconf 75' lang='lat' dir='ltr'><strong><em>At</em></strong></span> <span class='ocrx_word' id='word_1_351' title='bbox 1118 2189 1168 2240; x_wconf 92' lang='lat' dir='ltr'><strong><em>in</em></strong></span> <span class='ocrx_word' id='word_1_352' title='bbox 1198 2189 1298 2241; x_wconf 87' lang='lat' dir='ltr'><strong><em>alia</em></strong></span> <span class='ocrx_word' id='word_1_353' title='bbox 1334 2186 1634 2256; x_wconf 79' lang='lat' dir='ltr'><strong><em>pOSteriore</em></strong></span> <span class='ocrx_word' id='word_1_354' title='bbox 1671 2191 1867 2243; x_wconf 71' lang='lat' dir='ltr'><strong><em>editio-</em></strong></span> 
     </span>
    </p>
   </div>
   <div class='ocr_carea' id='block_1_43' title="bbox 291 2254 1866 2328">
    <p class='ocr_par' dir='ltr' id='par_1_43' title="bbox 291 2254 1866 2328">
     <span class='ocr_line' id='line_1_43' title="bbox 291 2254 1866 2328; baseline 0.003 -18"><span class='ocrx_word' id='word_1_355' title='bbox 291 2272 353 2310; x_wconf 87' lang='lat' dir='ltr'><strong><em>ne</em></strong></span> <span class='ocrx_word' id='word_1_356' title='bbox 384 2255 686 2309; x_wconf 66' lang='lat' dir='ltr'><strong><em>Parisiensi</em></strong></span> <span class='ocrx_word' id='word_1_357' title='bbox 738 2272 827 2309; x_wconf 91' lang='lat' dir='ltr'><strong><em>an.</em></strong></span> <span class='ocrx_word' id='word_1_358' title='bbox 876 2254 1014 2310; x_wconf 83' lang='grc'><strong><em>1586</em></strong></span> <span class='ocrx_word' id='word_1_359' title='bbox 1046 2258 1259 2310; x_wconf 78' lang='lat' dir='ltr'><strong><em>inverso</em></strong></span> <span class='ocrx_word' id='word_1_360' title='bbox 1303 2254 1490 2313; x_wconf 76' lang='lat' dir='ltr'><strong><em>ordine</em></strong></span> <span class='ocrx_word' id='word_1_361' title='bbox 1524 2260 1574 2311; x_wconf 93' lang='lat' dir='ltr'><strong><em>in</em></strong></span> <span class='ocrx_word' id='word_1_362' title='bbox 1624 2262 1866 2328; x_wconf 90' lang='lat' dir='ltr'><strong><em>quintum</em></strong></span> 
     </span>
    </p>
   </div>
   <div class='ocr_carea' id='block_1_44' title="bbox 288 2328 1870 2396">
    <p class='ocr_par' dir='ltr' id='par_1_44' title="bbox 288 2328 1870 2396">
     <span class='ocr_line' id='line_1_44' title="bbox 288 2328 1870 2396; baseline 0.003 -16"><span class='ocrx_word' id='word_1_363' title='bbox 288 2336 340 2380; x_wconf 86' lang='lat' dir='ltr'><strong><em>et</em></strong></span> <span class='ocrx_word' id='word_1_364' title='bbox 366 2339 706 2396; x_wconf 83' lang='lat' dir='ltr'><strong><em>postremum</em></strong></span> <span class='ocrx_word' id='word_1_365' title='bbox 734 2337 931 2378; x_wconf 90' lang='lat' dir='ltr'><strong><em>tomum</em></strong></span> <span class='ocrx_word' id='word_1_366' title='bbox 962 2328 1189 2395; x_wconf 73' lang='lat' dir='ltr'><strong><em>conjt-cti</em></strong></span> <span class='ocrx_word' id='word_1_367' title='bbox 1213 2339 1356 2381; x_wconf 80' lang='lat' dir='ltr'><strong><em>sunt.</em></strong></span> <span class='ocrx_word' id='word_1_368' title='bbox 1387 2329 1593 2381; x_wconf 84' lang='lat' dir='ltr'><strong><em>Primus</em></strong></span> <span class='ocrx_word' id='word_1_369' title='bbox 1613 2340 1870 2385; x_wconf 78' lang='lat' dir='ltr'><strong><em>traCIatus</em></strong></span> 
     </span>
    </p>
   </div>
   <div class='ocr_carea' id='block_1_45' title="bbox 288 2396 1868 2464">
    <p class='ocr_par' dir='ltr' id='par_1_45' title="bbox 288 2396 1868 2464">
     <span class='ocr_line' id='line_1_45' title="bbox 288 2396 1868 2464; baseline 0.001 -13"><span class='ocrx_word' id='word_1_370' title='bbox 288 2411 361 2451; x_wconf 84' lang='lat' dir='ltr'><strong><em>est</em></strong></span> <span class='ocrx_word' id='word_1_371' title='bbox 383 2398 465 2449; x_wconf 89' lang='lat' dir='ltr'><strong><em>De</em></strong></span> <span class='ocrx_word' id='word_1_372' title='bbox 500 2396 797 2464; x_wconf 59' lang='lat' dir='ltr'><strong><em>Virginibus</em></strong></span> <span class='ocrx_word' id='word_1_373' title='bbox 824 2396 887 2449; x_wconf 86' lang='lat' dir='ltr'><strong><em>ad</em></strong></span> <span class='ocrx_word' id='word_1_374' title='bbox 916 2398 1279 2451; x_wconf 69' lang='lat' dir='ltr'><strong><em>Mareellinam</em></strong></span> <span class='ocrx_word' id='word_1_375' title='bbox 1305 2413 1543 2451; x_wconf 83' lang='lat' dir='ltr'><strong><em>sororem</em></strong></span> <span class='ocrx_word' id='word_1_376' title='bbox 1562 2416 1734 2462; x_wconf 83' lang='lat' dir='ltr'><strong><em>suam,</em></strong></span> <span class='ocrx_word' id='word_1_377' title='bbox 1761 2412 1868 2454; x_wconf 87' lang='lat' dir='ltr'><strong><em>tres</em></strong></span> 
     </span>
    </p>
   </div>
   <div class='ocr_carea' id='block_1_46' title="bbox 288 2468 1869 2540">
    <p class='ocr_par' dir='ltr' id='par_1_46' title="bbox 288 2468 1869 2540">
     <span class='ocr_line' id='line_1_46' title="bbox 288 2468 1869 2540; baseline 0.003 -21"><span class='ocrx_word' id='word_1_378' title='bbox 288 2468 451 2540; x_wconf 80' lang='lat' dir='ltr'><strong><em>libros</em></strong></span> <span class='ocrx_word' id='word_1_379' title='bbox 478 2468 880 2540; x_wconf 69' lang='lat' dir='ltr'><strong><em>complements;</em></strong></span> <span class='ocrx_word' id='word_1_380' title='bbox 907 2470 1209 2540; x_wconf 79' lang='lat' dir='ltr'><strong><em>secundus:</em></strong></span> <span class='ocrx_word' id='word_1_381' title='bbox 1238 2469 1316 2520; x_wconf 83' lang='lat' dir='ltr'><strong><em>Ad</em></strong></span> <span class='ocrx_word' id='word_1_382' title='bbox 1344 2470 1560 2540; x_wconf 86' lang='lat' dir='ltr'><strong><em>virgines</em></strong></span> <span class='ocrx_word' id='word_1_383' title='bbox 1587 2469 1869 2524; x_wconf 75' lang='lat' dir='ltr'><strong><em>exhortatio</em></strong></span> 
     </span>
    </p>
   </div>
   <div class='ocr_carea' id='block_1_47' title="bbox 287 2537 1868 2611">
    <p class='ocr_par' dir='ltr' id='par_1_47' title="bbox 287 2537 1868 2611">
     <span class='ocr_line' id='line_1_47' title="bbox 287 2537 1868 2611; baseline 0.003 -21"><span class='ocrx_word' id='word_1_384' title='bbox 287 2537 376 2611; x_wconf 73' lang='lat' dir='ltr'><strong><em>l_ib.</em></strong></span> <span class='ocrx_word' id='word_1_385' title='bbox 409 2538 611 2611; x_wconf 78' lang='lat' dir='ltr'><strong><em>unicus</em></strong></span> <span class='ocrx_word' id='word_1_386' title='bbox 631 2552 651 2611; x_wconf 16' lang='lat'><strong><em>;,</em></strong></span> <span class='ocrx_word' id='word_1_387' title='bbox 666 2539 896 2611; x_wconf 74' lang='lat' dir='ltr'><strong><em>tertius:</em></strong></span> <span class='ocrx_word' id='word_1_388' title='bbox 923 2537 1187 2591; x_wconf 84' lang='lat' dir='ltr'><strong><em>Institutio</em></strong></span> <span class='ocrx_word' id='word_1_389' title='bbox 1215 2537 1735 2611; x_wconf 53' lang='lat' dir='ltr'><strong><em>virginis&#39;inscrtptus</em></strong></span> <span class='ocrx_word' id='word_1_390' title='bbox 1757 2582 1771 2605; x_wconf 92' lang='lat'><strong><em>,</em></strong></span> <span class='ocrx_word' id='word_1_391' title='bbox 1803 2543 1868 2595; x_wconf 90' lang='lat' dir='ltr'><strong><em>ad</em></strong></span> 
     </span>
    </p>
   </div>
   <div class='ocr_carea' id='block_1_48' title="bbox 287 2606 1865 2681">
    <p class='ocr_par' dir='ltr' id='par_1_48' title="bbox 287 2606 1865 2681">
     <span class='ocr_line' id='line_1_48' title="bbox 287 2606 1865 2681; baseline 0.004 -22"><span class='ocrx_word' id='word_1_392' title='bbox 287 2606 607 2681; x_wconf 49' lang='lat' dir='ltr'><strong><em>Eusebium,</em></strong></span> <span class='ocrx_word' id='word_1_393' title='bbox 644 2608 735 2661; x_wconf 82' lang='lat' dir='ltr'><strong><em>lib.</em></strong></span> <span class='ocrx_word' id='word_1_394' title='bbox 783 2610 1007 2681; x_wconf 73' lang='lat' dir='ltr'><strong><em>unicus;</em></strong></span> <span class='ocrx_word' id='word_1_395' title='bbox 1038 2622 1261 2681; x_wconf 81' lang='lat' dir='ltr'><strong><em>quartus</em></strong></span> <span class='ocrx_word' id='word_1_396' title='bbox 1287 2606 1308 2661; x_wconf 73' lang='grc' dir='ltr'><em>ἶ</em></span> <span class='ocrx_word' id='word_1_397' title='bbox 1338 2610 1414 2661; x_wconf 79' lang='lat' dir='ltr'><strong><em>Ad</em></strong></span> <span class='ocrx_word' id='word_1_398' title='bbox 1442 2606 1682 2681; x_wconf 74' lang='lat' dir='ltr'><strong><em>virginem</em></strong></span> <span class='ocrx_word' id='word_1_399' title='bbox 1710 2614 1865 2665; x_wconf 67' lang='lat' dir='ltr'><strong><em>devo«</em></strong></span> 
     </span>
    </p>
   </div>
   <div class='ocr_carea' id='block_1_49' title="bbox 288 2679 1869 2750">
    <p class='ocr_par' dir='ltr' id='par_1_49' title="bbox 288 2679 1869 2750">
     <span class='ocr_line' id='line_1_49' title="bbox 288 2679 1869 2750; baseline 0.003 -20"><span class='ocrx_word' id='word_1_400' title='bbox 288 2687 385 2730; x_wconf 86' lang='lat' dir='ltr'><strong><em>tam</em></strong></span> <span class='ocrx_word' id='word_1_401' title='bbox 413 2680 511 2750; x_wconf 80' lang='lat' dir='ltr'><strong><em>lib.</em></strong></span> <span class='ocrx_word' id='word_1_402' title='bbox 550 2681 759 2730; x_wconf 76' lang='lat' dir='ltr'><strong><em>atticus.</em></strong></span> <span class='ocrx_word' id='word_1_403' title='bbox 785 2679 1036 2748; x_wconf 59' lang='lat' dir='ltr'><strong><em>Sequitur</em></strong></span> <span class='ocrx_word' id='word_1_404' title='bbox 1065 2680 1259 2733; x_wconf 89' lang='lat' dir='ltr'><strong><em>deinde</em></strong></span> <span class='ocrx_word' id='word_1_405' title='bbox 1291 2680 1423 2733; x_wconf 87' lang='lat' dir='ltr'><strong><em>liber</em></strong></span> <span class='ocrx_word' id='word_1_406' title='bbox 1441 2679 1575 2734; x_wconf 68' lang='lat' dir='ltr'><strong><em>alios</em></strong></span> <span class='ocrx_word' id='word_1_407' title='bbox 1606 2683 1684 2734; x_wconf 81' lang='lat' dir='ltr'><strong><em>Ad</em></strong></span> <span class='ocrx_word' id='word_1_408' title='bbox 1714 2685 1869 2750; x_wconf 84' lang='lat' dir='ltr'><strong><em>virgi-</em></strong></span> 
     </span>
    </p>
   </div>
   <div class='ocr_carea' id='block_1_50' title="bbox 285 2748 1866 2821">
    <p class='ocr_par' dir='ltr' id='par_1_50' title="bbox 285 2748 1866 2821">
     <span class='ocr_line' id='line_1_50' title="bbox 285 2748 1866 2821; baseline 0.003 -21"><span class='ocrx_word' id='word_1_409' title='bbox 285 2764 396 2821; x_wconf 71' lang='lat' dir='ltr'><strong><em>nem</em></strong></span> <span class='ocrx_word' id='word_1_410' title='bbox 421 2748 651 2817; x_wconf 75' lang='lat' dir='ltr'><strong><em>lapsam.</em></strong></span> <span class='ocrx_word' id='word_1_411' title='bbox 679 2751 745 2801; x_wconf 80' lang='lat' dir='ltr'><strong><em>At</em></strong></span> <span class='ocrx_word' id='word_1_412' title='bbox 775 2751 878 2813; x_wconf 86' lang='lat' dir='ltr'><strong><em>hic,</em></strong></span> <span class='ocrx_word' id='word_1_413' title='bbox 911 2751 1215 2803; x_wconf 80' lang='lat' dir='ltr'><strong><em>Bellarmini</em></strong></span> <span class='ocrx_word' id='word_1_414' title='bbox 1258 2751 1461 2819; x_wconf 86' lang='lat' dir='ltr'><strong><em>judicio</em></strong></span> <span class='ocrx_word' id='word_1_415' title='bbox 1488 2751 1623 2821; x_wconf 88' lang='lat' dir='ltr'><strong><em>(Lib.</em></strong></span> <span class='ocrx_word' id='word_1_416' title='bbox 1656 2753 1719 2804; x_wconf 91' lang='lat' dir='ltr'><strong><em>de</em></strong></span> <span class='ocrx_word' id='word_1_417' title='bbox 1748 2748 1866 2807; x_wconf 61' lang='lat' dir='ltr'><strong><em>ser.</em></strong></span> 
     </span>
    </p>
   </div>
   <div class='ocr_carea' id='block_1_51' title="bbox 286 2816 1865 2887">
    <p class='ocr_par' dir='ltr' id='par_1_51' title="bbox 286 2816 1865 2887">
     <span class='ocr_line' id='line_1_51' title="bbox 286 2816 1865 2887; baseline 0.004 -18"><span class='ocrx_word' id='word_1_418' title='bbox 286 2816 545 2883; x_wconf 80' lang='lat' dir='ltr'><strong><em>Eccles.),</em></strong></span> <span class='ocrx_word' id='word_1_419' title='bbox 570 2836 672 2871; x_wconf 85' lang='lat' dir='ltr'><strong><em>non</em></strong></span> <span class='ocrx_word' id='word_1_420' title='bbox 700 2824 907 2874; x_wconf 80' lang='lat' dir='ltr'><strong><em>videtur</em></strong></span> <span class='ocrx_word' id='word_1_421' title='bbox 928 2836 1049 2875; x_wconf 63' lang='lat' dir='ltr'><strong><em>esse</em></strong></span> <span class='ocrx_word' id='word_1_422' title='bbox 1074 2822 1131 2873; x_wconf 92' lang='lat' dir='ltr'><strong><em>D.</em></strong></span> <span class='ocrx_word' id='word_1_423' title='bbox 1170 2816 1438 2875; x_wconf 66' lang='lat' dir='ltr'><strong><em>Ambrosii</em></strong></span> <span class='ocrx_word' id='word_1_424' title='bbox 1457 2865 1471 2887; x_wconf 92' lang='lat'><strong><em>,</em></strong></span> <span class='ocrx_word' id='word_1_425' title='bbox 1497 2816 1570 2874; x_wconf 84' lang='lat' dir='ltr'><strong><em>ob</em></strong></span> <span class='ocrx_word' id='word_1_426' title='bbox 1601 2825 1865 2876; x_wconf 86' lang='lat' dir='ltr'><strong><em>rationem</em></strong></span> 
     </span>
    </p>
   </div>
   <div class='ocr_carea' id='block_1_52' title="bbox 284 2888 1869 2954">
    <p class='ocr_par' dir='ltr' id='par_1_52' title="bbox 284 2888 1869 2954">
     <span class='ocr_line' id='line_1_52' title="bbox 284 2888 1869 2954; baseline 0.004 -15"><span class='ocrx_word' id='word_1_427' title='bbox 284 2888 350 2942; x_wconf 77' lang='lat' dir='ltr'><strong><em>ab</em></strong></span> <span class='ocrx_word' id='word_1_428' title='bbox 373 2894 496 2953; x_wconf 78' lang='lat' dir='ltr'><strong><em>ipso</em></strong></span> <span class='ocrx_word' id='word_1_429' title='bbox 528 2891 814 2946; x_wconf 58' lang='lat' dir='ltr'><strong><em>redditam.</em></strong></span> <span class='ocrx_word' id='word_1_430' title='bbox 847 2892 1013 2943; x_wconf 85' lang='lat' dir='ltr'><strong><em>Porro</em></strong></span> <span class='ocrx_word' id='word_1_431' title='bbox 1044 2893 1274 2954; x_wconf 76' lang='lat' dir='ltr'><strong><em>qutu’ltic</em></strong></span> <span class='ocrx_word' id='word_1_432' title='bbox 1302 2894 1534 2943; x_wconf 84' lang='lat' dir='ltr'><strong><em>citantur</em></strong></span> <span class='ocrx_word' id='word_1_433' title='bbox 1557 2895 1715 2945; x_wconf 75' lang='lat' dir='ltr'><strong><em>Verba</em></strong></span> <span class='ocrx_word' id='word_1_434' title='bbox 1742 2895 1869 2945; x_wconf 76' lang='lat' dir='ltr'><strong><em>Am-</em></strong></span> 
     </span>
    </p>
   </div>
   <div class='ocr_carea' id='block_1_53' title="bbox 286 2958 1866 3033">
    <p class='ocr_par' dir='ltr' id='par_1_53' title="bbox 286 2958 1866 3033">
     <span class='ocr_line' id='line_1_53' title="bbox 286 2958 1866 3033; baseline 0.003 -23"><span class='ocrx_word' id='word_1_435' title='bbox 286 2958 450 3033; x_wconf 62' lang='lat' dir='ltr'><strong><em>brosii</em></strong></span> <span class='ocrx_word' id='word_1_436' title='bbox 488 2976 597 3011; x_wconf 83' lang='lat' dir='ltr'><strong><em>non</em></strong></span> <span class='ocrx_word' id='word_1_437' title='bbox 632 2962 681 3010; x_wconf 90' lang='lat' dir='ltr'><strong><em>in</em></strong></span> <span class='ocrx_word' id='word_1_438' title='bbox 716 2975 781 3013; x_wconf 83' lang='lat' dir='ltr'><strong><em>eo</em></strong></span> <span class='ocrx_word' id='word_1_439' title='bbox 815 2962 951 3033; x_wconf 69' lang='lat' dir='ltr'><strong><em>libro</em></strong></span> <span class='ocrx_word' id='word_1_440' title='bbox 980 2961 1246 3033; x_wconf 81' lang='lat' dir='ltr'><strong><em>habentur</em></strong></span> <span class='ocrx_word' id='word_1_441' title='bbox 1274 2964 1550 3033; x_wconf 22' lang='lat' dir='ltr'><strong><em>quiivntgo</em></strong></span> <span class='ocrx_word' id='word_1_442' title='bbox 1580 2962 1662 3014; x_wconf 82' lang='lat' dir='ltr'><strong><em>Ad</em></strong></span> <span class='ocrx_word' id='word_1_443' title='bbox 1704 2963 1866 3033; x_wconf 82' lang='lat' dir='ltr'><strong><em>Virgi-</em></strong></span> 
     </span>
    </p>
   </div>
   <div class='ocr_carea' id='block_1_54' title="bbox 286 3031 1871 3103">
    <p class='ocr_par' dir='ltr' id='par_1_54' title="bbox 286 3031 1871 3103">
     <span class='ocr_line' id='line_1_54' title="bbox 286 3031 1871 3103; baseline 0.004 -22"><span class='ocrx_word' id='word_1_444' title='bbox 286 3031 412 3103; x_wconf 85' lang='lat' dir='ltr'><strong><em>nesi</em></strong></span> <span class='ocrx_word' id='word_1_445' title='bbox 455 3032 738 3103; x_wconf 74' lang='lat' dir='ltr'><strong><em>scribitur,</em></strong></span> <span class='ocrx_word' id='word_1_446' title='bbox 771 3031 862 3103; x_wconf 88' lang='lat' dir='ltr'><strong><em>sed</em></strong></span> <span class='ocrx_word' id='word_1_447' title='bbox 897 3031 948 3084; x_wconf 92' lang='lat' dir='ltr'><strong><em>in</em></strong></span> <span class='ocrx_word' id='word_1_448' title='bbox 983 3031 1156 3099; x_wconf 89' lang='lat' dir='ltr'><strong><em>primo</em></strong></span> <span class='ocrx_word' id='word_1_449' title='bbox 1187 3032 1323 3086; x_wconf 86' lang='lat' dir='ltr'><strong><em>libro</em></strong></span> <span class='ocrx_word' id='word_1_450' title='bbox 1348 3032 1424 3084; x_wconf 88' lang='lat' dir='ltr'><strong><em>De</em></strong></span> <span class='ocrx_word' id='word_1_451' title='bbox 1451 3031 1746 3103; x_wconf 84' lang='lat' dir='ltr'><strong><em>Virginibus</em></strong></span> <span class='ocrx_word' id='word_1_452' title='bbox 1771 3031 1871 3087; x_wconf 22' lang='lat' dir='ltr'><strong><em>:Vet</em></strong></span> 
     </span>
    </p>
   </div>
   <div class='ocr_carea' id='block_1_55' title="bbox 288 3102 1869 3171">
    <p class='ocr_par' dir='ltr' id='par_1_55' title="bbox 288 3102 1869 3171">
     <span class='ocr_line' id='line_1_55' title="bbox 288 3102 1869 3171; baseline 0.006 -23"><span class='ocrx_word' id='word_1_453' title='bbox 288 3102 447 3167; x_wconf 82' lang='lat' dir='ltr'><strong><em>paulo</em></strong></span> <span class='ocrx_word' id='word_1_454' title='bbox 478 3102 642 3171; x_wconf 87' lang='lat' dir='ltr'><strong><em>alite_r</em></strong></span> <span class='ocrx_word' id='word_1_455' title='bbox 671 3102 808 3167; x_wconf 71' lang='lat' dir='ltr'><strong><em>apud</em></strong></span> <span class='ocrx_word' id='word_1_456' title='bbox 845 3103 1017 3171; x_wconf 88' lang='lat' dir='ltr'><strong><em>ipsum</em></strong></span> <span class='ocrx_word' id='word_1_457' title='bbox 1044 3113 1316 3156; x_wconf 84' lang='lat' dir='ltr'><strong><em>auctorem</em></strong></span> <span class='ocrx_word' id='word_1_458' title='bbox 1350 3102 1617 3171; x_wconf 79' lang='lat' dir='ltr'><strong><em>leguntur,</em></strong></span> <span class='ocrx_word' id='word_1_459' title='bbox 1652 3106 1701 3155; x_wconf 92' lang='lat' dir='ltr'><strong><em>in</em></strong></span> <span class='ocrx_word' id='word_1_460' title='bbox 1732 3104 1869 3158; x_wconf 83' lang='lat' dir='ltr'><strong><em>hunc</em></strong></span> 
     </span>
    </p>
   </div>
   <div class='ocr_carea' id='block_1_56' title="bbox 288 3168 1870 3227">
    <p class='ocr_par' dir='ltr' id='par_1_56' title="bbox 288 3168 1870 3227">
     <span class='ocr_line' id='line_1_56' title="bbox 288 3168 1870 3227; baseline 0.004 -6"><span class='ocrx_word' id='word_1_461' title='bbox 288 3174 545 3222; x_wconf 87' lang='lat' dir='ltr'><strong><em>modum:</em></strong></span> <span class='ocrx_word' id='word_1_462' title='bbox 580 3168 880 3224; x_wconf 67' lang='lat' dir='ltr'><strong><em>Fraternas</em></strong></span> <span class='ocrx_word' id='word_1_463' title='bbox 914 3189 1055 3226; x_wconf 88' lang='lat' dir='ltr'><strong><em>meus</em></strong></span> <span class='ocrx_word' id='word_1_464' title='bbox 1104 3174 1350 3225; x_wconf 84' lang='lat' dir='ltr'><strong><em>candidus</em></strong></span> <span class='ocrx_word' id='word_1_465' title='bbox 1381 3168 1427 3226; x_wconf 69' lang='lat' dir='ltr'><strong><em>et</em></strong></span> <span class='ocrx_word' id='word_1_466' title='bbox 1476 3174 1677 3227; x_wconf 86' lang='lat' dir='ltr'><strong><em>rubens.</em></strong></span> <span class='ocrx_word' id='word_1_467' title='bbox 1712 3172 1870 3227; x_wconf 87' lang='lat' dir='ltr'><strong><em>Decet</em></strong></span> 
     </span>
    </p>
   </div>
   <div class='ocr_carea' id='block_1_57' title="bbox 285 3241 1871 3313">
    <p class='ocr_par' dir='ltr' id='par_1_57' title="bbox 285 3241 1871 3313">
     <span class='ocr_line' id='line_1_57' title="bbox 285 3241 1871 3313; baseline 0.003 -22"><span class='ocrx_word' id='word_1_468' title='bbox 285 3241 419 3313; x_wconf 53' lang='lat' dir='ltr'><strong><em>enim</em></strong></span> <span class='ocrx_word' id='word_1_469' title='bbox 454 3251 512 3292; x_wconf 84' lang='lat' dir='ltr'><strong><em>ut</em></strong></span> <span class='ocrx_word' id='word_1_470' title='bbox 537 3241 683 3313; x_wconf 70' lang='lat' dir='ltr'><strong><em>plene</em></strong></span> <span class='ocrx_word' id='word_1_471' title='bbox 710 3244 927 3305; x_wconf 80' lang='lat' dir='ltr'><strong><em>noveris,</em></strong></span> <span class='ocrx_word' id='word_1_472' title='bbox 962 3245 1124 3313; x_wconf 86' lang='lat' dir='ltr'><strong><em>virga,</em></strong></span> <span class='ocrx_word' id='word_1_473' title='bbox 1148 3260 1295 3312; x_wconf 87' lang='lat' dir='ltr'><strong><em>quem</em></strong></span> <span class='ocrx_word' id='word_1_474' title='bbox 1324 3244 1518 3309; x_wconf 69' lang='lat' dir='ltr'><strong><em>diligis,</em></strong></span> <span class='ocrx_word' id='word_1_475' title='bbox 1546 3256 1698 3310; x_wconf 87' lang='lat' dir='ltr'><strong><em>atque</em></strong></span> <span class='ocrx_word' id='word_1_476' title='bbox 1723 3262 1871 3297; x_wconf 86' lang='lat' dir='ltr'><strong><em>autne</em></strong></span> 
     </span>
    </p>
   </div>
   <div class='ocr_carea' id='block_1_58' title="bbox 285 3310 1871 3383">
    <p class='ocr_par' dir='ltr' id='par_1_58' title="bbox 285 3310 1871 3383">
     <span class='ocr_line' id='line_1_58' title="bbox 285 3310 1871 3383; baseline 0.005 -23"><span class='ocrx_word' id='word_1_477' title='bbox 285 3310 336 3383; x_wconf 75' lang='lat' dir='ltr'><strong><em>in</em></strong></span> <span class='ocrx_word' id='word_1_478' title='bbox 367 3328 423 3362; x_wconf 91' lang='lat' dir='ltr'><strong><em>eo</em></strong></span> <span class='ocrx_word' id='word_1_479' title='bbox 453 3321 506 3363; x_wconf 80' lang='lat' dir='ltr'><strong><em>et</em></strong></span> <span class='ocrx_word' id='word_1_480' title='bbox 549 3312 793 3379; x_wconf 79' lang='lat' dir='ltr'><strong><em>ingenita:</em></strong></span> <span class='ocrx_word' id='word_1_481' title='bbox 833 3310 1115 3383; x_wconf 75' lang='lat' dir='ltr'><strong><em>divinitdtis</em></strong></span> <span class='ocrx_word' id='word_1_482' title='bbox 1161 3310 1211 3365; x_wconf 78' lang='lat' dir='ltr'><strong><em>et</em></strong></span> <span class='ocrx_word' id='word_1_483' title='bbox 1257 3326 1531 3382; x_wconf 74' lang='lat' dir='ltr'><strong><em>assumpta:</em></strong></span> <span class='ocrx_word' id='word_1_484' title='bbox 1575 3318 1871 3383; x_wconf 86' lang='lat' dir='ltr'><strong><em>mysterium</em></strong></span> 
     </span>
    </p>
   </div>
   <div class='ocr_carea' id='block_1_59' title="bbox 286 3379 1865 3453">
    <p class='ocr_par' dir='ltr' id='par_1_59' title="bbox 286 3379 1865 3453">
     <span class='ocr_line' id='line_1_59' title="bbox 286 3379 1865 3453; baseline 0.004 -23"><span class='ocrx_word' id='word_1_485' title='bbox 286 3379 721 3453; x_wconf 72' lang='lat' dir='ltr'><strong><em>incorporationis</em></strong></span> <span class='ocrx_word' id='word_1_486' title='bbox 752 3399 1016 3447; x_wconf 69' lang='lat' dir='ltr'><strong><em>agnacas.</em></strong></span> <span class='ocrx_word' id='word_1_487' title='bbox 1052 3381 1319 3436; x_wconf 88' lang='lat' dir='ltr'><strong><em>Candidus</em></strong></span> <span class='ocrx_word' id='word_1_488' title='bbox 1350 3379 1559 3445; x_wconf 78' lang='lat' dir='ltr'><strong><em>merito,</em></strong></span> <span class='ocrx_word' id='word_1_489' title='bbox 1589 3379 1709 3453; x_wconf 67' lang='lat' dir='ltr'><strong><em>quia</em></strong></span> <span class='ocrx_word' id='word_1_490' title='bbox 1755 3384 1865 3437; x_wconf 92' lang='lat' dir='ltr'><strong><em>Pa-</em></strong></span> 
     </span>
    </p>
   </div>
   <div class='ocr_carea' id='block_1_60' title="bbox 286 3450 1868 3524">
    <p class='ocr_par' dir='ltr' id='par_1_60' title="bbox 286 3450 1868 3524">
     <span class='ocr_line' id='line_1_60' title="bbox 286 3450 1868 3524; baseline 0.006 -24"><span class='ocrx_word' id='word_1_491' title='bbox 286 3452 375 3524; x_wconf 83' lang='lat' dir='ltr'><strong><em>tris</em></strong></span> <span class='ocrx_word' id='word_1_492' title='bbox 404 3450 691 3524; x_wconf 85' lang='lat' dir='ltr'><strong><em>splendor;</em></strong></span> <span class='ocrx_word' id='word_1_493' title='bbox 722 3454 907 3504; x_wconf 88' lang='lat' dir='ltr'><strong><em>rubens</em></strong></span> <span class='ocrx_word' id='word_1_494' title='bbox 929 3494 943 3513; x_wconf 91' lang='lat'><strong><em>,</em></strong></span> <span class='ocrx_word' id='word_1_495' title='bbox 971 3456 1091 3521; x_wconf 87' lang='lat' dir='ltr'><strong><em>quia</em></strong></span> <span class='ocrx_word' id='word_1_496' title='bbox 1122 3466 1299 3521; x_wconf 86' lang='lat' dir='ltr'><strong><em>partus</em></strong></span> <span class='ocrx_word' id='word_1_497' title='bbox 1332 3464 1404 3506; x_wconf 87' lang='lat' dir='ltr'><strong><em>est</em></strong></span> <span class='ocrx_word' id='word_1_498' title='bbox 1442 3450 1687 3524; x_wconf 80' lang='lat' dir='ltr'><strong><em>Virginis.</em></strong></span> <span class='ocrx_word' id='word_1_499' title='bbox 1715 3455 1868 3508; x_wconf 82' lang='lat' dir='ltr'><strong><em>Color</em></strong></span> 
     </span>
    </p>
   </div>
   <div class='ocr_carea' id='block_1_61' title="bbox 285 3522 1870 3591">
    <p class='ocr_par' dir='ltr' id='par_1_61' title="bbox 285 3522 1870 3591">
     <span class='ocr_line' id='line_1_61' title="bbox 285 3522 1870 3591; baseline 0.004 -19"><span class='ocrx_word' id='word_1_500' title='bbox 285 3522 419 3573; x_wconf 76' lang='lat' dir='ltr'><strong><em>enim</em></strong></span> <span class='ocrx_word' id='word_1_501' title='bbox 462 3524 520 3573; x_wconf 87' lang='lat' dir='ltr'><strong><em>in</em></strong></span> <span class='ocrx_word' id='word_1_502' title='bbox 556 3538 612 3573; x_wconf 87' lang='lat' dir='ltr'><strong><em>eo</em></strong></span> <span class='ocrx_word' id='word_1_503' title='bbox 636 3523 793 3591; x_wconf 79' lang='lat' dir='ltr'><strong><em>fulget</em></strong></span> <span class='ocrx_word' id='word_1_504' title='bbox 816 3534 861 3574; x_wconf 90' lang='lat' dir='ltr'><strong><em>et</em></strong></span> <span class='ocrx_word' id='word_1_505' title='bbox 892 3526 1068 3575; x_wconf 86' lang='lat' dir='ltr'><strong><em>rutilat</em></strong></span> <span class='ocrx_word' id='word_1_506' title='bbox 1092 3525 1357 3590; x_wconf 86' lang='lat' dir='ltr'><strong><em>utriusque</em></strong></span> <span class='ocrx_word' id='word_1_507' title='bbox 1377 3522 1588 3577; x_wconf 62' lang='lat' dir='ltr'><strong><em>naturae.</em></strong></span> <span class='ocrx_word' id='word_1_508' title='bbox 1618 3524 1870 3578; x_wconf 79' lang='lat' dir='ltr'><strong><em>Memento</em></strong></span> 
     </span>
    </p>
   </div>
   <div class='ocr_carea' id='block_1_62' title="bbox 286 3593 1869 3663">
    <p class='ocr_par' dir='ltr' id='par_1_62' title="bbox 286 3593 1869 3663">
     <span class='ocr_line' id='line_1_62' title="bbox 286 3593 1869 3663; baseline 0.006 -23"><span class='ocrx_word' id='word_1_509' title='bbox 286 3600 453 3643; x_wconf 77' lang='lat' dir='ltr'><strong><em>tamen</em></strong></span> <span class='ocrx_word' id='word_1_510' title='bbox 471 3593 769 3661; x_wconf 85' lang='lat' dir='ltr'><strong><em>antiquiora</em></strong></span> <span class='ocrx_word' id='word_1_511' title='bbox 785 3594 838 3645; x_wconf 85' lang='lat' dir='ltr'><strong><em>in</em></strong></span> <span class='ocrx_word' id='word_1_512' title='bbox 860 3610 916 3646; x_wconf 92' lang='lat' dir='ltr'><strong><em>eo</em></strong></span> <span class='ocrx_word' id='word_1_513' title='bbox 939 3595 1215 3646; x_wconf 82' lang='lat' dir='ltr'><strong><em>divinitatis</em></strong></span> <span class='ocrx_word' id='word_1_514' title='bbox 1235 3595 1455 3663; x_wconf 87' lang='lat' dir='ltr'><strong><em>insignia</em></strong></span> <span class='ocrx_word' id='word_1_515' title='bbox 1471 3611 1619 3663; x_wconf 85' lang='lat' dir='ltr'><strong><em>quant</em></strong></span> <span class='ocrx_word' id='word_1_516' title='bbox 1643 3599 1869 3659; x_wconf 86' lang='lat' dir='ltr'><strong><em>corporis</em></strong></span> 
     </span>
    </p>
   </div>
   <div class='ocr_carea' id='block_1_63' title="bbox 284 3663 1867 3733">
    <p class='ocr_par' dir='ltr' id='par_1_63' title="bbox 284 3663 1867 3733">
     <span class='ocr_line' id='line_1_63' title="bbox 284 3663 1867 3733; baseline 0.003 -19"><span class='ocrx_word' id='word_1_517' title='bbox 284 3672 645 3724; x_wconf 82' lang='lat' dir='ltr'><strong><em>sacramenta;</em></strong></span> <span class='ocrx_word' id='word_1_518' title='bbox 673 3664 793 3732; x_wconf 87' lang='lat' dir='ltr'><strong><em>quia</em></strong></span> <span class='ocrx_word' id='word_1_519' title='bbox 832 3680 932 3715; x_wconf 91' lang='lat' dir='ltr'><strong><em>non</em></strong></span> <span class='ocrx_word' id='word_1_520' title='bbox 959 3665 1107 3733; x_wconf 77' lang='lat' dir='ltr'><strong><em>coepit</em></strong></span> <span class='ocrx_word' id='word_1_521' title='bbox 1146 3680 1206 3717; x_wconf 72' lang='lat' dir='ltr'><strong><em>ex</em></strong></span> <span class='ocrx_word' id='word_1_522' title='bbox 1242 3663 1478 3733; x_wconf 84' lang='lat' dir='ltr'><strong><em>Virgine,</em></strong></span> <span class='ocrx_word' id='word_1_523' title='bbox 1530 3665 1619 3716; x_wconf 88' lang='lat' dir='ltr'><strong><em>sed</em></strong></span> <span class='ocrx_word' id='word_1_524' title='bbox 1648 3667 1734 3725; x_wconf 87' lang='lat' dir='ltr'><strong><em>qui</em></strong></span> <span class='ocrx_word' id='word_1_525' title='bbox 1762 3674 1867 3719; x_wconf 87' lang='lat' dir='ltr'><strong><em>erat</em></strong></span> 
     </span>
    </p>
   </div>
   <div class='ocr_carea' id='block_1_64' title="bbox 285 3734 1869 3802">
    <p class='ocr_par' dir='ltr' id='par_1_64' title="bbox 285 3734 1869 3802">
     <span class='ocr_line' id='line_1_64' title="bbox 285 3734 1869 3802; baseline 0.003 -19"><span class='ocrx_word' id='word_1_526' title='bbox 285 3734 415 3784; x_wconf 69' lang='lat' dir='ltr'><strong><em>venit</em></strong></span> <span class='ocrx_word' id='word_1_527' title='bbox 447 3734 503 3783; x_wconf 85' lang='lat' dir='ltr'><strong><em>in</em></strong></span> <span class='ocrx_word' id='word_1_528' title='bbox 539 3734 807 3801; x_wconf 72' lang='lat' dir='ltr'><strong><em>virginem.</em></strong></span> <span class='ocrx_word' id='word_1_529' title='bbox 854 3734 942 3787; x_wconf 81' lang='lat' dir='ltr'><strong><em>Sic</em></strong></span> <span class='ocrx_word' id='word_1_530' title='bbox 972 3736 1305 3789; x_wconf 76' lang='lat' dir='ltr'><strong><em>Ambrosius.</em></strong></span> <span class='ocrx_word' id='word_1_531' title='bbox 1333 3734 1410 3787; x_wconf 75' lang='lat' dir='ltr'><strong><em>Ex</em></strong></span> <span class='ocrx_word' id='word_1_532' title='bbox 1439 3751 1508 3802; x_wconf 87' lang='lat' dir='ltr'><strong><em>qu</em></strong></span> <span class='ocrx_word' id='word_1_533' title='bbox 1534 3734 1632 3787; x_wconf 86' lang='lat' dir='ltr'><strong><em>bus</em></strong></span> <span class='ocrx_word' id='word_1_534' title='bbox 1658 3734 1869 3789; x_wconf 69' lang='lat' dir='ltr'><strong><em>Cassia-</em></strong></span> 
     </span>
    </p>
   </div>
   <div class='ocr_carea' id='block_1_65' title="bbox 289 3804 1869 3874">
    <p class='ocr_par' dir='ltr' id='par_1_65' title="bbox 289 3804 1869 3874">
     <span class='ocr_line' id='line_1_65' title="bbox 289 3804 1869 3874; baseline 0.004 -21"><span class='ocrx_word' id='word_1_535' title='bbox 289 3816 384 3854; x_wconf 88' lang='lat' dir='ltr'><strong><em>nus</em></strong></span> <span class='ocrx_word' id='word_1_536' title='bbox 414 3804 651 3874; x_wconf 76' lang='lat' dir='ltr'><strong><em>paucula</em></strong></span> <span class='ocrx_word' id='word_1_537' title='bbox 683 3806 848 3856; x_wconf 69' lang='lat' dir='ltr'><strong><em>verba</em></strong></span> <span class='ocrx_word' id='word_1_538' title='bbox 879 3806 1132 3868; x_wconf 77' lang='lat' dir='ltr'><strong><em>mutavit,</em></strong></span> <span class='ocrx_word' id='word_1_539' title='bbox 1178 3817 1229 3858; x_wconf 87' lang='lat' dir='ltr'><strong><em>et</em></strong></span> <span class='ocrx_word' id='word_1_540' title='bbox 1267 3806 1491 3874; x_wconf 63' lang='lat' dir='ltr'><strong><em>paucula</em></strong></span> <span class='ocrx_word' id='word_1_541' title='bbox 1525 3821 1627 3858; x_wconf 91' lang='lat' dir='ltr'><strong><em>non</em></strong></span> <span class='ocrx_word' id='word_1_542' title='bbox 1679 3822 1869 3860; x_wconf 87' lang='lat' dir='ltr'><strong><em>neces-</em></strong></span> 
     </span>
    </p>
   </div>
   <div class='ocr_carea' id='block_1_66' title="bbox 287 3873 1866 3944">
    <p class='ocr_par' dir='ltr' id='par_1_66' title="bbox 287 3873 1866 3944">
     <span class='ocr_line' id='line_1_66' title="bbox 287 3873 1866 3944; baseline 0.004 -21"><span class='ocrx_word' id='word_1_543' title='bbox 287 3877 424 3944; x_wconf 64' lang='lat' dir='ltr'><strong><em>saria</em></strong></span> <span class='ocrx_word' id='word_1_544' title='bbox 454 3873 671 3937; x_wconf 86' lang='lat' dir='ltr'><strong><em>mnisit;</em></strong></span> <span class='ocrx_word' id='word_1_545' title='bbox 704 3883 759 3926; x_wconf 88' lang='lat' dir='ltr'><strong><em>et</em></strong></span> <span class='ocrx_word' id='word_1_546' title='bbox 791 3891 886 3937; x_wconf 82' lang='lat' dir='ltr'><strong><em>pro</em></strong></span> <span class='ocrx_word' id='word_1_547' title='bbox 914 3874 1043 3927; x_wconf 88' lang='lat' dir='ltr'><strong><em>libro</em></strong></span> <span class='ocrx_word' id='word_1_548' title='bbox 1073 3875 1157 3942; x_wconf 88' lang='lat' dir='ltr'><strong><em>qui</em></strong></span> <span class='ocrx_word' id='word_1_549' title='bbox 1184 3873 1360 3928; x_wconf 32' lang='lat' dir='ltr'><strong><em>est&#39;Ad</em></strong></span> <span class='ocrx_word' id='word_1_550' title='bbox 1384 3876 1624 3944; x_wconf 88' lang='lat' dir='ltr'><strong><em>virgines,</em></strong></span> <span class='ocrx_word' id='word_1_551' title='bbox 1671 3892 1866 3929; x_wconf 74' lang='lat' dir='ltr'><strong><em>Socun-</em></strong></span> 
     </span>
    </p>
   </div>
   <div class='ocr_carea' id='block_1_67' title="bbox 288 3941 1867 4010">
    <p class='ocr_par' dir='ltr' id='par_1_67' title="bbox 288 3941 1867 4010">
     <span class='ocr_line' id='line_1_67' title="bbox 288 3941 1867 4010; baseline 0.004 -16"><span class='ocrx_word' id='word_1_552' title='bbox 288 3941 408 3995; x_wconf 89' lang='lat' dir='ltr'><strong><em>dum</em></strong></span> <span class='ocrx_word' id='word_1_553' title='bbox 444 3954 723 4010; x_wconf 67' lang='lat' dir='ltr'><strong><em>vntgatum</em></strong></span> <span class='ocrx_word' id='word_1_554' title='bbox 757 3945 915 3998; x_wconf 80' lang='lat' dir='ltr'><strong><em>hodie</em></strong></span> <span class='ocrx_word' id='word_1_555' title='bbox 943 3941 1180 4008; x_wconf 85' lang='lat' dir='ltr'><strong><em>titulum,</em></strong></span> <span class='ocrx_word' id='word_1_556' title='bbox 1203 3945 1385 3999; x_wconf 85' lang='lat' dir='ltr'><strong><em>dicere</em></strong></span> <span class='ocrx_word' id='word_1_557' title='bbox 1419 3941 1711 4000; x_wconf 77' lang='lat' dir='ltr'><strong><em>debuerat:</em></strong></span> <span class='ocrx_word' id='word_1_558' title='bbox 1737 3946 1867 4000; x_wconf 90' lang='lat' dir='ltr'><strong><em>libra</em></strong></span> 
     </span>
    </p>
   </div>
   <div class='ocr_carea' id='block_1_68' title="bbox 286 4013 1864 4086">
    <p class='ocr_par' dir='ltr' id='par_1_68' title="bbox 286 4013 1864 4086">
     <span class='ocr_line' id='line_1_68' title="bbox 286 4013 1864 4086; baseline 0.006 -23"><span class='ocrx_word' id='word_1_559' title='bbox 286 4013 450 4079; x_wconf 84' lang='lat' dir='ltr'><strong><em>primo</em></strong></span> <span class='ocrx_word' id='word_1_560' title='bbox 482 4013 562 4065; x_wconf 88' lang='lat' dir='ltr'><strong><em>De</em></strong></span> <span class='ocrx_word' id='word_1_561' title='bbox 594 4013 909 4085; x_wconf 74' lang='lat' dir='ltr'><strong><em>Virginibus.</em></strong></span> <span class='ocrx_word' id='word_1_562' title='bbox 938 4016 1044 4070; x_wconf 88' lang='lat' dir='ltr'><strong><em>Sed</em></strong></span> <span class='ocrx_word' id='word_1_563' title='bbox 1075 4032 1229 4069; x_wconf 90' lang='lat' dir='ltr'><strong><em>error</em></strong></span> <span class='ocrx_word' id='word_1_564' title='bbox 1252 4027 1333 4071; x_wconf 78' lang='lat' dir='ltr'><strong><em>est</em></strong></span> <span class='ocrx_word' id='word_1_565' title='bbox 1356 4018 1584 4070; x_wconf 84' lang='lat' dir='ltr'><strong><em>lortasse</em></strong></span> <span class='ocrx_word' id='word_1_566' title='bbox 1605 4019 1864 4086; x_wconf 87' lang='lat' dir='ltr'><strong><em>temporis</em></strong></span> 
     </span>
    </p>
   </div>
   <div class='ocr_carea' id='block_1_69' title="bbox 288 4085 936 4150">
    <p class='ocr_par' dir='ltr' id='par_1_69' title="bbox 288 4085 936 4150">
     <span class='ocr_line' id='line_1_69' title="bbox 288 4085 936 4150; baseline 0.002 -16"><span class='ocrx_word' id='word_1_567' title='bbox 288 4085 463 4150; x_wconf 88' lang='lat' dir='ltr'><strong><em>potius</em></strong></span> <span class='ocrx_word' id='word_1_568' title='bbox 496 4100 656 4150; x_wconf 81' lang='lat' dir='ltr'><strong><em>quam</em></strong></span> <span class='ocrx_word' id='word_1_569' title='bbox 683 4087 936 4139; x_wconf 80' lang='lat' dir='ltr'><strong><em>auctoris.</em></strong></span> 
     </span>
    </p>
   </div>
   <div class='ocr_carea' id='block_1_70' title="bbox 356 4153 1867 4215">
    <p class='ocr_par' dir='ltr' id='par_1_70' title="bbox 356 4153 1867 4215">
     <span class='ocr_line' id='line_1_70' title="bbox 356 4153 1867 4215; baseline 0.004 -9"><span class='ocrx_word' id='word_1_570' title='bbox 356 4153 380 4191; x_wconf 73' lang='grc' dir='ltr'>δ</span> <span class='ocrx_word' id='word_1_571' title='bbox 417 4155 685 4215; x_wconf 64' lang='grc' dir='ltr'><strong>νιιιεέιιιιιε</strong></span> <span class='ocrx_word' id='word_1_572' title='bbox 706 4164 881 4208; x_wconf 81' lang='lat' dir='ltr'><strong><em>textus</em></strong></span> <span class='ocrx_word' id='word_1_573' title='bbox 906 4174 918 4209; x_wconf 91' lang='lat'><strong>:</strong></span> <span class='ocrx_word' id='word_1_574' title='bbox 951 4156 1180 4210; x_wconf 88' lang='lat' dir='ltr'><strong><em>Dilectus</em></strong></span> <span class='ocrx_word' id='word_1_575' title='bbox 1210 4174 1349 4210; x_wconf 87' lang='lat' dir='ltr'><strong><em>meus</em></strong></span> <span class='ocrx_word' id='word_1_576' title='bbox 1380 4158 1626 4210; x_wconf 85' lang='lat' dir='ltr'><strong><em>candidus</em></strong></span> <span class='ocrx_word' id='word_1_577' title='bbox 1654 4167 1701 4210; x_wconf 86' lang='lat' dir='ltr'><strong><em>et</em></strong></span> <span class='ocrx_word' id='word_1_578' title='bbox 1724 4158 1867 4212; x_wconf 88' lang='lat' dir='ltr'><strong><em>rubi-</em></strong></span> 
     </span>
    </p>
   </div>
   <div class='ocr_carea' id='block_1_71' title="bbox 284 4226 1860 4295">
    <p class='ocr_par' dir='ltr' id='par_1_71' title="bbox 284 4226 1860 4295">
     <span class='ocr_line' id='line_1_71' title="bbox 284 4226 1860 4295; baseline 0.003 -20"><span class='ocrx_word' id='word_1_579' title='bbox 284 4226 479 4295; x_wconf 71' lang='lat' dir='ltr'><strong><em>cundus</em></strong></span> <span class='ocrx_word' id='word_1_580' title='bbox 528 4226 587 4277; x_wconf 94' lang='lat' dir='ltr'><strong><em>D.</em></strong></span> <span class='ocrx_word' id='word_1_581' title='bbox 612 4226 966 4295; x_wconf 80' lang='lat' dir='ltr'><strong><em>Hieronymus</em></strong></span> <span class='ocrx_word' id='word_1_582' title='bbox 986 4231 1179 4295; x_wconf 81' lang='lat' dir='ltr'><strong><em>passim</em></strong></span> <span class='ocrx_word' id='word_1_583' title='bbox 1200 4229 1324 4291; x_wconf 65' lang='lat' dir='ltr'><strong><em>legit</em></strong></span> <span class='ocrx_word' id='word_1_584' title='bbox 1350 4246 1362 4280; x_wconf 90' lang='lat'><strong>:</strong></span> <span class='ocrx_word' id='word_1_585' title='bbox 1389 4226 1679 4281; x_wconf 75' lang='lat' dir='ltr'><strong><em>Frutruelis</em></strong></span> <span class='ocrx_word' id='word_1_586' title='bbox 1703 4245 1860 4282; x_wconf 86' lang='lat' dir='ltr'><strong><em>meus.</em></strong></span> 
     </span>
    </p>
   </div>
   <div class='ocr_carea' id='block_1_72' title="bbox 288 4293 1860 4367">
    <p class='ocr_par' dir='ltr' id='par_1_72' title="bbox 288 4293 1860 4367">
     <span class='ocr_line' id='line_1_72' title="bbox 288 4293 1860 4367; baseline 0.004 -23"><span class='ocrx_word' id='word_1_587' title='bbox 288 4293 445 4367; x_wconf 84' lang='lat' dir='ltr'><strong><em>quue</em></strong></span> <span class='ocrx_word' id='word_1_588' title='bbox 494 4298 642 4349; x_wconf 80' lang='lat' dir='ltr'><strong><em>varie</em></strong></span> <span class='ocrx_word' id='word_1_589' title='bbox 674 4293 921 4365; x_wconf 77' lang='lat' dir='ltr'><strong><em>exponit,</em></strong></span> <span class='ocrx_word' id='word_1_590' title='bbox 956 4293 1405 4367; x_wconf 67' lang='lat' dir='ltr'><strong><em>quemadmodum</em></strong></span> <span class='ocrx_word' id='word_1_591' title='bbox 1438 4309 1491 4351; x_wconf 85' lang='lat' dir='ltr'><strong><em>et</em></strong></span> <span class='ocrx_word' id='word_1_592' title='bbox 1534 4300 1622 4352; x_wconf 80' lang='lat' dir='ltr'><strong><em>alii</em></strong></span> <span class='ocrx_word' id='word_1_593' title='bbox 1657 4300 1860 4351; x_wconf 83' lang='lat' dir='ltr'><strong><em>Patres.</em></strong></span> 
     </span>
    </p>
   </div>
   <div class='ocr_carea' id='block_1_73' title="bbox 286 4365 1866 4434">
    <p class='ocr_par' dir='ltr' id='par_1_73' title="bbox 286 4365 1866 4434">
     <span class='ocr_line' id='line_1_73' title="bbox 286 4365 1866 4434; baseline 0.005 -21"><span class='ocrx_word' id='word_1_594' title='bbox 286 4365 591 4434; x_wconf 67' lang='lat' dir='ltr'><strong><em>allegorice</em></strong></span> <span class='ocrx_word' id='word_1_595' title='bbox 617 4368 684 4420; x_wconf 90' lang='lat' dir='ltr'><strong><em>de</em></strong></span> <span class='ocrx_word' id='word_1_596' title='bbox 709 4369 942 4432; x_wconf 63' lang='lat' dir='ltr'><strong><em>Christo,</em></strong></span> <span class='ocrx_word' id='word_1_597' title='bbox 974 4365 1029 4421; x_wconf 81' lang='lat' dir='ltr'><strong><em>ut</em></strong></span> <span class='ocrx_word' id='word_1_598' title='bbox 1054 4369 1157 4426; x_wconf 82' lang='lat' dir='ltr'><strong><em>hic.</em></strong></span> <span class='ocrx_word' id='word_1_599' title='bbox 1204 4372 1256 4421; x_wconf 89' lang='lat' dir='ltr'><strong><em>in</em></strong></span> <span class='ocrx_word' id='word_1_600' title='bbox 1301 4368 1450 4421; x_wconf 50' lang='lat' dir='ltr'><strong><em>Isaia:</em></strong></span> <span class='ocrx_word' id='word_1_601' title='bbox 1478 4385 1593 4433; x_wconf 86' lang='lat' dir='ltr'><strong><em>cap.</em></strong></span> <span class='ocrx_word' id='word_1_602' title='bbox 1630 4384 1718 4421; x_wconf 83' lang='lat' dir='ltr'><strong>LIII</strong></span> <span class='ocrx_word' id='word_1_603' title='bbox 1750 4390 1762 4422; x_wconf 90' lang='lat'><strong>:</strong></span> <span class='ocrx_word' id='word_1_604' title='bbox 1792 4370 1866 4421; x_wconf 88' lang='lat' dir='ltr'><strong><em>De</em></strong></span> 
     </span>
    </p>
   </div>
   <div class='ocr_carea' id='block_1_74' title="bbox 283 4438 1865 4505">
    <p class='ocr_par' dir='ltr' id='par_1_74' title="bbox 283 4438 1865 4505">
     <span class='ocr_line' id='line_1_74' title="bbox 283 4438 1865 4505; baseline 0.002 -16"><span class='ocrx_word' id='word_1_605' title='bbox 283 4450 403 4497; x_wconf 78' lang='lat' dir='ltr'><strong><em>atto,</em></strong></span> <span class='ocrx_word' id='word_1_606' title='bbox 432 4438 535 4496; x_wconf 83' lang='lat' dir='ltr'><strong><em>ait,</em></strong></span> <span class='ocrx_word' id='word_1_607' title='bbox 567 4446 617 4489; x_wconf 90' lang='lat' dir='ltr'><strong><em>et</em></strong></span> <span class='ocrx_word' id='word_1_608' title='bbox 648 4453 836 4505; x_wconf 86' lang='lat' dir='ltr'><strong><em>sponsa</em></strong></span> <span class='ocrx_word' id='word_1_609' title='bbox 865 4440 914 4489; x_wconf 89' lang='lat' dir='ltr'><strong><em>in</em></strong></span> <span class='ocrx_word' id='word_1_610' title='bbox 947 4438 1155 4492; x_wconf 65' lang='lat' dir='ltr'><strong><em>Cantica</em></strong></span> <span class='ocrx_word' id='word_1_611' title='bbox 1184 4440 1501 4492; x_wconf 86' lang='lat' dir='ltr'><strong><em>canticorum</em></strong></span> <span class='ocrx_word' id='word_1_612' title='bbox 1530 4454 1548 4491; x_wconf 89' lang='lat'><strong><em>:</em></strong></span> <span class='ocrx_word' id='word_1_613' title='bbox 1578 4438 1865 4492; x_wconf 81' lang='lat' dir='ltr'><strong><em>Fratruelis</em></strong></span> 
     </span>
    </p>
   </div>
   <div class='ocr_carea' id='block_1_75' title="bbox 285 4508 1866 4576">
    <p class='ocr_par' dir='ltr' id='par_1_75' title="bbox 285 4508 1866 4576">
     <span class='ocr_line' id='line_1_75' title="bbox 285 4508 1866 4576; baseline 0.005 -23"><span class='ocrx_word' id='word_1_614' title='bbox 285 4520 421 4557; x_wconf 78' lang='lat' dir='ltr'><strong><em>mm</em></strong></span> <span class='ocrx_word' id='word_1_615' title='bbox 447 4510 702 4559; x_wconf 88' lang='lat' dir='ltr'><strong><em>candidus</em></strong></span> <span class='ocrx_word' id='word_1_616' title='bbox 728 4517 775 4559; x_wconf 91' lang='lat' dir='ltr'><strong><em>et</em></strong></span> <span class='ocrx_word' id='word_1_617' title='bbox 797 4510 1132 4576; x_wconf 84' lang='lat' dir='ltr'><strong><em>rubicundus,</em></strong></span> <span class='ocrx_word' id='word_1_618' title='bbox 1158 4509 1345 4562; x_wconf 87' lang='lat' dir='ltr'><strong><em>electus</em></strong></span> <span class='ocrx_word' id='word_1_619' title='bbox 1375 4510 1436 4561; x_wconf 88' lang='lat' dir='ltr'><strong><em>de</em></strong></span> <span class='ocrx_word' id='word_1_620' title='bbox 1462 4510 1707 4564; x_wconf 89' lang='lat' dir='ltr'><strong><em>millibus.</em></strong></span> <span class='ocrx_word' id='word_1_621' title='bbox 1735 4508 1866 4562; x_wconf 84' lang='lat' dir='ltr'><strong><em>Can-</em></strong></span> 
     </span>
    </p>
   </div>
   <div class='ocr_carea' id='block_1_76' title="bbox 285 4576 1863 4647">
    <p class='ocr_par' dir='ltr' id='par_1_76' title="bbox 285 4576 1863 4647">
     <span class='ocr_line' id='line_1_76' title="bbox 285 4576 1863 4647; baseline 0.007 -25"><span class='ocrx_word' id='word_1_622' title='bbox 285 4576 433 4628; x_wconf 76' lang='lat' dir='ltr'><strong><em>didus</em></strong></span> <span class='ocrx_word' id='word_1_623' title='bbox 461 4577 783 4644; x_wconf 83' lang='lat' dir='ltr'><strong><em>plenitudine</em></strong></span> <span class='ocrx_word' id='word_1_624' title='bbox 810 4595 872 4630; x_wconf 88' lang='lat' dir='ltr'><strong><em>ac</em></strong></span> <span class='ocrx_word' id='word_1_625' title='bbox 894 4581 1112 4647; x_wconf 85' lang='lat' dir='ltr'><strong><em>puritate</em></strong></span> <span class='ocrx_word' id='word_1_626' title='bbox 1150 4581 1433 4647; x_wconf 78' lang='lat' dir='ltr'><strong><em>virtutum;</em></strong></span> <span class='ocrx_word' id='word_1_627' title='bbox 1468 4580 1781 4631; x_wconf 89' lang='lat' dir='ltr'><strong><em>rubicundus</em></strong></span> <span class='ocrx_word' id='word_1_628' title='bbox 1812 4582 1863 4633; x_wconf 88' lang='lat' dir='ltr'><strong><em>in</em></strong></span> 
     </span>
    </p>
   </div>
   <div class='ocr_carea' id='block_1_77' title="bbox 283 4647 1863 4719">
    <p class='ocr_par' dir='ltr' id='par_1_77' title="bbox 283 4647 1863 4719">
     <span class='ocr_line' id='line_1_77' title="bbox 283 4647 1863 4719; baseline 0.005 -24"><span class='ocrx_word' id='word_1_629' title='bbox 283 4650 542 4719; x_wconf 70' lang='lat' dir='ltr'><strong><em>passione,</em></strong></span> <span class='ocrx_word' id='word_1_630' title='bbox 561 4647 624 4699; x_wconf 88' lang='lat' dir='ltr'><strong><em>de</em></strong></span> <span class='ocrx_word' id='word_1_631' title='bbox 642 4666 751 4719; x_wconf 74' lang='lat' dir='ltr'><strong><em>qua</em></strong></span> <span class='ocrx_word' id='word_1_632' title='bbox 773 4660 948 4718; x_wconf 85' lang='lat' dir='ltr'><strong><em>postea</em></strong></span> <span class='ocrx_word' id='word_1_633' title='bbox 970 4649 1149 4702; x_wconf 85' lang='lat' dir='ltr'><strong><em>lecturi</em></strong></span> <span class='ocrx_word' id='word_1_634' title='bbox 1178 4647 1515 4715; x_wconf 87' lang='lat' dir='ltr'><strong><em>sumns:Quis</em></strong></span> <span class='ocrx_word' id='word_1_635' title='bbox 1543 4660 1615 4701; x_wconf 86' lang='lat' dir='ltr'><strong><em>est</em></strong></span> <span class='ocrx_word' id='word_1_636' title='bbox 1644 4651 1755 4715; x_wconf 91' lang='lat' dir='ltr'><strong><em>iste,</em></strong></span> <span class='ocrx_word' id='word_1_637' title='bbox 1777 4653 1863 4719; x_wconf 87' lang='lat' dir='ltr'><strong><em>qui</em></strong></span> 
     </span>
    </p>
   </div>
   <div class='ocr_carea' id='block_1_78' title="bbox 281 4717 1857 4789">
    <p class='ocr_par' dir='ltr' id='par_1_78' title="bbox 281 4717 1857 4789">
     <span class='ocr_line' id='line_1_78' title="bbox 281 4717 1857 4789; baseline 0.005 -24"><span class='ocrx_word' id='word_1_638' title='bbox 281 4717 515 4789; x_wconf 62' lang='lat' dir='ltr'><strong><em>ascendit</em></strong></span> <span class='ocrx_word' id='word_1_639' title='bbox 543 4725 605 4769; x_wconf 89' lang='lat' dir='ltr'><strong><em>de</em></strong></span> <span class='ocrx_word' id='word_1_640' title='bbox 632 4717 821 4780; x_wconf 85' lang='lat' dir='ltr'><strong><em>Edam,</em></strong></span> <span class='ocrx_word' id='word_1_641' title='bbox 851 4719 1047 4787; x_wconf 82' lang='lat' dir='ltr'><strong><em>fulvida</em></strong></span> <span class='ocrx_word' id='word_1_642' title='bbox 1078 4722 1369 4773; x_wconf 88' lang='lat' dir='ltr'><strong><em>vestimenta</em></strong></span> <span class='ocrx_word' id='word_1_643' title='bbox 1396 4721 1543 4789; x_wconf 86' lang='lat' dir='ltr'><strong><em>ejus?</em></strong></span> <span class='ocrx_word' id='word_1_644' title='bbox 1574 4720 1639 4773; x_wconf 87' lang='lat' dir='ltr'><strong><em>Et</em></strong></span> <span class='ocrx_word' id='word_1_645' title='bbox 1661 4721 1713 4772; x_wconf 90' lang='lat' dir='ltr'><strong><em>in</em></strong></span> <span class='ocrx_word' id='word_1_646' title='bbox 1741 4717 1857 4788; x_wconf 83' lang='lat' dir='ltr'><strong><em>cap.</em></strong></span> 
     </span>
    </p>
   </div>
   <div class='ocr_carea' id='block_1_79' title="bbox 1978 2116 3555 2180">
    <p class='ocr_par' dir='ltr' id='par_1_79' title="bbox 1978 2116 3555 2180">
     <span class='ocr_line' id='line_1_79' title="bbox 1978 2116 3555 2180; baseline 0 -11"><span class='ocrx_word' id='word_1_647' title='bbox 1978 2120 2152 2169; x_wconf 73' lang='lat' dir='ltr'><strong><em>divina</em></strong></span> <span class='ocrx_word' id='word_1_648' title='bbox 2180 2118 2382 2178; x_wconf 84' lang='lat' dir='ltr'><strong><em>candet,</em></strong></span> <span class='ocrx_word' id='word_1_649' title='bbox 2416 2128 2462 2169; x_wconf 87' lang='lat' dir='ltr'><strong><em>et</em></strong></span> <span class='ocrx_word' id='word_1_650' title='bbox 2492 2118 2631 2169; x_wconf 81' lang='lat' dir='ltr'><strong><em>rubet</em></strong></span> <span class='ocrx_word' id='word_1_651' title='bbox 2668 2120 2890 2169; x_wconf 79' lang='lat' dir='ltr'><strong><em>humana</em></strong></span> <span class='ocrx_word' id='word_1_652' title='bbox 2910 2119 2929 2168; x_wconf 86' lang='lat'><strong><em>.&#39;</em></strong></span> <span class='ocrx_word' id='word_1_653' title='bbox 2961 2116 3076 2180; x_wconf 78' lang='lat' dir='ltr'><strong><em>Ipse</em></strong></span> <span class='ocrx_word' id='word_1_654' title='bbox 3101 2130 3173 2171; x_wconf 89' lang='lat' dir='ltr'><strong><em>est</em></strong></span> <span class='ocrx_word' id='word_1_655' title='bbox 3203 2120 3334 2170; x_wconf 76' lang='lat' dir='ltr'><strong><em>enim</em></strong></span> <span class='ocrx_word' id='word_1_656' title='bbox 3363 2122 3555 2171; x_wconf 87' lang='lat' dir='ltr'><strong><em>candor</em></strong></span> 
     </span>
    </p>
   </div>
   <div class='ocr_carea' id='block_1_80' title="bbox 1975 2188 3554 2256">
    <p class='ocr_par' dir='ltr' id='par_1_80' title="bbox 1975 2188 3554 2256">
     <span class='ocr_line' id='line_1_80' title="bbox 1975 2188 3554 2256; baseline 0.001 -17"><span class='ocrx_word' id='word_1_657' title='bbox 1975 2189 2100 2239; x_wconf 75' lang='lat' dir='ltr'><strong><em>lucis</em></strong></span> <span class='ocrx_word' id='word_1_658' title='bbox 2114 2189 2482 2256; x_wconf 77' lang='lat' dir='ltr'><strong><em>ceteritte(Sap.</em></strong></span> <span class='ocrx_word' id='word_1_659' title='bbox 2505 2188 2620 2253; x_wconf 74' lang='lat' dir='ltr'><strong><em>vn),</em></strong></span> <span class='ocrx_word' id='word_1_660' title='bbox 2641 2196 2743 2241; x_wconf 87' lang='lat' dir='ltr'><strong><em>etc.</em></strong></span> <span class='ocrx_word' id='word_1_661' title='bbox 2776 2191 2836 2239; x_wconf 66' lang='lat' dir='ltr'><strong><em>lit</em></strong></span> <span class='ocrx_word' id='word_1_662' title='bbox 2861 2192 2989 2239; x_wconf 79' lang='lat' dir='ltr'><strong><em>intra</em></strong></span> <span class='ocrx_word' id='word_1_663' title='bbox 3011 2206 3022 2238; x_wconf 90' lang='lat'><strong>:</strong></span> <span class='ocrx_word' id='word_1_664' title='bbox 3048 2189 3238 2252; x_wconf 84' lang='lat' dir='ltr'><strong><em>Quidni</em></strong></span> <span class='ocrx_word' id='word_1_665' title='bbox 3266 2190 3554 2241; x_wconf 76' lang='lat' dir='ltr'><strong><em>candidus?</em></strong></span> 
     </span>
    </p>
   </div>
   <div class='ocr_carea' id='block_1_81' title="bbox 1973 2258 3553 2327">
    <p class='ocr_par' dir='ltr' id='par_1_81' title="bbox 1973 2258 3553 2327">
     <span class='ocr_line' id='line_1_81' title="bbox 1973 2258 3553 2327; baseline 0.001 -18"><span class='ocrx_word' id='word_1_666' title='bbox 1973 2258 2079 2327; x_wconf 82' lang='lat' dir='ltr'><strong><em>ipse</em></strong></span> <span class='ocrx_word' id='word_1_667' title='bbox 2103 2258 2192 2310; x_wconf 73' lang='lat' dir='ltr'><strong><em>lux</em></strong></span> <span class='ocrx_word' id='word_1_668' title='bbox 2218 2268 2319 2327; x_wconf 73' lang='lat' dir='ltr'><strong><em>est.</em></strong></span> <span class='ocrx_word' id='word_1_669' title='bbox 2340 2266 2383 2309; x_wconf 89' lang='lat' dir='ltr'><strong><em>et</em></strong></span> <span class='ocrx_word' id='word_1_670' title='bbox 2414 2259 2467 2309; x_wconf 87' lang='lat' dir='ltr'><strong><em>in</em></strong></span> <span class='ocrx_word' id='word_1_671' title='bbox 2490 2275 2546 2309; x_wconf 88' lang='lat' dir='ltr'><strong><em>eo</em></strong></span> <span class='ocrx_word' id='word_1_672' title='bbox 2571 2260 2788 2311; x_wconf 76' lang='lat' dir='ltr'><strong><em>tenebrte</em></strong></span> <span class='ocrx_word' id='word_1_673' title='bbox 2813 2274 2914 2309; x_wconf 89' lang='lat' dir='ltr'><strong><em>non</em></strong></span> <span class='ocrx_word' id='word_1_674' title='bbox 2940 2270 3054 2310; x_wconf 89' lang='lat' dir='ltr'><strong><em>sunt</em></strong></span> <span class='ocrx_word' id='word_1_675' title='bbox 3078 2260 3214 2311; x_wconf 76' lang='lat' dir='ltr'><strong><em>ullce.</em></strong></span> <span class='ocrx_word' id='word_1_676' title='bbox 3246 2258 3437 2324; x_wconf 84' lang='lat' dir='ltr'><strong><em>Quidni</em></strong></span> <span class='ocrx_word' id='word_1_677' title='bbox 3468 2277 3553 2311; x_wconf 73' lang='grc' dir='ltr'><strong><em>ναι</em></strong></span> 
     </span>
    </p>
   </div>
   <div class='ocr_carea' id='block_1_82' title="bbox 1975 2326 3551 2397">
    <p class='ocr_par' dir='ltr' id='par_1_82' title="bbox 1975 2326 3551 2397">
     <span class='ocr_line' id='line_1_82' title="bbox 1975 2326 3551 2397; baseline 0.002 -18"><span class='ocrx_word' id='word_1_678' title='bbox 1975 2326 2430 2382; x_wconf 77' lang='lat' dir='ltr'><strong><em>bicundus?Deus</em></strong></span> <span class='ocrx_word' id='word_1_679' title='bbox 2463 2330 2593 2379; x_wconf 88' lang='lat' dir='ltr'><strong><em>enim</em></strong></span> <span class='ocrx_word' id='word_1_680' title='bbox 2644 2331 2773 2397; x_wconf 87' lang='lat' dir='ltr'><strong><em>ignis</em></strong></span> <span class='ocrx_word' id='word_1_681' title='bbox 2824 2338 2918 2389; x_wconf 89' lang='lat' dir='ltr'><strong><em>est,</em></strong></span> <span class='ocrx_word' id='word_1_682' title='bbox 2968 2340 3013 2379; x_wconf 86' lang='lat' dir='ltr'><strong><em>et</em></strong></span> <span class='ocrx_word' id='word_1_683' title='bbox 3061 2330 3169 2397; x_wconf 84' lang='lat' dir='ltr'><strong><em>ipse</em></strong></span> <span class='ocrx_word' id='word_1_684' title='bbox 3217 2331 3383 2394; x_wconf 83' lang='lat' dir='ltr'><strong><em>ignem</em></strong></span> <span class='ocrx_word' id='word_1_685' title='bbox 3415 2333 3551 2390; x_wconf 68' lang='lat' dir='ltr'><strong><em>t&#39;enit</em></strong></span> 
     </span>
    </p>
   </div>
   <div class='ocr_carea' id='block_1_83' title="bbox 1973 2399 3553 2469">
    <p class='ocr_par' dir='ltr' id='par_1_83' title="bbox 1973 2399 3553 2469">
     <span class='ocr_line' id='line_1_83' title="bbox 1973 2399 3553 2469; baseline 0.001 -19"><span class='ocrx_word' id='word_1_686' title='bbox 1973 2400 2173 2451; x_wconf 78' lang='lat' dir='ltr'><strong><em>mittere</em></strong></span> <span class='ocrx_word' id='word_1_687' title='bbox 2202 2402 2254 2450; x_wconf 89' lang='lat' dir='ltr'><strong><em>in</em></strong></span> <span class='ocrx_word' id='word_1_688' title='bbox 2286 2410 2497 2450; x_wconf 81' lang='lat' dir='ltr'><strong><em>terram.</em></strong></span> <span class='ocrx_word' id='word_1_689' title='bbox 2547 2399 2607 2452; x_wconf 88' lang='lat' dir='ltr'><strong><em>Si</em></strong></span> <span class='ocrx_word' id='word_1_690' title='bbox 2657 2400 2746 2450; x_wconf 87' lang='lat' dir='ltr'><strong><em>tibi</em></strong></span> <span class='ocrx_word' id='word_1_691' title='bbox 2792 2401 3043 2451; x_wconf 79' lang='lat' dir='ltr'><strong><em>ministrat</em></strong></span> <span class='ocrx_word' id='word_1_692' title='bbox 3076 2399 3432 2469; x_wconf 79' lang='lat' dir='ltr'><strong><em>intelligentite</em></strong></span> <span class='ocrx_word' id='word_1_693' title='bbox 3469 2402 3553 2451; x_wconf 80' lang='lat' dir='ltr'><strong><em>lu—</em></strong></span> 
     </span>
    </p>
   </div>
   <div class='ocr_carea' id='block_1_84' title="bbox 1973 2470 3551 2532">
    <p class='ocr_par' dir='ltr' id='par_1_84' title="bbox 1973 2470 3551 2532">
     <span class='ocr_line' id='line_1_84' title="bbox 1973 2470 3551 2532; baseline 0 -10"><span class='ocrx_word' id='word_1_694' title='bbox 1973 2485 2100 2532; x_wconf 89' lang='lat' dir='ltr'><strong><em>cem,</em></strong></span> <span class='ocrx_word' id='word_1_695' title='bbox 2130 2470 2383 2522; x_wconf 84' lang='lat' dir='ltr'><strong><em>candidus</em></strong></span> <span class='ocrx_word' id='word_1_696' title='bbox 2432 2478 2541 2532; x_wconf 83' lang='lat' dir='ltr'><strong><em>est;</em></strong></span> <span class='ocrx_word' id='word_1_697' title='bbox 2592 2471 2680 2521; x_wconf 87' lang='lat' dir='ltr'><strong><em>sed</em></strong></span> <span class='ocrx_word' id='word_1_698' title='bbox 2731 2472 2774 2521; x_wconf 83' lang='lat' dir='ltr'><strong><em>si</em></strong></span> <span class='ocrx_word' id='word_1_699' title='bbox 2823 2486 2921 2520; x_wconf 87' lang='lat' dir='ltr'><strong><em>non</em></strong></span> <span class='ocrx_word' id='word_1_700' title='bbox 2968 2476 3191 2521; x_wconf 73' lang='lat' dir='ltr'><strong><em>animum</em></strong></span> <span class='ocrx_word' id='word_1_701' title='bbox 3223 2471 3452 2521; x_wconf 83' lang='lat' dir='ltr'><strong><em>accendit</em></strong></span> <span class='ocrx_word' id='word_1_702' title='bbox 3481 2472 3551 2522; x_wconf 86' lang='lat' dir='ltr'><strong><em>ad</em></strong></span> 
     </span>
    </p>
   </div>
   <div class='ocr_carea' id='block_1_85' title="bbox 1971 2538 3552 2609">
    <p class='ocr_par' dir='ltr' id='par_1_85' title="bbox 1971 2538 3552 2609">
     <span class='ocr_line' id='line_1_85' title="bbox 1971 2538 3552 2609; baseline -0.001 -17"><span class='ocrx_word' id='word_1_703' title='bbox 1971 2556 2219 2605; x_wconf 73' lang='lat' dir='ltr'><strong><em>amiirem,</em></strong></span> <span class='ocrx_word' id='word_1_704' title='bbox 2250 2556 2348 2591; x_wconf 91' lang='lat' dir='ltr'><strong><em>non</em></strong></span> <span class='ocrx_word' id='word_1_705' title='bbox 2372 2555 2486 2609; x_wconf 87' lang='lat' dir='ltr'><strong><em>eum</em></strong></span> <span class='ocrx_word' id='word_1_706' title='bbox 2511 2541 2665 2592; x_wconf 86' lang='lat' dir='ltr'><strong><em>sentis</em></strong></span> <span class='ocrx_word' id='word_1_707' title='bbox 2691 2540 3056 2591; x_wconf 85' lang='lat' dir='ltr'><strong><em>rubicundum.</em></strong></span> <span class='ocrx_word' id='word_1_708' title='bbox 3084 2538 3149 2591; x_wconf 92' lang='lat' dir='ltr'><strong><em>In</em></strong></span> <span class='ocrx_word' id='word_1_709' title='bbox 3172 2542 3337 2609; x_wconf 75' lang='lat' dir='ltr'><strong><em>seipse</em></strong></span> <span class='ocrx_word' id='word_1_710' title='bbox 3361 2549 3552 2591; x_wconf 63' lang='lat' dir='ltr'><strong><em>utrum.</em></strong></span> 
     </span>
    </p>
   </div>
   <div class='ocr_carea' id='block_1_86' title="bbox 1972 2608 3551 2680">
    <p class='ocr_par' dir='ltr' id='par_1_86' title="bbox 1972 2608 3551 2680">
     <span class='ocr_line' id='line_1_86' title="bbox 1972 2608 3551 2680; baseline 0.001 -20"><span class='ocrx_word' id='word_1_711' title='bbox 1972 2627 2070 2680; x_wconf 85' lang='lat' dir='ltr'><strong><em>que</em></strong></span> <span class='ocrx_word' id='word_1_712' title='bbox 2092 2621 2185 2676; x_wconf 88' lang='lat' dir='ltr'><strong><em>est,</em></strong></span> <span class='ocrx_word' id='word_1_713' title='bbox 2215 2611 2302 2663; x_wconf 86' lang='lat' dir='ltr'><strong><em>sed</em></strong></span> <span class='ocrx_word' id='word_1_714' title='bbox 2332 2608 2420 2661; x_wconf 87' lang='lat' dir='ltr'><strong><em>tibi</em></strong></span> <span class='ocrx_word' id='word_1_715' title='bbox 2451 2626 2550 2660; x_wconf 87' lang='lat' dir='ltr'><strong><em>non</em></strong></span> <span class='ocrx_word' id='word_1_716' title='bbox 2579 2620 2670 2670; x_wconf 79' lang='lat' dir='ltr'><strong><em>est,</em></strong></span> <span class='ocrx_word' id='word_1_717' title='bbox 2696 2611 2797 2661; x_wconf 82' lang='lat' dir='ltr'><strong><em>nisi</em></strong></span> <span class='ocrx_word' id='word_1_718' title='bbox 2839 2626 2956 2660; x_wconf 88' lang='lat' dir='ltr'><strong><em>cum</em></strong></span> <span class='ocrx_word' id='word_1_719' title='bbox 2985 2626 3159 2661; x_wconf 84' lang='lat' dir='ltr'><strong><em>eorum</em></strong></span> <span class='ocrx_word' id='word_1_720' title='bbox 3202 2608 3255 2661; x_wconf 85' lang='lat' dir='ltr'><strong><em>in</em></strong></span> <span class='ocrx_word' id='word_1_721' title='bbox 3302 2619 3348 2661; x_wconf 91' lang='lat' dir='ltr'><strong><em>te</em></strong></span> <span class='ocrx_word' id='word_1_722' title='bbox 3394 2614 3551 2663; x_wconf 87' lang='lat' dir='ltr'><strong><em>sentis</em></strong></span> 
     </span>
    </p>
   </div>
   <div class='ocr_carea' id='block_1_87' title="bbox 1973 2680 3549 2747">
    <p class='ocr_par' dir='ltr' id='par_1_87' title="bbox 1973 2680 3549 2747">
     <span class='ocr_line' id='line_1_87' title="bbox 1973 2680 3549 2747; baseline 0.001 -15"><span class='ocrx_word' id='word_1_723' title='bbox 1973 2680 2229 2745; x_wconf 75' lang='lat' dir='ltr'><strong><em>effectum,</em></strong></span> <span class='ocrx_word' id='word_1_724' title='bbox 2274 2680 2378 2733; x_wconf 85' lang='lat' dir='ltr'><strong><em>etc.</em></strong></span> <span class='ocrx_word' id='word_1_725' title='bbox 2424 2680 2614 2733; x_wconf 81' lang='lat' dir='ltr'><strong><em>Plures</em></strong></span> <span class='ocrx_word' id='word_1_726' title='bbox 2645 2680 2779 2732; x_wconf 84' lang='lat' dir='ltr'><strong><em>alias</em></strong></span> <span class='ocrx_word' id='word_1_727' title='bbox 2810 2682 3173 2746; x_wconf 67' lang='grc' dir='ltr'><strong><em>νιροείιίςιηο·ε</em></strong></span> <span class='ocrx_word' id='word_1_728' title='bbox 3224 2682 3371 2746; x_wconf 70' lang='lat' dir='ltr'><strong><em>leges</em></strong></span> <span class='ocrx_word' id='word_1_729' title='bbox 3410 2683 3549 2747; x_wconf 78' lang='lat' dir='ltr'><strong><em>apud</em></strong></span> 
     </span>
    </p>
   </div>
   <div class='ocr_carea' id='block_1_88' title="bbox 1975 2750 3544 2815">
    <p class='ocr_par' dir='ltr' id='par_1_88' title="bbox 1975 2750 3544 2815">
     <span class='ocr_line' id='line_1_88' title="bbox 1975 2750 3544 2815; baseline 0.001 -13"><span class='ocrx_word' id='word_1_730' title='bbox 1975 2750 2393 2809; x_wconf 87' lang='lat' dir='ltr'><strong><em>Tbeodoretum,</em></strong></span> <span class='ocrx_word' id='word_1_731' title='bbox 2444 2761 2497 2802; x_wconf 90' lang='lat' dir='ltr'><strong><em>et</em></strong></span> <span class='ocrx_word' id='word_1_732' title='bbox 2549 2750 2703 2815; x_wconf 72' lang='lat' dir='ltr'><strong><em>alios,</em></strong></span> <span class='ocrx_word' id='word_1_733' title='bbox 2758 2750 2847 2815; x_wconf 92' lang='lat' dir='ltr'><strong><em>qui</em></strong></span> <span class='ocrx_word' id='word_1_734' title='bbox 2893 2753 2941 2801; x_wconf 90' lang='lat' dir='ltr'><strong><em>in</em></strong></span> <span class='ocrx_word' id='word_1_735' title='bbox 2996 2750 3213 2801; x_wconf 83' lang='lat' dir='ltr'><strong><em>Cantica</em></strong></span> <span class='ocrx_word' id='word_1_736' title='bbox 3254 2750 3544 2812; x_wconf 84' lang='lat' dir='ltr'><strong><em>scripsere.</em></strong></span> 
     </span>
    </p>
   </div>
   <div class='ocr_carea' id='block_1_89' title="bbox 1974 2819 3548 2885">
    <p class='ocr_par' dir='ltr' id='par_1_89' title="bbox 1974 2819 3548 2885">
     <span class='ocr_line' id='line_1_89' title="bbox 1974 2819 3548 2885; baseline 0 -11"><span class='ocrx_word' id='word_1_737' title='bbox 1974 2820 2110 2874; x_wconf 88' lang='lat' dir='ltr'><strong><em>Sunt</em></strong></span> <span class='ocrx_word' id='word_1_738' title='bbox 2141 2830 2319 2874; x_wconf 90' lang='lat' dir='ltr'><strong><em>autem</em></strong></span> <span class='ocrx_word' id='word_1_739' title='bbox 2345 2820 2650 2885; x_wconf 79' lang='lat' dir='ltr'><strong><em>fratrueles,</em></strong></span> <span class='ocrx_word' id='word_1_740' title='bbox 2676 2829 2731 2871; x_wconf 90' lang='lat' dir='ltr'><strong><em>ut</em></strong></span> <span class='ocrx_word' id='word_1_741' title='bbox 2758 2821 2856 2872; x_wconf 81' lang='lat' dir='ltr'><strong><em>hoc</em></strong></span> <span class='ocrx_word' id='word_1_742' title='bbox 2886 2820 3055 2872; x_wconf 85' lang='lat' dir='ltr'><strong><em>obiter</em></strong></span> <span class='ocrx_word' id='word_1_743' title='bbox 3086 2819 3297 2877; x_wconf 81' lang='lat' dir='ltr'><strong><em>addam,</em></strong></span> <span class='ocrx_word' id='word_1_744' title='bbox 3319 2820 3548 2875; x_wconf 89' lang='lat' dir='ltr'><strong><em>duorum</em></strong></span> 
     </span>
    </p>
   </div>
   <div class='ocr_carea' id='block_1_90' title="bbox 1973 2889 3549 2957">
    <p class='ocr_par' dir='ltr' id='par_1_90' title="bbox 1973 2889 3549 2957">
     <span class='ocr_line' id='line_1_90' title="bbox 1973 2889 3549 2957; baseline 0.002 -16"><span class='ocrx_word' id='word_1_745' title='bbox 1973 2889 2199 2943; x_wconf 85' lang='lat' dir='ltr'><strong><em>fratrum</em></strong></span> <span class='ocrx_word' id='word_1_746' title='bbox 2233 2891 2363 2953; x_wconf 78' lang='lat' dir='ltr'><strong><em>lilii;</em></strong></span> <span class='ocrx_word' id='word_1_747' title='bbox 2395 2892 2481 2957; x_wconf 91' lang='lat' dir='ltr'><strong><em>qui</em></strong></span> <span class='ocrx_word' id='word_1_748' title='bbox 2525 2898 2578 2941; x_wconf 87' lang='lat' dir='ltr'><strong><em>et</em></strong></span> <span class='ocrx_word' id='word_1_749' title='bbox 2608 2892 2796 2943; x_wconf 58' lang='lat' dir='ltr'><strong><em>l&#39;ratrcs</em></strong></span> <span class='ocrx_word' id='word_1_750' title='bbox 2842 2890 3108 2955; x_wconf 79' lang='lat' dir='ltr'><strong><em>patrueles</em></strong></span> <span class='ocrx_word' id='word_1_751' title='bbox 3136 2904 3164 2941; x_wconf 92' lang='lat' dir='ltr'><strong><em>a</em></strong></span> <span class='ocrx_word' id='word_1_752' title='bbox 3189 2890 3549 2957; x_wconf 74' lang='lat' dir='ltr'><strong><em>iurisconsul-</em></strong></span> 
     </span>
    </p>
   </div>
   <div class='ocr_carea' id='block_1_91' title="bbox 1974 2960 3542 3027">
    <p class='ocr_par' dir='ltr' id='par_1_91' title="bbox 1974 2960 3542 3027">
     <span class='ocr_line' id='line_1_91' title="bbox 1974 2960 3542 3027; baseline 0.001 -17"><span class='ocrx_word' id='word_1_753' title='bbox 1974 2963 2045 3013; x_wconf 89' lang='lat' dir='ltr'><strong><em>tis</em></strong></span> <span class='ocrx_word' id='word_1_754' title='bbox 2072 2962 2314 3014; x_wconf 81' lang='lat' dir='ltr'><strong><em>dicuntur</em></strong></span> <span class='ocrx_word' id='word_1_755' title='bbox 2340 2960 2737 3027; x_wconf 81' lang='lat' dir='ltr'><strong><em>quialratribus</em></strong></span> <span class='ocrx_word' id='word_1_756' title='bbox 2764 2976 2827 3012; x_wconf 85' lang='lat' dir='ltr'><strong><em>ex</em></strong></span> <span class='ocrx_word' id='word_1_757' title='bbox 2858 2961 3065 3011; x_wconf 90' lang='lat' dir='ltr'><strong><em>duobus</em></strong></span> <span class='ocrx_word' id='word_1_758' title='bbox 3097 2970 3542 3025; x_wconf 73' lang='lat' dir='ltr'><strong><em>progenerantur,</em></strong></span> 
     </span>
    </p>
   </div>
   <div class='ocr_carea' id='block_1_92' title="bbox 1973 3029 3551 3097">
    <p class='ocr_par' dir='ltr' id='par_1_92' title="bbox 1973 3029 3551 3097">
     <span class='ocr_line' id='line_1_92' title="bbox 1973 3029 3551 3097; baseline 0.003 -16"><span class='ocrx_word' id='word_1_759' title='bbox 1973 3032 2110 3083; x_wconf 88' lang='lat' dir='ltr'><strong><em>sicut</em></strong></span> <span class='ocrx_word' id='word_1_760' title='bbox 2141 3031 2446 3083; x_wconf 78' lang='lat' dir='ltr'><strong><em>COIISODI’tni</em></strong></span> <span class='ocrx_word' id='word_1_761' title='bbox 2478 3030 2567 3097; x_wconf 84' lang='lat' dir='ltr'><strong><em>qui</em></strong></span> <span class='ocrx_word' id='word_1_762' title='bbox 2599 3044 2667 3082; x_wconf 83' lang='lat' dir='ltr'><strong><em>ex</em></strong></span> <span class='ocrx_word' id='word_1_763' title='bbox 2702 3029 2913 3093; x_wconf 84' lang='lat' dir='ltr'><strong><em>duabus</em></strong></span> <span class='ocrx_word' id='word_1_764' title='bbox 2945 3029 3241 3095; x_wconf 72' lang='lat' dir='ltr'><strong><em>sororibus,</em></strong></span> <span class='ocrx_word' id='word_1_765' title='bbox 3285 3041 3342 3083; x_wconf 92' lang='lat' dir='ltr'><strong><em>ut</em></strong></span> <span class='ocrx_word' id='word_1_766' title='bbox 3390 3032 3551 3086; x_wconf 82' lang='lat' dir='ltr'><strong><em>docet</em></strong></span> 
     </span>
    </p>
   </div>
   <div class='ocr_carea' id='block_1_93' title="bbox 1972 3098 2952 3154">
    <p class='ocr_par' dir='ltr' id='par_1_93' title="bbox 1972 3098 2952 3154">
     <span class='ocr_line' id='line_1_93' title="bbox 1972 3098 2952 3154; baseline 0 -1"><span class='ocrx_word' id='word_1_767' title='bbox 1972 3102 2304 3153; x_wconf 84' lang='lat' dir='ltr'><strong><em>Justiniauus</em></strong></span> <span class='ocrx_word' id='word_1_768' title='bbox 2332 3100 2421 3152; x_wconf 88' lang='lat' dir='ltr'><strong><em>lib.</em></strong></span> <span class='ocrx_word' id='word_1_769' title='bbox 2451 3113 2509 3152; x_wconf 89' lang='grc' dir='ltr'><strong><em>ιιι</em></strong></span> <span class='ocrx_word' id='word_1_770' title='bbox 2532 3098 2952 3154; x_wconf 87' lang='lat' dir='ltr'><strong><em>lnstitutionum.</em></strong></span> 
     </span>
    </p>
   </div>
   <div class='ocr_carea' id='block_1_94' title="bbox 2055 3169 3546 3238">
    <p class='ocr_par' dir='ltr' id='par_1_94' title="bbox 2055 3169 3546 3238">
     <span class='ocr_line' id='line_1_94' title="bbox 2055 3169 3546 3238; baseline 0.001 -15"><span class='ocrx_word' id='word_1_771' title='bbox 2055 3182 2075 3207; x_wconf 74' lang='grc' dir='ltr'>ε</span> <span class='ocrx_word' id='word_1_772' title='bbox 2116 3172 2387 3224; x_wconf 81' lang='lat' dir='ltr'><strong><em>[labentur</em></strong></span> <span class='ocrx_word' id='word_1_773' title='bbox 2436 3169 2551 3222; x_wconf 70' lang='lat' dir='ltr'><strong><em>hrec</em></strong></span> <span class='ocrx_word' id='word_1_774' title='bbox 2580 3170 2740 3222; x_wconf 79' lang='lat' dir='ltr'><strong><em>verba</em></strong></span> <span class='ocrx_word' id='word_1_775' title='bbox 2784 3187 2887 3223; x_wconf 85' lang='lat' dir='ltr'><strong><em>non</em></strong></span> <span class='ocrx_word' id='word_1_776' title='bbox 2923 3173 2972 3223; x_wconf 93' lang='lat' dir='ltr'><strong><em>in</em></strong></span> <span class='ocrx_word' id='word_1_777' title='bbox 3017 3170 3196 3238; x_wconf 87' lang='lat' dir='ltr'><strong><em>aliquo</em></strong></span> <span class='ocrx_word' id='word_1_778' title='bbox 3237 3186 3546 3225; x_wconf 88' lang='lat' dir='ltr'><strong><em>sermonum</em></strong></span> 
     </span>
    </p>
   </div>
   <div class='ocr_carea' id='block_1_95' title="bbox 1973 3240 3550 3307">
    <p class='ocr_par' dir='ltr' id='par_1_95' title="bbox 1973 3240 3550 3307">
     <span class='ocr_line' id='line_1_95' title="bbox 1973 3240 3550 3307; baseline 0.004 -19"><span class='ocrx_word' id='word_1_779' title='bbox 1973 3240 2062 3307; x_wconf 88' lang='lat' dir='ltr'><strong><em>qni</em></strong></span> <span class='ocrx_word' id='word_1_780' title='bbox 2097 3257 2237 3295; x_wconf 90' lang='lat' dir='ltr'><strong><em>nunc</em></strong></span> <span class='ocrx_word' id='word_1_781' title='bbox 2276 3240 2521 3294; x_wconf 71' lang='lat' dir='ltr'><strong><em>feruntur</em></strong></span> <span class='ocrx_word' id='word_1_782' title='bbox 2549 3241 2601 3293; x_wconf 89' lang='lat' dir='ltr'><strong><em>S.</em></strong></span> <span class='ocrx_word' id='word_1_783' title='bbox 2639 3240 2909 3294; x_wconf 86' lang='lat' dir='ltr'><strong><em>Ambrosii</em></strong></span> <span class='ocrx_word' id='word_1_784' title='bbox 2943 3245 3188 3307; x_wconf 86' lang='lat' dir='ltr'><strong><em>nomine,</em></strong></span> <span class='ocrx_word' id='word_1_785' title='bbox 3219 3243 3311 3295; x_wconf 84' lang='lat' dir='ltr'><strong><em>sed</em></strong></span> <span class='ocrx_word' id='word_1_786' title='bbox 3353 3242 3404 3293; x_wconf 88' lang='lat' dir='ltr'><strong><em>in</em></strong></span> <span class='ocrx_word' id='word_1_787' title='bbox 3434 3256 3550 3295; x_wconf 79' lang='lat' dir='ltr'><strong><em>Ser-</em></strong></span> 
     </span>
    </p>
   </div>
   <div class='ocr_carea' id='block_1_96' title="bbox 1974 3312 3545 3379">
    <p class='ocr_par' dir='ltr' id='par_1_96' title="bbox 1974 3312 3545 3379">
     <span class='ocr_line' id='line_1_96' title="bbox 1974 3312 3545 3379; baseline 0.002 -16"><span class='ocrx_word' id='word_1_788' title='bbox 1974 3328 2131 3365; x_wconf 84' lang='lat' dir='ltr'><strong><em>mune</em></strong></span> <span class='ocrx_word' id='word_1_789' title='bbox 2160 3323 2313 3365; x_wconf 80' lang='lat' dir='ltr'><strong><em>sexto</em></strong></span> <span class='ocrx_word' id='word_1_790' title='bbox 2359 3312 2416 3365; x_wconf 89' lang='lat' dir='ltr'><strong><em>S.</em></strong></span> <span class='ocrx_word' id='word_1_791' title='bbox 2453 3312 2733 3379; x_wconf 59' lang='lat' dir='ltr'><strong><em>Augu~tini</em></strong></span> <span class='ocrx_word' id='word_1_792' title='bbox 2778 3312 2845 3365; x_wconf 89' lang='lat' dir='ltr'><strong><em>de</em></strong></span> <span class='ocrx_word' id='word_1_793' title='bbox 2878 3312 3045 3365; x_wconf 72' lang='lat' dir='ltr'><strong><em>Natali</em></strong></span> <span class='ocrx_word' id='word_1_794' title='bbox 3077 3313 3280 3365; x_wconf 87' lang='lat' dir='ltr'><strong><em>Domini</em></strong></span> <span class='ocrx_word' id='word_1_795' title='bbox 3305 3354 3319 3372; x_wconf 88' lang='lat'><strong><em>,</em></strong></span> <span class='ocrx_word' id='word_1_796' title='bbox 3354 3312 3545 3366; x_wconf 79' lang='lat' dir='ltr'><strong><em>saltem</em></strong></span> 
     </span>
    </p>
   </div>
   <div class='ocr_carea' id='block_1_97' title="bbox 1976 3381 3549 3447">
    <p class='ocr_par' dir='ltr' id='par_1_97' title="bbox 1976 3381 3549 3447">
     <span class='ocr_line' id='line_1_97' title="bbox 1976 3381 3549 3447; baseline 0.001 -14"><span class='ocrx_word' id='word_1_797' title='bbox 1976 3384 2165 3447; x_wconf 80' lang='lat' dir='ltr'><strong><em>majori</em></strong></span> <span class='ocrx_word' id='word_1_798' title='bbox 2216 3398 2278 3435; x_wconf 76' lang='lat' dir='ltr'><strong><em>ex</em></strong></span> <span class='ocrx_word' id='word_1_799' title='bbox 2335 3391 2503 3447; x_wconf 77' lang='lat' dir='ltr'><strong><em>parte.</em></strong></span> <span class='ocrx_word' id='word_1_800' title='bbox 2556 3381 2685 3434; x_wconf 79' lang='lat' dir='ltr'><strong><em>Nam</em></strong></span> <span class='ocrx_word' id='word_1_801' title='bbox 2733 3384 2884 3435; x_wconf 89' lang='lat' dir='ltr'><strong><em>multi</em></strong></span> <span class='ocrx_word' id='word_1_802' title='bbox 2936 3397 3212 3435; x_wconf 86' lang='lat' dir='ltr'><strong><em>sermones</em></strong></span> <span class='ocrx_word' id='word_1_803' title='bbox 3264 3384 3549 3435; x_wconf 78' lang='lat' dir='ltr'><strong><em>Ambrosio</em></strong></span> 
     </span>
    </p>
   </div>
   <div class='ocr_carea' id='block_1_98' title="bbox 1897 3428 3547 3519">
    <p class='ocr_par' dir='ltr' id='par_1_98' title="bbox 1897 3428 3547 3519">
     <span class='ocr_line' id='line_1_98' title="bbox 1897 3428 3547 3519; baseline 0.001 -15"><span class='ocrx_word' id='word_1_804' title='bbox 1897 3428 1941 3491; x_wconf 82' lang='lat' dir='ltr'><strong><em>C</em></strong></span> <span class='ocrx_word' id='word_1_805' title='bbox 1973 3428 2191 3519; x_wconf 61' lang='lat' dir='ltr'><strong><em>ascripti</em></strong></span> <span class='ocrx_word' id='word_1_806' title='bbox 2232 3428 2576 3505; x_wconf 75' lang='lat' dir='ltr'><strong><em>inveniuntur</em></strong></span> <span class='ocrx_word' id='word_1_807' title='bbox 2624 3454 2760 3506; x_wconf 82' lang='lat' dir='ltr'><strong><em>inter</em></strong></span> <span class='ocrx_word' id='word_1_808' title='bbox 2792 3468 3072 3506; x_wconf 76' lang='lat' dir='ltr'><strong><em>sermones</em></strong></span> <span class='ocrx_word' id='word_1_809' title='bbox 3101 3452 3385 3515; x_wconf 60' lang='lat' dir='ltr'><strong><em>Augustini</em></strong></span> <span class='ocrx_word' id='word_1_810' title='bbox 3412 3467 3425 3503; x_wconf 90' lang='lat'>:</span> <span class='ocrx_word' id='word_1_811' title='bbox 3457 3452 3547 3505; x_wconf 85' lang='lat' dir='ltr'><strong><em>alii</em></strong></span> 
     </span>
    </p>
   </div>
   <div class='ocr_carea' id='block_1_99' title="bbox 1974 3520 3545 3586">
    <p class='ocr_par' dir='ltr' id='par_1_99' title="bbox 1974 3520 3545 3586">
     <span class='ocr_line' id='line_1_99' title="bbox 1974 3520 3545 3586; baseline 0 -12"><span class='ocrx_word' id='word_1_812' title='bbox 1974 3520 2100 3576; x_wconf 89' lang='lat' dir='ltr'><strong><em>item</em></strong></span> <span class='ocrx_word' id='word_1_813' title='bbox 2132 3526 2269 3575; x_wconf 83' lang='lat' dir='ltr'><strong><em>inter</em></strong></span> <span class='ocrx_word' id='word_1_814' title='bbox 2300 3538 2580 3576; x_wconf 83' lang='lat' dir='ltr'><strong><em>sermom-s</em></strong></span> <span class='ocrx_word' id='word_1_815' title='bbox 2624 3523 2683 3577; x_wconf 91' lang='lat' dir='ltr'><strong><em>S.</em></strong></span> <span class='ocrx_word' id='word_1_816' title='bbox 2722 3524 2955 3586; x_wconf 74' lang='lat' dir='ltr'><strong><em>Maximi,</em></strong></span> <span class='ocrx_word' id='word_1_817' title='bbox 2983 3532 3035 3576; x_wconf 91' lang='lat' dir='ltr'><strong><em>ut</em></strong></span> <span class='ocrx_word' id='word_1_818' title='bbox 3072 3522 3309 3575; x_wconf 89' lang='lat' dir='ltr'><strong><em>ostendit</em></strong></span> <span class='ocrx_word' id='word_1_819' title='bbox 3338 3521 3545 3574; x_wconf 79' lang='lat' dir='ltr'><strong><em>Bellar-</em></strong></span> 
     </span>
    </p>
   </div>
   <div class='ocr_carea' id='block_1_100' title="bbox 1972 3590 3541 3661">
    <p class='ocr_par' dir='ltr' id='par_1_100' title="bbox 1972 3590 3541 3661">
     <span class='ocr_line' id='line_1_100' title="bbox 1972 3590 3541 3661; baseline -0.001 -16"><span class='ocrx_word' id='word_1_820' title='bbox 1972 3594 2149 3646; x_wconf 76' lang='lat' dir='ltr'><strong><em>minus</em></strong></span> <span class='ocrx_word' id='word_1_821' title='bbox 2198 3592 2343 3661; x_wconf 86' lang='lat' dir='ltr'><strong><em>(Lib.</em></strong></span> <span class='ocrx_word' id='word_1_822' title='bbox 2391 3594 2454 3645; x_wconf 88' lang='lat' dir='ltr'><strong><em>de</em></strong></span> <span class='ocrx_word' id='word_1_823' title='bbox 2486 3594 2678 3660; x_wconf 89' lang='lat' dir='ltr'><strong><em>Script.</em></strong></span> <span class='ocrx_word' id='word_1_824' title='bbox 2716 3591 2891 3644; x_wconf 73' lang='lat' dir='ltr'><strong><em>Eccles</em></strong></span> <span class='ocrx_word' id='word_1_825' title='bbox 2926 3594 2976 3655; x_wconf 78' lang='lat'><strong>)2</strong></span> <span class='ocrx_word' id='word_1_826' title='bbox 3028 3590 3094 3643; x_wconf 88' lang='lat' dir='ltr'><strong><em>Ut</em></strong></span> <span class='ocrx_word' id='word_1_827' title='bbox 3127 3591 3306 3658; x_wconf 88' lang='lat' dir='ltr'><strong><em>plane,</em></strong></span> <span class='ocrx_word' id='word_1_828' title='bbox 3343 3590 3541 3657; x_wconf 86' lang='lat' dir='ltr'><strong><em>inquit,</em></strong></span> 
     </span>
    </p>
   </div>
   <div class='ocr_carea' id='block_1_101' title="bbox 1960 3660 3547 3732">
    <p class='ocr_par' dir='ltr' id='par_1_101' title="bbox 1960 3660 3547 3732">
     <span class='ocr_line' id='line_1_101' title="bbox 1960 3660 3547 3732; baseline -0.001 -16"><span class='ocrx_word' id='word_1_829' title='bbox 1960 3663 2197 3732; x_wconf 80' lang='lat' dir='ltr'><strong><em>judicari</em></strong></span> <span class='ocrx_word' id='word_1_830' title='bbox 2218 3680 2317 3717; x_wconf 88' lang='lat' dir='ltr'><strong><em>non</em></strong></span> <span class='ocrx_word' id='word_1_831' title='bbox 2348 3666 2525 3729; x_wconf 87' lang='lat' dir='ltr'><strong><em>possit,</em></strong></span> <span class='ocrx_word' id='word_1_832' title='bbox 2548 3675 2719 3715; x_wconf 87' lang='lat' dir='ltr'><strong><em>utrum</em></strong></span> <span class='ocrx_word' id='word_1_833' title='bbox 2743 3661 3005 3715; x_wconf 79' lang='lat' dir='ltr'><strong><em>Ambrosio</em></strong></span> <span class='ocrx_word' id='word_1_834' title='bbox 3032 3663 3109 3714; x_wconf 78' lang='lat' dir='ltr'><strong><em>vel</em></strong></span> <span class='ocrx_word' id='word_1_835' title='bbox 3141 3660 3370 3714; x_wconf 76' lang='lat' dir='ltr'><strong><em>Maximo</em></strong></span> <span class='ocrx_word' id='word_1_836' title='bbox 3395 3662 3547 3714; x_wconf 85' lang='lat' dir='ltr'><strong><em>tribui</em></strong></span> 
     </span>
    </p>
   </div>
   <div class='ocr_carea' id='block_1_102' title="bbox 1978 3732 3543 3799">
    <p class='ocr_par' dir='ltr' id='par_1_102' title="bbox 1978 3732 3543 3799">
     <span class='ocr_line' id='line_1_102' title="bbox 1978 3732 3543 3799; baseline 0 -16"><span class='ocrx_word' id='word_1_837' title='bbox 1978 3734 2208 3785; x_wconf 88' lang='lat' dir='ltr'><strong><em>debeant.</em></strong></span> <span class='ocrx_word' id='word_1_838' title='bbox 2243 3736 2347 3787; x_wconf 74' lang='lat' dir='ltr'><strong><em>Sed</em></strong></span> <span class='ocrx_word' id='word_1_839' title='bbox 2379 3744 2433 3785; x_wconf 82' lang='lat' dir='ltr'><strong><em>et</em></strong></span> <span class='ocrx_word' id='word_1_840' title='bbox 2472 3748 2627 3799; x_wconf 88' lang='lat' dir='ltr'><strong><em>quam</em></strong></span> <span class='ocrx_word' id='word_1_841' title='bbox 2681 3733 2942 3798; x_wconf 85' lang='lat' dir='ltr'><strong><em>plurimos</em></strong></span> <span class='ocrx_word' id='word_1_842' title='bbox 2991 3746 3272 3785; x_wconf 87' lang='lat' dir='ltr'><strong><em>sermones</em></strong></span> <span class='ocrx_word' id='word_1_843' title='bbox 3304 3732 3543 3790; x_wconf 73' lang='lat' dir='ltr'><strong><em>e;usdetn</em></strong></span> 
     </span>
    </p>
   </div>
   <div class='ocr_carea' id='block_1_103' title="bbox 1966 3802 3545 3866">
    <p class='ocr_par' dir='ltr' id='par_1_103' title="bbox 1966 3802 3545 3866">
     <span class='ocr_line' id='line_1_103' title="bbox 1966 3802 3545 3866; baseline -0.003 -11"><span class='ocrx_word' id='word_1_844' title='bbox 1966 3803 2252 3856; x_wconf 60' lang='lat' dir='ltr'><strong><em>’Ambrosii</em></strong></span> <span class='ocrx_word' id='word_1_845' title='bbox 2280 3813 2490 3855; x_wconf 67' lang='lat' dir='ltr'><strong><em>constat</em></strong></span> <span class='ocrx_word' id='word_1_846' title='bbox 2512 3817 2631 3855; x_wconf 73' lang='lat' dir='ltr'><strong><em>e~se</em></strong></span> <span class='ocrx_word' id='word_1_847' title='bbox 2658 3804 2985 3866; x_wconf 65' lang='lat' dir='ltr'><strong><em>tle-perditos,</em></strong></span> <span class='ocrx_word' id='word_1_848' title='bbox 3012 3812 3064 3851; x_wconf 91' lang='lat' dir='ltr'><strong><em>ut</em></strong></span> <span class='ocrx_word' id='word_1_849' title='bbox 3096 3802 3252 3853; x_wconf 83' lang='lat' dir='ltr'><strong><em>docet</em></strong></span> <span class='ocrx_word' id='word_1_850' title='bbox 3286 3802 3545 3854; x_wconf 80' lang='lat' dir='ltr'><strong><em>Duronius</em></strong></span> 
     </span>
    </p>
   </div>
   <div class='ocr_carea' id='block_1_104' title="bbox 1972 3871 3543 3941">
    <p class='ocr_par' dir='ltr' id='par_1_104' title="bbox 1972 3871 3543 3941">
     <span class='ocr_line' id='line_1_104' title="bbox 1972 3871 3543 3941; baseline -0.002 -17"><span class='ocrx_word' id='word_1_851' title='bbox 1972 3872 2142 3941; x_wconf 86' lang='lat' dir='ltr'><strong><em>(Tam.</em></strong></span> <span class='ocrx_word' id='word_1_852' title='bbox 2173 3889 2205 3926; x_wconf 77' lang='grc' dir='ltr'><strong><em>ν</em></strong></span> <span class='ocrx_word' id='word_1_853' title='bbox 2238 3871 2424 3925; x_wconf 77' lang='lat' dir='ltr'><strong><em>Annal.</em></strong></span> <span class='ocrx_word' id='word_1_854' title='bbox 2458 3889 2546 3923; x_wconf 91' lang='lat' dir='ltr'><strong><em>an.</em></strong></span> <span class='ocrx_word' id='word_1_855' title='bbox 2585 3872 2729 3937; x_wconf 72' lang='lat'><strong><em>597),</em></strong></span> <span class='ocrx_word' id='word_1_856' title='bbox 2767 3872 2854 3936; x_wconf 87' lang='lat' dir='ltr'><strong><em>qui</em></strong></span> <span class='ocrx_word' id='word_1_857' title='bbox 2886 3879 3125 3937; x_wconf 84' lang='lat' dir='ltr'><strong><em>tempore</em></strong></span> <span class='ocrx_word' id='word_1_858' title='bbox 3155 3871 3395 3923; x_wconf 70' lang='lat' dir='ltr'><strong><em>Cassiani</em></strong></span> <span class='ocrx_word' id='word_1_859' title='bbox 3432 3871 3543 3922; x_wconf 84' lang='lat' dir='ltr'><strong><em>l&#39;nr-</em></strong></span> 
     </span>
    </p>
   </div>
   <div class='ocr_carea' id='block_1_105' title="bbox 1972 3942 3545 4011">
    <p class='ocr_par' dir='ltr' id='par_1_105' title="bbox 1972 3942 3545 4011">
     <span class='ocr_line' id='line_1_105' title="bbox 1972 3942 3545 4011; baseline 0 -17"><span class='ocrx_word' id='word_1_860' title='bbox 1972 3945 2129 3995; x_wconf 86' lang='lat' dir='ltr'><strong><em>tassis</em></strong></span> <span class='ocrx_word' id='word_1_861' title='bbox 2166 3942 2479 4006; x_wconf 77' lang='lat' dir='ltr'><strong><em>exsmbant;</em></strong></span> <span class='ocrx_word' id='word_1_862' title='bbox 2516 3944 2654 3995; x_wconf 88' lang='lat' dir='ltr'><strong><em>inter</em></strong></span> <span class='ocrx_word' id='word_1_863' title='bbox 2692 3957 2823 4011; x_wconf 60' lang='lat' dir='ltr'><strong><em>quos</em></strong></span> <span class='ocrx_word' id='word_1_864' title='bbox 2874 3957 2995 3995; x_wconf 73' lang='lat' dir='ltr'><strong><em>esse</em></strong></span> <span class='ocrx_word' id='word_1_865' title='bbox 3042 3943 3213 4009; x_wconf 88' lang='lat' dir='ltr'><strong><em>potuit</em></strong></span> <span class='ocrx_word' id='word_1_866' title='bbox 3242 3955 3420 3993; x_wconf 89' lang='lat' dir='ltr'><strong><em>sermo</em></strong></span> <span class='ocrx_word' id='word_1_867' title='bbox 3455 3942 3545 3995; x_wconf 87' lang='lat' dir='ltr'><strong><em>ille</em></strong></span> 
     </span>
    </p>
   </div>
   <div class='ocr_carea' id='block_1_106' title="bbox 1970 4012 3547 4081">
    <p class='ocr_par' dir='ltr' id='par_1_106' title="bbox 1970 4012 3547 4081">
     <span class='ocr_line' id='line_1_106' title="bbox 1970 4012 3547 4081; baseline 0 -16"><span class='ocrx_word' id='word_1_868' title='bbox 1970 4014 2036 4065; x_wconf 85' lang='lat' dir='ltr'><strong><em>de</em></strong></span> <span class='ocrx_word' id='word_1_869' title='bbox 2074 4013 2245 4067; x_wconf 80' lang='lat' dir='ltr'><strong><em>Natali</em></strong></span> <span class='ocrx_word' id='word_1_870' title='bbox 2281 4014 2522 4078; x_wconf 77' lang='lat' dir='ltr'><strong><em>Domini,</em></strong></span> <span class='ocrx_word' id='word_1_871' title='bbox 2565 4013 2705 4067; x_wconf 85' lang='lat' dir='ltr'><strong><em>unde</em></strong></span> <span class='ocrx_word' id='word_1_872' title='bbox 2738 4014 2899 4067; x_wconf 64' lang='lat' dir='ltr'><strong><em>\‘etba</em></strong></span> <span class='ocrx_word' id='word_1_873' title='bbox 2938 4014 3036 4065; x_wconf 84' lang='lat' dir='ltr'><strong><em>ista</em></strong></span> <span class='ocrx_word' id='word_1_874' title='bbox 3070 4012 3383 4081; x_wconf 69' lang='lat' dir='ltr'><strong><em>deprompta</em></strong></span> <span class='ocrx_word' id='word_1_875' title='bbox 3426 4026 3547 4081; x_wconf 73' lang='lat' dir='ltr'><strong><em>qute</em></strong></span> 
     </span>
    </p>
   </div>
   <div class='ocr_carea' id='block_1_107' title="bbox 1971 4084 2337 4138">
    <p class='ocr_par' dir='ltr' id='par_1_107' title="bbox 1971 4084 2337 4138">
     <span class='ocr_line' id='line_1_107' title="bbox 1971 4084 2337 4138; baseline -0.003 -2"><span class='ocrx_word' id='word_1_876' title='bbox 1971 4084 2056 4137; x_wconf 81' lang='lat' dir='ltr'><strong><em>ltic</em></strong></span> <span class='ocrx_word' id='word_1_877' title='bbox 2084 4086 2337 4138; x_wconf 87' lang='lat' dir='ltr'><strong><em>citantur.</em></strong></span> 
     </span>
    </p>
   </div>
   <div class='ocr_carea' id='block_1_108' title="bbox 2040 4150 3560 4223">
    <p class='ocr_par' dir='ltr' id='par_1_108' title="bbox 2040 4150 3560 4223">
     <span class='ocr_line' id='line_1_108' title="bbox 2040 4150 3560 4223; baseline -0.001 -16"><span class='ocrx_word' id='word_1_878' title='bbox 2040 4153 2066 4191; x_wconf 72' lang='grc' dir='ltr'>ἀ</span> <span class='ocrx_word' id='word_1_879' title='bbox 2110 4157 2163 4209; x_wconf 93' lang='lat' dir='ltr'><strong><em>In</em></strong></span> <span class='ocrx_word' id='word_1_880' title='bbox 2195 4170 2449 4209; x_wconf 84' lang='lat' dir='ltr'><strong><em>sermone</em></strong></span> <span class='ocrx_word' id='word_1_881' title='bbox 2474 4153 2567 4207; x_wconf 88' lang='lat' dir='ltr'><strong><em>illo</em></strong></span> <span class='ocrx_word' id='word_1_882' title='bbox 2595 4153 2737 4220; x_wconf 83' lang='lat' dir='ltr'><strong><em>apud</em></strong></span> <span class='ocrx_word' id='word_1_883' title='bbox 2775 4153 3127 4222; x_wconf 76' lang='lat' dir='ltr'><strong><em>Augusnnum</em></strong></span> <span class='ocrx_word' id='word_1_884' title='bbox 3157 4153 3353 4223; x_wconf 74' lang='lat' dir='ltr'><strong><em>legitur</em></strong></span> <span class='ocrx_word' id='word_1_885' title='bbox 3388 4170 3401 4206; x_wconf 90' lang='lat'><strong>:</strong></span> <span class='ocrx_word' id='word_1_886' title='bbox 3434 4150 3560 4206; x_wconf 53' lang='grc' dir='ltr'><strong><em>Μακ-</em></strong></span> 
     </span>
    </p>
   </div>
   <div class='ocr_carea' id='block_1_109' title="bbox 1966 4225 2620 4294">
    <p class='ocr_par' dir='ltr' id='par_1_109' title="bbox 1966 4225 2620 4294">
     <span class='ocr_line' id='line_1_109' title="bbox 1966 4225 2620 4294; baseline 0 -17"><span class='ocrx_word' id='word_1_887' title='bbox 1966 4228 2057 4279; x_wconf 91' lang='lat' dir='ltr'><strong><em>tris</em></strong></span> <span class='ocrx_word' id='word_1_888' title='bbox 2089 4226 2343 4291; x_wconf 79' lang='lat' dir='ltr'><strong><em>Dominici</em></strong></span> <span class='ocrx_word' id='word_1_889' title='bbox 2373 4225 2620 4294; x_wconf 87' lang='lat' dir='ltr'><strong><em>corporis.</em></strong></span> 
     </span>
    </p>
   </div>
   <div class='ocr_carea' id='block_1_110' title="bbox 2046 4292 3559 4364">
    <p class='ocr_par' dir='ltr' id='par_1_110' title="bbox 2046 4292 3559 4364">
     <span class='ocr_line' id='line_1_110' title="bbox 2046 4292 3559 4364; baseline -0.003 -15"><span class='ocrx_word' id='word_1_890' title='bbox 2046 4310 2066 4333; x_wconf 66' lang='grc' dir='ltr'><strong><em>τ</em></strong></span> <span class='ocrx_word' id='word_1_891' title='bbox 2111 4295 2277 4364; x_wconf 80' lang='lat' dir='ltr'><strong><em>Hujus</em></strong></span> <span class='ocrx_word' id='word_1_892' title='bbox 2305 4292 2656 4361; x_wconf 78' lang='lat' dir='ltr'><strong><em>expositionis</em></strong></span> <span class='ocrx_word' id='word_1_893' title='bbox 2682 4296 2864 4361; x_wconf 89' lang='lat' dir='ltr'><strong><em>(quam</em></strong></span> <span class='ocrx_word' id='word_1_894' title='bbox 2901 4294 3075 4347; x_wconf 91' lang='lat' dir='ltr'><strong><em>nullus</em></strong></span> <span class='ocrx_word' id='word_1_895' title='bbox 3101 4294 3305 4347; x_wconf 90' lang='lat' dir='ltr'><strong><em>dubitat</em></strong></span> <span class='ocrx_word' id='word_1_896' title='bbox 3339 4308 3458 4346; x_wconf 75' lang='lat' dir='ltr'><strong><em>esse</em></strong></span> <span class='ocrx_word' id='word_1_897' title='bbox 3483 4292 3559 4345; x_wconf 43' lang='lat' dir='ltr'><strong><em>De</em></strong></span> 
     </span>
    </p>
   </div>
   <div class='ocr_carea' id='block_1_111' title="bbox 1967 4364 3548 4434">
    <p class='ocr_par' dir='ltr' id='par_1_111' title="bbox 1967 4364 3548 4434">
     <span class='ocr_line' id='line_1_111' title="bbox 1967 4364 3548 4434; baseline -0.005 -13"><span class='ocrx_word' id='word_1_898' title='bbox 1967 4367 2260 4434; x_wconf 76' lang='lat' dir='ltr'><strong><em>Ambrosii)</em></strong></span> <span class='ocrx_word' id='word_1_899' title='bbox 2305 4366 2498 4419; x_wconf 87' lang='lat' dir='ltr'><strong><em>librum</em></strong></span> <span class='ocrx_word' id='word_1_900' title='bbox 2552 4368 2843 4418; x_wconf 85' lang='lat' dir='ltr'><strong><em>secundum</em></strong></span> <span class='ocrx_word' id='word_1_901' title='bbox 2886 4367 2961 4416; x_wconf 86' lang='lat' dir='ltr'><strong><em>sic</em></strong></span> <span class='ocrx_word' id='word_1_902' title='bbox 2997 4367 3278 4417; x_wconf 62' lang='lat' dir='ltr'><strong><em>exorditur</em></strong></span> <span class='ocrx_word' id='word_1_903' title='bbox 3317 4364 3548 4434; x_wconf 80' lang='lat' dir='ltr'><strong><em>Ambro-</em></strong></span> 
     </span>
    </p>
   </div>
   <div class='ocr_carea' id='block_1_112' title="bbox 1967 4433 3564 4504">
    <p class='ocr_par' dir='ltr' id='par_1_112' title="bbox 1967 4433 3564 4504">
     <span class='ocr_line' id='line_1_112' title="bbox 1967 4433 3564 4504; baseline -0.005 -15"><span class='ocrx_word' id='word_1_904' title='bbox 1967 4441 2081 4499; x_wconf 73' lang='lat' dir='ltr'><strong><em>sius</em></strong></span> <span class='ocrx_word' id='word_1_905' title='bbox 2113 4456 2124 4489; x_wconf 91' lang='lat'><strong>:</strong></span> <span class='ocrx_word' id='word_1_906' title='bbox 2155 4433 2337 4489; x_wconf 88' lang='lat' dir='ltr'><strong><em>Latent</em></strong></span> <span class='ocrx_word' id='word_1_907' title='bbox 2368 4437 2567 4504; x_wconf 79' lang='lat' dir='ltr'><strong><em>quidem</em></strong></span> <span class='ocrx_word' id='word_1_908' title='bbox 2597 4437 2766 4487; x_wconf 66' lang='lat' dir='ltr'><strong><em>divina</em></strong></span> <span class='ocrx_word' id='word_1_909' title='bbox 2799 4435 3061 4502; x_wconf 81' lang='lat' dir='ltr'><strong><em>mysteria,</em></strong></span> <span class='ocrx_word' id='word_1_910' title='bbox 3091 4451 3178 4485; x_wconf 89' lang='lat' dir='ltr'><strong><em>nec</em></strong></span> <span class='ocrx_word' id='word_1_911' title='bbox 3203 4434 3376 4504; x_wconf 78' lang='lat' dir='ltr'><strong><em>facile,</em></strong></span> <span class='ocrx_word' id='word_1_912' title='bbox 3398 4433 3564 4499; x_wconf 70' lang='lat' dir='ltr'><strong><em>juxta:</em></strong></span> 
     </span>
    </p>
   </div>
   <div class='ocr_carea' id='block_1_113' title="bbox 1968 4501 3547 4579">
    <p class='ocr_par' dir='ltr' id='par_1_113' title="bbox 1968 4501 3547 4579">
     <span class='ocr_line' id='line_1_113' title="bbox 1968 4501 3547 4579; baseline -0.003 -22"><span class='ocrx_word' id='word_1_913' title='bbox 1968 4511 2317 4579; x_wconf 79' lang='lat' dir='ltr'><strong><em>propheticum</em></strong></span> <span class='ocrx_word' id='word_1_914' title='bbox 2366 4501 2555 4579; x_wconf 74' lang='lat' dir='ltr'><strong><em>dictum</em></strong></span> <span class='ocrx_word' id='word_1_915' title='bbox 2608 4501 2949 4579; x_wconf 19' lang='lat' dir='ltr'><strong><em>(lsaiw‘Ath),</em></strong></span> <span class='ocrx_word' id='word_1_916' title='bbox 2987 4507 3246 4572; x_wconf 78' lang='lat' dir='ltr'><strong><em>quisquam</em></strong></span> <span class='ocrx_word' id='word_1_917' title='bbox 3283 4501 3547 4579; x_wconf 75' lang='lat' dir='ltr'><strong><em>hominum</em></strong></span> 
     </span>
    </p>
   </div>
   <div class='ocr_carea' id='block_1_114' title="bbox 1966 4571 3551 4647">
    <p class='ocr_par' dir='ltr' id='par_1_114' title="bbox 1966 4571 3551 4647">
     <span class='ocr_line' id='line_1_114' title="bbox 1966 4571 3551 4647; baseline -0.002 -21"><span class='ocrx_word' id='word_1_918' title='bbox 1966 4571 2128 4647; x_wconf 73' lang='lat' dir='ltr'><strong><em>potest</em></strong></span> <span class='ocrx_word' id='word_1_919' title='bbox 2160 4579 2288 4631; x_wconf 83' lang='lat' dir='ltr'><strong><em>scire</em></strong></span> <span class='ocrx_word' id='word_1_920' title='bbox 2318 4575 2587 4630; x_wconf 82' lang='lat' dir='ltr'><strong><em>consilium</em></strong></span> <span class='ocrx_word' id='word_1_921' title='bbox 2619 4577 2729 4647; x_wconf 85' lang='lat' dir='ltr'><strong><em>Dei.</em></strong></span> <span class='ocrx_word' id='word_1_922' title='bbox 2774 4576 2876 4630; x_wconf 84' lang='lat' dir='ltr'><strong><em>Sed</em></strong></span> <span class='ocrx_word' id='word_1_923' title='bbox 2901 4586 3066 4627; x_wconf 81' lang='lat' dir='ltr'><strong><em>tamen</em></strong></span> <span class='ocrx_word' id='word_1_924' title='bbox 3097 4571 3158 4627; x_wconf 69' lang='lat' dir='ltr'><strong><em>ea:</em></strong></span> <span class='ocrx_word' id='word_1_925' title='bbox 3185 4571 3551 4647; x_wconf 26' lang='lat' dir='ltr'><strong><em>creterts‘fuctis</em></strong></span> 
     </span>
    </p>
   </div>
   <div class='ocr_carea' id='block_1_115' title="bbox 1965 4643 3548 4719">
    <p class='ocr_par' dir='ltr' id='par_1_115' title="bbox 1965 4643 3548 4719">
     <span class='ocr_line' id='line_1_115' title="bbox 1965 4643 3548 4719; baseline -0.004 -20"><span class='ocrx_word' id='word_1_926' title='bbox 1965 4643 2117 4717; x_wconf 80' lang='lat' dir='ltr'><strong><em>atque</em></strong></span> <span class='ocrx_word' id='word_1_927' title='bbox 2134 4648 2400 4719; x_wconf 69' lang='lat' dir='ltr'><strong><em>pra’ceptis</em></strong></span> <span class='ocrx_word' id='word_1_928' title='bbox 2428 4648 2629 4719; x_wconf 80' lang='lat' dir='ltr'><strong><em>ltomini</em></strong></span> <span class='ocrx_word' id='word_1_929' title='bbox 2654 4646 2937 4719; x_wconf 66' lang='lat' dir='ltr'><strong><em>Saluatoris</em></strong></span> <span class='ocrx_word' id='word_1_930' title='bbox 2958 4662 3225 4715; x_wconf 84' lang='lat' dir='ltr'><strong><em>possumus</em></strong></span> <span class='ocrx_word' id='word_1_931' title='bbox 3247 4643 3548 4719; x_wconf 70' lang='lat' dir='ltr'><strong><em>intelligere,</em></strong></span> 
     </span>
    </p>
   </div>
   <div class='ocr_carea' id='block_1_116' title="bbox 1966 4715 3555 4789">
    <p class='ocr_par' dir='ltr' id='par_1_116' title="bbox 1966 4715 3555 4789">
     <span class='ocr_line' id='line_1_116' title="bbox 1966 4715 3555 4789; baseline -0.004 -18"><span class='ocrx_word' id='word_1_932' title='bbox 1966 4730 2013 4771; x_wconf 93' lang='lat' dir='ltr'><strong><em>et</em></strong></span> <span class='ocrx_word' id='word_1_933' title='bbox 2033 4715 2142 4771; x_wconf 28' lang='lat' dir='ltr'><strong><em>‘ltoc&#39;</em></strong></span> <span class='ocrx_word' id='word_1_934' title='bbox 2168 4715 2515 4789; x_wconf 71' lang='lat' dir='ltr'><strong><em>prapensiaris</em></strong></span> <span class='ocrx_word' id='word_1_935' title='bbox 2546 4718 2702 4786; x_wconf 79' lang='lat' dir='ltr'><strong><em>fuisse</em></strong></span> <span class='ocrx_word' id='word_1_936' title='bbox 2723 4716 2945 4779; x_wconf 81' lang='lat' dir='ltr'><strong><em>consilii,</em></strong></span> <span class='ocrx_word' id='word_1_937' title='bbox 2977 4720 3109 4784; x_wconf 82' lang='lat' dir='ltr'><strong><em>quod</em></strong></span> <span class='ocrx_word' id='word_1_938' title='bbox 3142 4732 3199 4767; x_wconf 91' lang='lat' dir='ltr'><strong><em>ea</em></strong></span> <span class='ocrx_word' id='word_1_939' title='bbox 3230 4715 3555 4789; x_wconf 83' lang='lat' dir='ltr'><strong><em>potissimmn</em></strong></span> 
     </span>
    </p>
   </div>
   <div class='ocr_carea' id='block_1_117' title="bbox 283 4786 3549 4872">
    <p class='ocr_par' dir='ltr' id='par_1_117' title="bbox 283 4786 3549 4872">
     <span class='ocr_line' id='line_1_117' title="bbox 283 4786 3549 4872; baseline -0.001 -34"><span class='ocrx_word' id='word_1_940' title='bbox 283 4798 408 4872; x_wconf 52' lang='lat' dir='ltr'><strong><em>usus</em></strong></span> <span class='ocrx_word' id='word_1_941' title='bbox 434 4786 748 4869; x_wconf 69' lang='lat' dir='ltr'><strong><em>:Fratruelis</em></strong></span> <span class='ocrx_word' id='word_1_942' title='bbox 767 4786 905 4872; x_wconf 75' lang='lat' dir='ltr'><strong><em>meus</em></strong></span> <span class='ocrx_word' id='word_1_943' title='bbox 927 4790 1245 4872; x_wconf 74' lang='lat' dir='ltr'><strong><em>rubicundus</em></strong></span> <span class='ocrx_word' id='word_1_944' title='bbox 1264 4801 1310 4844; x_wconf 91' lang='lat' dir='ltr'><strong><em>et</em></strong></span> <span class='ocrx_word' id='word_1_945' title='bbox 1326 4786 1866 4872; x_wconf 39' lang='lat' dir='ltr'><strong><em>candidusﬁlubicun-</em></strong></span> <span class='ocrx_word' id='word_1_946' title='bbox 1892 4808 1944 4867; x_wconf 82' lang='lat' dir='ltr'><strong>D</strong></span> <span class='ocrx_word' id='word_1_947' title='bbox 1969 4792 2127 4870; x_wconf 76' lang='lat' dir='ltr'><strong><em>electa</em></strong></span> <span class='ocrx_word' id='word_1_948' title='bbox 2151 4786 2240 4872; x_wconf 49' lang='grc' dir='ltr'><strong><em>,ζει</em></strong></span> <span class='ocrx_word' id='word_1_949' title='bbox 2265 4786 2335 4841; x_wconf 56' lang='grc' dir='ltr'><strong><em>ιιι</em></strong></span> <span class='ocrx_word' id='word_1_950' title='bbox 2367 4788 2640 4840; x_wconf 83' lang='lat' dir='ltr'><strong><em>Dommum</em></strong></span> <span class='ocrx_word' id='word_1_951' title='bbox 2673 4799 2871 4857; x_wconf 85' lang='lat' dir='ltr'><strong><em>pareret</em></strong></span> <span class='ocrx_word' id='word_1_952' title='bbox 2900 4831 2931 4872; x_wconf 40' lang='lat'><strong><em>,.</em></strong></span> <span class='ocrx_word' id='word_1_953' title='bbox 2954 4802 3070 4855; x_wconf 78' lang='lat' dir='ltr'><strong><em>qua:</em></strong></span> <span class='ocrx_word' id='word_1_954' title='bbox 3110 4796 3224 4872; x_wconf 71' lang='lat' dir='ltr'><strong><em>erat</em></strong></span> <span class='ocrx_word' id='word_1_955' title='bbox 3244 4787 3549 4872; x_wconf 68' lang='lat' dir='ltr'><strong><em>desponsata</em></strong></span> 
     </span>
    </p>
   </div>
   <div class='ocr_carea' id='block_1_118' title="bbox 282 4858 1861 4928">
    <p class='ocr_par' dir='ltr' id='par_1_118' title="bbox 282 4858 1861 4928">
     <span class='ocr_line' id='line_1_118' title="bbox 282 4858 1861 4928; baseline 0.004 -21"><span class='ocrx_word' id='word_1_956' title='bbox 282 4858 378 4908; x_wconf 87' lang='lat' dir='ltr'><strong><em>dus</em></strong></span> <span class='ocrx_word' id='word_1_957' title='bbox 391 4860 444 4908; x_wconf 88' lang='lat' dir='ltr'><strong><em>in</em></strong></span> <span class='ocrx_word' id='word_1_958' title='bbox 462 4858 721 4928; x_wconf 86' lang='lat' dir='ltr'><strong><em>passione,</em></strong></span> <span class='ocrx_word' id='word_1_959' title='bbox 749 4860 999 4912; x_wconf 83' lang='lat' dir='ltr'><strong><em>candidus</em></strong></span> <span class='ocrx_word' id='word_1_960' title='bbox 1020 4866 1069 4912; x_wconf 82' lang='lat' dir='ltr'><strong><em>in</em></strong></span> <span class='ocrx_word' id='word_1_961' title='bbox 1086 4862 1469 4913; x_wconf 54' lang='lat' dir='ltr'><strong><em>resurrectione.</em></strong></span> <span class='ocrx_word' id='word_1_962' title='bbox 1494 4862 1631 4914; x_wconf 85' lang='lat' dir='ltr'><strong><em>Alibi</em></strong></span> <span class='ocrx_word' id='word_1_963' title='bbox 1650 4860 1738 4927; x_wconf 92' lang='lat' dir='ltr'><strong><em>(In</em></strong></span> <span class='ocrx_word' id='word_1_964' title='bbox 1752 4864 1861 4925; x_wconf 86' lang='lat' dir='ltr'><strong><em>epi-</em></strong></span> 
     </span>
    </p>
   </div>
   <div class='ocr_carea' id='block_1_119' title="bbox 282 4928 1863 4999">
    <p class='ocr_par' dir='ltr' id='par_1_119' title="bbox 282 4928 1863 4999">
     <span class='ocr_line' id='line_1_119' title="bbox 282 4928 1863 4999; baseline 0.006 -24"><span class='ocrx_word' id='word_1_965' title='bbox 282 4929 714 4998; x_wconf 73' lang='lat' dir='ltr'><strong><em>taphJ’autteep.</em></strong></span> <span class='ocrx_word' id='word_1_966' title='bbox 738 4928 830 4999; x_wconf 76' lang='grc'><strong><em>27)</em></strong></span> <span class='ocrx_word' id='word_1_967' title='bbox 857 4931 923 4992; x_wconf 88' lang='lat' dir='ltr'><strong><em>de</em></strong></span> <span class='ocrx_word' id='word_1_968' title='bbox 951 4930 1165 4985; x_wconf 75' lang='lat' dir='ltr'><strong><em>Christo</em></strong></span> <span class='ocrx_word' id='word_1_969' title='bbox 1190 4944 1241 4985; x_wconf 90' lang='lat' dir='ltr'><strong><em>et</em></strong></span> <span class='ocrx_word' id='word_1_970' title='bbox 1266 4932 1499 4984; x_wconf 78' lang='lat' dir='ltr'><strong><em>Ecclesia</em></strong></span> <span class='ocrx_word' id='word_1_971' title='bbox 1526 4931 1744 4999; x_wconf 84' lang='lat' dir='ltr'><strong><em>ejusque</em></strong></span> <span class='ocrx_word' id='word_1_972' title='bbox 1769 4948 1863 4984; x_wconf 81' lang='lat' dir='ltr'><strong><em>va-</em></strong></span> 
     </span>
    </p>
   </div>
   <div class='ocr_carea' id='block_1_120' title="bbox 282 4998 1859 5069">
    <p class='ocr_par' dir='ltr' id='par_1_120' title="bbox 282 4998 1859 5069">
     <span class='ocr_line' id='line_1_120' title="bbox 282 4998 1859 5069; baseline 0.004 -22"><span class='ocrx_word' id='word_1_973' title='bbox 282 4998 494 5069; x_wconf 79' lang='lat' dir='ltr'><strong><em>rietate,</em></strong></span> <span class='ocrx_word' id='word_1_974' title='bbox 520 4998 992 5069; x_wconf 31' lang='lat' dir='ltr'><strong><em>allegorice’simul</em></strong></span> <span class='ocrx_word' id='word_1_975' title='bbox 1016 5015 1068 5055; x_wconf 90' lang='lat' dir='ltr'><strong><em>et</em></strong></span> <span class='ocrx_word' id='word_1_976' title='bbox 1114 5003 1437 5069; x_wconf 68' lang='lat' dir='ltr'><strong><em>ll‘ttptilttglce</em></strong></span> <span class='ocrx_word' id='word_1_977' title='bbox 1463 5018 1475 5052; x_wconf 92' lang='lat'><strong>:</strong></span> <span class='ocrx_word' id='word_1_978' title='bbox 1505 5000 1624 5053; x_wconf 85' lang='lat' dir='ltr'><strong><em>Non</em></strong></span> <span class='ocrx_word' id='word_1_979' title='bbox 1670 5002 1859 5065; x_wconf 89' lang='lat' dir='ltr'><strong><em>solum,</em></strong></span> 
     </span>
    </p>
   </div>
   <div class='ocr_carea' id='block_1_121' title="bbox 283 5067 1863 5141">
    <p class='ocr_par' dir='ltr' id='par_1_121' title="bbox 283 5067 1863 5141">
     <span class='ocr_line' id='line_1_121' title="bbox 283 5067 1863 5141; baseline 0.005 -24"><span class='ocrx_word' id='word_1_980' title='bbox 283 5067 475 5132; x_wconf 84' lang='lat' dir='ltr'><strong><em>inquit,</em></strong></span> <span class='ocrx_word' id='word_1_981' title='bbox 506 5068 692 5135; x_wconf 64' lang='lat' dir='ltr'><strong><em>e/fusia</em></strong></span> <span class='ocrx_word' id='word_1_982' title='bbox 718 5072 980 5138; x_wconf 89' lang='lat' dir='ltr'><strong><em>sanguinis</em></strong></span> <span class='ocrx_word' id='word_1_983' title='bbox 1027 5074 1077 5124; x_wconf 89' lang='lat' dir='ltr'><strong><em>in</em></strong></span> <span class='ocrx_word' id='word_1_984' title='bbox 1110 5067 1429 5140; x_wconf 75' lang='lat' dir='ltr'><strong><em>confessione</em></strong></span> <span class='ocrx_word' id='word_1_985' title='bbox 1459 5078 1743 5141; x_wconf 69' lang='lat' dir='ltr'><strong><em>reputatur;</em></strong></span> <span class='ocrx_word' id='word_1_986' title='bbox 1773 5075 1863 5126; x_wconf 87' lang='lat' dir='ltr'><strong><em>sed</em></strong></span> 
     </span>
    </p>
   </div>
   <div class='ocr_carea' id='block_1_122' title="bbox 282 5142 1861 5211">
    <p class='ocr_par' dir='ltr' id='par_1_122' title="bbox 282 5142 1861 5211">
     <span class='ocr_line' id='line_1_122' title="bbox 282 5142 1861 5211; baseline 0.006 -24"><span class='ocrx_word' id='word_1_987' title='bbox 282 5142 478 5190; x_wconf 65' lang='lat' dir='ltr'><strong><em>devote</em></strong></span> <span class='ocrx_word' id='word_1_988' title='bbox 491 5155 690 5205; x_wconf 87' lang='lat' dir='ltr'><strong><em>quoque</em></strong></span> <span class='ocrx_word' id='word_1_989' title='bbox 710 5142 889 5211; x_wconf 71' lang='lat' dir='ltr'><strong><em>mentis</em></strong></span> <span class='ocrx_word' id='word_1_990' title='bbox 906 5144 1117 5196; x_wconf 74' lang='lat' dir='ltr'><strong><em>servitus</em></strong></span> <span class='ocrx_word' id='word_1_991' title='bbox 1146 5143 1478 5194; x_wconf 87' lang='lat' dir='ltr'><strong><em>immaculata</em></strong></span> <span class='ocrx_word' id='word_1_992' title='bbox 1503 5144 1861 5211; x_wconf 82' lang='lat' dir='ltr'><strong><em>quotidianum</em></strong></span> 
     </span>
    </p>
   </div>
   <div class='ocr_carea' id='block_1_123' title="bbox 281 5209 1856 5279">
    <p class='ocr_par' dir='ltr' id='par_1_123' title="bbox 281 5209 1856 5279">
     <span class='ocr_line' id='line_1_123' title="bbox 281 5209 1856 5279; baseline 0.005 -24"><span class='ocrx_word' id='word_1_993' title='bbox 281 5211 584 5279; x_wconf 65' lang='lat' dir='ltr'><strong><em>martyrium</em></strong></span> <span class='ocrx_word' id='word_1_994' title='bbox 617 5220 711 5263; x_wconf 85' lang='lat' dir='ltr'><strong><em>est.</em></strong></span> <span class='ocrx_word' id='word_1_995' title='bbox 744 5209 849 5264; x_wconf 84' lang='lat' dir='ltr'><strong><em>Illa</em></strong></span> <span class='ocrx_word' id='word_1_996' title='bbox 876 5229 1062 5265; x_wconf 89' lang='lat' dir='ltr'><strong><em>corona</em></strong></span> <span class='ocrx_word' id='word_1_997' title='bbox 1088 5214 1151 5265; x_wconf 89' lang='lat' dir='ltr'><strong><em>de</em></strong></span> <span class='ocrx_word' id='word_1_998' title='bbox 1185 5215 1313 5266; x_wconf 72' lang='lat' dir='ltr'><strong><em>rasis</em></strong></span> <span class='ocrx_word' id='word_1_999' title='bbox 1342 5223 1388 5265; x_wconf 92' lang='lat' dir='ltr'><strong><em>et</em></strong></span> <span class='ocrx_word' id='word_1_1000' title='bbox 1426 5209 1569 5265; x_wconf 81' lang='lat' dir='ltr'><strong><em>violis</em></strong></span> <span class='ocrx_word' id='word_1_1001' title='bbox 1600 5215 1856 5279; x_wconf 82' lang='lat' dir='ltr'><strong><em>plectitur,</em></strong></span> 
     </span>
    </p>
   </div>
   <div class='ocr_carea' id='block_1_124' title="bbox 280 5276 1859 5337">
    <p class='ocr_par' dir='ltr' id='par_1_124' title="bbox 280 5276 1859 5337">
     <span class='ocr_line' id='line_1_124' title="bbox 280 5276 1859 5337; baseline 0.007 -12"><span class='ocrx_word' id='word_1_1002' title='bbox 280 5276 376 5327; x_wconf 83' lang='lat' dir='ltr'><strong><em>ista</em></strong></span> <span class='ocrx_word' id='word_1_1003' title='bbox 401 5276 633 5332; x_wconf 80' lang='lat' dir='ltr'><strong><em>deliliis.</em></strong></span> <span class='ocrx_word' id='word_1_1004' title='bbox 664 5279 814 5334; x_wconf 88' lang='lat' dir='ltr'><strong><em>Unde</em></strong></span> <span class='ocrx_word' id='word_1_1005' title='bbox 854 5290 903 5335; x_wconf 87' lang='lat' dir='ltr'><strong><em>et</em></strong></span> <span class='ocrx_word' id='word_1_1006' title='bbox 940 5286 991 5335; x_wconf 86' lang='lat' dir='ltr'><strong><em>in</em></strong></span> <span class='ocrx_word' id='word_1_1007' title='bbox 1014 5282 1220 5337; x_wconf 89' lang='lat' dir='ltr'><strong><em>Cantica</em></strong></span> <span class='ocrx_word' id='word_1_1008' title='bbox 1264 5284 1500 5336; x_wconf 83' lang='lat' dir='ltr'><strong><em>scribitur</em></strong></span> <span class='ocrx_word' id='word_1_1009' title='bbox 1531 5276 1859 5336; x_wconf 76' lang='lat' dir='ltr'><strong><em>Canticvrum</em></strong></span> 
     </span>
    </p>
   </div>
   <div class='ocr_carea' id='block_1_125' title="bbox 284 5344 1858 5421">
    <p class='ocr_par' dir='ltr' id='par_1_125' title="bbox 284 5344 1858 5421">
     <span class='ocr_line' id='line_1_125' title="bbox 284 5344 1858 5421; baseline 0.004 -22"><span class='ocrx_word' id='word_1_1010' title='bbox 284 5344 440 5421; x_wconf 77' lang='lat' dir='ltr'><strong><em>(Cap.</em></strong></span> <span class='ocrx_word' id='word_1_1011' title='bbox 528 5352 585 5421; x_wconf 69' lang='grc' dir='ltr'><strong><em>ν)</em></strong></span> <span class='ocrx_word' id='word_1_1012' title='bbox 614 5368 627 5402; x_wconf 90' lang='lat'>:</span> <span class='ocrx_word' id='word_1_1013' title='bbox 658 5348 951 5405; x_wconf 80' lang='lat' dir='ltr'><strong><em>Fratruelis</em></strong></span> <span class='ocrx_word' id='word_1_1014' title='bbox 993 5371 1133 5406; x_wconf 89' lang='lat' dir='ltr'><strong><em>meus</em></strong></span> <span class='ocrx_word' id='word_1_1015' title='bbox 1160 5355 1411 5405; x_wconf 85' lang='lat' dir='ltr'><strong><em>candidus</em></strong></span> <span class='ocrx_word' id='word_1_1016' title='bbox 1442 5364 1487 5405; x_wconf 89' lang='lat' dir='ltr'><strong><em>et</em></strong></span> <span class='ocrx_word' id='word_1_1017' title='bbox 1525 5356 1858 5419; x_wconf 86' lang='lat' dir='ltr'><strong><em>rubicundus,</em></strong></span> 
     </span>
    </p>
   </div>
   <div class='ocr_carea' id='block_1_126' title="bbox 280 5420 1862 5489">
    <p class='ocr_par' dir='ltr' id='par_1_126' title="bbox 280 5420 1862 5489">
     <span class='ocr_line' id='line_1_126' title="bbox 280 5420 1862 5489; baseline 0.005 -21"><span class='ocrx_word' id='word_1_1018' title='bbox 280 5426 325 5489; x_wconf 82' lang='lat' dir='ltr'><strong><em>et</em></strong></span> <span class='ocrx_word' id='word_1_1019' title='bbox 352 5420 407 5471; x_wconf 72' lang='lat' dir='ltr'><strong><em>in</em></strong></span> <span class='ocrx_word' id='word_1_1020' title='bbox 436 5420 634 5487; x_wconf 33' lang='lat' dir='ltr'><strong><em>pace&#39;et</em></strong></span> <span class='ocrx_word' id='word_1_1021' title='bbox 664 5424 716 5475; x_wconf 89' lang='lat' dir='ltr'><strong><em>in</em></strong></span> <span class='ocrx_word' id='word_1_1022' title='bbox 746 5422 879 5475; x_wconf 71' lang='lat' dir='ltr'><strong><em>bello</em></strong></span> <span class='ocrx_word' id='word_1_1023' title='bbox 922 5426 1095 5476; x_wconf 88' lang='lat' dir='ltr'><strong><em>eadem</em></strong></span> <span class='ocrx_word' id='word_1_1024' title='bbox 1146 5425 1359 5489; x_wconf 74' lang='lat' dir='ltr'><strong><em>prwmia</em></strong></span> <span class='ocrx_word' id='word_1_1025' title='bbox 1408 5425 1719 5477; x_wconf 71' lang='lat' dir='ltr'><strong><em>vincentibus</em></strong></span> <span class='ocrx_word' id='word_1_1026' title='bbox 1769 5430 1862 5476; x_wconf 84' lang='lat' dir='ltr'><strong><em>tri-</em></strong></span> 
     </span>
    </p>
   </div>
   <div class='ocr_carea' id='block_1_127' title="bbox 283 5487 1862 5564">
    <p class='ocr_par' dir='ltr' id='par_1_127' title="bbox 283 5487 1862 5564">
     <span class='ocr_line' id='line_1_127' title="bbox 283 5487 1862 5564; baseline 0.004 -23"><span class='ocrx_word' id='word_1_1027' title='bbox 283 5487 563 5564; x_wconf 72' lang='lat' dir='ltr'><strong><em>b_ue_ns._Et</em></strong></span> <span class='ocrx_word' id='word_1_1028' title='bbox 593 5495 669 5546; x_wconf 92' lang='grc' dir='ltr'><strong>Ι.ι</strong></span> <span class='ocrx_word' id='word_1_1029' title='bbox 716 5496 977 5547; x_wconf 81' lang='lat' dir='ltr'><strong><em>adversus</em></strong></span> <span class='ocrx_word' id='word_1_1030' title='bbox 1004 5487 1343 5547; x_wconf 80' lang='lat' dir='ltr'><strong><em>Jovinianum</em></strong></span> <span class='ocrx_word' id='word_1_1031' title='bbox 1377 5492 1529 5564; x_wconf 87' lang='lat' dir='ltr'><strong><em>(Cap.</em></strong></span> <span class='ocrx_word' id='word_1_1032' title='bbox 1570 5496 1656 5563; x_wconf 79' lang='grc'><strong><em>17)</em></strong></span> <span class='ocrx_word' id='word_1_1033' title='bbox 1684 5514 1695 5546; x_wconf 88' lang='lat'><strong>:</strong></span> <span class='ocrx_word' id='word_1_1034' title='bbox 1728 5495 1862 5547; x_wconf 79' lang='lat' dir='ltr'><strong><em>Can-</em></strong></span> 
     </span>
    </p>
   </div>
   <div class='ocr_carea' id='block_1_128' title="bbox 280 5560 1861 5634">
    <p class='ocr_par' dir='ltr' id='par_1_128' title="bbox 280 5560 1861 5634">
     <span class='ocr_line' id='line_1_128' title="bbox 280 5560 1861 5634; baseline 0.005 -25"><span class='ocrx_word' id='word_1_1035' title='bbox 280 5560 440 5634; x_wconf 72' lang='lat' dir='ltr'><strong><em>didus</em></strong></span> <span class='ocrx_word' id='word_1_1036' title='bbox 472 5562 523 5614; x_wconf 91' lang='lat' dir='ltr'><strong><em>in</em></strong></span> <span class='ocrx_word' id='word_1_1037' title='bbox 552 5564 860 5630; x_wconf 80' lang='lat' dir='ltr'><strong><em>virginitate,</em></strong></span> <span class='ocrx_word' id='word_1_1038' title='bbox 900 5564 1207 5634; x_wconf 86' lang='lat' dir='ltr'><strong><em>rubicundus</em></strong></span> <span class='ocrx_word' id='word_1_1039' title='bbox 1252 5565 1306 5616; x_wconf 91' lang='lat' dir='ltr'><strong><em>in</em></strong></span> <span class='ocrx_word' id='word_1_1040' title='bbox 1353 5560 1714 5634; x_wconf 45' lang='lat' dir='ltr'><strong><em>niartyriafD.</em></strong></span> <span class='ocrx_word' id='word_1_1041' title='bbox 1752 5566 1861 5618; x_wconf 55' lang='lat' dir='ltr'><strong><em>Au.</em></strong></span> 
     </span>
    </p>
   </div>
   <div class='ocr_carea' id='block_1_129' title="bbox 280 5630 1861 5703">
    <p class='ocr_par' dir='ltr' id='par_1_129' title="bbox 280 5630 1861 5703">
     <span class='ocr_line' id='line_1_129' title="bbox 280 5630 1861 5703; baseline 0.005 -22"><span class='ocrx_word' id='word_1_1042' title='bbox 280 5630 532 5694; x_wconf 66' lang='lat' dir='ltr'><strong><em>gustinus</em></strong></span> <span class='ocrx_word' id='word_1_1043' title='bbox 551 5647 707 5701; x_wconf 81' lang='lat' dir='ltr'><strong><em>supra</em></strong></span> <span class='ocrx_word' id='word_1_1044' title='bbox 738 5636 935 5687; x_wconf 66' lang='lat' dir='ltr'><strong><em>citatus</em></strong></span> <span class='ocrx_word' id='word_1_1045' title='bbox 958 5633 1149 5703; x_wconf 78' lang='lat' dir='ltr'><strong><em>(-Scrm.</em></strong></span> <span class='ocrx_word' id='word_1_1046' title='bbox 1181 5634 1213 5687; x_wconf 89' lang='grc'>5</span> <span class='ocrx_word' id='word_1_1047' title='bbox 1236 5636 1297 5687; x_wconf 89' lang='lat' dir='ltr'><strong><em>de</em></strong></span> <span class='ocrx_word' id='word_1_1048' title='bbox 1324 5630 1657 5703; x_wconf 73' lang='lat' dir='ltr'><strong><em>Ascensiane)</em></strong></span> <span class='ocrx_word' id='word_1_1049' title='bbox 1691 5653 1703 5687; x_wconf 89' lang='lat'>:</span> <span class='ocrx_word' id='word_1_1050' title='bbox 1726 5635 1861 5689; x_wconf 80' lang='lat' dir='ltr'><strong><em>Can-</em></strong></span> 
     </span>
    </p>
   </div>
   <div class='ocr_carea' id='block_1_130' title="bbox 281 5702 1853 5779">
    <p class='ocr_par' dir='ltr' id='par_1_130' title="bbox 281 5702 1853 5779">
     <span class='ocr_line' id='line_1_130' title="bbox 281 5702 1853 5779; baseline 0.006 -29"><span class='ocrx_word' id='word_1_1051' title='bbox 281 5702 438 5767; x_wconf 57' lang='lat' dir='ltr'><strong><em>ajdus</em></strong></span> <span class='ocrx_word' id='word_1_1052' title='bbox 467 5704 761 5772; x_wconf 68' lang='lat' dir='ltr'><strong><em>cxvirgine,</em></strong></span> <span class='ocrx_word' id='word_1_1053' title='bbox 790 5702 1101 5761; x_wconf 80' lang='lat' dir='ltr'><strong><em>rubicundus</em></strong></span> <span class='ocrx_word' id='word_1_1054' title='bbox 1128 5704 1179 5760; x_wconf 88' lang='lat' dir='ltr'><strong><em>in</em></strong></span> <span class='ocrx_word' id='word_1_1055' title='bbox 1211 5720 1380 5772; x_wconf 85' lang='lat' dir='ltr'><strong><em>cruce,</em></strong></span> <span class='ocrx_word' id='word_1_1056' title='bbox 1411 5716 1518 5762; x_wconf 79' lang='lat' dir='ltr'><strong><em>etc.</em></strong></span> <span class='ocrx_word' id='word_1_1057' title='bbox 1548 5704 1606 5761; x_wconf 88' lang='lat' dir='ltr'><strong><em>S.</em></strong></span> <span class='ocrx_word' id='word_1_1058' title='bbox 1640 5702 1853 5779; x_wconf 70' lang='lat' dir='ltr'><strong><em>Grego-</em></strong></span> 
     </span>
    </p>
   </div>
   <div class='ocr_carea' id='block_1_131' title="bbox 1972 4855 3551 4928">
    <p class='ocr_par' dir='ltr' id='par_1_131' title="bbox 1972 4855 3551 4928">
     <span class='ocr_line' id='line_1_131' title="bbox 1972 4855 3551 4928; baseline -0.004 -17"><span class='ocrx_word' id='word_1_1059' title='bbox 1972 4862 2101 4913; x_wconf 87' lang='lat' dir='ltr'><strong><em>vira.</em></strong></span> <span class='ocrx_word' id='word_1_1060' title='bbox 2145 4861 2247 4913; x_wconf 80' lang='lat' dir='ltr'><strong><em>Cur</em></strong></span> <span class='ocrx_word' id='word_1_1061' title='bbox 2272 4872 2441 4911; x_wconf 89' lang='lat' dir='ltr'><strong><em>autem</em></strong></span> <span class='ocrx_word' id='word_1_1062' title='bbox 2471 4876 2569 4910; x_wconf 92' lang='lat' dir='ltr'><strong><em>non</em></strong></span> <span class='ocrx_word' id='word_1_1063' title='bbox 2596 4855 2867 4928; x_wconf 79' lang='lat' dir='ltr'><strong><em>antequam</em></strong></span> <span class='ocrx_word' id='word_1_1064' title='bbox 2899 4859 3311 4928; x_wconf 75' lang='lat' dir='ltr'><strong><em>despattsaretur,</em></strong></span> <span class='ocrx_word' id='word_1_1065' title='bbox 3343 4855 3551 4916; x_wconf 80' lang='lat' dir='ltr'><strong><em>implcta</em></strong></span> 
     </span>
    </p>
   </div>
   <div class='ocr_carea' id='block_1_132' title="bbox 1971 4926 3553 4996">
    <p class='ocr_par' dir='ltr' id='par_1_132' title="bbox 1971 4926 3553 4996">
     <span class='ocr_line' id='line_1_132' title="bbox 1971 4926 3553 4996; baseline -0.004 -14"><span class='ocrx_word' id='word_1_1066' title='bbox 1971 4932 2088 4984; x_wconf 85' lang='lat' dir='ltr'><strong><em>est?</em></strong></span> <span class='ocrx_word' id='word_1_1067' title='bbox 2128 4941 2233 4983; x_wconf 90' lang='lat' dir='ltr'><strong><em>etc.</em></strong></span> <span class='ocrx_word' id='word_1_1068' title='bbox 2286 4930 2416 4996; x_wconf 51' lang='lat' dir='ltr'><strong><em>Qui:</em></strong></span> <span class='ocrx_word' id='word_1_1069' title='bbox 2446 4945 2575 4995; x_wconf 77' lang='lat' dir='ltr'><strong><em>ergo</em></strong></span> <span class='ocrx_word' id='word_1_1070' title='bbox 2605 4932 2679 4982; x_wconf 89' lang='lat' dir='ltr'><strong><em>sic</em></strong></span> <span class='ocrx_word' id='word_1_1071' title='bbox 2711 4926 3003 4993; x_wconf 70' lang='lat' dir='ltr'><strong><em>Sequuntur</em></strong></span> <span class='ocrx_word' id='word_1_1072' title='bbox 3038 4944 3053 4980; x_wconf 73' lang='grc' dir='ltr'><strong><em>ι</em></strong></span> <span class='ocrx_word' id='word_1_1073' title='bbox 3088 4926 3282 4979; x_wconf 77' lang='lat' dir='ltr'><strong><em>Natant</em></strong></span> <span class='ocrx_word' id='word_1_1074' title='bbox 3323 4934 3456 4996; x_wconf 81' lang='lat' dir='ltr'><strong><em>certe</em></strong></span> <span class='ocrx_word' id='word_1_1075' title='bbox 3488 4938 3553 4976; x_wconf 74' lang='lat' dir='ltr'><strong><em>eat</em></strong></span> 
     </span>
    </p>
   </div>
   <div class='ocr_carea' id='block_1_133' title="bbox 1983 4993 3549 5068">
    <p class='ocr_par' dir='ltr' id='par_1_133' title="bbox 1983 4993 3549 5068">
     <span class='ocr_line' id='line_1_133' title="bbox 1983 4993 3549 5068; baseline -0.003 -16"><span class='ocrx_word' id='word_1_1076' title='bbox 1983 5000 2188 5068; x_wconf 88' lang='lat' dir='ltr'><strong><em>Virgine</em></strong></span> <span class='ocrx_word' id='word_1_1077' title='bbox 2220 4993 2385 5051; x_wconf 79' lang='lat' dir='ltr'><strong><em>Deum</em></strong></span> <span class='ocrx_word' id='word_1_1078' title='bbox 2412 4993 2678 5064; x_wconf 64' lang='lat' dir='ltr'><strong><em>pradicet,</em></strong></span> <span class='ocrx_word' id='word_1_1079' title='bbox 2701 5012 2805 5050; x_wconf 80' lang='lat' dir='ltr'><strong><em>etc.</em></strong></span> <span class='ocrx_word' id='word_1_1080' title='bbox 2835 4998 2948 5051; x_wconf 83' lang='lat' dir='ltr'><strong><em>Non</em></strong></span> <span class='ocrx_word' id='word_1_1081' title='bbox 2982 5000 3294 5068; x_wconf 10' lang='lat' dir='ltr'><strong><em>suntrverba</em></strong></span> <span class='ocrx_word' id='word_1_1082' title='bbox 3324 4993 3549 5068; x_wconf 76' lang='lat' dir='ltr'><strong><em>Ambro-</em></strong></span> 
     </span>
    </p>
   </div>
   <div class='ocr_carea' id='block_1_134' title="bbox 1970 5066 3551 5135">
    <p class='ocr_par' dir='ltr' id='par_1_134' title="bbox 1970 5066 3551 5135">
     <span class='ocr_line' id='line_1_134' title="bbox 1970 5066 3551 5135; baseline -0.005 -12"><span class='ocrx_word' id='word_1_1083' title='bbox 1970 5072 2036 5124; x_wconf 88' lang='lat' dir='ltr'><strong><em>sii</em></strong></span> <span class='ocrx_word' id='word_1_1084' title='bbox 2067 5066 2091 5135; x_wconf 62' lang='grc' dir='ltr'><em>ξ</em></span> <span class='ocrx_word' id='word_1_1085' title='bbox 2111 5073 2207 5125; x_wconf 86' lang='lat' dir='ltr'><strong><em>sed</em></strong></span> <span class='ocrx_word' id='word_1_1086' title='bbox 2240 5069 2478 5123; x_wconf 75' lang='lat' dir='ltr'><strong><em>Cassiani</em></strong></span> <span class='ocrx_word' id='word_1_1087' title='bbox 2510 5087 2572 5123; x_wconf 80' lang='lat' dir='ltr'><strong><em>ex</em></strong></span> <span class='ocrx_word' id='word_1_1088' title='bbox 2607 5069 2887 5123; x_wconf 77' lang='lat' dir='ltr'><strong><em>AntbrOsio</em></strong></span> <span class='ocrx_word' id='word_1_1089' title='bbox 2917 5067 3221 5121; x_wconf 77' lang='lat' dir='ltr'><strong><em>Nestorium</em></strong></span> <span class='ocrx_word' id='word_1_1090' title='bbox 3252 5066 3551 5135; x_wconf 69' lang='lat' dir='ltr'><strong><em>arguentis.</em></strong></span> 
     </span>
    </p>
   </div>
   <div class='ocr_carea' id='block_1_135' title="bbox 1972 5134 3549 5209">
    <p class='ocr_par' dir='ltr' id='par_1_135' title="bbox 1972 5134 3549 5209">
     <span class='ocr_line' id='line_1_135' title="bbox 1972 5134 3549 5209; baseline -0.006 -14"><span class='ocrx_word' id='word_1_1091' title='bbox 1972 5143 2162 5195; x_wconf 79' lang='lat' dir='ltr'><strong><em>Natum</em></strong></span> <span class='ocrx_word' id='word_1_1092' title='bbox 2201 5142 2342 5194; x_wconf 86' lang='lat' dir='ltr'><strong><em>enim</em></strong></span> <span class='ocrx_word' id='word_1_1093' title='bbox 2377 5156 2441 5193; x_wconf 76' lang='lat' dir='ltr'><strong><em>ex</em></strong></span> <span class='ocrx_word' id='word_1_1094' title='bbox 2484 5142 2697 5209; x_wconf 74' lang='lat' dir='ltr'><strong><em>Virgine</em></strong></span> <span class='ocrx_word' id='word_1_1095' title='bbox 2731 5142 2891 5191; x_wconf 85' lang='lat' dir='ltr'><strong><em>Deum</em></strong></span> <span class='ocrx_word' id='word_1_1096' title='bbox 2929 5139 3176 5199; x_wconf 65' lang='lat' dir='ltr'><strong><em>praede</em></strong></span> <span class='ocrx_word' id='word_1_1097' title='bbox 3214 5134 3549 5209; x_wconf 74' lang='lat' dir='ltr'><strong><em>Ambro-ius,</em></strong></span> 
     </span>
    </p>
   </div>
   <div class='ocr_carea' id='block_1_136' title="bbox 1970 5207 3550 5275">
    <p class='ocr_par' dir='ltr' id='par_1_136' title="bbox 1970 5207 3550 5275">
     <span class='ocr_line' id='line_1_136' title="bbox 1970 5207 3550 5275; baseline -0.007 -9"><span class='ocrx_word' id='word_1_1098' title='bbox 1970 5226 2023 5266; x_wconf 90' lang='lat' dir='ltr'><strong><em>et</em></strong></span> <span class='ocrx_word' id='word_1_1099' title='bbox 2073 5214 2288 5265; x_wconf 84' lang='lat' dir='ltr'><strong><em>Mariam</em></strong></span> <span class='ocrx_word' id='word_1_1100' title='bbox 2344 5213 2431 5264; x_wconf 80' lang='lat' dir='ltr'><strong><em>Det</em></strong></span> <span class='ocrx_word' id='word_1_1101' title='bbox 2488 5207 2705 5263; x_wconf 61' lang='lat' dir='ltr'><strong><em>Matri-tn</em></strong></span> <span class='ocrx_word' id='word_1_1102' title='bbox 2759 5219 3036 5275; x_wconf 73' lang='lat' dir='ltr'><strong><em>nonnnat,</em></strong></span> <span class='ocrx_word' id='word_1_1103' title='bbox 3079 5224 3199 5260; x_wconf 90' lang='lat' dir='ltr'><strong><em>cum</em></strong></span> <span class='ocrx_word' id='word_1_1104' title='bbox 3235 5224 3353 5261; x_wconf 84' lang='lat' dir='ltr'><strong><em>eam</em></strong></span> <span class='ocrx_word' id='word_1_1105' title='bbox 3382 5223 3407 5256; x_wconf 90' lang='lat' dir='ltr'><strong><em>a</em></strong></span> <span class='ocrx_word' id='word_1_1106' title='bbox 3442 5207 3550 5258; x_wconf 84' lang='lat' dir='ltr'><strong><em>Deo</em></strong></span> 
     </span>
    </p>
   </div>
   <div class='ocr_carea' id='block_1_137' title="bbox 1972 5276 3549 5344">
    <p class='ocr_par' dir='ltr' id='par_1_137' title="bbox 1972 5276 3549 5344">
     <span class='ocr_line' id='line_1_137' title="bbox 1972 5276 3549 5344; baseline -0.004 -9"><span class='ocrx_word' id='word_1_1107' title='bbox 1972 5276 2425 5337; x_wconf 33' lang='lat' dir='ltr'><strong><em>elei-tam‘ass‘erit</em></strong></span> <span class='ocrx_word' id='word_1_1108' title='bbox 2463 5293 2515 5332; x_wconf 89' lang='lat' dir='ltr'><strong><em>ut</em></strong></span> <span class='ocrx_word' id='word_1_1109' title='bbox 2549 5281 2717 5333; x_wconf 85' lang='lat' dir='ltr'><strong><em>Deum</em></strong></span> <span class='ocrx_word' id='word_1_1110' title='bbox 2748 5294 2979 5342; x_wconf 70' lang='lat' dir='ltr'><strong><em>pateret.</em></strong></span> <span class='ocrx_word' id='word_1_1111' title='bbox 3030 5280 3165 5344; x_wconf 71' lang='lat' dir='ltr'><strong><em>Quid</em></strong></span> <span class='ocrx_word' id='word_1_1112' title='bbox 3212 5282 3353 5330; x_wconf 84' lang='lat' dir='ltr'><strong><em>enim</em></strong></span> <span class='ocrx_word' id='word_1_1113' title='bbox 3405 5278 3549 5329; x_wconf 79' lang='lat' dir='ltr'><strong><em>annd</em></strong></span> 
     </span>
    </p>
   </div>
   <div class='ocr_carea' id='block_1_138' title="bbox 1969 5346 3551 5419">
    <p class='ocr_par' dir='ltr' id='par_1_138' title="bbox 1969 5346 3551 5419">
     <span class='ocr_line' id='line_1_138' title="bbox 1969 5346 3551 5419; baseline -0.004 -12"><span class='ocrx_word' id='word_1_1114' title='bbox 1969 5362 2055 5407; x_wconf 86' lang='lat' dir='ltr'><strong><em>est</em></strong></span> <span class='ocrx_word' id='word_1_1115' title='bbox 2100 5355 2192 5407; x_wconf 80' lang='lat' dir='ltr'><strong><em>Dei</em></strong></span> <span class='ocrx_word' id='word_1_1116' title='bbox 2243 5353 2507 5413; x_wconf 76' lang='lat' dir='ltr'><strong><em>Matrem,</em></strong></span> <span class='ocrx_word' id='word_1_1117' title='bbox 2554 5368 2648 5405; x_wconf 82' lang='lat' dir='ltr'><strong><em>seu</em></strong></span> <span class='ocrx_word' id='word_1_1118' title='bbox 2680 5351 2916 5406; x_wconf 76' lang='grc' dir='ltr'><strong><em>Θιοτόκον</em></strong></span> <span class='ocrx_word' id='word_1_1119' title='bbox 2971 5365 3126 5411; x_wconf 75' lang='lat' dir='ltr'><strong><em>csse,</em></strong></span> <span class='ocrx_word' id='word_1_1120' title='bbox 3171 5364 3329 5419; x_wconf 86' lang='lat' dir='ltr'><strong><em>quam</em></strong></span> <span class='ocrx_word' id='word_1_1121' title='bbox 3382 5346 3551 5400; x_wconf 79' lang='lat' dir='ltr'><strong><em>Deum</em></strong></span> 
     </span>
    </p>
   </div>
   <div class='ocr_carea' id='block_1_139' title="bbox 1970 5427 2277 5491">
    <p class='ocr_par' dir='ltr' id='par_1_139' title="bbox 1970 5427 2277 5491">
     <span class='ocr_line' id='line_1_139' title="bbox 1970 5427 2277 5491; baseline -0.013 -14"><span class='ocrx_word' id='word_1_1122' title='bbox 1970 5427 2147 5491; x_wconf 71' lang='lat' dir='ltr'><strong><em>pelict&#39;i</em></strong></span> <span class='ocrx_word' id='word_1_1123' title='bbox 2166 5429 2277 5474; x_wconf 79' lang='lat' dir='ltr'><strong><em>~Sc?</em></strong></span> 
     </span>
    </p>
   </div>
   <div class='ocr_carea' id='block_1_140' title="bbox 2046 5488 3546 5558">
    <p class='ocr_par' dir='ltr' id='par_1_140' title="bbox 2046 5488 3546 5558">
     <span class='ocr_line' id='line_1_140' title="bbox 2046 5488 3546 5558; baseline -0.005 -11"><span class='ocrx_word' id='word_1_1124' title='bbox 2046 5488 2063 5530; x_wconf 61' lang='grc' dir='ltr'><strong><em>ἶ</em></strong></span> <span class='ocrx_word' id='word_1_1125' title='bbox 2112 5497 2220 5547; x_wconf 70' lang='grc' dir='ltr'><strong>ιιυυ</strong></span> <span class='ocrx_word' id='word_1_1126' title='bbox 2245 5502 2358 5554; x_wconf 63' lang='lat' dir='ltr'><strong><em>est,</em></strong></span> <span class='ocrx_word' id='word_1_1127' title='bbox 2394 5492 2532 5558; x_wconf 76' lang='lat' dir='ltr'><strong><em>quod</em></strong></span> <span class='ocrx_word' id='word_1_1128' title='bbox 2568 5492 2688 5542; x_wconf 84' lang='lat' dir='ltr'><strong><em>aliis</em></strong></span> <span class='ocrx_word' id='word_1_1129' title='bbox 2732 5491 2907 5542; x_wconf 83' lang='lat' dir='ltr'><strong><em>verbis</em></strong></span> <span class='ocrx_word' id='word_1_1130' title='bbox 2935 5488 3183 5557; x_wconf 83' lang='lat' dir='ltr'><strong><em>superius</em></strong></span> <span class='ocrx_word' id='word_1_1131' title='bbox 3230 5488 3377 5555; x_wconf 75' lang='lat' dir='ltr'><strong><em>(Lib.</em></strong></span> <span class='ocrx_word' id='word_1_1132' title='bbox 3419 5503 3464 5538; x_wconf 79' lang='lat' dir='ltr'><strong><em>VI</em></strong></span> <span class='ocrx_word' id='word_1_1133' title='bbox 3496 5502 3546 5540; x_wconf 88' lang='lat' dir='ltr'><strong><em>c.</em></strong></span> 
     </span>
    </p>
   </div>
   <div class='ocr_carea' id='block_1_141' title="bbox 1970 5559 3551 5627">
    <p class='ocr_par' dir='ltr' id='par_1_141' title="bbox 1970 5559 3551 5627">
     <span class='ocr_line' id='line_1_141' title="bbox 1970 5559 3551 5627; baseline -0.008 -10"><span class='ocrx_word' id='word_1_1134' title='bbox 1970 5564 2057 5622; x_wconf 74' lang='grc'><strong><em>15.</em></strong></span> <span class='ocrx_word' id='word_1_1135' title='bbox 2090 5574 2134 5617; x_wconf 87' lang='lat' dir='ltr'><strong><em>ct</em></strong></span> <span class='ocrx_word' id='word_1_1136' title='bbox 2174 5566 2260 5616; x_wconf 65' lang='lat' dir='ltr'><strong><em>lib.</em></strong></span> <span class='ocrx_word' id='word_1_1137' title='bbox 2296 5579 2364 5615; x_wconf 79' lang='lat' dir='ltr'><strong><em>\‘ll</em></strong></span> <span class='ocrx_word' id='word_1_1138' title='bbox 2396 5579 2441 5614; x_wconf 85' lang='lat' dir='ltr'><strong><em>C.</em></strong></span> <span class='ocrx_word' id='word_1_1139' title='bbox 2472 5563 2525 5627; x_wconf 73' lang='grc' dir='ltr'><strong><em>ὃ)</em></strong></span> <span class='ocrx_word' id='word_1_1140' title='bbox 2568 5563 2703 5615; x_wconf 72' lang='lat' dir='ltr'><strong><em>dixit</em></strong></span> <span class='ocrx_word' id='word_1_1141' title='bbox 2734 5561 3005 5614; x_wconf 61' lang='lat' dir='ltr'><strong><em>Mamilius</em></strong></span> <span class='ocrx_word' id='word_1_1142' title='bbox 3037 5579 3047 5611; x_wconf 90' lang='lat'><strong>:</strong></span> <span class='ocrx_word' id='word_1_1143' title='bbox 3082 5559 3423 5613; x_wconf 74' lang='lat' dir='ltr'><strong><em>Hom00uslos</em></strong></span> <span class='ocrx_word' id='word_1_1144' title='bbox 3454 5576 3551 5620; x_wconf 82' lang='lat' dir='ltr'><strong><em>pu-</em></strong></span> 
     </span>
    </p>
   </div>
   <div class='ocr_carea' id='block_1_142' title="bbox 1965 5631 3549 5701">
    <p class='ocr_par' dir='ltr' id='par_1_142' title="bbox 1965 5631 3549 5701">
     <span class='ocr_line' id='line_1_142' title="bbox 1965 5631 3549 5701; baseline -0.002 -14"><span class='ocrx_word' id='word_1_1145' title='bbox 1965 5637 2095 5687; x_wconf 74' lang='lat' dir='ltr'><strong><em>renti</em></strong></span> <span class='ocrx_word' id='word_1_1146' title='bbox 2124 5636 2265 5689; x_wconf 76' lang='lat' dir='ltr'><strong><em>debet</em></strong></span> <span class='ocrx_word' id='word_1_1147' title='bbox 2295 5650 2397 5687; x_wconf 77' lang='lat' dir='ltr'><strong><em>esse</em></strong></span> <span class='ocrx_word' id='word_1_1148' title='bbox 2428 5634 2683 5686; x_wconf 71' lang='lat' dir='ltr'><strong><em>nativitas.</em></strong></span> <span class='ocrx_word' id='word_1_1149' title='bbox 2713 5633 2861 5699; x_wconf 78' lang='lat' dir='ltr'><strong><em>Quod</em></strong></span> <span class='ocrx_word' id='word_1_1150' title='bbox 2892 5631 2964 5686; x_wconf 89' lang='lat' dir='ltr'><strong><em>ibi</em></strong></span> <span class='ocrx_word' id='word_1_1151' title='bbox 2996 5634 3236 5701; x_wconf 81' lang='lat' dir='ltr'><strong><em>piurtbus</em></strong></span> <span class='ocrx_word' id='word_1_1152' title='bbox 3262 5635 3549 5685; x_wconf 79' lang='lat' dir='ltr'><strong><em>relutatum</em></strong></span> 
     </span>
    </p>
   </div>
   <div class='ocr_carea' id='block_1_143' title="bbox 1964 5716 2068 5761">
    <p class='ocr_par' dir='ltr' id='par_1_143' title="bbox 1964 5716 2068 5761">
     <span class='ocr_line' id='line_1_143' title="bbox 1964 5716 2068 5761; baseline -0.01 0"><span class='ocrx_word' id='word_1_1153' title='bbox 1964 5716 2068 5761; x_wconf 78' lang='lat' dir='ltr'><strong><em>est.</em></strong></span> 
     </span>
    </p>
   </div>
  </div>
