  <div class='ocr_page' id='page_1' title='image "/cluster/home/n/w/nwhite01/storage/ocr_20150623/50/hvd.32044096580717/146.png"; bbox 0 0 4016 6192; ppageno 0'>
   <div class='ocr_carea' id='block_1_1' title="bbox 358 315 463 372">
    <p class='ocr_par' dir='ltr' id='par_1_1' title="bbox 358 315 463 372">
     <span class='ocr_line' id='line_1_1' title="bbox 358 315 463 372; baseline 0 -1"><span class='ocrx_word' id='word_1_1' title='bbox 358 315 463 372; x_wconf 68' lang='grc'><strong><em>(357</em></strong></span> 
     </span>
    </p>
   </div>
   <div class='ocr_carea' id='block_1_2' title="bbox 1360 315 2626 373">
    <p class='ocr_par' dir='ltr' id='par_1_2' title="bbox 1360 315 2626 373">
     <span class='ocr_line' id='line_1_2' title="bbox 1360 315 2626 373; baseline 0.001 -3"><span class='ocrx_word' id='word_1_2' title='bbox 1360 316 1446 371; x_wconf 83' lang='lat' dir='ltr'><strong><em>DE</em></strong></span> <span class='ocrx_word' id='word_1_3' title='bbox 1489 315 1994 372; x_wconf 67' lang='lat' dir='ltr'><strong><em>INCARNATIONE</em></strong></span> <span class='ocrx_word' id='word_1_4' title='bbox 2036 315 2301 372; x_wconf 84' lang='lat' dir='ltr'><strong><em>CHRISTI</em></strong></span> <span class='ocrx_word' id='word_1_5' title='bbox 2343 316 2469 372; x_wconf 83' lang='lat' dir='ltr'><strong><em>LIB.</em></strong></span> <span class='ocrx_word' id='word_1_6' title='bbox 2518 316 2626 373; x_wconf 74' lang='lat' dir='ltr'><strong>VII.</strong></span> 
     </span>
    </p>
   </div>
   <div class='ocr_carea' id='block_1_3' title="bbox 358 428 3645 502">
    <p class='ocr_par' dir='ltr' id='par_1_3' title="bbox 358 428 3645 502">
     <span class='ocr_line' id='line_1_3' title="bbox 358 428 3645 502; baseline 0.002 -18"><span class='ocrx_word' id='word_1_7' title='bbox 358 435 457 484; x_wconf 87' lang='lat' dir='ltr'><strong><em>lius</em></strong></span> <span class='ocrx_word' id='word_1_8' title='bbox 483 447 576 502; x_wconf 87' lang='lat' dir='ltr'><strong><em>pro</em></strong></span> <span class='ocrx_word' id='word_1_9' title='bbox 611 437 784 484; x_wconf 85' lang='lat' dir='ltr'><strong><em>nostra</em></strong></span> <span class='ocrx_word' id='word_1_10' title='bbox 815 431 979 484; x_wconf 79' lang='lat' dir='ltr'><strong><em>salute</em></strong></span> <span class='ocrx_word' id='word_1_11' title='bbox 1001 428 1217 482; x_wconf 83' lang='lat' dir='ltr'><strong><em>hominis</em></strong></span> <span class='ocrx_word' id='word_1_12' title='bbox 1242 430 1405 495; x_wconf 74' lang='lat' dir='ltr'><strong><em>factus</em></strong></span> <span class='ocrx_word' id='word_1_13' title='bbox 1431 440 1503 483; x_wconf 89' lang='lat' dir='ltr'><strong><em>est</em></strong></span> <span class='ocrx_word' id='word_1_14' title='bbox 1529 428 1699 483; x_wconf 73' lang='lat' dir='ltr'><strong><em>Filius</em></strong></span> <span class='ocrx_word' id='word_1_15' title='bbox 1732 447 1748 482; x_wconf 87' lang='lat'><strong><em>:</em></strong></span> <span class='ocrx_word' id='word_1_16' title='bbox 1783 430 1950 484; x_wconf 87' lang='lat' dir='ltr'><strong><em>decent</em></strong></span> <span class='ocrx_word' id='word_1_17' title='bbox 1981 439 2024 493; x_wconf 84' lang='grc' dir='ltr'><strong>Α</strong></span> <span class='ocrx_word' id='word_1_18' title='bbox 2056 430 2191 482; x_wconf 91' lang='lat' dir='ltr'><strong><em>sium</em></strong></span> <span class='ocrx_word' id='word_1_19' title='bbox 2222 437 2441 484; x_wconf 90' lang='lat' dir='ltr'><strong><em>creator</em></strong></span> <span class='ocrx_word' id='word_1_20' title='bbox 2463 436 2566 495; x_wconf 88' lang='lat' dir='ltr'><strong><em>est,</em></strong></span> <span class='ocrx_word' id='word_1_21' title='bbox 2593 438 2646 483; x_wconf 89' lang='lat' dir='ltr'><strong><em>et</em></strong></span> <span class='ocrx_word' id='word_1_22' title='bbox 2675 442 2780 484; x_wconf 92' lang='lat' dir='ltr'><strong><em>non</em></strong></span> <span class='ocrx_word' id='word_1_23' title='bbox 2804 434 3078 485; x_wconf 82' lang='lat' dir='ltr'><strong><em>mensium</em></strong></span> <span class='ocrx_word' id='word_1_24' title='bbox 3097 441 3303 502; x_wconf 79' lang='lat' dir='ltr'><strong><em>partus.</em></strong></span> <span class='ocrx_word' id='word_1_25' title='bbox 3335 434 3481 492; x_wconf 78' lang='lat' dir='ltr'><strong><em>Ecce</em></strong></span> <span class='ocrx_word' id='word_1_26' title='bbox 3500 441 3645 494; x_wconf 87' lang='lat' dir='ltr'><strong><em>enim</em></strong></span> 
     </span>
    </p>
   </div>
   <div class='ocr_carea' id='block_1_4' title="bbox 357 521 1957 590">
    <p class='ocr_par' dir='ltr' id='par_1_4' title="bbox 357 521 1957 590">
     <span class='ocr_line' id='line_1_4' title="bbox 357 521 1957 590; baseline 0.001 -17"><span class='ocrx_word' id='word_1_27' title='bbox 357 523 618 575; x_wconf 85' lang='lat' dir='ltr'><strong><em>mensibus</em></strong></span> <span class='ocrx_word' id='word_1_28' title='bbox 648 524 703 574; x_wconf 88' lang='lat' dir='ltr'><strong><em>in</em></strong></span> <span class='ocrx_word' id='word_1_29' title='bbox 731 532 898 588; x_wconf 86' lang='lat' dir='ltr'><strong><em>utero,</em></strong></span> <span class='ocrx_word' id='word_1_30' title='bbox 922 530 978 574; x_wconf 87' lang='lat' dir='ltr'><strong><em>ut</em></strong></span> <span class='ocrx_word' id='word_1_31' title='bbox 1007 530 1265 588; x_wconf 83' lang='lat' dir='ltr'><strong><em>nascatur,</em></strong></span> <span class='ocrx_word' id='word_1_32' title='bbox 1291 531 1585 585; x_wconf 69' lang='lat' dir='ltr'><strong><em>exspectat;</em></strong></span> <span class='ocrx_word' id='word_1_33' title='bbox 1615 531 1661 574; x_wconf 92' lang='lat' dir='ltr'><strong><em>et</em></strong></span> <span class='ocrx_word' id='word_1_34' title='bbox 1692 521 1779 574; x_wconf 89' lang='lat' dir='ltr'><strong><em>ille</em></strong></span> <span class='ocrx_word' id='word_1_35' title='bbox 1810 522 1957 590; x_wconf 85' lang='lat' dir='ltr'><strong><em>cujus</em></strong></span> 
     </span>
    </p>
   </div>
   <div class='ocr_carea' id='block_1_5' title="bbox 357 613 1958 684">
    <p class='ocr_par' dir='ltr' id='par_1_5' title="bbox 357 613 1958 684">
     <span class='ocr_line' id='line_1_5' title="bbox 357 613 1958 684; baseline 0.001 -20"><span class='ocrx_word' id='word_1_36' title='bbox 357 613 562 683; x_wconf 80' lang='lat' dir='ltr'><strong><em>pugillo</em></strong></span> <span class='ocrx_word' id='word_1_37' title='bbox 591 613 814 666; x_wconf 84' lang='lat' dir='ltr'><strong><em>mundus</em></strong></span> <span class='ocrx_word' id='word_1_38' title='bbox 845 614 1162 676; x_wconf 75' lang='lat' dir='ltr'><strong><em>includitur,</em></strong></span> <span class='ocrx_word' id='word_1_39' title='bbox 1204 613 1440 682; x_wconf 71' lang='lat' dir='ltr'><strong><em>prasepii</em></strong></span> <span class='ocrx_word' id='word_1_40' title='bbox 1470 615 1756 665; x_wconf 80' lang='lat' dir='ltr'><strong><em>continetur</em></strong></span> <span class='ocrx_word' id='word_1_41' title='bbox 1795 631 1958 684; x_wconf 89' lang='lat' dir='ltr'><strong><em>angu—</em></strong></span> 
     </span>
    </p>
   </div>
   <div class='ocr_carea' id='block_1_6' title="bbox 359 701 1953 773">
    <p class='ocr_par' dir='ltr' id='par_1_6' title="bbox 359 701 1953 773">
     <span class='ocr_line' id='line_1_6' title="bbox 359 701 1953 773; baseline 0 -17"><span class='ocrx_word' id='word_1_42' title='bbox 359 707 492 757; x_wconf 87' lang='lat' dir='ltr'><strong><em>stiis.</em></strong></span> <span class='ocrx_word' id='word_1_43' title='bbox 525 704 657 758; x_wconf 80' lang='lat' dir='ltr'><strong><em>Item</em></strong></span> <span class='ocrx_word' id='word_1_44' title='bbox 685 704 854 772; x_wconf 84' lang='lat' dir='ltr'><strong><em>ipsius</em></strong></span> <span class='ocrx_word' id='word_1_45' title='bbox 879 704 930 757; x_wconf 91' lang='lat' dir='ltr'><strong><em>in</em></strong></span> <span class='ocrx_word' id='word_1_46' title='bbox 949 704 1340 757; x_wconf 87' lang='lat' dir='ltr'><strong><em>commentario</em></strong></span> <span class='ocrx_word' id='word_1_47' title='bbox 1365 704 1514 756; x_wconf 74' lang='lat' dir='ltr'><strong><em>Isaiae</em></strong></span> <span class='ocrx_word' id='word_1_48' title='bbox 1544 701 1630 773; x_wconf 89' lang='lat' dir='ltr'><strong><em>(In</em></strong></span> <span class='ocrx_word' id='word_1_49' title='bbox 1653 703 1806 758; x_wconf 75' lang='lat' dir='ltr'><strong><em>Isaia</em></strong></span> <span class='ocrx_word' id='word_1_50' title='bbox 1826 706 1953 773; x_wconf 87' lang='lat' dir='ltr'><strong><em>vn):</em></strong></span> 
     </span>
    </p>
   </div>
   <div class='ocr_carea' id='block_1_7' title="bbox 359 794 1956 867">
    <p class='ocr_par' dir='ltr' id='par_1_7' title="bbox 359 794 1956 867">
     <span class='ocr_line' id='line_1_7' title="bbox 359 794 1956 867; baseline 0 -19"><span class='ocrx_word' id='word_1_51' title='bbox 359 794 618 848; x_wconf 91' lang='lat' dir='ltr'><strong><em>Dominus</em></strong></span> <span class='ocrx_word' id='word_1_52' title='bbox 637 796 769 848; x_wconf 89' lang='lat' dir='ltr'><strong><em>enint</em></strong></span> <span class='ocrx_word' id='word_1_53' title='bbox 789 797 1054 862; x_wconf 85' lang='lat' dir='ltr'><strong><em>virtutum,</em></strong></span> <span class='ocrx_word' id='word_1_54' title='bbox 1078 795 1165 857; x_wconf 86' lang='lat' dir='ltr'><strong><em>qui</em></strong></span> <span class='ocrx_word' id='word_1_55' title='bbox 1189 804 1259 848; x_wconf 90' lang='lat' dir='ltr'><strong><em>est</em></strong></span> <span class='ocrx_word' id='word_1_56' title='bbox 1285 795 1392 848; x_wconf 75' lang='lat' dir='ltr'><strong><em>Rex</em></strong></span> <span class='ocrx_word' id='word_1_57' title='bbox 1408 795 1606 865; x_wconf 68' lang='lat' dir='ltr'><strong><em>glorise,</em></strong></span> <span class='ocrx_word' id='word_1_58' title='bbox 1627 797 1732 867; x_wconf 87' lang='lat' dir='ltr'><strong><em>ipse</em></strong></span> <span class='ocrx_word' id='word_1_59' title='bbox 1753 797 1956 850; x_wconf 87' lang='lat' dir='ltr'><strong><em>descen-</em></strong></span> 
     </span>
    </p>
   </div>
   <div class='ocr_carea' id='block_1_8' title="bbox 361 888 1956 957">
    <p class='ocr_par' dir='ltr' id='par_1_8' title="bbox 361 888 1956 957">
     <span class='ocr_line' id='line_1_8' title="bbox 361 888 1956 957; baseline 0.001 -18"><span class='ocrx_word' id='word_1_60' title='bbox 361 889 441 940; x_wconf 85' lang='lat' dir='ltr'><strong><em>dit</em></strong></span> <span class='ocrx_word' id='word_1_61' title='bbox 488 889 540 939; x_wconf 91' lang='lat' dir='ltr'><strong><em>in</em></strong></span> <span class='ocrx_word' id='word_1_62' title='bbox 590 899 788 940; x_wconf 92' lang='lat' dir='ltr'><strong><em>uterum</em></strong></span> <span class='ocrx_word' id='word_1_63' title='bbox 821 889 1124 957; x_wconf 77' lang='lat' dir='ltr'><strong><em>virginalem</em></strong></span> <span class='ocrx_word' id='word_1_64' title='bbox 1151 931 1164 952; x_wconf 97' lang='lat'><strong><em>,</em></strong></span> <span class='ocrx_word' id='word_1_65' title='bbox 1200 896 1247 940; x_wconf 88' lang='lat' dir='ltr'><strong><em>et</em></strong></span> <span class='ocrx_word' id='word_1_66' title='bbox 1273 888 1531 956; x_wconf 85' lang='lat' dir='ltr'><strong><em>ingressus</em></strong></span> <span class='ocrx_word' id='word_1_67' title='bbox 1559 897 1630 940; x_wconf 91' lang='lat' dir='ltr'><strong><em>est</em></strong></span> <span class='ocrx_word' id='word_1_68' title='bbox 1657 897 1703 939; x_wconf 92' lang='lat' dir='ltr'><strong><em>et</em></strong></span> <span class='ocrx_word' id='word_1_69' title='bbox 1723 903 1956 956; x_wconf 87' lang='lat' dir='ltr'><strong><em>egressus</em></strong></span> 
     </span>
    </p>
   </div>
   <div class='ocr_carea' id='block_1_9' title="bbox 362 980 1953 1051">
    <p class='ocr_par' dir='ltr' id='par_1_9' title="bbox 362 980 1953 1051">
     <span class='ocr_line' id='line_1_9' title="bbox 362 980 1953 1051; baseline -0.004 -13"><span class='ocrx_word' id='word_1_70' title='bbox 362 983 670 1038; x_wconf 81' lang='lat' dir='ltr'><strong><em>orientalem</em></strong></span> <span class='ocrx_word' id='word_1_71' title='bbox 689 994 913 1050; x_wconf 88' lang='lat' dir='ltr'><strong><em>portam,</em></strong></span> <span class='ocrx_word' id='word_1_72' title='bbox 933 999 1044 1051; x_wconf 69' lang='lat' dir='ltr'><strong><em>qtae</em></strong></span> <span class='ocrx_word' id='word_1_73' title='bbox 1061 999 1257 1051; x_wconf 89' lang='lat' dir='ltr'><strong><em>semper</em></strong></span> <span class='ocrx_word' id='word_1_74' title='bbox 1273 982 1446 1035; x_wconf 87' lang='lat' dir='ltr'><strong><em>clausa</em></strong></span> <span class='ocrx_word' id='word_1_75' title='bbox 1467 991 1537 1034; x_wconf 86' lang='lat' dir='ltr'><strong><em>est</em></strong></span> <span class='ocrx_word' id='word_1_76' title='bbox 1560 980 1768 1051; x_wconf 78' lang='lat' dir='ltr'><strong><em>(Ezech.</em></strong></span> <span class='ocrx_word' id='word_1_77' title='bbox 1785 981 1928 1049; x_wconf 76' lang='lat' dir='ltr'><strong><em>xuv)</em></strong></span> <span class='ocrx_word' id='word_1_78' title='bbox 1941 1019 1953 1033; x_wconf 94' lang='lat'><strong><em>.</em></strong></span> 
     </span>
    </p>
   </div>
   <div class='ocr_carea' id='block_1_10' title="bbox 367 1072 1956 1144">
    <p class='ocr_par' dir='ltr' id='par_1_10' title="bbox 367 1072 1956 1144">
     <span class='ocr_line' id='line_1_10' title="bbox 367 1072 1956 1144; baseline -0.001 -16"><span class='ocrx_word' id='word_1_79' title='bbox 367 1075 444 1128; x_wconf 82' lang='lat' dir='ltr'><strong><em>De</em></strong></span> <span class='ocrx_word' id='word_1_80' title='bbox 470 1093 568 1143; x_wconf 90' lang='lat' dir='ltr'><strong><em>quo</em></strong></span> <span class='ocrx_word' id='word_1_81' title='bbox 594 1074 800 1128; x_wconf 75' lang='lat' dir='ltr'><strong><em>Gabriel</em></strong></span> <span class='ocrx_word' id='word_1_82' title='bbox 821 1075 943 1127; x_wconf 90' lang='lat' dir='ltr'><strong><em>dicit</em></strong></span> <span class='ocrx_word' id='word_1_83' title='bbox 962 1075 1025 1127; x_wconf 88' lang='lat' dir='ltr'><strong><em>ad</em></strong></span> <span class='ocrx_word' id='word_1_84' title='bbox 1048 1073 1310 1144; x_wconf 82' lang='lat' dir='ltr'><strong><em>Virginem</em></strong></span> <span class='ocrx_word' id='word_1_85' title='bbox 1341 1088 1358 1126; x_wconf 93' lang='lat'><em>:</em></span> <span class='ocrx_word' id='word_1_86' title='bbox 1389 1072 1615 1143; x_wconf 87' lang='lat' dir='ltr'><strong><em>Spiritus</em></strong></span> <span class='ocrx_word' id='word_1_87' title='bbox 1646 1083 1848 1125; x_wconf 88' lang='lat' dir='ltr'><strong><em>sanctus</em></strong></span> <span class='ocrx_word' id='word_1_88' title='bbox 1870 1090 1956 1126; x_wconf 78' lang='lat' dir='ltr'><strong><em>stt-</em></strong></span> 
     </span>
    </p>
   </div>
   <div class='ocr_carea' id='block_1_11' title="bbox 362 1163 1958 1237">
    <p class='ocr_par' dir='ltr' id='par_1_11' title="bbox 362 1163 1958 1237">
     <span class='ocr_line' id='line_1_11' title="bbox 362 1163 1958 1237; baseline -0.002 -17"><span class='ocrx_word' id='word_1_89' title='bbox 362 1168 622 1237; x_wconf 71' lang='lat' dir='ltr'><strong><em>perveniet</em></strong></span> <span class='ocrx_word' id='word_1_90' title='bbox 649 1167 703 1218; x_wconf 80' lang='lat' dir='ltr'><strong><em>in</em></strong></span> <span class='ocrx_word' id='word_1_91' title='bbox 730 1177 777 1220; x_wconf 89' lang='lat' dir='ltr'><strong><em>te</em></strong></span> <span class='ocrx_word' id='word_1_92' title='bbox 803 1177 850 1218; x_wconf 88' lang='lat' dir='ltr'><strong><em>et</em></strong></span> <span class='ocrx_word' id='word_1_93' title='bbox 880 1167 1038 1219; x_wconf 67' lang='lat' dir='ltr'><strong><em>virtus</em></strong></span> <span class='ocrx_word' id='word_1_94' title='bbox 1063 1166 1314 1218; x_wconf 77' lang='lat' dir='ltr'><strong><em>Altissimi</em></strong></span> <span class='ocrx_word' id='word_1_95' title='bbox 1343 1164 1660 1217; x_wconf 88' lang='lat' dir='ltr'><strong><em>obumbrabit</em></strong></span> <span class='ocrx_word' id='word_1_96' title='bbox 1685 1165 1794 1217; x_wconf 84' lang='lat' dir='ltr'><strong><em>tibi.</em></strong></span> <span class='ocrx_word' id='word_1_97' title='bbox 1822 1163 1958 1217; x_wconf 85' lang='lat' dir='ltr'><strong><em>Pro-</em></strong></span> 
     </span>
    </p>
   </div>
   <div class='ocr_carea' id='block_1_12' title="bbox 365 1253 1959 1328">
    <p class='ocr_par' dir='ltr' id='par_1_12' title="bbox 365 1253 1959 1328">
     <span class='ocr_line' id='line_1_12' title="bbox 365 1253 1959 1328; baseline 0 -21"><span class='ocrx_word' id='word_1_98' title='bbox 365 1270 542 1328; x_wconf 79' lang='lat' dir='ltr'><strong><em>pterra</em></strong></span> <span class='ocrx_word' id='word_1_99' title='bbox 565 1258 704 1325; x_wconf 90' lang='lat' dir='ltr'><strong><em>quod</em></strong></span> <span class='ocrx_word' id='word_1_100' title='bbox 727 1266 958 1308; x_wconf 81' lang='lat' dir='ltr'><strong><em>nascetur</em></strong></span> <span class='ocrx_word' id='word_1_101' title='bbox 986 1258 1039 1309; x_wconf 90' lang='lat' dir='ltr'><strong><em>in</em></strong></span> <span class='ocrx_word' id='word_1_102' title='bbox 1064 1267 1110 1306; x_wconf 92' lang='lat' dir='ltr'><strong><em>te</em></strong></span> <span class='ocrx_word' id='word_1_103' title='bbox 1127 1265 1358 1308; x_wconf 89' lang='lat' dir='ltr'><strong><em>sanctum</em></strong></span> <span class='ocrx_word' id='word_1_104' title='bbox 1389 1255 1648 1307; x_wconf 81' lang='lat' dir='ltr'><strong><em>vocabitur</em></strong></span> <span class='ocrx_word' id='word_1_105' title='bbox 1675 1253 1840 1308; x_wconf 83' lang='lat' dir='ltr'><strong><em>Filius</em></strong></span> <span class='ocrx_word' id='word_1_106' title='bbox 1867 1253 1959 1307; x_wconf 97' lang='lat' dir='ltr'><strong><em>Dei</em></strong></span> 
     </span>
    </p>
   </div>
   <div class='ocr_carea' id='block_1_13' title="bbox 367 1345 1959 1418">
    <p class='ocr_par' dir='ltr' id='par_1_13' title="bbox 367 1345 1959 1418">
     <span class='ocr_line' id='line_1_13' title="bbox 367 1345 1959 1418; baseline -0.003 -17"><span class='ocrx_word' id='word_1_107' title='bbox 367 1349 521 1418; x_wconf 88' lang='lat' dir='ltr'><strong><em>(Luc.</em></strong></span> <span class='ocrx_word' id='word_1_108' title='bbox 558 1349 622 1418; x_wconf 91' lang='lat' dir='ltr'><strong><em>t).</em></strong></span> <span class='ocrx_word' id='word_1_109' title='bbox 658 1357 680 1384; x_wconf 71' lang='grc'><strong><em>³</em></strong></span> <span class='ocrx_word' id='word_1_110' title='bbox 714 1347 780 1402; x_wconf 83' lang='lat' dir='ltr'><strong><em>Et</em></strong></span> <span class='ocrx_word' id='word_1_111' title='bbox 804 1349 856 1402; x_wconf 90' lang='lat' dir='ltr'><strong><em>in</em></strong></span> <span class='ocrx_word' id='word_1_112' title='bbox 883 1347 1194 1401; x_wconf 74' lang='lat' dir='ltr'><strong><em>Proverbiis</em></strong></span> <span class='ocrx_word' id='word_1_113' title='bbox 1226 1364 1238 1400; x_wconf 84' lang='lat'><strong>:</strong></span> <span class='ocrx_word' id='word_1_114' title='bbox 1268 1347 1539 1416; x_wconf 83' lang='lat' dir='ltr'><strong><em>Sapientia</em></strong></span> <span class='ocrx_word' id='word_1_115' title='bbox 1562 1345 1834 1413; x_wconf 77' lang='lat' dir='ltr'><strong><em>wdiﬁcavit</em></strong></span> <span class='ocrx_word' id='word_1_116' title='bbox 1863 1345 1959 1398; x_wconf 90' lang='lat' dir='ltr'><strong><em>sibi</em></strong></span> 
     </span>
    </p>
   </div>
   <div class='ocr_carea' id='block_1_14' title="bbox 367 1437 1962 1510">
    <p class='ocr_par' dir='ltr' id='par_1_14' title="bbox 367 1437 1962 1510">
     <span class='ocr_line' id='line_1_14' title="bbox 367 1437 1962 1510; baseline 0 -19"><span class='ocrx_word' id='word_1_117' title='bbox 367 1443 582 1492; x_wconf 83' lang='lat' dir='ltr'><strong><em>domum</em></strong></span> <span class='ocrx_word' id='word_1_118' title='bbox 615 1438 796 1510; x_wconf 77' lang='lat' dir='ltr'><strong><em>(Prov.</em></strong></span> <span class='ocrx_word' id='word_1_119' title='bbox 821 1440 921 1506; x_wconf 79' lang='lat' dir='ltr'><strong><em>ts).</em></strong></span> <span class='ocrx_word' id='word_1_120' title='bbox 949 1437 1216 1506; x_wconf 85' lang='lat' dir='ltr'><strong><em>Compara</em></strong></span> <span class='ocrx_word' id='word_1_121' title='bbox 1251 1438 1374 1504; x_wconf 92' lang='lat' dir='ltr'><strong><em>hoc,</em></strong></span> <span class='ocrx_word' id='word_1_122' title='bbox 1400 1441 1442 1490; x_wconf 94' lang='lat' dir='ltr'><strong><em>si</em></strong></span> <span class='ocrx_word' id='word_1_123' title='bbox 1470 1438 1669 1507; x_wconf 89' lang='lat' dir='ltr'><strong><em>placet,</em></strong></span> <span class='ocrx_word' id='word_1_124' title='bbox 1701 1437 1962 1491; x_wconf 74' lang='lat' dir='ltr'><strong><em>doctrina:</em></strong></span> 
     </span>
    </p>
   </div>
   <div class='ocr_carea' id='block_1_15' title="bbox 369 1527 1961 1598">
    <p class='ocr_par' dir='ltr' id='par_1_15' title="bbox 369 1527 1961 1598">
     <span class='ocr_line' id='line_1_15' title="bbox 369 1527 1961 1598; baseline 0 -15"><span class='ocrx_word' id='word_1_125' title='bbox 369 1543 500 1594; x_wconf 71' lang='lat' dir='ltr'><strong><em>tum,</em></strong></span> <span class='ocrx_word' id='word_1_126' title='bbox 529 1531 693 1584; x_wconf 87' lang='lat' dir='ltr'><strong><em>immo</em></strong></span> <span class='ocrx_word' id='word_1_127' title='bbox 720 1529 1096 1598; x_wconf 67' lang='lat' dir='ltr'><strong><em>blasphemia),</em></strong></span> <span class='ocrx_word' id='word_1_128' title='bbox 1122 1544 1224 1598; x_wconf 86' lang='lat' dir='ltr'><strong><em>qua</em></strong></span> <span class='ocrx_word' id='word_1_129' title='bbox 1257 1530 1337 1584; x_wconf 86' lang='lat' dir='ltr'><strong><em>ais</em></strong></span> <span class='ocrx_word' id='word_1_130' title='bbox 1368 1545 1382 1584; x_wconf 89' lang='lat'><strong>:</strong></span> <span class='ocrx_word' id='word_1_131' title='bbox 1415 1530 1556 1584; x_wconf 85' lang='lat' dir='ltr'><strong><em>Deus</em></strong></span> <span class='ocrx_word' id='word_1_132' title='bbox 1588 1529 1730 1583; x_wconf 89' lang='lat' dir='ltr'><strong><em>enim</em></strong></span> <span class='ocrx_word' id='word_1_133' title='bbox 1759 1527 1785 1565; x_wconf 82' lang='lat' dir='ltr'><strong><em>b</em></strong></span> <span class='ocrx_word' id='word_1_134' title='bbox 1806 1543 1961 1583; x_wconf 89' lang='lat' dir='ltr'><strong><em>men-</em></strong></span> 
     </span>
    </p>
   </div>
   <div class='ocr_carea' id='block_1_16' title="bbox 2062 521 3644 599">
    <p class='ocr_par' dir='ltr' id='par_1_16' title="bbox 2062 521 3644 599">
     <span class='ocr_line' id='line_1_16' title="bbox 2062 521 3644 599; baseline 0.005 -21"><span class='ocrx_word' id='word_1_135' title='bbox 2062 523 2419 592; x_wconf 81' lang='lat' dir='ltr'><strong><em>llieronymus</em></strong></span> <span class='ocrx_word' id='word_1_136' title='bbox 2449 523 2530 576; x_wconf 89' lang='lat' dir='ltr'><strong><em>vir</em></strong></span> <span class='ocrx_word' id='word_1_137' title='bbox 2560 521 2697 576; x_wconf 82' lang='lat' dir='ltr'><strong><em>sicut</em></strong></span> <span class='ocrx_word' id='word_1_138' title='bbox 2721 523 2969 578; x_wconf 64' lang='lat' dir='ltr'><strong><em>maximae</em></strong></span> <span class='ocrx_word' id='word_1_139' title='bbox 2991 527 3254 591; x_wconf 67' lang='lat' dir='ltr'><strong><em>scientiae,</em></strong></span> <span class='ocrx_word' id='word_1_140' title='bbox 3283 528 3354 582; x_wconf 90' lang='lat' dir='ltr'><strong><em>ita</em></strong></span> <span class='ocrx_word' id='word_1_141' title='bbox 3381 531 3644 599; x_wconf 74' lang='lat' dir='ltr'><strong><em>probat-s-</em></strong></span> 
     </span>
    </p>
   </div>
   <div class='ocr_carea' id='block_1_17' title="bbox 2060 613 3648 694">
    <p class='ocr_par' dir='ltr' id='par_1_17' title="bbox 2060 613 3648 694">
     <span class='ocr_line' id='line_1_17' title="bbox 2060 613 3648 694; baseline 0.007 -26"><span class='ocrx_word' id='word_1_142' title='bbox 2060 615 2208 668; x_wconf 73' lang='lat' dir='ltr'><strong><em>simrc</em></strong></span> <span class='ocrx_word' id='word_1_143' title='bbox 2235 628 2489 682; x_wconf 70' lang='lat' dir='ltr'><strong><em>puraeque</em></strong></span> <span class='ocrx_word' id='word_1_144' title='bbox 2521 613 2804 679; x_wconf 66' lang='lat' dir='ltr'><strong><em>doctrinae,</em></strong></span> <span class='ocrx_word' id='word_1_145' title='bbox 2832 614 3022 669; x_wconf 85' lang='lat' dir='ltr'><strong><em>iisdem</em></strong></span> <span class='ocrx_word' id='word_1_146' title='bbox 3049 632 3218 686; x_wconf 88' lang='lat' dir='ltr'><strong><em>prope</em></strong></span> <span class='ocrx_word' id='word_1_147' title='bbox 3246 621 3431 676; x_wconf 90' lang='lat' dir='ltr'><strong><em>verbis</em></strong></span> <span class='ocrx_word' id='word_1_148' title='bbox 3454 624 3648 694; x_wconf 87' lang='lat' dir='ltr'><strong><em>quibus</em></strong></span> 
     </span>
    </p>
   </div>
   <div class='ocr_carea' id='block_1_18' title="bbox 2061 707 3645 784">
    <p class='ocr_par' dir='ltr' id='par_1_18' title="bbox 2061 707 3645 784">
     <span class='ocr_line' id='line_1_18' title="bbox 2061 707 3645 784; baseline 0.007 -23"><span class='ocrx_word' id='word_1_149' title='bbox 2061 715 2116 761; x_wconf 91' lang='lat' dir='ltr'><strong><em>tu</em></strong></span> <span class='ocrx_word' id='word_1_150' title='bbox 2150 707 2244 761; x_wconf 87' lang='lat' dir='ltr'><strong><em>Dei</em></strong></span> <span class='ocrx_word' id='word_1_151' title='bbox 2273 707 2467 760; x_wconf 87' lang='lat' dir='ltr'><strong><em>Filium</em></strong></span> <span class='ocrx_word' id='word_1_152' title='bbox 2502 707 2766 761; x_wconf 88' lang='lat' dir='ltr'><strong><em>mensium</em></strong></span> <span class='ocrx_word' id='word_1_153' title='bbox 2793 716 3001 775; x_wconf 86' lang='lat' dir='ltr'><strong><em>partum</em></strong></span> <span class='ocrx_word' id='word_1_154' title='bbox 3053 725 3248 780; x_wconf 84' lang='lat' dir='ltr'><strong><em>negas,</em></strong></span> <span class='ocrx_word' id='word_1_155' title='bbox 3294 713 3386 768; x_wconf 92' lang='lat' dir='ltr'><strong><em>ille</em></strong></span> <span class='ocrx_word' id='word_1_156' title='bbox 3435 725 3645 784; x_wconf 87' lang='lat' dir='ltr'><strong><em>partum</em></strong></span> 
     </span>
    </p>
   </div>
   <div class='ocr_carea' id='block_1_19' title="bbox 2061 797 3644 873">
    <p class='ocr_par' dir='ltr' id='par_1_19' title="bbox 2061 797 3644 873">
     <span class='ocr_line' id='line_1_19' title="bbox 2061 797 3644 873; baseline 0.008 -23"><span class='ocrx_word' id='word_1_157' title='bbox 2061 798 2329 852; x_wconf 90' lang='lat' dir='ltr'><strong><em>mensium</em></strong></span> <span class='ocrx_word' id='word_1_158' title='bbox 2361 811 2481 852; x_wconf 88' lang='lat' dir='ltr'><strong><em>esse</em></strong></span> <span class='ocrx_word' id='word_1_159' title='bbox 2506 804 2762 851; x_wconf 84' lang='lat' dir='ltr'><strong><em>testatur.</em></strong></span> <span class='ocrx_word' id='word_1_160' title='bbox 2796 797 2989 852; x_wconf 88' lang='lat' dir='ltr'><strong><em>Decem</em></strong></span> <span class='ocrx_word' id='word_1_161' title='bbox 3019 800 3185 866; x_wconf 89' lang='lat' dir='ltr'><strong><em>enim,</em></strong></span> <span class='ocrx_word' id='word_1_162' title='bbox 3218 801 3412 873; x_wconf 87' lang='lat' dir='ltr'><strong><em>inquit,</em></strong></span> <span class='ocrx_word' id='word_1_163' title='bbox 3444 811 3644 863; x_wconf 83' lang='lat' dir='ltr'><strong><em>mensi-</em></strong></span> 
     </span>
    </p>
   </div>
   <div class='ocr_carea' id='block_1_20' title="bbox 2062 889 3646 965">
    <p class='ocr_par' dir='ltr' id='par_1_20' title="bbox 2062 889 3646 965">
     <span class='ocr_line' id='line_1_20' title="bbox 2062 889 3646 965; baseline 0.008 -24"><span class='ocrx_word' id='word_1_164' title='bbox 2062 889 2162 943; x_wconf 92' lang='lat' dir='ltr'><strong><em>bus</em></strong></span> <span class='ocrx_word' id='word_1_165' title='bbox 2191 891 2242 942; x_wconf 93' lang='lat' dir='ltr'><strong><em>in</em></strong></span> <span class='ocrx_word' id='word_1_166' title='bbox 2271 897 2456 953; x_wconf 89' lang='lat' dir='ltr'><strong><em>utero,</em></strong></span> <span class='ocrx_word' id='word_1_167' title='bbox 2490 897 2548 942; x_wconf 91' lang='lat' dir='ltr'><strong><em>ut</em></strong></span> <span class='ocrx_word' id='word_1_168' title='bbox 2579 897 2864 953; x_wconf 81' lang='lat' dir='ltr'><strong><em>nascatur,</em></strong></span> <span class='ocrx_word' id='word_1_169' title='bbox 2895 900 3193 958; x_wconf 83' lang='lat' dir='ltr'><strong><em>exspectat.</em></strong></span> <span class='ocrx_word' id='word_1_170' title='bbox 3222 892 3328 948; x_wconf 90' lang='lat' dir='ltr'><strong><em>Sed</em></strong></span> <span class='ocrx_word' id='word_1_171' title='bbox 3361 912 3522 965; x_wconf 86' lang='lat' dir='ltr'><strong><em>parva</em></strong></span> <span class='ocrx_word' id='word_1_172' title='bbox 3546 899 3646 953; x_wconf 91' lang='lat' dir='ltr'><strong><em>tibi</em></strong></span> 
     </span>
    </p>
   </div>
   <div class='ocr_carea' id='block_1_21' title="bbox 2062 977 3651 1048">
    <p class='ocr_par' dir='ltr' id='par_1_21' title="bbox 2062 977 3651 1048">
     <span class='ocr_line' id='line_1_21' title="bbox 2062 977 3651 1048; baseline 0.006 -15"><span class='ocrx_word' id='word_1_173' title='bbox 2062 978 2286 1033; x_wconf 82' lang='lat' dir='ltr'><strong><em>forsitan</em></strong></span> <span class='ocrx_word' id='word_1_174' title='bbox 2330 979 2431 1032; x_wconf 85' lang='lat' dir='ltr'><strong><em>viri</em></strong></span> <span class='ocrx_word' id='word_1_175' title='bbox 2470 977 2631 1048; x_wconf 84' lang='lat' dir='ltr'><strong><em>hujus</em></strong></span> <span class='ocrx_word' id='word_1_176' title='bbox 2673 979 2887 1034; x_wconf 89' lang='lat' dir='ltr'><strong><em>videtur</em></strong></span> <span class='ocrx_word' id='word_1_177' title='bbox 2918 981 3212 1036; x_wconf 82' lang='lat' dir='ltr'><strong><em>auctoritas</em></strong></span> <span class='ocrx_word' id='word_1_178' title='bbox 3241 1000 3254 1035; x_wconf 91' lang='lat'>:</span> <span class='ocrx_word' id='word_1_179' title='bbox 3286 984 3425 1039; x_wconf 89' lang='lat' dir='ltr'><strong><em>idem</em></strong></span> <span class='ocrx_word' id='word_1_180' title='bbox 3457 1002 3651 1042; x_wconf 87' lang='lat' dir='ltr'><strong><em>omnes</em></strong></span> 
     </span>
    </p>
   </div>
   <div class='ocr_carea' id='block_1_22' title="bbox 2063 1069 3650 1150">
    <p class='ocr_par' dir='ltr' id='par_1_22' title="bbox 2063 1069 3650 1150">
     <span class='ocr_line' id='line_1_22' title="bbox 2063 1069 3650 1150; baseline 0.008 -26"><span class='ocrx_word' id='word_1_181' title='bbox 2063 1081 2225 1139; x_wconf 87' lang='lat' dir='ltr'><strong><em>atque</em></strong></span> <span class='ocrx_word' id='word_1_182' title='bbox 2256 1069 2443 1124; x_wconf 87' lang='lat' dir='ltr'><strong><em>iisdem</em></strong></span> <span class='ocrx_word' id='word_1_183' title='bbox 2475 1070 2655 1125; x_wconf 83' lang='lat' dir='ltr'><strong><em>verbis</em></strong></span> <span class='ocrx_word' id='word_1_184' title='bbox 2698 1079 2883 1139; x_wconf 86' lang='lat' dir='ltr'><strong><em>putato</em></strong></span> <span class='ocrx_word' id='word_1_185' title='bbox 2924 1071 3133 1138; x_wconf 87' lang='lat' dir='ltr'><strong><em>dicere;</em></strong></span> <span class='ocrx_word' id='word_1_186' title='bbox 3175 1073 3294 1144; x_wconf 85' lang='lat' dir='ltr'><strong><em>quia</em></strong></span> <span class='ocrx_word' id='word_1_187' title='bbox 3325 1078 3650 1150; x_wconf 82' lang='lat' dir='ltr'><strong><em>quicumque</em></strong></span> 
     </span>
    </p>
   </div>
   <div class='ocr_carea' id='block_1_23' title="bbox 2067 1163 3647 1240">
    <p class='ocr_par' dir='ltr' id='par_1_23' title="bbox 2067 1163 3647 1240">
     <span class='ocr_line' id='line_1_23' title="bbox 2067 1163 3647 1240; baseline 0.006 -23"><span class='ocrx_word' id='word_1_188' title='bbox 2067 1163 2161 1218; x_wconf 89' lang='lat' dir='ltr'><strong><em>Dei</em></strong></span> <span class='ocrx_word' id='word_1_189' title='bbox 2187 1163 2381 1217; x_wconf 85' lang='lat' dir='ltr'><strong><em>Filium</em></strong></span> <span class='ocrx_word' id='word_1_190' title='bbox 2415 1171 2628 1232; x_wconf 87' lang='lat' dir='ltr'><strong><em>partum</em></strong></span> <span class='ocrx_word' id='word_1_191' title='bbox 2656 1178 2779 1218; x_wconf 91' lang='lat' dir='ltr'><strong><em>esse</em></strong></span> <span class='ocrx_word' id='word_1_192' title='bbox 2810 1164 3044 1235; x_wconf 84' lang='lat' dir='ltr'><strong><em>Virginis</em></strong></span> <span class='ocrx_word' id='word_1_193' title='bbox 3072 1180 3178 1220; x_wconf 91' lang='lat' dir='ltr'><strong><em>non</em></strong></span> <span class='ocrx_word' id='word_1_194' title='bbox 3211 1178 3369 1237; x_wconf 54' lang='lat' dir='ltr'><strong><em>negat</em></strong></span> <span class='ocrx_word' id='word_1_195' title='bbox 3393 1210 3407 1235; x_wconf 95' lang='lat'><strong><em>,</em></strong></span> <span class='ocrx_word' id='word_1_196' title='bbox 3439 1183 3647 1240; x_wconf 87' lang='lat' dir='ltr'><strong><em>partum</em></strong></span> 
     </span>
    </p>
   </div>
   <div class='ocr_carea' id='block_1_24' title="bbox 2066 1253 2822 1310">
    <p class='ocr_par' dir='ltr' id='par_1_24' title="bbox 2066 1253 2822 1310">
     <span class='ocr_line' id='line_1_24' title="bbox 2066 1253 2822 1310; baseline 0 0"><span class='ocrx_word' id='word_1_197' title='bbox 2066 1269 2189 1310; x_wconf 87' lang='lat' dir='ltr'><strong><em>esse</em></strong></span> <span class='ocrx_word' id='word_1_198' title='bbox 2217 1253 2486 1310; x_wconf 89' lang='lat' dir='ltr'><strong><em>mensium</em></strong></span> <span class='ocrx_word' id='word_1_199' title='bbox 2515 1255 2822 1310; x_wconf 85' lang='lat' dir='ltr'><strong><em>conﬁtetur.</em></strong></span> 
     </span>
    </p>
   </div>
   <div class='ocr_carea' id='block_1_25' title="bbox 2635 1346 3114 1405">
    <p class='ocr_par' dir='ltr' id='par_1_25' title="bbox 2635 1346 3114 1405">
     <span class='ocr_line' id='line_1_25' title="bbox 2635 1346 3114 1405; baseline 0.008 -4"><span class='ocrx_word' id='word_1_200' title='bbox 2635 1346 2861 1403; x_wconf 83' lang='lat' dir='ltr'><strong><em>CAPUT</em></strong></span> <span class='ocrx_word' id='word_1_201' title='bbox 2901 1348 3114 1405; x_wconf 80' lang='lat' dir='ltr'><strong><em>XXVII.</em></strong></span> 
     </span>
    </p>
   </div>
   <div class='ocr_carea' id='block_1_26' title="bbox 2069 1439 3650 1514">
    <p class='ocr_par' dir='ltr' id='par_1_26' title="bbox 2069 1439 3650 1514">
     <span class='ocr_line' id='line_1_26' title="bbox 2069 1439 3650 1514; baseline 0.004 -20"><span class='ocrx_word' id='word_1_202' title='bbox 2069 1439 2438 1509; x_wconf 73' lang='lat' dir='ltr'><strong><em>Superioribus</em></strong></span> <span class='ocrx_word' id='word_1_203' title='bbox 2458 1439 2699 1512; x_wconf 84' lang='lat' dir='ltr'><strong><em>adjungit</em></strong></span> <span class='ocrx_word' id='word_1_204' title='bbox 2725 1440 2970 1509; x_wconf 77' lang='lat' dir='ltr'><strong><em>Rufinum</em></strong></span> <span class='ocrx_word' id='word_1_205' title='bbox 2994 1453 3040 1495; x_wconf 91' lang='lat' dir='ltr'><strong><em>et</em></strong></span> <span class='ocrx_word' id='word_1_206' title='bbox 3062 1442 3264 1496; x_wconf 88' lang='lat' dir='ltr'><strong><em>beatum</em></strong></span> <span class='ocrx_word' id='word_1_207' title='bbox 3289 1444 3650 1514; x_wconf 74' lang='lat' dir='ltr'><strong><em>Augustinum.</em></strong></span> 
     </span>
    </p>
   </div>
   <div class='ocr_carea' id='block_1_27' title="bbox 2141 1529 3650 1606">
    <p class='ocr_par' dir='ltr' id='par_1_27' title="bbox 2141 1529 3650 1606">
     <span class='ocr_line' id='line_1_27' title="bbox 2141 1529 3650 1606; baseline 0.005 -22"><span class='ocrx_word' id='word_1_208' title='bbox 2141 1540 2164 1567; x_wconf 71' lang='grc' dir='ltr'>ε</span> <span class='ocrx_word' id='word_1_209' title='bbox 2208 1529 2434 1585; x_wconf 87' lang='lat' dir='ltr'><strong><em>Ruﬁnus</em></strong></span> <span class='ocrx_word' id='word_1_210' title='bbox 2481 1547 2727 1602; x_wconf 88' lang='lat' dir='ltr'><strong><em>quoque,</em></strong></span> <span class='ocrx_word' id='word_1_211' title='bbox 2771 1530 3090 1588; x_wconf 68' lang='lat' dir='ltr'><strong><em>Christianae</em></strong></span> <span class='ocrx_word' id='word_1_212' title='bbox 3143 1534 3498 1606; x_wconf 74' lang='lat' dir='ltr'><strong><em>philosophia:</em></strong></span> <span class='ocrx_word' id='word_1_213' title='bbox 3548 1540 3650 1606; x_wconf 87' lang='lat' dir='ltr'><strong><em>vir,</em></strong></span> 
     </span>
    </p>
   </div>
   <div class='ocr_carea' id='block_1_28' title="bbox 1433 1641 2561 1702">
    <p class='ocr_par' dir='ltr' id='par_1_28' title="bbox 1433 1641 2561 1702">
     <span class='ocr_line' id='line_1_28' title="bbox 1433 1641 2561 1702; baseline 0.002 -4"><span class='ocrx_word' id='word_1_214' title='bbox 1433 1642 1686 1698; x_wconf 81' lang='lat' dir='ltr'><strong>ALARDI</strong></span> <span class='ocrx_word' id='word_1_215' title='bbox 1724 1642 1957 1700; x_wconf 71' lang='lat' dir='ltr'><strong>GAZ/EI</strong></span> <span class='ocrx_word' id='word_1_216' title='bbox 1992 1641 2561 1702; x_wconf 81' lang='lat' dir='ltr'><strong><em>COMMENTARIUS.</em></strong></span> 
     </span>
    </p>
   </div>
   <div class='ocr_carea' id='block_1_29' title="bbox 372 1753 3651 1832">
    <p class='ocr_par' dir='ltr' id='par_1_29' title="bbox 372 1753 3651 1832">
     <span class='ocr_line' id='line_1_29' title="bbox 372 1753 3651 1832; baseline 0.004 -21"><span class='ocrx_word' id='word_1_217' title='bbox 372 1769 522 1811; x_wconf 77' lang='lat' dir='ltr'><strong><em>terra:</em></strong></span> <span class='ocrx_word' id='word_1_218' title='bbox 543 1759 702 1832; x_wconf 74' lang='lat' dir='ltr'><strong><em>tribus</em></strong></span> <span class='ocrx_word' id='word_1_219' title='bbox 724 1757 897 1810; x_wconf 83' lang='lat' dir='ltr'><strong><em>diebus</em></strong></span> <span class='ocrx_word' id='word_1_220' title='bbox 917 1764 964 1810; x_wconf 92' lang='lat' dir='ltr'><strong><em>et</em></strong></span> <span class='ocrx_word' id='word_1_221' title='bbox 988 1757 1144 1808; x_wconf 86' lang='lat' dir='ltr'><strong><em>tribus</em></strong></span> <span class='ocrx_word' id='word_1_222' title='bbox 1164 1756 1389 1832; x_wconf 78' lang='lat' dir='ltr'><strong><em>noctibus</em></strong></span> <span class='ocrx_word' id='word_1_223' title='bbox 1410 1753 1762 1832; x_wconf 57' lang='lat' dir='ltr'><strong><em>(Mali/LXII).</em></strong></span> <span class='ocrx_word' id='word_1_224' title='bbox 1785 1755 1963 1832; x_wconf 65' lang='lat' dir='ltr'><strong><em>ipsum</em></strong></span> <span class='ocrx_word' id='word_1_225' title='bbox 1995 1759 2040 1818; x_wconf 89' lang='lat' dir='ltr'><strong>B</strong></span> <span class='ocrx_word' id='word_1_226' title='bbox 2070 1755 2324 1832; x_wconf 82' lang='lat' dir='ltr'><strong><em>Cyrillus.</em></strong></span> <span class='ocrx_word' id='word_1_227' title='bbox 2360 1755 2767 1832; x_wconf 81' lang='lat' dir='ltr'><strong><em>Eﬁ&#39;utiitaulem</em></strong></span> <span class='ocrx_word' id='word_1_228' title='bbox 2799 1762 2896 1832; x_wconf 86' lang='lat' dir='ltr'><strong><em>ista</em></strong></span> <span class='ocrx_word' id='word_1_229' title='bbox 2931 1763 3168 1818; x_wconf 72' lang='lat' dir='ltr'><strong><em>nefarius</em></strong></span> <span class='ocrx_word' id='word_1_230' title='bbox 3201 1766 3496 1832; x_wconf 86' lang='lat' dir='ltr'><strong><em>Nestorius,</em></strong></span> <span class='ocrx_word' id='word_1_231' title='bbox 3528 1786 3651 1826; x_wconf 89' lang='lat' dir='ltr'><strong><em>cum</em></strong></span> 
     </span>
    </p>
   </div>
   <div class='ocr_carea' id='block_1_30' title="bbox 373 1826 1962 1895">
    <p class='ocr_par' dir='ltr' id='par_1_30' title="bbox 373 1826 1962 1895">
     <span class='ocr_line' id='line_1_30' title="bbox 373 1826 1962 1895; baseline 0 -17"><span class='ocrx_word' id='word_1_232' title='bbox 373 1841 545 1882; x_wconf 80' lang='lat' dir='ltr'><strong><em>autent</em></strong></span> <span class='ocrx_word' id='word_1_233' title='bbox 599 1829 825 1879; x_wconf 83' lang='lat' dir='ltr'><strong><em>triduum</em></strong></span> <span class='ocrx_word' id='word_1_234' title='bbox 863 1844 963 1880; x_wconf 87' lang='lat' dir='ltr'><strong><em>non</em></strong></span> <span class='ocrx_word' id='word_1_235' title='bbox 1000 1837 1161 1878; x_wconf 89' lang='lat' dir='ltr'><strong><em>totum</em></strong></span> <span class='ocrx_word' id='word_1_236' title='bbox 1190 1837 1235 1880; x_wconf 90' lang='lat' dir='ltr'><strong><em>et</em></strong></span> <span class='ocrx_word' id='word_1_237' title='bbox 1266 1828 1471 1895; x_wconf 89' lang='lat' dir='ltr'><strong><em>plenum</em></strong></span> <span class='ocrx_word' id='word_1_238' title='bbox 1501 1828 1659 1895; x_wconf 78' lang='lat' dir='ltr'><strong><em>fuisse</em></strong></span> <span class='ocrx_word' id='word_1_239' title='bbox 1691 1826 1962 1895; x_wconf 87' lang='lat' dir='ltr'><strong><em>Scriptura</em></strong></span> 
     </span>
    </p>
   </div>
   <div class='ocr_carea' id='block_1_31' title="bbox 375 1897 1965 1965">
    <p class='ocr_par' dir='ltr' id='par_1_31' title="bbox 375 1897 1965 1965">
     <span class='ocr_line' id='line_1_31' title="bbox 375 1897 1965 1965; baseline -0.001 -14"><span class='ocrx_word' id='word_1_240' title='bbox 375 1901 515 1951; x_wconf 88' lang='lat' dir='ltr'><strong><em>testis</em></strong></span> <span class='ocrx_word' id='word_1_241' title='bbox 543 1911 648 1963; x_wconf 82' lang='lat' dir='ltr'><strong><em>est;</em></strong></span> <span class='ocrx_word' id='word_1_242' title='bbox 680 1898 766 1951; x_wconf 82' lang='lat' dir='ltr'><strong><em>sed</em></strong></span> <span class='ocrx_word' id='word_1_243' title='bbox 793 1899 983 1963; x_wconf 89' lang='lat' dir='ltr'><strong><em>primus</em></strong></span> <span class='ocrx_word' id='word_1_244' title='bbox 1013 1897 1121 1949; x_wconf 89' lang='lat' dir='ltr'><strong><em>dies</em></strong></span> <span class='ocrx_word' id='word_1_245' title='bbox 1153 1914 1184 1948; x_wconf 83' lang='grc' dir='ltr'><em>α</em></span> <span class='ocrx_word' id='word_1_246' title='bbox 1216 1906 1358 1965; x_wconf 86' lang='lat' dir='ltr'><strong><em>parte</em></strong></span> <span class='ocrx_word' id='word_1_247' title='bbox 1387 1905 1610 1950; x_wconf 70' lang='lat' dir='ltr'><strong><em>extrema</em></strong></span> <span class='ocrx_word' id='word_1_248' title='bbox 1639 1905 1772 1949; x_wconf 90' lang='lat' dir='ltr'><strong><em>totus</em></strong></span> <span class='ocrx_word' id='word_1_249' title='bbox 1797 1913 1965 1950; x_wconf 88' lang='lat' dir='ltr'><strong><em>annu-</em></strong></span> 
     </span>
    </p>
   </div>
   <div class='ocr_carea' id='block_1_32' title="bbox 375 1967 1962 2037">
    <p class='ocr_par' dir='ltr' id='par_1_32' title="bbox 375 1967 1962 2037">
     <span class='ocr_line' id='line_1_32' title="bbox 375 1967 1962 2037; baseline -0.001 -16"><span class='ocrx_word' id='word_1_250' title='bbox 375 1979 600 2021; x_wconf 86' lang='lat' dir='ltr'><strong><em>meratus</em></strong></span> <span class='ocrx_word' id='word_1_251' title='bbox 635 1977 727 2033; x_wconf 90' lang='lat' dir='ltr'><strong><em>est,</em></strong></span> <span class='ocrx_word' id='word_1_252' title='bbox 757 1969 864 2019; x_wconf 84' lang='lat' dir='ltr'><strong><em>dies</em></strong></span> <span class='ocrx_word' id='word_1_253' title='bbox 893 1983 1010 2020; x_wconf 77' lang='lat' dir='ltr'><strong><em>vero</em></strong></span> <span class='ocrx_word' id='word_1_254' title='bbox 1042 1967 1217 2020; x_wconf 87' lang='lat' dir='ltr'><strong><em>tertius</em></strong></span> <span class='ocrx_word' id='word_1_255' title='bbox 1243 1983 1273 2018; x_wconf 91' lang='lat' dir='ltr'><strong><em>a</em></strong></span> <span class='ocrx_word' id='word_1_256' title='bbox 1301 1977 1443 2037; x_wconf 89' lang='lat' dir='ltr'><strong><em>parte</em></strong></span> <span class='ocrx_word' id='word_1_257' title='bbox 1471 1969 1657 2035; x_wconf 85' lang='lat' dir='ltr'><strong><em>prima,</em></strong></span> <span class='ocrx_word' id='word_1_258' title='bbox 1693 1977 1736 2019; x_wconf 87' lang='lat' dir='ltr'><strong><em>et</em></strong></span> <span class='ocrx_word' id='word_1_259' title='bbox 1761 1968 1865 2037; x_wconf 84' lang='lat' dir='ltr'><strong><em>ipse</em></strong></span> <span class='ocrx_word' id='word_1_260' title='bbox 1886 1977 1962 2020; x_wconf 87' lang='lat' dir='ltr'><strong><em>to-</em></strong></span> 
     </span>
    </p>
   </div>
   <div class='ocr_carea' id='block_1_33' title="bbox 379 2036 1963 2101">
    <p class='ocr_par' dir='ltr' id='par_1_33' title="bbox 379 2036 1963 2101">
     <span class='ocr_line' id='line_1_33' title="bbox 379 2036 1963 2101; baseline -0.002 -10"><span class='ocrx_word' id='word_1_261' title='bbox 379 2050 496 2099; x_wconf 84' lang='lat' dir='ltr'><strong><em>tus;</em></strong></span> <span class='ocrx_word' id='word_1_262' title='bbox 525 2040 720 2092; x_wconf 78' lang='lat' dir='ltr'><strong><em>medius</em></strong></span> <span class='ocrx_word' id='word_1_263' title='bbox 741 2048 906 2090; x_wconf 85' lang='lat' dir='ltr'><strong><em>autem</em></strong></span> <span class='ocrx_word' id='word_1_264' title='bbox 935 2037 1064 2089; x_wconf 90' lang='lat' dir='ltr'><strong><em>inter</em></strong></span> <span class='ocrx_word' id='word_1_265' title='bbox 1085 2053 1188 2101; x_wconf 88' lang='lat' dir='ltr'><strong><em>eos,</em></strong></span> <span class='ocrx_word' id='word_1_266' title='bbox 1217 2037 1271 2090; x_wconf 92' lang='lat' dir='ltr'><strong><em>id</em></strong></span> <span class='ocrx_word' id='word_1_267' title='bbox 1292 2036 1386 2099; x_wconf 84' lang='lat' dir='ltr'><strong><em>est,</em></strong></span> <span class='ocrx_word' id='word_1_268' title='bbox 1411 2037 1661 2089; x_wconf 84' lang='lat' dir='ltr'><strong><em>secundus</em></strong></span> <span class='ocrx_word' id='word_1_269' title='bbox 1685 2038 1789 2089; x_wconf 90' lang='lat' dir='ltr'><strong><em>dies</em></strong></span> <span class='ocrx_word' id='word_1_270' title='bbox 1810 2036 1963 2089; x_wconf 92' lang='lat' dir='ltr'><strong><em>abso-</em></strong></span> 
     </span>
    </p>
   </div>
   <div class='ocr_carea' id='block_1_34' title="bbox 382 2107 1964 2178">
    <p class='ocr_par' dir='ltr' id='par_1_34' title="bbox 382 2107 1964 2178">
     <span class='ocr_line' id='line_1_34' title="bbox 382 2107 1964 2178; baseline -0.002 -17"><span class='ocrx_word' id='word_1_271' title='bbox 382 2109 485 2162; x_wconf 80' lang='lat' dir='ltr'><strong><em>lute</em></strong></span> <span class='ocrx_word' id='word_1_272' title='bbox 513 2123 646 2161; x_wconf 87' lang='lat' dir='ltr'><strong><em>totus</em></strong></span> <span class='ocrx_word' id='word_1_273' title='bbox 674 2110 850 2178; x_wconf 75' lang='lat' dir='ltr'><strong><em>viginti</em></strong></span> <span class='ocrx_word' id='word_1_274' title='bbox 883 2117 1100 2168; x_wconf 84' lang='lat' dir='ltr'><strong><em>quatuor</em></strong></span> <span class='ocrx_word' id='word_1_275' title='bbox 1121 2107 1263 2178; x_wconf 87' lang='lat' dir='ltr'><strong><em>horis</em></strong></span> <span class='ocrx_word' id='word_1_276' title='bbox 1291 2109 1395 2160; x_wconf 88' lang='lat' dir='ltr'><strong><em>suis</em></strong></span> <span class='ocrx_word' id='word_1_277' title='bbox 1411 2107 1723 2178; x_wconf 37' lang='lat' dir='ltr'><strong><em>,Aduodecim</em></strong></span> <span class='ocrx_word' id='word_1_278' title='bbox 1759 2116 1964 2160; x_wconf 81' lang='lat' dir='ltr'><strong><em>nartur—</em></strong></span> 
     </span>
    </p>
   </div>
   <div class='ocr_carea' id='block_1_35' title="bbox 378 2176 1965 2246">
    <p class='ocr_par' dir='ltr' id='par_1_35' title="bbox 378 2176 1965 2246">
     <span class='ocr_line' id='line_1_35' title="bbox 378 2176 1965 2246; baseline -0.001 -15"><span class='ocrx_word' id='word_1_279' title='bbox 378 2181 455 2232; x_wconf 88' lang='lat' dir='ltr'><strong><em>nis</em></strong></span> <span class='ocrx_word' id='word_1_280' title='bbox 483 2192 530 2232; x_wconf 90' lang='lat' dir='ltr'><strong><em>et</em></strong></span> <span class='ocrx_word' id='word_1_281' title='bbox 565 2176 832 2231; x_wconf 78' lang='lat' dir='ltr'><strong><em>duodecim</em></strong></span> <span class='ocrx_word' id='word_1_282' title='bbox 864 2178 1084 2230; x_wconf 82' lang='lat' dir='ltr'><strong><em>diurnis.</em></strong></span> <span class='ocrx_word' id='word_1_283' title='bbox 1131 2177 1398 2230; x_wconf 84' lang='lat' dir='ltr'><strong><em>Hactenus</em></strong></span> <span class='ocrx_word' id='word_1_284' title='bbox 1426 2176 1488 2229; x_wconf 85' lang='grc' dir='ltr'><strong><em>Ι).</em></strong></span> <span class='ocrx_word' id='word_1_285' title='bbox 1522 2177 1878 2246; x_wconf 81' lang='lat' dir='ltr'><strong><em>Augustinus;</em></strong></span> <span class='ocrx_word' id='word_1_286' title='bbox 1903 2186 1965 2246; x_wconf 88' lang='lat' dir='ltr'><strong><em>et</em></strong></span> 
     </span>
    </p>
   </div>
   <div class='ocr_carea' id='block_1_36' title="bbox 383 2245 1964 2316">
    <p class='ocr_par' dir='ltr' id='par_1_36' title="bbox 383 2245 1964 2316">
     <span class='ocr_line' id='line_1_36' title="bbox 383 2245 1964 2316; baseline 0 -15"><span class='ocrx_word' id='word_1_287' title='bbox 383 2251 463 2301; x_wconf 83' lang='lat' dir='ltr'><strong><em>his</em></strong></span> <span class='ocrx_word' id='word_1_288' title='bbox 495 2249 690 2301; x_wconf 79' lang='lat' dir='ltr'><strong><em>similia</em></strong></span> <span class='ocrx_word' id='word_1_289' title='bbox 723 2248 882 2302; x_wconf 82' lang='lat' dir='ltr'><strong><em>habet</em></strong></span> <span class='ocrx_word' id='word_1_290' title='bbox 911 2248 1002 2302; x_wconf 88' lang='lat' dir='ltr'><strong><em>lib.</em></strong></span> <span class='ocrx_word' id='word_1_291' title='bbox 1031 2262 1231 2302; x_wconf 74' lang='lat' dir='ltr'><strong>Lxxxm</strong></span> <span class='ocrx_word' id='word_1_292' title='bbox 1254 2245 1645 2314; x_wconf 67' lang='lat' dir='ltr'><strong><em>Quaestionum,</em></strong></span> <span class='ocrx_word' id='word_1_293' title='bbox 1674 2258 1864 2316; x_wconf 55' lang='lat' dir='ltr'><strong><em>quast.</em></strong></span> <span class='ocrx_word' id='word_1_294' title='bbox 1895 2245 1964 2302; x_wconf 85' lang='lat'><strong><em>56</em></strong></span> 
     </span>
    </p>
   </div>
   <div class='ocr_carea' id='block_1_37' title="bbox 381 2316 1963 2386">
    <p class='ocr_par' dir='ltr' id='par_1_37' title="bbox 381 2316 1963 2386">
     <span class='ocr_line' id='line_1_37' title="bbox 381 2316 1963 2386; baseline 0 -14"><span class='ocrx_word' id='word_1_295' title='bbox 381 2318 471 2386; x_wconf 80' lang='lat' dir='ltr'><strong><em>(Et</em></strong></span> <span class='ocrx_word' id='word_1_296' title='bbox 505 2319 678 2372; x_wconf 85' lang='lat' dir='ltr'><strong><em>Tract.</em></strong></span> <span class='ocrx_word' id='word_1_297' title='bbox 713 2321 766 2371; x_wconf 89' lang='lat' dir='ltr'><strong><em>in</em></strong></span> <span class='ocrx_word' id='word_1_298' title='bbox 795 2317 980 2386; x_wconf 77' lang='lat' dir='ltr'><strong><em>psaln.</em></strong></span> <span class='ocrx_word' id='word_1_299' title='bbox 1009 2318 1246 2386; x_wconf 70' lang='lat' dir='ltr'><strong><em>cum).</em></strong></span> <span class='ocrx_word' id='word_1_300' title='bbox 1288 2319 1362 2371; x_wconf 80' lang='lat' dir='ltr'><strong><em>Ex</em></strong></span> <span class='ocrx_word' id='word_1_301' title='bbox 1392 2318 1580 2383; x_wconf 86' lang='lat' dir='ltr'><strong><em>quibus</em></strong></span> <span class='ocrx_word' id='word_1_302' title='bbox 1609 2316 1963 2386; x_wconf 78' lang='lat' dir='ltr'><strong><em>intelligimus</em></strong></span> 
     </span>
    </p>
   </div>
   <div class='ocr_carea' id='block_1_38' title="bbox 384 2389 1966 2444">
    <p class='ocr_par' dir='ltr' id='par_1_38' title="bbox 384 2389 1966 2444">
     <span class='ocr_line' id='line_1_38' title="bbox 384 2389 1966 2444; baseline -0.002 0"><span class='ocrx_word' id='word_1_303' title='bbox 384 2405 576 2444; x_wconf 67' lang='lat' dir='ltr'><strong><em>novem</em></strong></span> <span class='ocrx_word' id='word_1_304' title='bbox 610 2403 824 2444; x_wconf 82' lang='lat' dir='ltr'><strong><em>menses</em></strong></span> <span class='ocrx_word' id='word_1_305' title='bbox 854 2398 910 2442; x_wconf 89' lang='lat' dir='ltr'><strong><em>et</em></strong></span> <span class='ocrx_word' id='word_1_306' title='bbox 939 2404 1034 2441; x_wconf 80' lang='lat' dir='ltr'><strong><em>sex</em></strong></span> <span class='ocrx_word' id='word_1_307' title='bbox 1064 2389 1178 2441; x_wconf 89' lang='lat' dir='ltr'><strong><em>dies</em></strong></span> <span class='ocrx_word' id='word_1_308' title='bbox 1211 2389 1583 2442; x_wconf 82' lang='lat' dir='ltr'><strong><em>intercessisse</em></strong></span> <span class='ocrx_word' id='word_1_309' title='bbox 1611 2389 1751 2441; x_wconf 89' lang='lat' dir='ltr'><strong><em>inter</em></strong></span> <span class='ocrx_word' id='word_1_310' title='bbox 1772 2403 1966 2441; x_wconf 85' lang='lat' dir='ltr'><strong><em>conce-</em></strong></span> 
     </span>
    </p>
   </div>
   <div class='ocr_carea' id='block_1_39' title="bbox 384 2457 1969 2528">
    <p class='ocr_par' dir='ltr' id='par_1_39' title="bbox 384 2457 1969 2528">
     <span class='ocr_line' id='line_1_39' title="bbox 384 2457 1969 2528; baseline -0.001 -16"><span class='ocrx_word' id='word_1_311' title='bbox 384 2461 622 2528; x_wconf 80' lang='lat' dir='ltr'><strong><em>ptionem</em></strong></span> <span class='ocrx_word' id='word_1_312' title='bbox 647 2473 700 2515; x_wconf 90' lang='lat' dir='ltr'><strong><em>et</em></strong></span> <span class='ocrx_word' id='word_1_313' title='bbox 727 2459 1055 2512; x_wconf 73' lang='lat' dir='ltr'><strong><em>nativitatem</em></strong></span> <span class='ocrx_word' id='word_1_314' title='bbox 1077 2457 1300 2521; x_wconf 87' lang='lat' dir='ltr'><strong><em>Christi,</em></strong></span> <span class='ocrx_word' id='word_1_315' title='bbox 1322 2457 1461 2525; x_wconf 86' lang='lat' dir='ltr'><strong><em>quod</em></strong></span> <span class='ocrx_word' id='word_1_316' title='bbox 1482 2467 1701 2528; x_wconf 84' lang='lat' dir='ltr'><strong><em>tempus</em></strong></span> <span class='ocrx_word' id='word_1_317' title='bbox 1726 2459 1969 2512; x_wconf 87' lang='lat' dir='ltr'><strong><em>continet</em></strong></span> 
     </span>
    </p>
   </div>
   <div class='ocr_carea' id='block_1_40' title="bbox 381 2527 1968 2598">
    <p class='ocr_par' dir='ltr' id='par_1_40' title="bbox 381 2527 1968 2598">
     <span class='ocr_line' id='line_1_40' title="bbox 381 2527 1968 2598; baseline -0.003 -14"><span class='ocrx_word' id='word_1_318' title='bbox 381 2532 490 2585; x_wconf 73' lang='lat'><strong><em>276</em></strong></span> <span class='ocrx_word' id='word_1_319' title='bbox 520 2533 671 2596; x_wconf 87' lang='lat' dir='ltr'><strong><em>dies;</em></strong></span> <span class='ocrx_word' id='word_1_320' title='bbox 714 2546 778 2585; x_wconf 84' lang='lat' dir='ltr'><strong><em>ex</em></strong></span> <span class='ocrx_word' id='word_1_321' title='bbox 812 2543 916 2598; x_wconf 91' lang='lat' dir='ltr'><strong><em>quo</em></strong></span> <span class='ocrx_word' id='word_1_322' title='bbox 947 2528 1203 2586; x_wconf 75' lang='lat' dir='ltr'><strong><em>numero.‘</em></strong></span> <span class='ocrx_word' id='word_1_323' title='bbox 1226 2528 1271 2581; x_wconf 89' lang='lat' dir='ltr'><strong><em>si</em></strong></span> <span class='ocrx_word' id='word_1_324' title='bbox 1303 2527 1520 2596; x_wconf 80' lang='lat' dir='ltr'><strong><em>singulis</em></strong></span> <span class='ocrx_word' id='word_1_325' title='bbox 1538 2543 1741 2598; x_wconf 83' lang='lat' dir='ltr'><strong><em>novem</em></strong></span> <span class='ocrx_word' id='word_1_326' title='bbox 1770 2529 1968 2582; x_wconf 89' lang='lat' dir='ltr'><strong><em>mensi-</em></strong></span> 
     </span>
    </p>
   </div>
   <div class='ocr_carea' id='block_1_41' title="bbox 387 2597 1964 2668">
    <p class='ocr_par' dir='ltr' id='par_1_41' title="bbox 387 2597 1964 2668">
     <span class='ocr_line' id='line_1_41' title="bbox 387 2597 1964 2668; baseline -0.002 -13"><span class='ocrx_word' id='word_1_327' title='bbox 387 2603 487 2657; x_wconf 90' lang='lat' dir='ltr'><strong><em>bus</em></strong></span> <span class='ocrx_word' id='word_1_328' title='bbox 537 2597 842 2655; x_wconf 86' lang='lat' dir='ltr'><strong><em>lribuanlur</em></strong></span> <span class='ocrx_word' id='word_1_329' title='bbox 891 2598 1102 2668; x_wconf 78' lang='lat' dir='ltr'><strong><em>triginta</em></strong></span> <span class='ocrx_word' id='word_1_330' title='bbox 1148 2598 1264 2652; x_wconf 88' lang='lat' dir='ltr'><strong><em>dies</em></strong></span> <span class='ocrx_word' id='word_1_331' title='bbox 1293 2641 1308 2664; x_wconf 89' lang='lat'><strong><em>,</em></strong></span> <span class='ocrx_word' id='word_1_332' title='bbox 1351 2597 1642 2652; x_wconf 79' lang='lat' dir='ltr'><strong><em>Secundum</em></strong></span> <span class='ocrx_word' id='word_1_333' title='bbox 1687 2598 1964 2667; x_wconf 91' lang='lat' dir='ltr'><strong><em>antiquum</em></strong></span> 
     </span>
    </p>
   </div>
   <div class='ocr_carea' id='block_1_42' title="bbox 387 2669 1969 2737">
    <p class='ocr_par' dir='ltr' id='par_1_42' title="bbox 387 2669 1969 2737">
     <span class='ocr_line' id='line_1_42' title="bbox 387 2669 1969 2737; baseline -0.003 -11"><span class='ocrx_word' id='word_1_334' title='bbox 387 2687 618 2735; x_wconf 86' lang='lat' dir='ltr'><strong><em>morem,</em></strong></span> <span class='ocrx_word' id='word_1_335' title='bbox 645 2671 948 2726; x_wconf 81' lang='lat' dir='ltr'><strong><em>efﬁciuntur</em></strong></span> <span class='ocrx_word' id='word_1_336' title='bbox 976 2669 1192 2723; x_wconf 88' lang='lat' dir='ltr'><strong><em>ducenti</em></strong></span> <span class='ocrx_word' id='word_1_337' title='bbox 1223 2669 1580 2737; x_wconf 77' lang='lat' dir='ltr'><strong><em>septuaginta,</em></strong></span> <span class='ocrx_word' id='word_1_338' title='bbox 1605 2678 1658 2722; x_wconf 90' lang='lat' dir='ltr'><strong><em>et</em></strong></span> <span class='ocrx_word' id='word_1_339' title='bbox 1685 2677 1969 2722; x_wconf 84' lang='lat' dir='ltr'><strong><em>remanent</em></strong></span> 
     </span>
    </p>
   </div>
   <div class='ocr_carea' id='block_1_43' title="bbox 387 2738 1968 2808">
    <p class='ocr_par' dir='ltr' id='par_1_43' title="bbox 387 2738 1968 2808">
     <span class='ocr_line' id='line_1_43' title="bbox 387 2738 1968 2808; baseline -0.003 -12"><span class='ocrx_word' id='word_1_340' title='bbox 387 2757 482 2797; x_wconf 80' lang='lat' dir='ltr'><strong><em>sex</em></strong></span> <span class='ocrx_word' id='word_1_341' title='bbox 511 2743 650 2806; x_wconf 87' lang='lat' dir='ltr'><strong><em>dies,</em></strong></span> <span class='ocrx_word' id='word_1_342' title='bbox 682 2741 770 2808; x_wconf 89' lang='lat' dir='ltr'><strong><em>qui</em></strong></span> <span class='ocrx_word' id='word_1_343' title='bbox 799 2739 864 2794; x_wconf 87' lang='lat' dir='ltr'><strong><em>ad</em></strong></span> <span class='ocrx_word' id='word_1_344' title='bbox 894 2745 1135 2793; x_wconf 84' lang='lat' dir='ltr'><strong><em>mensem</em></strong></span> <span class='ocrx_word' id='word_1_345' title='bbox 1164 2738 1426 2808; x_wconf 83' lang='lat' dir='ltr'><strong><em>decimum</em></strong></span> <span class='ocrx_word' id='word_1_346' title='bbox 1449 2739 1751 2808; x_wconf 89' lang='lat' dir='ltr'><strong><em>pertinent,</em></strong></span> <span class='ocrx_word' id='word_1_347' title='bbox 1784 2746 1968 2808; x_wconf 13' lang='lat' dir='ltr'><strong><em>etipro</em></strong></span> 
     </span>
    </p>
   </div>
   <div class='ocr_carea' id='block_1_44' title="bbox 388 2807 1969 2879">
    <p class='ocr_par' dir='ltr' id='par_1_44' title="bbox 388 2807 1969 2879">
     <span class='ocr_line' id='line_1_44' title="bbox 388 2807 1969 2879; baseline -0.001 -14"><span class='ocrx_word' id='word_1_348' title='bbox 388 2827 575 2866; x_wconf 77' lang='lat' dir='ltr'><strong><em>mense</em></strong></span> <span class='ocrx_word' id='word_1_349' title='bbox 601 2807 814 2866; x_wconf 83' lang='lat' dir='ltr'><strong><em>decium</em></strong></span> <span class='ocrx_word' id='word_1_350' title='bbox 841 2817 1220 2879; x_wconf 84' lang='lat' dir='ltr'><strong><em>computantur</em></strong></span> <span class='ocrx_word' id='word_1_351' title='bbox 1250 2807 1406 2879; x_wconf 87' lang='lat' dir='ltr'><strong><em>(Vide</em></strong></span> <span class='ocrx_word' id='word_1_352' title='bbox 1430 2807 1578 2879; x_wconf 82' lang='lat' dir='ltr'><strong><em>Oros.</em></strong></span> <span class='ocrx_word' id='word_1_353' title='bbox 1607 2811 1645 2862; x_wconf 91' lang='lat' dir='ltr'><strong><em>l.</em></strong></span> <span class='ocrx_word' id='word_1_354' title='bbox 1675 2823 1745 2861; x_wconf 87' lang='lat' dir='ltr'><strong><em>vn</em></strong></span> <span class='ocrx_word' id='word_1_355' title='bbox 1767 2824 1812 2861; x_wconf 89' lang='lat' dir='ltr'><strong><em>c.</em></strong></span> <span class='ocrx_word' id='word_1_356' title='bbox 1837 2807 1893 2872; x_wconf 75' lang='lat'><strong><em>‘2,</em></strong></span> <span class='ocrx_word' id='word_1_357' title='bbox 1920 2818 1969 2863; x_wconf 88' lang='lat' dir='ltr'><strong><em>et</em></strong></span> 
     </span>
    </p>
   </div>
   <div class='ocr_carea' id='block_1_45' title="bbox 392 2878 1968 2948">
    <p class='ocr_par' dir='ltr' id='par_1_45' title="bbox 392 2878 1968 2948">
     <span class='ocr_line' id='line_1_45' title="bbox 392 2878 1968 2948; baseline -0.001 -14"><span class='ocrx_word' id='word_1_358' title='bbox 392 2882 605 2936; x_wconf 87' lang='lat' dir='ltr'><strong><em>Petrum</em></strong></span> <span class='ocrx_word' id='word_1_359' title='bbox 635 2882 871 2934; x_wconf 85' lang='lat' dir='ltr'><strong><em>Damiani</em></strong></span> <span class='ocrx_word' id='word_1_360' title='bbox 899 2878 1065 2948; x_wconf 85' lang='lat' dir='ltr'><strong><em>Epist.</em></strong></span> <span class='ocrx_word' id='word_1_361' title='bbox 1097 2881 1131 2930; x_wconf 89' lang='lat' dir='ltr'><strong><em>l.</em></strong></span> <span class='ocrx_word' id='word_1_362' title='bbox 1163 2894 1198 2931; x_wconf 89' lang='grc' dir='ltr'><strong><em>ιι</em></strong></span> <span class='ocrx_word' id='word_1_363' title='bbox 1228 2879 1371 2947; x_wconf 81' lang='lat' dir='ltr'><strong><em>epist.</em></strong></span> <span class='ocrx_word' id='word_1_364' title='bbox 1401 2878 1512 2946; x_wconf 74' lang='lat' dir='ltr'><strong><em>2i).</em></strong></span> <span class='ocrx_word' id='word_1_365' title='bbox 1542 2879 1717 2944; x_wconf 87' lang='lat' dir='ltr'><strong><em>Quare</em></strong></span> <span class='ocrx_word' id='word_1_366' title='bbox 1745 2879 1968 2932; x_wconf 85' lang='lat' dir='ltr'><strong><em>verissi-</em></strong></span> 
     </span>
    </p>
   </div>
   <div class='ocr_carea' id='block_1_46' title="bbox 387 2949 1969 3018">
    <p class='ocr_par' dir='ltr' id='par_1_46' title="bbox 387 2949 1969 3018">
     <span class='ocr_line' id='line_1_46' title="bbox 387 2949 1969 3018; baseline -0.003 -12"><span class='ocrx_word' id='word_1_367' title='bbox 387 2969 535 3006; x_wconf 88' lang='lat' dir='ltr'><strong><em>mmn</em></strong></span> <span class='ocrx_word' id='word_1_368' title='bbox 566 2961 648 3006; x_wconf 85' lang='lat' dir='ltr'><strong><em>est</em></strong></span> <span class='ocrx_word' id='word_1_369' title='bbox 678 2952 817 3018; x_wconf 84' lang='lat' dir='ltr'><strong><em>quod</em></strong></span> <span class='ocrx_word' id='word_1_370' title='bbox 844 2951 1057 3004; x_wconf 81' lang='lat' dir='ltr'><strong><em>tradidit</em></strong></span> <span class='ocrx_word' id='word_1_371' title='bbox 1087 2949 1450 3004; x_wconf 85' lang='lat' dir='ltr'><strong><em>Damascenus</em></strong></span> <span class='ocrx_word' id='word_1_372' title='bbox 1480 2950 1569 3002; x_wconf 89' lang='lat' dir='ltr'><strong><em>lib.</em></strong></span> <span class='ocrx_word' id='word_1_373' title='bbox 1598 2965 1648 3002; x_wconf 88' lang='lat' dir='ltr'><strong><em>tv</em></strong></span> <span class='ocrx_word' id='word_1_374' title='bbox 1678 2950 1745 3003; x_wconf 90' lang='lat' dir='ltr'><strong><em>de</em></strong></span> <span class='ocrx_word' id='word_1_375' title='bbox 1775 2949 1969 3003; x_wconf 88' lang='lat' dir='ltr'><strong><em>Ortho-</em></strong></span> 
     </span>
    </p>
   </div>
   <div class='ocr_carea' id='block_1_47' title="bbox 388 3018 1969 3100">
    <p class='ocr_par' dir='ltr' id='par_1_47' title="bbox 388 3018 1969 3100">
     <span class='ocr_line' id='line_1_47' title="bbox 388 3018 1969 3100; baseline -0.003 -24"><span class='ocrx_word' id='word_1_376' title='bbox 388 3024 516 3077; x_wconf 83' lang='lat' dir='ltr'><strong><em>dox.</em></strong></span> <span class='ocrx_word' id='word_1_377' title='bbox 545 3022 676 3077; x_wconf 78' lang='lat' dir='ltr'><strong><em>Fide</em></strong></span> <span class='ocrx_word' id='word_1_378' title='bbox 703 3037 820 3088; x_wconf 90' lang='lat' dir='ltr'><strong><em>cap.</em></strong></span> <span class='ocrx_word' id='word_1_379' title='bbox 852 3018 916 3100; x_wconf 67' lang='lat' dir='ltr'><strong><em>l5</em></strong></span> <span class='ocrx_word' id='word_1_380' title='bbox 942 3037 956 3072; x_wconf 87' lang='lat'>:</span> <span class='ocrx_word' id='word_1_381' title='bbox 980 3023 1249 3100; x_wconf 68' lang='lat' dir='ltr'><strong><em>Christum</em></strong></span> <span class='ocrx_word' id='word_1_382' title='bbox 1279 3019 1579 3100; x_wconf 59' lang='lat' dir='ltr'><strong><em>estilevisse</em></strong></span> <span class='ocrx_word' id='word_1_383' title='bbox 1604 3035 1969 3100; x_wconf 76' lang='lat' dir='ltr'><strong><em>novem_men-</em></strong></span> 
     </span>
    </p>
   </div>
   <div class='ocr_carea' id='block_1_48' title="bbox 387 3089 2041 3181">
    <p class='ocr_par' dir='ltr' id='par_1_48' title="bbox 387 3089 2041 3181">
     <span class='ocr_line' id='line_1_48' title="bbox 387 3089 2041 3181; baseline -0.003 -34"><span class='ocrx_word' id='word_1_384' title='bbox 387 3107 478 3148; x_wconf 84' lang='lat' dir='ltr'><strong><em>ses</em></strong></span> <span class='ocrx_word' id='word_1_385' title='bbox 501 3097 722 3181; x_wconf 60' lang='lat' dir='ltr'><strong><em>inutqro</em></strong></span> <span class='ocrx_word' id='word_1_386' title='bbox 740 3093 948 3157; x_wconf 84' lang='lat' dir='ltr'><strong><em>matris,</em></strong></span> <span class='ocrx_word' id='word_1_387' title='bbox 967 3090 1303 3181; x_wconf 32' lang='lat' dir='ltr'><strong><em>etdec&#39;i‘mum</em></strong></span> <span class='ocrx_word' id='word_1_388' title='bbox 1323 3089 1430 3181; x_wconf 76' lang='lat' dir='ltr'><strong><em>jam</em></strong></span> <span class='ocrx_word' id='word_1_389' title='bbox 1455 3091 1754 3181; x_wconf 66' lang='lat' dir='ltr'><strong><em>ingressum</em></strong></span> <span class='ocrx_word' id='word_1_390' title='bbox 1780 3089 1965 3170; x_wconf 80' lang='lat' dir='ltr'><strong><em>fuisse,</em></strong></span> <span class='ocrx_word' id='word_1_391' title='bbox 1997 3119 2041 3181; x_wconf 65' lang='grc' dir='ltr'><strong>ρ</strong></span> 
     </span>
    </p>
   </div>
   <div class='ocr_carea' id='block_1_49' title="bbox 386 3161 1964 3229">
    <p class='ocr_par' dir='ltr' id='par_1_49' title="bbox 386 3161 1964 3229">
     <span class='ocr_line' id='line_1_49' title="bbox 386 3161 1964 3229; baseline -0.006 -12"><span class='ocrx_word' id='word_1_392' title='bbox 386 3179 511 3217; x_wconf 83' lang='lat' dir='ltr'><strong><em>cum</em></strong></span> <span class='ocrx_word' id='word_1_393' title='bbox 551 3165 602 3216; x_wconf 92' lang='lat' dir='ltr'><strong><em>in</em></strong></span> <span class='ocrx_word' id='word_1_394' title='bbox 647 3163 822 3217; x_wconf 89' lang='lat' dir='ltr'><strong><em>lucem</em></strong></span> <span class='ocrx_word' id='word_1_395' title='bbox 867 3162 1084 3229; x_wconf 89' lang='lat' dir='ltr'><strong><em>prodiit.</em></strong></span> <span class='ocrx_word' id='word_1_396' title='bbox 1136 3161 1263 3226; x_wconf 86' lang='lat' dir='ltr'><strong><em>Ejus</em></strong></span> <span class='ocrx_word' id='word_1_397' title='bbox 1295 3162 1452 3214; x_wconf 81' lang='lat' dir='ltr'><strong><em>verba</em></strong></span> <span class='ocrx_word' id='word_1_398' title='bbox 1482 3170 1605 3213; x_wconf 76' lang='lat' dir='ltr'><strong><em>sunt</em></strong></span> <span class='ocrx_word' id='word_1_399' title='bbox 1638 3177 1649 3210; x_wconf 73' lang='grc' dir='ltr'>ε</span> <span class='ocrx_word' id='word_1_400' title='bbox 1688 3161 1964 3224; x_wconf 77' lang='lat' dir='ltr'><strong><em>Quoniam,</em></strong></span> 
     </span>
    </p>
   </div>
   <div class='ocr_carea' id='block_1_50' title="bbox 384 3231 1970 3301">
    <p class='ocr_par' dir='ltr' id='par_1_50' title="bbox 384 3231 1970 3301">
     <span class='ocr_line' id='line_1_50' title="bbox 384 3231 1970 3301; baseline -0.004 -13"><span class='ocrx_word' id='word_1_401' title='bbox 384 3234 581 3301; x_wconf 79' lang='lat' dir='ltr'><strong><em>inquit,</em></strong></span> <span class='ocrx_word' id='word_1_402' title='bbox 616 3242 854 3286; x_wconf 89' lang='lat' dir='ltr'><strong><em>consueto</em></strong></span> <span class='ocrx_word' id='word_1_403' title='bbox 885 3242 1108 3299; x_wconf 88' lang='lat' dir='ltr'><strong><em>tempore</em></strong></span> <span class='ocrx_word' id='word_1_404' title='bbox 1141 3231 1279 3296; x_wconf 88' lang='lat' dir='ltr'><strong><em>(nam</em></strong></span> <span class='ocrx_word' id='word_1_405' title='bbox 1303 3245 1477 3301; x_wconf 83' lang='lat' dir='ltr'><strong><em>norem</em></strong></span> <span class='ocrx_word' id='word_1_406' title='bbox 1501 3247 1688 3282; x_wconf 82' lang='lat' dir='ltr'><strong><em>menses</em></strong></span> <span class='ocrx_word' id='word_1_407' title='bbox 1714 3231 1970 3301; x_wconf 63' lang='lat' dir='ltr'><strong><em>complens</em></strong></span> 
     </span>
    </p>
   </div>
   <div class='ocr_carea' id='block_1_51' title="bbox 385 3299 1970 3371">
    <p class='ocr_par' dir='ltr' id='par_1_51' title="bbox 385 3299 1970 3371">
     <span class='ocr_line' id='line_1_51' title="bbox 385 3299 1970 3371; baseline -0.004 -15"><span class='ocrx_word' id='word_1_408' title='bbox 385 3315 436 3356; x_wconf 90' lang='lat' dir='ltr'><strong><em>et</em></strong></span> <span class='ocrx_word' id='word_1_409' title='bbox 466 3299 714 3357; x_wconf 84' lang='lat' dir='ltr'><strong><em>decimum</em></strong></span> <span class='ocrx_word' id='word_1_410' title='bbox 739 3304 988 3371; x_wconf 83' lang='lat' dir='ltr'><strong><em>attingens</em></strong></span> <span class='ocrx_word' id='word_1_411' title='bbox 1015 3302 1258 3356; x_wconf 76' lang='lat' dir='ltr'><strong><em>nascitur}</em></strong></span> <span class='ocrx_word' id='word_1_412' title='bbox 1293 3299 1347 3351; x_wconf 87' lang='lat' dir='ltr'><strong><em>id</em></strong></span> <span class='ocrx_word' id='word_1_413' title='bbox 1378 3300 1432 3367; x_wconf 77' lang='lat' dir='ltr'><strong><em>fit</em></strong></span> <span class='ocrx_word' id='word_1_414' title='bbox 1458 3301 1563 3366; x_wconf 85' lang='lat' dir='ltr'><strong><em>lege</em></strong></span> <span class='ocrx_word' id='word_1_415' title='bbox 1583 3310 1758 3371; x_wconf 72' lang='lat' dir='ltr'><strong><em>partus</em></strong></span> <span class='ocrx_word' id='word_1_416' title='bbox 1783 3316 1800 3364; x_wconf 85' lang='lat'><em>;</em></span> <span class='ocrx_word' id='word_1_417' title='bbox 1830 3300 1970 3371; x_wconf 83' lang='lat' dir='ltr'><strong><em>quod</em></strong></span> 
     </span>
    </p>
   </div>
   <div class='ocr_carea' id='block_1_52' title="bbox 385 3369 1970 3440">
    <p class='ocr_par' dir='ltr' id='par_1_52' title="bbox 385 3369 1970 3440">
     <span class='ocr_line' id='line_1_52' title="bbox 385 3369 1970 3440; baseline -0.004 -12"><span class='ocrx_word' id='word_1_418' title='bbox 385 3387 554 3428; x_wconf 84' lang='lat' dir='ltr'><strong><em>autem</em></strong></span> <span class='ocrx_word' id='word_1_419' title='bbox 585 3377 694 3427; x_wconf 86' lang='lat' dir='ltr'><strong><em>sine</em></strong></span> <span class='ocrx_word' id='word_1_420' title='bbox 724 3369 918 3437; x_wconf 77' lang='lat' dir='ltr'><strong><em>dolore,</em></strong></span> <span class='ocrx_word' id='word_1_421' title='bbox 947 3387 1101 3438; x_wconf 82' lang='lat' dir='ltr'><strong><em>supra</em></strong></span> <span class='ocrx_word' id='word_1_422' title='bbox 1131 3371 1292 3440; x_wconf 88' lang='lat' dir='ltr'><strong><em>legem</em></strong></span> <span class='ocrx_word' id='word_1_423' title='bbox 1321 3377 1498 3436; x_wconf 89' lang='lat' dir='ltr'><strong><em>partus</em></strong></span> <span class='ocrx_word' id='word_1_424' title='bbox 1529 3379 1620 3423; x_wconf 85' lang='lat' dir='ltr'><strong><em>est.</em></strong></span> <span class='ocrx_word' id='word_1_425' title='bbox 1653 3369 1794 3422; x_wconf 79' lang='lat' dir='ltr'><strong><em>Idem</em></strong></span> <span class='ocrx_word' id='word_1_426' title='bbox 1820 3369 1970 3423; x_wconf 88' lang='lat' dir='ltr'><strong><em>colli-</em></strong></span> 
     </span>
    </p>
   </div>
   <div class='ocr_carea' id='block_1_53' title="bbox 387 3439 1970 3512">
    <p class='ocr_par' dir='ltr' id='par_1_53' title="bbox 387 3439 1970 3512">
     <span class='ocr_line' id='line_1_53' title="bbox 387 3439 1970 3512; baseline -0.004 -14"><span class='ocrx_word' id='word_1_427' title='bbox 387 3447 532 3512; x_wconf 75' lang='lat' dir='ltr'><strong><em>gitur</em></strong></span> <span class='ocrx_word' id='word_1_428' title='bbox 575 3461 641 3498; x_wconf 83' lang='lat' dir='ltr'><strong><em>ex</em></strong></span> <span class='ocrx_word' id='word_1_429' title='bbox 687 3444 913 3512; x_wconf 89' lang='lat' dir='ltr'><strong><em>epistola</em></strong></span> <span class='ocrx_word' id='word_1_430' title='bbox 964 3439 1242 3512; x_wconf 84' lang='lat' dir='ltr'><strong><em>Volusiani</em></strong></span> <span class='ocrx_word' id='word_1_431' title='bbox 1275 3440 1340 3512; x_wconf 88' lang='lat' dir='ltr'><strong><em>ad</em></strong></span> <span class='ocrx_word' id='word_1_432' title='bbox 1392 3439 1883 3512; x_wconf 55' lang='lat' dir='ltr'><strong><em>D.Augustinum,</em></strong></span> <span class='ocrx_word' id='word_1_433' title='bbox 1915 3447 1970 3492; x_wconf 86' lang='lat' dir='ltr'><strong><em>et</em></strong></span> 
     </span>
    </p>
   </div>
   <div class='ocr_carea' id='block_1_54' title="bbox 389 3510 1971 3583">
    <p class='ocr_par' dir='ltr' id='par_1_54' title="bbox 389 3510 1971 3583">
     <span class='ocr_line' id='line_1_54' title="bbox 389 3510 1971 3583; baseline -0.006 -14"><span class='ocrx_word' id='word_1_434' title='bbox 389 3510 670 3583; x_wconf 58' lang='lat' dir='ltr'><strong><em>Augustini</em></strong></span> <span class='ocrx_word' id='word_1_435' title='bbox 702 3510 1051 3582; x_wconf 81' lang='lat' dir='ltr'><strong><em>responsione</em></strong></span> <span class='ocrx_word' id='word_1_436' title='bbox 1079 3511 1144 3564; x_wconf 90' lang='lat' dir='ltr'><strong><em>ad</em></strong></span> <span class='ocrx_word' id='word_1_437' title='bbox 1171 3511 1418 3583; x_wconf 83' lang='lat' dir='ltr'><strong><em>eumdem</em></strong></span> <span class='ocrx_word' id='word_1_438' title='bbox 1453 3510 1643 3583; x_wconf 77' lang='lat' dir='ltr'><strong><em>(Epist.</em></strong></span> <span class='ocrx_word' id='word_1_439' title='bbox 1668 3511 1700 3562; x_wconf 77' lang='lat'><strong>2</strong></span> <span class='ocrx_word' id='word_1_440' title='bbox 1722 3520 1766 3563; x_wconf 90' lang='lat' dir='ltr'><strong><em>et</em></strong></span> <span class='ocrx_word' id='word_1_441' title='bbox 1788 3512 1820 3564; x_wconf 77' lang='grc'><strong>5</strong></span> <span class='ocrx_word' id='word_1_442' title='bbox 1841 3511 1971 3583; x_wconf 81' lang='lat' dir='ltr'><strong><em>inter</em></strong></span> 
     </span>
    </p>
   </div>
   <div class='ocr_carea' id='block_1_55' title="bbox 389 3580 1970 3654">
    <p class='ocr_par' dir='ltr' id='par_1_55' title="bbox 389 3580 1970 3654">
     <span class='ocr_line' id='line_1_55' title="bbox 389 3580 1970 3654; baseline -0.003 -16"><span class='ocrx_word' id='word_1_443' title='bbox 389 3580 536 3649; x_wconf 68' lang='lat' dir='ltr'><strong><em>epiit.</em></strong></span> <span class='ocrx_word' id='word_1_444' title='bbox 569 3580 815 3654; x_wconf 78' lang='lat' dir='ltr'><strong><em>August.)</em></strong></span> <span class='ocrx_word' id='word_1_445' title='bbox 842 3627 855 3646; x_wconf 94' lang='lat'><strong><em>,</em></strong></span> <span class='ocrx_word' id='word_1_446' title='bbox 915 3585 999 3636; x_wconf 90' lang='lat' dir='ltr'><strong><em>ubi</em></strong></span> <span class='ocrx_word' id='word_1_447' title='bbox 1043 3582 1288 3654; x_wconf 81' lang='lat' dir='ltr'><strong><em>similiter</em></strong></span> <span class='ocrx_word' id='word_1_448' title='bbox 1330 3581 1642 3654; x_wconf 82' lang='lat' dir='ltr'><strong><em>hacc__verba</em></strong></span> <span class='ocrx_word' id='word_1_449' title='bbox 1671 3621 1684 3641; x_wconf 89' lang='lat'><strong><em>,</em></strong></span> <span class='ocrx_word' id='word_1_450' title='bbox 1724 3580 1970 3654; x_wconf 80' lang='lat' dir='ltr'><strong><em>quasi_ex</em></strong></span> 
     </span>
    </p>
   </div>
   <div class='ocr_carea' id='block_1_56' title="bbox 391 3647 1973 3726">
    <p class='ocr_par' dir='ltr' id='par_1_56' title="bbox 391 3647 1973 3726">
     <span class='ocr_line' id='line_1_56' title="bbox 391 3647 1973 3726; baseline -0.005 -17"><span class='ocrx_word' id='word_1_451' title='bbox 391 3647 718 3726; x_wconf 72' lang='lat' dir='ltr'><strong><em>Hieronymo</em></strong></span> <span class='ocrx_word' id='word_1_452' title='bbox 745 3647 1080 3726; x_wconf 75' lang='lat' dir='ltr'><strong><em>deprompta,</em></strong></span> <span class='ocrx_word' id='word_1_453' title='bbox 1110 3652 1371 3726; x_wconf 82' lang='lat' dir='ltr'><strong><em>habentur</em></strong></span> <span class='ocrx_word' id='word_1_454' title='bbox 1405 3668 1416 3702; x_wconf 91' lang='lat'><strong>:</strong></span> <span class='ocrx_word' id='word_1_455' title='bbox 1455 3647 1643 3704; x_wconf 80' lang='lat' dir='ltr'><strong><em>Verum</em></strong></span> <span class='ocrx_word' id='word_1_456' title='bbox 1667 3651 1840 3726; x_wconf 80' lang='lat' dir='ltr'><strong><em>mundi</em></strong></span> <span class='ocrx_word' id='word_1_457' title='bbox 1864 3647 1973 3726; x_wconf 80' lang='lat' dir='ltr'><strong><em>Do-</em></strong></span> 
     </span>
    </p>
   </div>
   <div class='ocr_carea' id='block_1_57' title="bbox 391 3720 1971 3791">
    <p class='ocr_par' dir='ltr' id='par_1_57' title="bbox 391 3720 1971 3791">
     <span class='ocr_line' id='line_1_57' title="bbox 391 3720 1971 3791; baseline -0.003 -13"><span class='ocrx_word' id='word_1_458' title='bbox 391 3728 557 3778; x_wconf 83' lang='lat' dir='ltr'><strong><em>minus</em></strong></span> <span class='ocrx_word' id='word_1_459' title='bbox 585 3720 631 3778; x_wconf 67' lang='lat' dir='ltr'><strong><em>Et</em></strong></span> <span class='ocrx_word' id='word_1_460' title='bbox 663 3720 828 3778; x_wconf 74' lang='lat' dir='ltr'><strong><em>rector</em></strong></span> <span class='ocrx_word' id='word_1_461' title='bbox 858 3725 1170 3776; x_wconf 71' lang='lat' dir='ltr'><strong><em>intemerata</em></strong></span> <span class='ocrx_word' id='word_1_462' title='bbox 1212 3722 1416 3791; x_wconf 70' lang='lat' dir='ltr'><strong><em>femina:</em></strong></span> <span class='ocrx_word' id='word_1_463' title='bbox 1453 3737 1638 3787; x_wconf 83' lang='lat' dir='ltr'><strong><em>corpus</em></strong></span> <span class='ocrx_word' id='word_1_464' title='bbox 1669 3720 1971 3786; x_wconf 76' lang='lat' dir='ltr'><strong><em>impleverit,</em></strong></span> 
     </span>
    </p>
   </div>
   <div class='ocr_carea' id='block_1_58' title="bbox 392 3791 1970 3862">
    <p class='ocr_par' dir='ltr' id='par_1_58' title="bbox 392 3791 1970 3862">
     <span class='ocr_line' id='line_1_58' title="bbox 392 3791 1970 3862; baseline -0.004 -13"><span class='ocrx_word' id='word_1_465' title='bbox 392 3796 656 3862; x_wconf 88' lang='lat' dir='ltr'><strong><em>pertulerit</em></strong></span> <span class='ocrx_word' id='word_1_466' title='bbox 699 3797 870 3848; x_wconf 89' lang='lat' dir='ltr'><strong><em>decem</em></strong></span> <span class='ocrx_word' id='word_1_467' title='bbox 914 3795 1162 3846; x_wconf 88' lang='lat' dir='ltr'><strong><em>mensium</em></strong></span> <span class='ocrx_word' id='word_1_468' title='bbox 1207 3791 1414 3861; x_wconf 67' lang='lat' dir='ltr'><strong><em>fastidia</em></strong></span> <span class='ocrx_word' id='word_1_469' title='bbox 1454 3799 1646 3856; x_wconf 87' lang='lat' dir='ltr'><strong><em>mater,</em></strong></span> <span class='ocrx_word' id='word_1_470' title='bbox 1698 3799 1745 3844; x_wconf 89' lang='lat' dir='ltr'><strong><em>et</em></strong></span> <span class='ocrx_word' id='word_1_471' title='bbox 1803 3799 1970 3844; x_wconf 84' lang='lat' dir='ltr'><strong><em>tamen</em></strong></span> 
     </span>
    </p>
   </div>
   <div class='ocr_carea' id='block_1_59' title="bbox 391 3862 1972 3939">
    <p class='ocr_par' dir='ltr' id='par_1_59' title="bbox 391 3862 1972 3939">
     <span class='ocr_line' id='line_1_59' title="bbox 391 3862 1972 3939; baseline -0.004 -19"><span class='ocrx_word' id='word_1_472' title='bbox 391 3867 529 3939; x_wconf 59' lang='lat' dir='ltr'><strong><em>virgo</em></strong></span> <span class='ocrx_word' id='word_1_473' title='bbox 560 3868 710 3939; x_wconf 56' lang='lat' dir='ltr'><strong><em>enisa</em></strong></span> <span class='ocrx_word' id='word_1_474' title='bbox 741 3868 823 3929; x_wconf 87' lang='lat' dir='ltr'><strong><em>sit,</em></strong></span> <span class='ocrx_word' id='word_1_475' title='bbox 859 3871 962 3919; x_wconf 90' lang='lat' dir='ltr'><strong><em>etc.</em></strong></span> <span class='ocrx_word' id='word_1_476' title='bbox 997 3863 1293 3932; x_wconf 85' lang='lat' dir='ltr'><strong><em>Utrumque</em></strong></span> <span class='ocrx_word' id='word_1_477' title='bbox 1325 3862 1480 3930; x_wconf 82' lang='lat' dir='ltr'><strong><em>igitur</em></strong></span> <span class='ocrx_word' id='word_1_478' title='bbox 1510 3869 1825 3939; x_wconf 72' lang='lat' dir='ltr'><strong><em>verumest,</em></strong></span> <span class='ocrx_word' id='word_1_479' title='bbox 1858 3862 1972 3939; x_wconf 79' lang='lat' dir='ltr'><strong><em>sive</em></strong></span> 
     </span>
    </p>
   </div>
   <div class='ocr_carea' id='block_1_60' title="bbox 392 3931 1972 4002">
    <p class='ocr_par' dir='ltr' id='par_1_60' title="bbox 392 3931 1972 4002">
     <span class='ocr_line' id='line_1_60' title="bbox 392 3931 1972 4002; baseline -0.003 -12"><span class='ocrx_word' id='word_1_480' title='bbox 392 3931 600 3991; x_wconf 59' lang='lat' dir='ltr'><strong><em>dic&#39;atur</em></strong></span> <span class='ocrx_word' id='word_1_481' title='bbox 644 3936 892 3989; x_wconf 86' lang='lat' dir='ltr'><strong><em>Christus</em></strong></span> <span class='ocrx_word' id='word_1_482' title='bbox 922 3948 1262 4002; x_wconf 62' lang='lat' dir='ltr'><strong><em>exspectaSse</em></strong></span> <span class='ocrx_word' id='word_1_483' title='bbox 1294 3946 1485 3985; x_wconf 87' lang='lat' dir='ltr'><strong><em>novem</em></strong></span> <span class='ocrx_word' id='word_1_484' title='bbox 1519 3931 1788 4002; x_wconf 81' lang='lat' dir='ltr'><strong><em>mensibus</em></strong></span> <span class='ocrx_word' id='word_1_485' title='bbox 1815 3971 1828 4002; x_wconf 86' lang='lat'><strong><em>,</em></strong></span> <span class='ocrx_word' id='word_1_486' title='bbox 1859 3931 1972 4002; x_wconf 81' lang='lat' dir='ltr'><strong><em>sive</em></strong></span> 
     </span>
    </p>
   </div>
   <div class='ocr_carea' id='block_1_61' title="bbox 393 3999 1971 4072">
    <p class='ocr_par' dir='ltr' id='par_1_61' title="bbox 393 3999 1971 4072">
     <span class='ocr_line' id='line_1_61' title="bbox 393 3999 1971 4072; baseline -0.004 -13"><span class='ocrx_word' id='word_1_487' title='bbox 393 4007 600 4067; x_wconf 72' lang='lat' dir='ltr'><strong><em>decem,</em></strong></span> <span class='ocrx_word' id='word_1_488' title='bbox 629 4009 672 4060; x_wconf 93' lang='lat' dir='ltr'><strong><em>si</em></strong></span> <span class='ocrx_word' id='word_1_489' title='bbox 697 4007 990 4060; x_wconf 86' lang='lat' dir='ltr'><strong><em>secundum</em></strong></span> <span class='ocrx_word' id='word_1_490' title='bbox 1020 3999 1273 4072; x_wconf 67' lang='lat' dir='ltr'><strong><em>praedicta</em></strong></span> <span class='ocrx_word' id='word_1_491' title='bbox 1306 4002 1653 4070; x_wconf 83' lang='lat' dir='ltr'><strong><em>intelligatur.</em></strong></span> <span class='ocrx_word' id='word_1_492' title='bbox 1686 3999 1971 4068; x_wconf 81' lang='lat' dir='ltr'><strong><em>Sed&#39;hujus</em></strong></span> 
     </span>
    </p>
   </div>
   <div class='ocr_carea' id='block_1_62' title="bbox 397 4072 1973 4146">
    <p class='ocr_par' dir='ltr' id='par_1_62' title="bbox 397 4072 1973 4146">
     <span class='ocr_line' id='line_1_62' title="bbox 397 4072 1973 4146; baseline -0.003 -19"><span class='ocrx_word' id='word_1_493' title='bbox 397 4079 756 4146; x_wconf 72' lang='lat' dir='ltr'><strong><em>ambiguitatis</em></strong></span> <span class='ocrx_word' id='word_1_494' title='bbox 787 4073 1017 4146; x_wconf 64' lang='lat' dir='ltr'><strong><em>vitanda;</em></strong></span> <span class='ocrx_word' id='word_1_495' title='bbox 1045 4089 1203 4146; x_wconf 81' lang='lat' dir='ltr'><strong><em>eausa</em></strong></span> <span class='ocrx_word' id='word_1_496' title='bbox 1227 4117 1240 4141; x_wconf 90' lang='lat'><strong><em>,</em></strong></span> <span class='ocrx_word' id='word_1_497' title='bbox 1273 4073 1580 4141; x_wconf 82' lang='lat' dir='ltr'><strong><em>expreSsius</em></strong></span> <span class='ocrx_word' id='word_1_498' title='bbox 1619 4074 1670 4146; x_wconf 84' lang='lat' dir='ltr'><strong><em>in</em></strong></span> <span class='ocrx_word' id='word_1_499' title='bbox 1703 4072 1973 4146; x_wconf 80' lang='lat' dir='ltr'><strong><em>Martyro-</em></strong></span> 
     </span>
    </p>
   </div>
   <div class='ocr_carea' id='block_1_63' title="bbox 399 4142 1972 4214">
    <p class='ocr_par' dir='ltr' id='par_1_63' title="bbox 399 4142 1972 4214">
     <span class='ocr_line' id='line_1_63' title="bbox 399 4142 1972 4214; baseline -0.003 -14"><span class='ocrx_word' id='word_1_500' title='bbox 399 4142 728 4214; x_wconf 56' lang='lat' dir='ltr'><strong><em>logio&#39;Rom.</em></strong></span> <span class='ocrx_word' id='word_1_501' title='bbox 763 4147 877 4198; x_wconf 66' lang='lat' dir='ltr'><strong><em>hac</em></strong></span> <span class='ocrx_word' id='word_1_502' title='bbox 907 4144 1068 4214; x_wconf 83' lang='lat' dir='ltr'><strong><em>verba</em></strong></span> <span class='ocrx_word' id='word_1_503' title='bbox 1101 4145 1376 4214; x_wconf 74' lang='lat' dir='ltr'><strong><em>majestate</em></strong></span> <span class='ocrx_word' id='word_1_504' title='bbox 1415 4151 1471 4198; x_wconf 90' lang='lat' dir='ltr'><strong><em>et</em></strong></span> <span class='ocrx_word' id='word_1_505' title='bbox 1498 4143 1784 4214; x_wconf 70' lang='lat' dir='ltr'><strong><em>sanctitate</em></strong></span> <span class='ocrx_word' id='word_1_506' title='bbox 1815 4142 1972 4207; x_wconf 83' lang='lat' dir='ltr'><strong><em>plena</em></strong></span> 
     </span>
    </p>
   </div>
   <div class='ocr_carea' id='block_1_64' title="bbox 395 4213 1974 4288">
    <p class='ocr_par' dir='ltr' id='par_1_64' title="bbox 395 4213 1974 4288">
     <span class='ocr_line' id='line_1_64' title="bbox 395 4213 1974 4288; baseline -0.006 -17"><span class='ocrx_word' id='word_1_507' title='bbox 395 4213 639 4288; x_wconf 62' lang='lat' dir='ltr'><strong><em>leguntur</em></strong></span> <span class='ocrx_word' id='word_1_508' title='bbox 673 4217 728 4287; x_wconf 85' lang='lat'><strong><em>(8</em></strong></span> <span class='ocrx_word' id='word_1_509' title='bbox 747 4216 950 4288; x_wconf 70' lang='lat' dir='ltr'><strong><em>calend.</em></strong></span> <span class='ocrx_word' id='word_1_510' title='bbox 987 4213 1236 4288; x_wconf 69' lang='lat' dir='ltr'><strong><em>Ianuar.)</em></strong></span> <span class='ocrx_word' id='word_1_511' title='bbox 1273 4213 1464 4288; x_wconf 80' lang='lat' dir='ltr'><strong><em>:Jesus</em></strong></span> <span class='ocrx_word' id='word_1_512' title='bbox 1501 4213 1733 4288; x_wconf 80' lang='lat' dir='ltr'><strong><em>Christus</em></strong></span> <span class='ocrx_word' id='word_1_513' title='bbox 1757 4222 1974 4288; x_wconf 76' lang='lat' dir='ltr'><strong><em>teternus</em></strong></span> 
     </span>
    </p>
   </div>
   <div class='ocr_carea' id='block_1_65' title="bbox 397 4281 1973 4354">
    <p class='ocr_par' dir='ltr' id='par_1_65' title="bbox 397 4281 1973 4354">
     <span class='ocr_line' id='line_1_65' title="bbox 397 4281 1973 4354; baseline -0.004 -15"><span class='ocrx_word' id='word_1_514' title='bbox 397 4281 552 4352; x_wconf 66' lang='lat' dir='ltr'><strong><em>DEus,</em></strong></span> <span class='ocrx_word' id='word_1_515' title='bbox 576 4281 854 4354; x_wconf 61' lang='lat' dir='ltr'><strong><em>teteinique</em></strong></span> <span class='ocrx_word' id='word_1_516' title='bbox 884 4284 1054 4338; x_wconf 84' lang='lat' dir='ltr'><strong><em>Patris</em></strong></span> <span class='ocrx_word' id='word_1_517' title='bbox 1071 4281 1260 4341; x_wconf 79' lang='lat' dir='ltr'><strong><em>Filius.</em></strong></span> <span class='ocrx_word' id='word_1_518' title='bbox 1279 4285 1526 4336; x_wconf 88' lang='lat' dir='ltr'><strong><em>mundum</em></strong></span> <span class='ocrx_word' id='word_1_519' title='bbox 1557 4281 1728 4335; x_wconf 84' lang='lat' dir='ltr'><strong><em>uolens</em></strong></span> <span class='ocrx_word' id='word_1_520' title='bbox 1753 4282 1973 4334; x_wconf 81' lang='lat' dir='ltr'><strong><em>adventu</em></strong></span> 
     </span>
    </p>
   </div>
   <div class='ocr_carea' id='block_1_66' title="bbox 397 4354 1971 4424">
    <p class='ocr_par' dir='ltr' id='par_1_66' title="bbox 397 4354 1971 4424">
     <span class='ocr_line' id='line_1_66' title="bbox 397 4354 1971 4424; baseline -0.004 -16"><span class='ocrx_word' id='word_1_521' title='bbox 397 4373 487 4409; x_wconf 89' lang='lat' dir='ltr'><strong><em>suo</em></strong></span> <span class='ocrx_word' id='word_1_522' title='bbox 518 4359 749 4424; x_wconf 87' lang='lat' dir='ltr'><strong><em>piissimo</em></strong></span> <span class='ocrx_word' id='word_1_523' title='bbox 787 4370 1080 4408; x_wconf 79' lang='lat' dir='ltr'><strong><em>consecrare</em></strong></span> <span class='ocrx_word' id='word_1_524' title='bbox 1105 4398 1119 4420; x_wconf 95' lang='lat'><strong><em>,</em></strong></span> <span class='ocrx_word' id='word_1_525' title='bbox 1161 4355 1222 4406; x_wconf 88' lang='lat' dir='ltr'><strong><em>de</em></strong></span> <span class='ocrx_word' id='word_1_526' title='bbox 1254 4354 1455 4420; x_wconf 80' lang='lat' dir='ltr'><strong><em>Spiritu</em></strong></span> <span class='ocrx_word' id='word_1_527' title='bbox 1482 4363 1654 4405; x_wconf 86' lang='lat' dir='ltr'><strong><em>sancto</em></strong></span> <span class='ocrx_word' id='word_1_528' title='bbox 1676 4359 1971 4424; x_wconf 61' lang='lat' dir='ltr'><strong><em>conceptus,</em></strong></span> 
     </span>
    </p>
   </div>
   <div class='ocr_carea' id='block_1_67' title="bbox 396 4420 1971 4495">
    <p class='ocr_par' dir='ltr' id='par_1_67' title="bbox 396 4420 1971 4495">
     <span class='ocr_line' id='line_1_67' title="bbox 396 4420 1971 4495; baseline -0.003 -17"><span class='ocrx_word' id='word_1_529' title='bbox 396 4420 667 4495; x_wconf 76' lang='lat' dir='ltr'><strong><em>novemque</em></strong></span> <span class='ocrx_word' id='word_1_530' title='bbox 695 4434 806 4494; x_wconf 88' lang='lat' dir='ltr'><strong><em>post</em></strong></span> <span class='ocrx_word' id='word_1_531' title='bbox 833 4427 1205 4495; x_wconf 74' lang='lat' dir='ltr'><strong><em>conceptionem</em></strong></span> <span class='ocrx_word' id='word_1_532' title='bbox 1235 4425 1459 4477; x_wconf 86' lang='lat' dir='ltr'><strong><em>decursis</em></strong></span> <span class='ocrx_word' id='word_1_533' title='bbox 1485 4424 1759 4488; x_wconf 85' lang='lat' dir='ltr'><strong><em>mensibus,</em></strong></span> <span class='ocrx_word' id='word_1_534' title='bbox 1791 4423 1842 4474; x_wconf 89' lang='lat' dir='ltr'><strong><em>in</em></strong></span> <span class='ocrx_word' id='word_1_535' title='bbox 1871 4420 1971 4473; x_wconf 66' lang='grc' dir='ltr'><strong><em>θος</em></strong></span> 
     </span>
    </p>
   </div>
   <div class='ocr_carea' id='block_1_68' title="bbox 397 4492 1898 4564">
    <p class='ocr_par' dir='ltr' id='par_1_68' title="bbox 397 4492 1898 4564">
     <span class='ocr_line' id='line_1_68' title="bbox 397 4492 1898 4564; baseline -0.003 -17"><span class='ocrx_word' id='word_1_536' title='bbox 397 4492 759 4551; x_wconf 66' lang='grc' dir='ltr'><strong><em>τὴιειηίλιιᾱω</em></strong></span> <span class='ocrx_word' id='word_1_537' title='bbox 789 4495 1010 4548; x_wconf 86' lang='lat' dir='ltr'><strong><em>nascitur</em></strong></span> <span class='ocrx_word' id='word_1_538' title='bbox 1030 4511 1091 4547; x_wconf 82' lang='lat' dir='ltr'><strong><em>ea:</em></strong></span> <span class='ocrx_word' id='word_1_539' title='bbox 1115 4492 1284 4546; x_wconf 76' lang='lat' dir='ltr'><strong><em>Maria</em></strong></span> <span class='ocrx_word' id='word_1_540' title='bbox 1310 4496 1505 4564; x_wconf 79' lang='lat' dir='ltr'><strong><em>rirgine</em></strong></span> <span class='ocrx_word' id='word_1_541' title='bbox 1532 4496 1697 4564; x_wconf 75' lang='lat' dir='ltr'><strong><em>{actus</em></strong></span> <span class='ocrx_word' id='word_1_542' title='bbox 1730 4495 1898 4544; x_wconf 86' lang='lat' dir='ltr'><strong><em>homo.</em></strong></span> 
     </span>
    </p>
   </div>
   <div class='ocr_carea' id='block_1_69' title="bbox 468 4561 1975 4634">
    <p class='ocr_par' dir='ltr' id='par_1_69' title="bbox 468 4561 1975 4634">
     <span class='ocr_line' id='line_1_69' title="bbox 468 4561 1975 4634; baseline -0.003 -14"><span class='ocrx_word' id='word_1_543' title='bbox 468 4578 492 4604; x_wconf 71' lang='grc' dir='ltr'>α</span> <span class='ocrx_word' id='word_1_544' title='bbox 537 4571 822 4633; x_wconf 78' lang='lat' dir='ltr'><strong><em>limusque</em></strong></span> <span class='ocrx_word' id='word_1_545' title='bbox 846 4565 1004 4618; x_wconf 91' lang='lat' dir='ltr'><strong><em>verba</em></strong></span> <span class='ocrx_word' id='word_1_546' title='bbox 1033 4564 1340 4634; x_wconf 80' lang='lat' dir='ltr'><strong><em>Hieronymi</em></strong></span> <span class='ocrx_word' id='word_1_547' title='bbox 1374 4561 1422 4634; x_wconf 72' lang='lat' dir='ltr'><strong><em>iit</em></strong></span> <span class='ocrx_word' id='word_1_548' title='bbox 1457 4565 1547 4617; x_wconf 90' lang='lat' dir='ltr'><strong><em>illo</em></strong></span> <span class='ocrx_word' id='word_1_549' title='bbox 1576 4561 1975 4616; x_wconf 85' lang='lat' dir='ltr'><strong><em>Commentario</em></strong></span> 
     </span>
    </p>
   </div>
   <div class='ocr_carea' id='block_1_70' title="bbox 402 4633 1978 4703">
    <p class='ocr_par' dir='ltr' id='par_1_70' title="bbox 402 4633 1978 4703">
     <span class='ocr_line' id='line_1_70' title="bbox 402 4633 1978 4703; baseline -0.001 -14"><span class='ocrx_word' id='word_1_550' title='bbox 402 4636 567 4691; x_wconf 67' lang='lat' dir='ltr'><strong><em>Isaia‘.</em></strong></span> <span class='ocrx_word' id='word_1_551' title='bbox 601 4638 733 4703; x_wconf 62' lang='lat' dir='ltr'><strong><em>Quae</em></strong></span> <span class='ocrx_word' id='word_1_552' title='bbox 760 4651 889 4687; x_wconf 77' lang='lat' dir='ltr'><strong><em>vero</em></strong></span> <span class='ocrx_word' id='word_1_553' title='bbox 923 4633 1245 4703; x_wconf 79' lang='lat' dir='ltr'><strong><em>sequuntur,</em></strong></span> <span class='ocrx_word' id='word_1_554' title='bbox 1263 4633 1502 4688; x_wconf 85' lang='lat' dir='ltr'><strong><em>Cassiani</em></strong></span> <span class='ocrx_word' id='word_1_555' title='bbox 1532 4643 1676 4696; x_wconf 86' lang='lat' dir='ltr'><strong><em>sunt,</em></strong></span> <span class='ocrx_word' id='word_1_556' title='bbox 1701 4647 1820 4686; x_wconf 89' lang='lat' dir='ltr'><strong><em>cum</em></strong></span> <span class='ocrx_word' id='word_1_557' title='bbox 1850 4646 1978 4701; x_wconf 84' lang='lat' dir='ltr'><strong><em>apo-</em></strong></span> 
     </span>
    </p>
   </div>
   <div class='ocr_carea' id='block_1_71' title="bbox 401 4703 1716 4772">
    <p class='ocr_par' dir='ltr' id='par_1_71' title="bbox 401 4703 1716 4772">
     <span class='ocr_line' id='line_1_71' title="bbox 401 4703 1716 4772; baseline -0.003 -12"><span class='ocrx_word' id='word_1_558' title='bbox 401 4708 620 4772; x_wconf 72' lang='lat' dir='ltr'><strong><em>strophe</em></strong></span> <span class='ocrx_word' id='word_1_559' title='bbox 648 4709 711 4759; x_wconf 89' lang='lat' dir='ltr'><strong><em>ad</em></strong></span> <span class='ocrx_word' id='word_1_560' title='bbox 738 4705 1066 4764; x_wconf 76' lang='lat' dir='ltr'><strong><em>Nestorium,</em></strong></span> <span class='ocrx_word' id='word_1_561' title='bbox 1099 4714 1154 4756; x_wconf 89' lang='lat' dir='ltr'><strong><em>ut</em></strong></span> <span class='ocrx_word' id='word_1_562' title='bbox 1186 4705 1235 4757; x_wconf 90' lang='lat' dir='ltr'><strong><em>in</em></strong></span> <span class='ocrx_word' id='word_1_563' title='bbox 1266 4703 1716 4772; x_wconf 74' lang='lat' dir='ltr'><strong><em>pra-cedentibus.</em></strong></span> 
     </span>
    </p>
   </div>
   <div class='ocr_carea' id='block_1_72' title="bbox 468 4772 1974 4843">
    <p class='ocr_par' dir='ltr' id='par_1_72' title="bbox 468 4772 1974 4843">
     <span class='ocr_line' id='line_1_72' title="bbox 468 4772 1974 4843; baseline -0.003 -12"><span class='ocrx_word' id='word_1_564' title='bbox 468 4779 492 4816; x_wconf 75' lang='grc' dir='ltr'>δ</span> <span class='ocrx_word' id='word_1_565' title='bbox 534 4779 683 4831; x_wconf 85' lang='lat' dir='ltr'><strong><em>lianc</em></strong></span> <span class='ocrx_word' id='word_1_566' title='bbox 723 4775 954 4829; x_wconf 83' lang='lat' dir='ltr'><strong><em>Nestorii</em></strong></span> <span class='ocrx_word' id='word_1_567' title='bbox 996 4774 1378 4840; x_wconf 82' lang='lat' dir='ltr'><strong><em>blaSphcmiam</em></strong></span> <span class='ocrx_word' id='word_1_568' title='bbox 1405 4814 1419 4835; x_wconf 85' lang='lat'><strong><em>,</em></strong></span> <span class='ocrx_word' id='word_1_569' title='bbox 1466 4773 1688 4843; x_wconf 80' lang='lat' dir='ltr'><strong><em>ejusque</em></strong></span> <span class='ocrx_word' id='word_1_570' title='bbox 1715 4772 1974 4842; x_wconf 77' lang='lat' dir='ltr'><strong><em>originem</em></strong></span> 
     </span>
    </p>
   </div>
   <div class='ocr_carea' id='block_1_73' title="bbox 401 4843 1981 4916">
    <p class='ocr_par' dir='ltr' id='par_1_73' title="bbox 401 4843 1981 4916">
     <span class='ocr_line' id='line_1_73' title="bbox 401 4843 1981 4916; baseline -0.001 -18"><span class='ocrx_word' id='word_1_571' title='bbox 401 4847 587 4901; x_wconf 86' lang='lat' dir='ltr'><strong><em>tiarius</em></strong></span> <span class='ocrx_word' id='word_1_572' title='bbox 630 4847 899 4916; x_wconf 74' lang='lat' dir='ltr'><strong><em>expressit</em></strong></span> <span class='ocrx_word' id='word_1_573' title='bbox 940 4845 1197 4914; x_wconf 80' lang='lat' dir='ltr'><strong><em>Evagrius</em></strong></span> <span class='ocrx_word' id='word_1_574' title='bbox 1235 4845 1324 4898; x_wconf 92' lang='lat' dir='ltr'><strong><em>lib.</em></strong></span> <span class='ocrx_word' id='word_1_575' title='bbox 1355 4858 1512 4916; x_wconf 71' lang='lat' dir='ltr'><strong><em>tcap.</em></strong></span> <span class='ocrx_word' id='word_1_576' title='bbox 1543 4845 1608 4909; x_wconf 77' lang='lat'><strong><em>2,</em></strong></span> <span class='ocrx_word' id='word_1_577' title='bbox 1638 4843 1725 4916; x_wconf 85' lang='lat' dir='ltr'><strong><em>ubi</em></strong></span> <span class='ocrx_word' id='word_1_578' title='bbox 1755 4858 1864 4896; x_wconf 91' lang='lat' dir='ltr'><strong><em>rem</em></strong></span> <span class='ocrx_word' id='word_1_579' title='bbox 1886 4859 1981 4912; x_wconf 78' lang='lat' dir='ltr'><strong><em>ge-</em></strong></span> 
     </span>
    </p>
   </div>
   <div class='ocr_carea' id='block_1_74' title="bbox 402 4914 1977 4982">
    <p class='ocr_par' dir='ltr' id='par_1_74' title="bbox 402 4914 1977 4982">
     <span class='ocr_line' id='line_1_74' title="bbox 402 4914 1977 4982; baseline -0.003 -12"><span class='ocrx_word' id='word_1_580' title='bbox 402 4930 529 4970; x_wconf 79' lang='lat' dir='ltr'><strong><em>stam</em></strong></span> <span class='ocrx_word' id='word_1_581' title='bbox 563 4914 776 4980; x_wconf 78' lang='lat' dir='ltr'><strong><em>narrat;</em></strong></span> <span class='ocrx_word' id='word_1_582' title='bbox 809 4931 873 4968; x_wconf 80' lang='lat' dir='ltr'><strong><em>ex</em></strong></span> <span class='ocrx_word' id='word_1_583' title='bbox 906 4929 1011 4981; x_wconf 90' lang='lat' dir='ltr'><strong><em>quo</em></strong></span> <span class='ocrx_word' id='word_1_584' title='bbox 1041 4915 1281 4982; x_wconf 82' lang='lat' dir='ltr'><strong><em>superius</em></strong></span> <span class='ocrx_word' id='word_1_585' title='bbox 1309 4914 1496 4967; x_wconf 87' lang='lat' dir='ltr'><strong><em>eadem</em></strong></span> <span class='ocrx_word' id='word_1_586' title='bbox 1526 4915 1828 4975; x_wconf 86' lang='lat' dir='ltr'><strong><em>retulimus,</em></strong></span> <span class='ocrx_word' id='word_1_587' title='bbox 1857 4928 1977 4979; x_wconf 67' lang='lat' dir='ltr'><strong><em>qua:</em></strong></span> 
     </span>
    </p>
   </div>
   <div class='ocr_carea' id='block_1_75' title="bbox 403 4982 1982 5053">
    <p class='ocr_par' dir='ltr' id='par_1_75' title="bbox 403 4982 1982 5053">
     <span class='ocr_line' id='line_1_75' title="bbox 403 4982 1982 5053; baseline -0.002 -13"><span class='ocrx_word' id='word_1_588' title='bbox 403 4989 525 5042; x_wconf 86' lang='lat' dir='ltr'><strong><em>nihil</em></strong></span> <span class='ocrx_word' id='word_1_589' title='bbox 558 4990 752 5040; x_wconf 84' lang='lat' dir='ltr'><strong><em>attinet</em></strong></span> <span class='ocrx_word' id='word_1_590' title='bbox 797 4987 880 5038; x_wconf 92' lang='lat' dir='ltr'><strong><em>hic</em></strong></span> <span class='ocrx_word' id='word_1_591' title='bbox 918 4995 1183 5052; x_wconf 88' lang='lat' dir='ltr'><strong><em>repetere.</em></strong></span> <span class='ocrx_word' id='word_1_592' title='bbox 1235 4984 1467 5053; x_wconf 85' lang='lat' dir='ltr'><strong><em>Cyrillus</em></strong></span> <span class='ocrx_word' id='word_1_593' title='bbox 1499 4984 1624 5038; x_wconf 91' lang='lat' dir='ltr'><strong><em>item</em></strong></span> <span class='ocrx_word' id='word_1_594' title='bbox 1657 4982 1882 5051; x_wconf 89' lang='lat' dir='ltr'><strong><em>epistola</em></strong></span> <span class='ocrx_word' id='word_1_595' title='bbox 1911 4983 1982 5037; x_wconf 77' lang='lat'><strong><em>20</em></strong></span> 
     </span>
    </p>
   </div>
   <div class='ocr_carea' id='block_1_76' title="bbox 404 5053 1982 5123">
    <p class='ocr_par' dir='ltr' id='par_1_76' title="bbox 404 5053 1982 5123">
     <span class='ocr_line' id='line_1_76' title="bbox 404 5053 1982 5123; baseline -0.001 -15"><span class='ocrx_word' id='word_1_596' title='bbox 404 5059 510 5110; x_wconf 81' lang='lat' dir='ltr'><strong><em>ha-c</em></strong></span> <span class='ocrx_word' id='word_1_597' title='bbox 554 5059 622 5110; x_wconf 84' lang='lat' dir='ltr'><strong><em>de</em></strong></span> <span class='ocrx_word' id='word_1_598' title='bbox 664 5058 912 5109; x_wconf 82' lang='lat' dir='ltr'><strong><em>Nestorio</em></strong></span> <span class='ocrx_word' id='word_1_599' title='bbox 959 5055 1144 5108; x_wconf 86' lang='lat' dir='ltr'><strong><em>scribit</em></strong></span> <span class='ocrx_word' id='word_1_600' title='bbox 1192 5074 1203 5109; x_wconf 94' lang='lat'><strong>:</strong></span> <span class='ocrx_word' id='word_1_601' title='bbox 1248 5054 1648 5108; x_wconf 84' lang='lat' dir='ltr'><strong><em>Obstinationent</em></strong></span> <span class='ocrx_word' id='word_1_602' title='bbox 1686 5053 1782 5106; x_wconf 75' lang='lat' dir='ltr'><strong><em>uiri</em></strong></span> <span class='ocrx_word' id='word_1_603' title='bbox 1826 5053 1982 5123; x_wconf 84' lang='lat' dir='ltr'><strong><em>hujus</em></strong></span> 
     </span>
    </p>
   </div>
   <div class='ocr_carea' id='block_1_77' title="bbox 401 5123 1984 5194">
    <p class='ocr_par' dir='ltr' id='par_1_77' title="bbox 401 5123 1984 5194">
     <span class='ocr_line' id='line_1_77' title="bbox 401 5123 1984 5194; baseline -0.001 -16"><span class='ocrx_word' id='word_1_604' title='bbox 401 5129 636 5179; x_wconf 84' lang='lat' dir='ltr'><strong><em>admirati</em></strong></span> <span class='ocrx_word' id='word_1_605' title='bbox 661 5143 853 5179; x_wconf 86' lang='lat' dir='ltr'><strong><em>sumus.</em></strong></span> <span class='ocrx_word' id='word_1_606' title='bbox 887 5124 1007 5178; x_wconf 79' lang='lat' dir='ltr'><strong><em>Non</em></strong></span> <span class='ocrx_word' id='word_1_607' title='bbox 1032 5127 1166 5178; x_wconf 89' lang='lat' dir='ltr'><strong><em>enim</em></strong></span> <span class='ocrx_word' id='word_1_608' title='bbox 1186 5127 1417 5194; x_wconf 86' lang='lat' dir='ltr'><strong><em>resipuit,</em></strong></span> <span class='ocrx_word' id='word_1_609' title='bbox 1438 5141 1594 5194; x_wconf 83' lang='lat' dir='ltr'><strong><em>neque</em></strong></span> <span class='ocrx_word' id='word_1_610' title='bbox 1613 5140 1767 5189; x_wconf 88' lang='lat' dir='ltr'><strong><em>super</em></strong></span> <span class='ocrx_word' id='word_1_611' title='bbox 1790 5123 1851 5194; x_wconf 88' lang='lat' dir='ltr'><strong><em>iis</em></strong></span> <span class='ocrx_word' id='word_1_612' title='bbox 1862 5138 1984 5194; x_wconf 67' lang='lat' dir='ltr'><strong><em>qua</em></strong></span> 
     </span>
    </p>
   </div>
   <div class='ocr_carea' id='block_1_78' title="bbox 399 5192 1983 5252">
    <p class='ocr_par' dir='ltr' id='par_1_78' title="bbox 399 5192 1983 5252">
     <span class='ocr_line' id='line_1_78' title="bbox 399 5192 1983 5252; baseline -0.003 -3"><span class='ocrx_word' id='word_1_613' title='bbox 399 5209 574 5252; x_wconf 89' lang='lat' dir='ltr'><strong><em>eontra</em></strong></span> <span class='ocrx_word' id='word_1_614' title='bbox 604 5198 834 5250; x_wconf 87' lang='lat' dir='ltr'><strong><em>omnium</em></strong></span> <span class='ocrx_word' id='word_1_615' title='bbox 879 5205 1106 5248; x_wconf 90' lang='lat' dir='ltr'><strong><em>nostrum</em></strong></span> <span class='ocrx_word' id='word_1_616' title='bbox 1148 5192 1471 5249; x_wconf 82' lang='lat' dir='ltr'><strong><em>Servatorem</em></strong></span> <span class='ocrx_word' id='word_1_617' title='bbox 1507 5192 1763 5247; x_wconf 79' lang='lat' dir='ltr'><strong><em>Christum</em></strong></span> <span class='ocrx_word' id='word_1_618' title='bbox 1815 5193 1983 5244; x_wconf 86' lang='lat' dir='ltr'><strong><em>dicere</em></strong></span> 
     </span>
    </p>
   </div>
   <div class='ocr_carea' id='block_1_79' title="bbox 401 5263 1986 5333">
    <p class='ocr_par' dir='ltr' id='par_1_79' title="bbox 401 5263 1986 5333">
     <span class='ocr_line' id='line_1_79' title="bbox 401 5263 1986 5333; baseline -0.003 -14"><span class='ocrx_word' id='word_1_619' title='bbox 401 5278 468 5321; x_wconf 84' lang='lat' dir='ltr'><strong><em>est</em></strong></span> <span class='ocrx_word' id='word_1_620' title='bbox 493 5285 650 5322; x_wconf 88' lang='lat' dir='ltr'><strong><em>ausus</em></strong></span> <span class='ocrx_word' id='word_1_621' title='bbox 677 5267 823 5333; x_wconf 83' lang='lat' dir='ltr'><strong><em>plora</em></strong></span> <span class='ocrx_word' id='word_1_622' title='bbox 852 5267 909 5327; x_wconf 89' lang='lat' dir='ltr'><strong><em>it,</em></strong></span> <span class='ocrx_word' id='word_1_623' title='bbox 941 5267 1092 5318; x_wconf 89' lang='lat' dir='ltr'><strong><em>immo</em></strong></span> <span class='ocrx_word' id='word_1_624' title='bbox 1125 5264 1316 5332; x_wconf 80' lang='lat' dir='ltr'><strong><em>Ephesi</em></strong></span> <span class='ocrx_word' id='word_1_625' title='bbox 1344 5280 1512 5316; x_wconf 86' lang='lat' dir='ltr'><strong><em>coram</em></strong></span> <span class='ocrx_word' id='word_1_626' title='bbox 1539 5264 1864 5326; x_wconf 87' lang='lat' dir='ltr'><strong><em>constitutus,</em></strong></span> <span class='ocrx_word' id='word_1_627' title='bbox 1895 5263 1986 5315; x_wconf 88' lang='lat' dir='ltr'><strong><em>iis-</em></strong></span> 
     </span>
    </p>
   </div>
   <div class='ocr_carea' id='block_1_80' title="bbox 401 5333 1986 5403">
    <p class='ocr_par' dir='ltr' id='par_1_80' title="bbox 401 5333 1986 5403">
     <span class='ocr_line' id='line_1_80' title="bbox 401 5333 1986 5403; baseline -0.004 -14"><span class='ocrx_word' id='word_1_628' title='bbox 401 5339 510 5389; x_wconf 84' lang='lat' dir='ltr'><strong><em>dem</em></strong></span> <span class='ocrx_word' id='word_1_629' title='bbox 535 5356 653 5391; x_wconf 86' lang='lat' dir='ltr'><strong><em>usus</em></strong></span> <span class='ocrx_word' id='word_1_630' title='bbox 681 5346 754 5390; x_wconf 91' lang='lat' dir='ltr'><strong><em>est</em></strong></span> <span class='ocrx_word' id='word_1_631' title='bbox 782 5337 1125 5396; x_wconf 85' lang='lat' dir='ltr'><strong><em>sermonibus,</em></strong></span> <span class='ocrx_word' id='word_1_632' title='bbox 1153 5337 1434 5403; x_wconf 87' lang='lat' dir='ltr'><strong><em>iterumque</em></strong></span> <span class='ocrx_word' id='word_1_633' title='bbox 1461 5349 1514 5386; x_wconf 89' lang='lat' dir='ltr'><strong><em>se</em></strong></span> <span class='ocrx_word' id='word_1_634' title='bbox 1541 5349 1771 5398; x_wconf 83' lang='lat' dir='ltr'><strong><em>perversa</em></strong></span> <span class='ocrx_word' id='word_1_635' title='bbox 1799 5333 1986 5403; x_wconf 85' lang='lat' dir='ltr'><strong><em>sentire</em></strong></span> 
     </span>
    </p>
   </div>
   <div class='ocr_carea' id='block_1_81' title="bbox 401 5402 1983 5474">
    <p class='ocr_par' dir='ltr' id='par_1_81' title="bbox 401 5402 1983 5474">
     <span class='ocr_line' id='line_1_81' title="bbox 401 5402 1983 5474; baseline -0.003 -15"><span class='ocrx_word' id='word_1_636' title='bbox 401 5410 696 5468; x_wconf 63' lang='lat' dir='ltr'><strong><em>declaravit,</em></strong></span> <span class='ocrx_word' id='word_1_637' title='bbox 723 5408 797 5459; x_wconf 91' lang='lat' dir='ltr'><strong><em>ita</em></strong></span> <span class='ocrx_word' id='word_1_638' title='bbox 819 5416 872 5459; x_wconf 88' lang='lat' dir='ltr'><strong><em>ut</em></strong></span> <span class='ocrx_word' id='word_1_639' title='bbox 893 5422 1006 5458; x_wconf 87' lang='lat' dir='ltr'><strong><em>cunt</em></strong></span> <span class='ocrx_word' id='word_1_640' title='bbox 1033 5406 1256 5474; x_wconf 87' lang='lat' dir='ltr'><strong><em>insignes</em></strong></span> <span class='ocrx_word' id='word_1_641' title='bbox 1283 5402 1656 5474; x_wconf 64' lang='lat' dir='ltr'><strong><em>metropolitani</em></strong></span> <span class='ocrx_word' id='word_1_642' title='bbox 1677 5402 1983 5470; x_wconf 88' lang='lat' dir='ltr'><strong><em>pientissimi</em></strong></span> 
     </span>
    </p>
   </div>
   <div class='ocr_carea' id='block_1_82' title="bbox 405 5473 1984 5546">
    <p class='ocr_par' dir='ltr' id='par_1_82' title="bbox 405 5473 1984 5546">
     <span class='ocr_line' id='line_1_82' title="bbox 405 5473 1984 5546; baseline -0.003 -17"><span class='ocrx_word' id='word_1_643' title='bbox 405 5479 624 5546; x_wconf 88' lang='lat' dir='ltr'><strong><em>episcopi</em></strong></span> <span class='ocrx_word' id='word_1_644' title='bbox 642 5477 721 5530; x_wconf 85' lang='lat' dir='ltr'><strong><em>illi</em></strong></span> <span class='ocrx_word' id='word_1_645' title='bbox 741 5476 1087 5545; x_wconf 86' lang='lat' dir='ltr'><strong><em>loquerentur,</em></strong></span> <span class='ocrx_word' id='word_1_646' title='bbox 1110 5473 1169 5546; x_wconf 70' lang='lat' dir='ltr'><strong><em>ac</em></strong></span> <span class='ocrx_word' id='word_1_647' title='bbox 1190 5491 1303 5526; x_wconf 89' lang='lat' dir='ltr'><strong><em>cum</em></strong></span> <span class='ocrx_word' id='word_1_648' title='bbox 1328 5490 1353 5526; x_wconf 88' lang='lat' dir='ltr'><strong><em>e</em></strong></span> <span class='ocrx_word' id='word_1_649' title='bbox 1372 5474 1543 5546; x_wconf 81' lang='lat' dir='ltr'><strong><em>divina</em></strong></span> <span class='ocrx_word' id='word_1_650' title='bbox 1571 5473 1838 5542; x_wconf 80' lang='lat' dir='ltr'><strong><em>Scriptura</em></strong></span> <span class='ocrx_word' id='word_1_651' title='bbox 1858 5487 1984 5546; x_wconf 64' lang='lat' dir='ltr'><strong><em>con-</em></strong></span> 
     </span>
    </p>
   </div>
   <div class='ocr_carea' id='block_1_83' title="bbox 403 5541 1982 5616">
    <p class='ocr_par' dir='ltr' id='par_1_83' title="bbox 403 5541 1982 5616">
     <span class='ocr_line' id='line_1_83' title="bbox 403 5541 1982 5616; baseline -0.003 -18"><span class='ocrx_word' id='word_1_652' title='bbox 403 5541 657 5601; x_wconf 83' lang='lat' dir='ltr'><strong><em>cluderent</em></strong></span> <span class='ocrx_word' id='word_1_653' title='bbox 706 5563 766 5599; x_wconf 90' lang='lat' dir='ltr'><strong><em>ac</em></strong></span> <span class='ocrx_word' id='word_1_654' title='bbox 809 5541 1087 5616; x_wconf 82' lang='lat' dir='ltr'><strong><em>probarent</em></strong></span> <span class='ocrx_word' id='word_1_655' title='bbox 1117 5543 1282 5597; x_wconf 88' lang='lat' dir='ltr'><strong><em>Deunt</em></strong></span> <span class='ocrx_word' id='word_1_656' title='bbox 1324 5559 1431 5616; x_wconf 84' lang='lat' dir='ltr'><strong><em>esse</em></strong></span> <span class='ocrx_word' id='word_1_657' title='bbox 1457 5545 1541 5612; x_wconf 85' lang='lat' dir='ltr'><strong><em>qui</em></strong></span> <span class='ocrx_word' id='word_1_658' title='bbox 1577 5541 1723 5594; x_wconf 85' lang='lat' dir='ltr'><strong><em>sacra</em></strong></span> <span class='ocrx_word' id='word_1_659' title='bbox 1755 5553 1825 5616; x_wconf 86' lang='lat' dir='ltr'><strong><em>e_s_t</em></strong></span> <span class='ocrx_word' id='word_1_660' title='bbox 1867 5541 1982 5616; x_wconf 82' lang='lat' dir='ltr'><strong><em>Vir-</em></strong></span> 
     </span>
    </p>
   </div>
   <div class='ocr_carea' id='block_1_84' title="bbox 438 5612 1980 5676">
    <p class='ocr_par' dir='ltr' id='par_1_84' title="bbox 438 5612 1980 5676">
     <span class='ocr_line' id='line_1_84' title="bbox 438 5612 1980 5676; baseline -0.001 -10"><span class='ocrx_word' id='word_1_661' title='bbox 438 5621 513 5672; x_wconf 73' lang='lat' dir='ltr'><strong><em>Ene</em></strong></span> <span class='ocrx_word' id='word_1_662' title='bbox 531 5612 1036 5670; x_wconf 68' lang='lat' dir='ltr'><strong><em>secundunicarnem</em></strong></span> <span class='ocrx_word' id='word_1_663' title='bbox 1056 5630 1226 5676; x_wconf 89' lang='lat' dir='ltr'><strong><em>natus,</em></strong></span> <span class='ocrx_word' id='word_1_664' title='bbox 1249 5615 1459 5666; x_wconf 85' lang='lat' dir='ltr'><strong><em>scelesta</em></strong></span> <span class='ocrx_word' id='word_1_665' title='bbox 1480 5629 1598 5666; x_wconf 82' lang='lat' dir='ltr'><strong><em>uoce</em></strong></span> <span class='ocrx_word' id='word_1_666' title='bbox 1618 5629 1738 5665; x_wconf 87' lang='lat' dir='ltr'><strong><em>usus</em></strong></span> <span class='ocrx_word' id='word_1_667' title='bbox 1760 5612 1946 5664; x_wconf 69' lang='lat' dir='ltr'><strong><em>dixerit</em></strong></span> <span class='ocrx_word' id='word_1_668' title='bbox 1961 5627 1980 5664; x_wconf 89' lang='lat'><strong><em>:</em></strong></span> 
     </span>
    </p>
   </div>
   <div class='ocr_carea' id='block_1_85' title="bbox 403 5633 1978 5756">
    <p class='ocr_par' dir='ltr' id='par_1_85' title="bbox 403 5633 1978 5756">
     <span class='ocr_line' id='line_1_85' title="bbox 438 5633 1978 5676; baseline -0.001 -10"><span class='ocrx_word' id='word_1_669' title='bbox 438 5637 513 5672; x_wconf 86' lang='lat' dir='ltr'><strong><em>:ne</em></strong></span> <span class='ocrx_word' id='word_1_670' title='bbox 531 5633 812 5670; x_wconf 84' lang='lat' dir='ltr'><strong><em>secunaum</em></strong></span> <span class='ocrx_word' id='word_1_671' title='bbox 835 5633 1036 5667; x_wconf 90' lang='lat' dir='ltr'><strong><em>carnem</em></strong></span> <span class='ocrx_word' id='word_1_672' title='bbox 1056 5633 1226 5676; x_wconf 88' lang='lat' dir='ltr'><strong><em>natus,</em></strong></span> <span class='ocrx_word' id='word_1_673' title='bbox 1249 5633 1459 5666; x_wconf 75' lang='grc' dir='ltr'><strong><em>πειρδια</em></strong></span> <span class='ocrx_word' id='word_1_674' title='bbox 1480 5633 1598 5666; x_wconf 76' lang='grc' dir='ltr'><strong><em>νοτε</em></strong></span> <span class='ocrx_word' id='word_1_675' title='bbox 1618 5633 1738 5665; x_wconf 84' lang='lat' dir='ltr'><strong><em>usus</em></strong></span> <span class='ocrx_word' id='word_1_676' title='bbox 1760 5633 1946 5664; x_wconf 71' lang='grc' dir='ltr'><strong><em>αιεεηι</em></strong></span> <span class='ocrx_word' id='word_1_677' title='bbox 1961 5633 1978 5664; x_wconf 85' lang='lat'><strong><em>.&#39;</em></strong></span> 
     </span>
     <span class='ocr_line' id='line_1_86' title="bbox 403 5633 1978 5756; baseline -0.001 -20"><span class='ocrx_word' id='word_1_678' title='bbox 403 5633 694 5740; x_wconf 60' lang='lat' dir='ltr'><strong><em>llimestrent</em></strong></span> <span class='ocrx_word' id='word_1_679' title='bbox 741 5704 830 5756; x_wconf 82' lang='lat' dir='ltr'><strong><em>ego</em></strong></span> <span class='ocrx_word' id='word_1_680' title='bbox 873 5695 918 5756; x_wconf 84' lang='lat' dir='ltr'><strong><em>et</em></strong></span> <span class='ocrx_word' id='word_1_681' title='bbox 965 5687 1267 5756; x_wconf 78' lang='lat' dir='ltr'><strong><em>trimestrem</em></strong></span> <span class='ocrx_word' id='word_1_682' title='bbox 1305 5681 1465 5736; x_wconf 89' lang='lat' dir='ltr'><strong><em>Deum</em></strong></span> <span class='ocrx_word' id='word_1_683' title='bbox 1499 5699 1596 5734; x_wconf 88' lang='lat' dir='ltr'><strong><em>non</em></strong></span> <span class='ocrx_word' id='word_1_684' title='bbox 1622 5684 1735 5756; x_wconf 82' lang='lat' dir='ltr'><strong><em>dico</em></strong></span> <span class='ocrx_word' id='word_1_685' title='bbox 1753 5697 1772 5746; x_wconf 86' lang='lat'><strong><em>,&#39;</em></strong></span> <span class='ocrx_word' id='word_1_686' title='bbox 1801 5683 1978 5756; x_wconf 56' lang='lat' dir='ltr'><strong><em>etalio</em></strong></span> 
     </span>
    </p>
   </div>
   <div class='ocr_carea' id='block_1_86' title="bbox 411 5752 1977 5825">
    <p class='ocr_par' dir='ltr' id='par_1_86' title="bbox 411 5752 1977 5825">
     <span class='ocr_line' id='line_1_87' title="bbox 411 5752 1977 5825; baseline 0 -17"><span class='ocrx_word' id='word_1_687' title='bbox 411 5769 640 5825; x_wconf 59' lang='lat' dir='ltr'><strong><em>peterea</em></strong></span> <span class='ocrx_word' id='word_1_688' title='bbox 661 5752 839 5820; x_wconf 67' lang='lat' dir='ltr'><strong><em>quibus</em></strong></span> <span class='ocrx_word' id='word_1_689' title='bbox 870 5755 1125 5824; x_wconf 84' lang='lat' dir='ltr'><strong><em>Unigeniti</em></strong></span> <span class='ocrx_word' id='word_1_690' title='bbox 1151 5753 1564 5806; x_wconf 89' lang='lat' dir='ltr'><strong><em>lncaruationent</em></strong></span> <span class='ocrx_word' id='word_1_691' title='bbox 1595 5752 1820 5807; x_wconf 78' lang='lat' dir='ltr'><strong><em>tollebat.</em></strong></span> <span class='ocrx_word' id='word_1_692' title='bbox 1853 5752 1977 5808; x_wconf 74' lang='lat' dir='ltr'><strong><em>Hazc</em></strong></span> 
     </span>
    </p>
   </div>
   <div class='ocr_carea' id='block_1_87' title="bbox 2069 1827 3649 1908">
    <p class='ocr_par' dir='ltr' id='par_1_87' title="bbox 2069 1827 3649 1908">
     <span class='ocr_line' id='line_1_88' title="bbox 2069 1827 3649 1908; baseline 0.009 -30"><span class='ocrx_word' id='word_1_693' title='bbox 2069 1827 2208 1908; x_wconf 78' lang='lat' dir='ltr'><strong><em>inter</em></strong></span> <span class='ocrx_word' id='word_1_694' title='bbox 2237 1827 2626 1908; x_wconf 57' lang='lat' dir='ltr'><strong><em>aliusucoutulit</em></strong></span> <span class='ocrx_word' id='word_1_695' title='bbox 2653 1846 2772 1908; x_wconf 83' lang='lat' dir='ltr'><strong><em>cum</em></strong></span> <span class='ocrx_word' id='word_1_696' title='bbox 2800 1831 3082 1908; x_wconf 77' lang='lat' dir='ltr'><strong><em>Theodoto</em></strong></span> <span class='ocrx_word' id='word_1_697' title='bbox 3111 1835 3339 1905; x_wconf 75' lang='lat' dir='ltr'><strong><em>Ancyra:</em></strong></span> <span class='ocrx_word' id='word_1_698' title='bbox 3368 1827 3649 1908; x_wconf 79' lang='lat' dir='ltr'><strong><em>episcopo,</em></strong></span> 
     </span>
    </p>
   </div>
   <div class='ocr_carea' id='block_1_88' title="bbox 2068 1897 3654 1978">
    <p class='ocr_par' dir='ltr' id='par_1_88' title="bbox 2068 1897 3654 1978">
     <span class='ocr_line' id='line_1_89' title="bbox 2068 1897 3654 1978; baseline 0.009 -30"><span class='ocrx_word' id='word_1_699' title='bbox 2068 1905 2124 1978; x_wconf 63' lang='lat' dir='ltr'><strong><em>et</em></strong></span> <span class='ocrx_word' id='word_1_700' title='bbox 2149 1897 2349 1978; x_wconf 43' lang='lat' dir='ltr'><strong><em>tarpeio.</em></strong></span> <span class='ocrx_word' id='word_1_701' title='bbox 2366 1898 2755 1978; x_wconf 79' lang='lat' dir='ltr'><strong><em>Meliteno,_qui</em></strong></span> <span class='ocrx_word' id='word_1_702' title='bbox 2787 1913 2969 1978; x_wconf 82' lang='lat' dir='ltr'><strong><em>postea</em></strong></span> <span class='ocrx_word' id='word_1_703' title='bbox 2997 1903 3110 1978; x_wconf 68' lang='lat' dir='ltr'><strong><em>haec</em></strong></span> <span class='ocrx_word' id='word_1_704' title='bbox 3135 1897 3318 1978; x_wconf 75' lang='lat' dir='ltr'><strong><em>eadem</em></strong></span> <span class='ocrx_word' id='word_1_705' title='bbox 3342 1897 3654 1963; x_wconf 57' lang='lat' dir='ltr'><strong><em>de&#39;tulert&#39;tni.</em></strong></span> 
     </span>
    </p>
   </div>
   <div class='ocr_carea' id='block_1_89' title="bbox 2066 1965 3651 2047">
    <p class='ocr_par' dir='ltr' id='par_1_89' title="bbox 2066 1965 3651 2047">
     <span class='ocr_line' id='line_1_90' title="bbox 2066 1965 3651 2047; baseline 0.011 -30"><span class='ocrx_word' id='word_1_706' title='bbox 2066 1965 2314 2047; x_wconf 68' lang='lat' dir='ltr'><strong><em>Patribtts</em></strong></span> <span class='ocrx_word' id='word_1_707' title='bbox 2337 1967 2387 2047; x_wconf 84' lang='lat' dir='ltr'><strong><em>i_n</em></strong></span> <span class='ocrx_word' id='word_1_708' title='bbox 2410 1970 2615 2038; x_wconf 86' lang='lat' dir='ltr'><strong><em>synodo</em></strong></span> <span class='ocrx_word' id='word_1_709' title='bbox 2636 1965 2899 2047; x_wconf 66' lang='lat' dir='ltr'><strong><em>Ephesina</em></strong></span> <span class='ocrx_word' id='word_1_710' title='bbox 2924 1975 3349 2046; x_wconf 89' lang='lat' dir='ltr'><strong><em>considentibus,</em></strong></span> <span class='ocrx_word' id='word_1_711' title='bbox 3375 1989 3428 2033; x_wconf 91' lang='lat' dir='ltr'><strong><em>ut</em></strong></span> <span class='ocrx_word' id='word_1_712' title='bbox 3451 1978 3651 2035; x_wconf 85' lang='lat' dir='ltr'><strong><em>habent</em></strong></span> 
     </span>
    </p>
   </div>
   <div class='ocr_carea' id='block_1_90' title="bbox 2067 2037 2778 2107">
    <p class='ocr_par' dir='ltr' id='par_1_90' title="bbox 2067 2037 2778 2107">
     <span class='ocr_line' id='line_1_91' title="bbox 2067 2037 2778 2107; baseline 0.006 -19"><span class='ocrx_word' id='word_1_713' title='bbox 2067 2047 2184 2089; x_wconf 87' lang='lat' dir='ltr'><strong><em>acta</em></strong></span> <span class='ocrx_word' id='word_1_714' title='bbox 2205 2037 2458 2107; x_wconf 62' lang='lat' dir='ltr'><strong><em>ejusdem</em></strong></span> <span class='ocrx_word' id='word_1_715' title='bbox 2488 2042 2702 2107; x_wconf 83' lang='lat' dir='ltr'><strong><em>synodi.</em></strong></span> <span class='ocrx_word' id='word_1_716' title='bbox 2776 2077 2778 2079; x_wconf 59' lang='grc'><strong>›</strong></span> 
     </span>
    </p>
   </div>
   <div class='ocr_carea' id='block_1_91' title="bbox 2141 2105 3648 2188">
    <p class='ocr_par' dir='ltr' id='par_1_91' title="bbox 2141 2105 3648 2188">
     <span class='ocr_line' id='line_1_92' title="bbox 2141 2105 3648 2188; baseline 0.012 -34"><span class='ocrx_word' id='word_1_717' title='bbox 2141 2115 2162 2143; x_wconf 81' lang='lat' dir='ltr'><strong><em>c</em></strong></span> <span class='ocrx_word' id='word_1_718' title='bbox 2204 2105 2456 2188; x_wconf 42' lang='lat' dir='ltr'><strong><em>Ruﬁnus.</em></strong></span> <span class='ocrx_word' id='word_1_719' title='bbox 2483 2105 2563 2162; x_wconf 83' lang='lat' dir='ltr'><strong><em>vel</em></strong></span> <span class='ocrx_word' id='word_1_720' title='bbox 2615 2109 2864 2188; x_wconf 65' lang='lat' dir='ltr'><strong><em>Bullinus</em></strong></span> <span class='ocrx_word' id='word_1_721' title='bbox 2904 2113 3196 2188; x_wconf 77' lang='lat' dir='ltr'><strong><em>presbyter</em></strong></span> <span class='ocrx_word' id='word_1_722' title='bbox 3245 2117 3606 2186; x_wconf 86' lang='lat' dir='ltr'><strong><em>Aquileiensis</em></strong></span> <span class='ocrx_word' id='word_1_723' title='bbox 3632 2161 3648 2185; x_wconf 94' lang='lat'><strong><em>,</em></strong></span> 
     </span>
    </p>
   </div>
   <div class='ocr_carea' id='block_1_92' title="bbox 2066 2176 3651 2258">
    <p class='ocr_par' dir='ltr' id='par_1_92' title="bbox 2066 2176 3651 2258">
     <span class='ocr_line' id='line_1_93' title="bbox 2066 2176 3651 2258; baseline 0.011 -32"><span class='ocrx_word' id='word_1_724' title='bbox 2066 2176 2369 2258; x_wconf 49' lang='lat' dir='ltr'><strong><em>sanCIi-[uit</em></strong></span> <span class='ocrx_word' id='word_1_725' title='bbox 2397 2177 2705 2249; x_wconf 85' lang='lat' dir='ltr'><strong><em>Hieronymi</em></strong></span> <span class='ocrx_word' id='word_1_726' title='bbox 2739 2176 3419 2258; x_wconf 77' lang='lat' dir='ltr'><strong><em>quondamamicissimus,</em></strong></span> <span class='ocrx_word' id='word_1_727' title='bbox 3454 2203 3508 2241; x_wconf 88' lang='grc' dir='ltr'><strong><em>ιιι</em></strong></span> <span class='ocrx_word' id='word_1_728' title='bbox 3538 2176 3651 2258; x_wconf 59' lang='lat' dir='ltr'><strong><em>ipse</em></strong></span> 
     </span>
    </p>
   </div>
   <div class='ocr_carea' id='block_1_93' title="bbox 2067 2245 3652 2328">
    <p class='ocr_par' dir='ltr' id='par_1_93' title="bbox 2067 2245 3652 2328">
     <span class='ocr_line' id='line_1_94' title="bbox 2067 2245 3652 2328; baseline 0.008 -29"><span class='ocrx_word' id='word_1_729' title='bbox 2067 2245 2222 2328; x_wconf 75' lang='lat' dir='ltr'><strong><em>divus</em></strong></span> <span class='ocrx_word' id='word_1_730' title='bbox 2252 2245 2832 2328; x_wconf 35' lang='lat' dir='ltr'><strong><em>ilicrgnymusLscribit</em></strong></span> <span class='ocrx_word' id='word_1_731' title='bbox 2861 2255 2912 2328; x_wconf 83' lang='lat' dir='ltr'><strong><em>in</em></strong></span> <span class='ocrx_word' id='word_1_732' title='bbox 2942 2255 3383 2328; x_wconf 81' lang='lat' dir='ltr'><strong><em>epistolaquinta</em></strong></span> <span class='ocrx_word' id='word_1_733' title='bbox 3407 2245 3482 2311; x_wconf 57' lang='lat' dir='ltr'><strong><em>&#39;ad</em></strong></span> <span class='ocrx_word' id='word_1_734' title='bbox 3531 2245 3652 2312; x_wconf 58' lang='lat' dir='ltr'><strong><em>F‘lo-</em></strong></span> 
     </span>
    </p>
   </div>
   <div class='ocr_carea' id='block_1_94' title="bbox 2065 2315 3653 2400">
    <p class='ocr_par' dir='ltr' id='par_1_94' title="bbox 2065 2315 3653 2400">
     <span class='ocr_line' id='line_1_95' title="bbox 2065 2315 3653 2400; baseline 0.007 -30"><span class='ocrx_word' id='word_1_735' title='bbox 2065 2317 2339 2400; x_wconf 60' lang='lat' dir='ltr'><strong><em>remittat:</em></strong></span> <span class='ocrx_word' id='word_1_736' title='bbox 2376 2315 2567 2400; x_wconf 54' lang='lat' dir='ltr'><strong><em>Frater</em></strong></span> <span class='ocrx_word' id='word_1_737' title='bbox 2594 2319 2838 2388; x_wconf 75' lang='lat' dir='ltr'><strong><em>Ruﬁnus,</em></strong></span> <span class='ocrx_word' id='word_1_738' title='bbox 2869 2315 3357 2400; x_wconf 67' lang='lat' dir='ltr'><strong><em>inquit,_i_ndit}idua</em></strong></span> <span class='ocrx_word' id='word_1_739' title='bbox 3389 2329 3514 2400; x_wconf 82' lang='lat' dir='ltr'><strong><em>mihi</em></strong></span> <span class='ocrx_word' id='word_1_740' title='bbox 3535 2347 3653 2400; x_wconf 52' lang='grc' dir='ltr'><strong><em>ρίτ-</em></strong></span> 
     </span>
    </p>
   </div>
   <div class='ocr_carea' id='block_1_95' title="bbox 2067 2386 3648 2467">
    <p class='ocr_par' dir='ltr' id='par_1_95' title="bbox 2067 2386 3648 2467">
     <span class='ocr_line' id='line_1_96' title="bbox 2067 2386 3648 2467; baseline 0.008 -29"><span class='ocrx_word' id='word_1_741' title='bbox 2067 2387 2327 2467; x_wconf 76' lang='lat' dir='ltr'><strong><em>manitatis</em></strong></span> <span class='ocrx_word' id='word_1_742' title='bbox 2353 2386 2607 2467; x_wconf 65' lang='lat' dir='ltr'><strong><em>chgritate</em></strong></span> <span class='ocrx_word' id='word_1_743' title='bbox 2637 2386 2892 2467; x_wconf 77' lang='lat' dir='ltr'><strong><em>connexus</em></strong></span> <span class='ocrx_word' id='word_1_744' title='bbox 2923 2386 3016 2467; x_wconf 68' lang='lat' dir='ltr'><strong><em>est.</em></strong></span> <span class='ocrx_word' id='word_1_745' title='bbox 3048 2386 3195 2446; x_wconf 70' lang='grc' dir='ltr'><strong><em>⁷Νοιί</em></strong></span> <span class='ocrx_word' id='word_1_746' title='bbox 3238 2412 3330 2448; x_wconf 89' lang='lat' dir='ltr'><strong><em>nos</em></strong></span> <span class='ocrx_word' id='word_1_747' title='bbox 3358 2397 3469 2465; x_wconf 79' lang='lat' dir='ltr'><strong><em>ejus</em></strong></span> <span class='ocrx_word' id='word_1_748' title='bbox 3509 2386 3648 2452; x_wconf 64' lang='grc' dir='ltr'><strong><em>(ἔδδ-</em></strong></span> 
     </span>
    </p>
   </div>
   <div class='ocr_carea' id='block_1_96' title="bbox 2067 2457 3650 2530">
    <p class='ocr_par' dir='ltr' id='par_1_96' title="bbox 2067 2457 3650 2530">
     <span class='ocr_line' id='line_1_97' title="bbox 2067 2457 3650 2530; baseline 0.01 -22"><span class='ocrx_word' id='word_1_749' title='bbox 2067 2471 2207 2530; x_wconf 81' lang='lat' dir='ltr'><strong><em>mare</em></strong></span> <span class='ocrx_word' id='word_1_750' title='bbox 2232 2457 2539 2530; x_wconf 75' lang='lat' dir='ltr'><strong><em>uirtutibus:</em></strong></span> <span class='ocrx_word' id='word_1_751' title='bbox 2563 2459 2617 2512; x_wconf 88' lang='lat' dir='ltr'><strong><em>in</em></strong></span> <span class='ocrx_word' id='word_1_752' title='bbox 2645 2461 2736 2513; x_wconf 90' lang='lat' dir='ltr'><strong><em>illo</em></strong></span> <span class='ocrx_word' id='word_1_753' title='bbox 2766 2462 3046 2530; x_wconf 87' lang='lat' dir='ltr'><strong><em>conspicies</em></strong></span> <span class='ocrx_word' id='word_1_754' title='bbox 3073 2479 3318 2530; x_wconf 78' lang='lat' dir='ltr'><strong><em>expressa</em></strong></span> <span class='ocrx_word' id='word_1_755' title='bbox 3365 2457 3650 2524; x_wconf 69' lang='lat' dir='ltr'><strong><em>sanctitatis</em></strong></span> 
     </span>
    </p>
   </div>
   <div class='ocr_carea' id='block_1_97' title="bbox 2067 2527 3649 2602">
    <p class='ocr_par' dir='ltr' id='par_1_97' title="bbox 2067 2527 3649 2602">
     <span class='ocr_line' id='line_1_98' title="bbox 2067 2527 3649 2602; baseline 0.009 -24"><span class='ocrx_word' id='word_1_756' title='bbox 2067 2527 2303 2602; x_wconf 77' lang='lat' dir='ltr'><strong><em>vestigia,</em></strong></span> <span class='ocrx_word' id='word_1_757' title='bbox 2333 2535 2442 2581; x_wconf 89' lang='lat' dir='ltr'><strong><em>etc.</em></strong></span> <span class='ocrx_word' id='word_1_758' title='bbox 2475 2528 2714 2602; x_wconf 83' lang='lat' dir='ltr'><strong><em>Itemque</em></strong></span> <span class='ocrx_word' id='word_1_759' title='bbox 2741 2527 2966 2600; x_wconf 80' lang='lat' dir='ltr'><strong><em>epistola</em></strong></span> <span class='ocrx_word' id='word_1_760' title='bbox 2997 2533 3062 2586; x_wconf 78' lang='grc'><strong><em>41</em></strong></span> <span class='ocrx_word' id='word_1_761' title='bbox 3098 2527 3163 2588; x_wconf 88' lang='lat' dir='ltr'><strong><em>ad</em></strong></span> <span class='ocrx_word' id='word_1_762' title='bbox 3195 2535 3366 2602; x_wconf 86' lang='lat' dir='ltr'><strong><em>ipsum</em></strong></span> <span class='ocrx_word' id='word_1_763' title='bbox 3400 2539 3649 2593; x_wconf 85' lang='lat' dir='ltr'><strong><em>Ruﬁnum</em></strong></span> 
     </span>
    </p>
   </div>
   <div class='ocr_carea' id='block_1_98' title="bbox 2067 2597 3653 2672">
    <p class='ocr_par' dir='ltr' id='par_1_98' title="bbox 2067 2597 3653 2672">
     <span class='ocr_line' id='line_1_99' title="bbox 2067 2597 3653 2672; baseline 0.007 -22"><span class='ocrx_word' id='word_1_764' title='bbox 2067 2597 2335 2672; x_wconf 76' lang='lat' dir='ltr'><strong><em>scribens,</em></strong></span> <span class='ocrx_word' id='word_1_765' title='bbox 2373 2611 2530 2672; x_wconf 77' lang='lat' dir='ltr'><strong><em>suum</em></strong></span> <span class='ocrx_word' id='word_1_766' title='bbox 2563 2597 2882 2672; x_wconf 39' lang='lat' dir='ltr'><strong><em>in&#39;ettm&#39;sic</em></strong></span> <span class='ocrx_word' id='word_1_767' title='bbox 2921 2618 3162 2657; x_wconf 90' lang='lat' dir='ltr'><strong><em>amorem</em></strong></span> <span class='ocrx_word' id='word_1_768' title='bbox 3207 2597 3499 2672; x_wconf 76' lang='lat' dir='ltr'><strong><em>exprimit:</em></strong></span> <span class='ocrx_word' id='word_1_769' title='bbox 3536 2609 3579 2660; x_wconf 86' lang='lat'><em>0</em></span> <span class='ocrx_word' id='word_1_770' title='bbox 3607 2612 3653 2661; x_wconf 90' lang='lat' dir='ltr'><strong><em>si</em></strong></span> 
     </span>
    </p>
   </div>
   <div class='ocr_carea' id='block_1_99' title="bbox 2070 2667 3652 2738">
    <p class='ocr_par' dir='ltr' id='par_1_99' title="bbox 2070 2667 3652 2738">
     <span class='ocr_line' id='line_1_100' title="bbox 2070 2667 3652 2738; baseline 0.009 -20"><span class='ocrx_word' id='word_1_771' title='bbox 2070 2667 2193 2738; x_wconf 82' lang='lat' dir='ltr'><strong><em>mihi</em></strong></span> <span class='ocrx_word' id='word_1_772' title='bbox 2238 2683 2372 2720; x_wconf 87' lang='lat' dir='ltr'><strong><em>nunc</em></strong></span> <span class='ocrx_word' id='word_1_773' title='bbox 2404 2667 2620 2738; x_wconf 88' lang='lat' dir='ltr'><strong><em>(inquit)</em></strong></span> <span class='ocrx_word' id='word_1_774' title='bbox 2663 2668 2920 2725; x_wconf 87' lang='lat' dir='ltr'><strong><em>Dominus</em></strong></span> <span class='ocrx_word' id='word_1_775' title='bbox 2961 2672 3112 2726; x_wconf 73' lang='lat' dir='ltr'><strong><em>Iesus</em></strong></span> <span class='ocrx_word' id='word_1_776' title='bbox 3153 2667 3384 2729; x_wconf 74' lang='lat' dir='ltr'><strong><em>Christus</em></strong></span> <span class='ocrx_word' id='word_1_777' title='bbox 3413 2679 3490 2730; x_wconf 75' lang='lat' dir='ltr'><strong><em>uel</em></strong></span> <span class='ocrx_word' id='word_1_778' title='bbox 3519 2677 3652 2732; x_wconf 83' lang='lat' dir='ltr'><strong><em>Phi-</em></strong></span> 
     </span>
    </p>
   </div>
   <div class='ocr_carea' id='block_1_100' title="bbox 2067 2736 3653 2812">
    <p class='ocr_par' dir='ltr' id='par_1_100' title="bbox 2067 2736 3653 2812">
     <span class='ocr_line' id='line_1_101' title="bbox 2067 2736 3653 2812; baseline 0.009 -26"><span class='ocrx_word' id='word_1_779' title='bbox 2067 2736 2288 2812; x_wconf 62' lang='lat' dir='ltr'><strong><em>lippiad</em></strong></span> <span class='ocrx_word' id='word_1_780' title='bbox 2313 2736 2603 2812; x_wconf 81' lang='lat' dir='ltr'><strong><em>eunuchum</em></strong></span> <span class='ocrx_word' id='word_1_781' title='bbox 2633 2738 2766 2812; x_wconf 68' lang='lat' dir='ltr'><strong><em>(Act.</em></strong></span> <span class='ocrx_word' id='word_1_782' title='bbox 2829 2740 2968 2812; x_wconf 86' lang='lat' dir='ltr'><strong><em>vm),</em></strong></span> <span class='ocrx_word' id='word_1_783' title='bbox 2994 2743 3071 2796; x_wconf 79' lang='lat' dir='ltr'><strong><em>uel</em></strong></span> <span class='ocrx_word' id='word_1_784' title='bbox 3103 2742 3345 2797; x_wconf 80' lang='lat' dir='ltr'><strong><em>llabacuc</em></strong></span> <span class='ocrx_word' id='word_1_785' title='bbox 3367 2748 3434 2798; x_wconf 83' lang='lat' dir='ltr'><strong><em>ad</em></strong></span> <span class='ocrx_word' id='word_1_786' title='bbox 3459 2747 3653 2800; x_wconf 90' lang='lat' dir='ltr'><strong><em>Danie-</em></strong></span> 
     </span>
    </p>
   </div>
   <div class='ocr_carea' id='block_1_101' title="bbox 2069 2804 3649 2886">
    <p class='ocr_par' dir='ltr' id='par_1_101' title="bbox 2069 2804 3649 2886">
     <span class='ocr_line' id='line_1_102' title="bbox 2069 2804 3649 2886; baseline 0.007 -28"><span class='ocrx_word' id='word_1_787' title='bbox 2069 2804 2168 2858; x_wconf 83' lang='lat' dir='ltr'><strong><em>lent</em></strong></span> <span class='ocrx_word' id='word_1_788' title='bbox 2196 2804 2359 2886; x_wconf 75' lang='lat' dir='ltr'><strong><em>(Dan.</em></strong></span> <span class='ocrx_word' id='word_1_789' title='bbox 2378 2807 2485 2878; x_wconf 78' lang='lat' dir='ltr'><strong><em>xw)</em></strong></span> <span class='ocrx_word' id='word_1_790' title='bbox 2517 2804 2907 2886; x_wconf 76' lang='lat' dir='ltr'><strong><em>translationem</em></strong></span> <span class='ocrx_word' id='word_1_791' title='bbox 2926 2804 3132 2886; x_wconf 69' lang='lat' dir='ltr'><strong><em>repente</em></strong></span> <span class='ocrx_word' id='word_1_792' title='bbox 3158 2817 3471 2886; x_wconf 82' lang='lat' dir='ltr'><strong><em>concederet,</em></strong></span> <span class='ocrx_word' id='word_1_793' title='bbox 3496 2834 3649 2886; x_wconf 87' lang='lat' dir='ltr'><strong><em>quant</em></strong></span> 
     </span>
    </p>
   </div>
   <div class='ocr_carea' id='block_1_102' title="bbox 2069 2879 3650 2955">
    <p class='ocr_par' dir='ltr' id='par_1_102' title="bbox 2069 2879 3650 2955">
     <span class='ocr_line' id='line_1_103' title="bbox 2069 2879 3650 2955; baseline 0.008 -27"><span class='ocrx_word' id='word_1_794' title='bbox 2069 2893 2161 2955; x_wconf 78' lang='lat' dir='ltr'><strong><em>ego</em></strong></span> <span class='ocrx_word' id='word_1_795' title='bbox 2185 2893 2319 2955; x_wconf 80' lang='lat' dir='ltr'><strong><em>nunc</em></strong></span> <span class='ocrx_word' id='word_1_796' title='bbox 2341 2885 2432 2929; x_wconf 88' lang='lat' dir='ltr'><strong><em>tua</em></strong></span> <span class='ocrx_word' id='word_1_797' title='bbox 2452 2879 2607 2955; x_wconf 81' lang='lat' dir='ltr'><strong><em>arctis</em></strong></span> <span class='ocrx_word' id='word_1_798' title='bbox 2628 2884 2930 2955; x_wconf 87' lang='lat' dir='ltr'><strong><em>stringerent</em></strong></span> <span class='ocrx_word' id='word_1_799' title='bbox 2949 2879 3081 2955; x_wconf 85' lang='lat' dir='ltr'><strong><em>colla</em></strong></span> <span class='ocrx_word' id='word_1_800' title='bbox 3095 2879 3471 2953; x_wconf 69' lang='lat' dir='ltr'><strong><em>complexibus;</em></strong></span> <span class='ocrx_word' id='word_1_801' title='bbox 3496 2879 3650 2955; x_wconf 81' lang='lat' dir='ltr'><strong><em>quam</em></strong></span> 
     </span>
    </p>
   </div>
   <div class='ocr_carea' id='block_1_103' title="bbox 2071 2947 3646 3025">
    <p class='ocr_par' dir='ltr' id='par_1_103' title="bbox 2071 2947 3646 3025">
     <span class='ocr_line' id='line_1_104' title="bbox 2071 2947 3646 3025; baseline 0.008 -27"><span class='ocrx_word' id='word_1_802' title='bbox 2071 2947 2204 3025; x_wconf 77' lang='lat' dir='ltr'><strong><em>illud</em></strong></span> <span class='ocrx_word' id='word_1_803' title='bbox 2225 2963 2302 3025; x_wconf 74' lang='lat' dir='ltr'><strong><em>os,</em></strong></span> <span class='ocrx_word' id='word_1_804' title='bbox 2325 2948 2464 3025; x_wconf 68' lang='lat' dir='ltr'><strong><em>quod</em></strong></span> <span class='ocrx_word' id='word_1_805' title='bbox 2493 2964 2699 3025; x_wconf 73' lang='lat' dir='ltr'><strong><em>mecum</em></strong></span> <span class='ocrx_word' id='word_1_806' title='bbox 2712 2947 3000 3025; x_wconf 57' lang='lat' dir='ltr'><strong><em>tielerravit</em></strong></span> <span class='ocrx_word' id='word_1_807' title='bbox 3026 2947 3329 3025; x_wconf 75' lang='lat' dir='ltr'><strong><em>aliquando,</em></strong></span> <span class='ocrx_word' id='word_1_808' title='bbox 3355 2959 3430 3008; x_wconf 86' lang='lat' dir='ltr'><strong><em>vel</em></strong></span> <span class='ocrx_word' id='word_1_809' title='bbox 3452 2947 3646 3025; x_wconf 77' lang='lat' dir='ltr'><strong><em>sapuit,</em></strong></span> 
     </span>
    </p>
   </div>
   <div class='ocr_carea' id='block_1_104' title="bbox 2067 3016 3651 3095">
    <p class='ocr_par' dir='ltr' id='par_1_104' title="bbox 2067 3016 3651 3095">
     <span class='ocr_line' id='line_1_105' title="bbox 2067 3016 3651 3095; baseline 0.008 -27"><span class='ocrx_word' id='word_1_810' title='bbox 2067 3016 2330 3086; x_wconf 87' lang='lat' dir='ltr'><strong><em>impressis</em></strong></span> <span class='ocrx_word' id='word_1_811' title='bbox 2359 3016 2566 3095; x_wconf 71' lang='lat' dir='ltr'><strong><em>[igerem</em></strong></span> <span class='ocrx_word' id='word_1_812' title='bbox 2593 3019 2772 3095; x_wconf 73' lang='lat' dir='ltr'><strong><em>labiis.</em></strong></span> <span class='ocrx_word' id='word_1_813' title='bbox 2802 3021 2869 3074; x_wconf 84' lang='lat' dir='ltr'><strong><em>Et</em></strong></span> <span class='ocrx_word' id='word_1_814' title='bbox 2900 3022 3034 3074; x_wconf 82' lang='lat' dir='ltr'><strong><em>infra</em></strong></span> <span class='ocrx_word' id='word_1_815' title='bbox 3062 3040 3074 3075; x_wconf 87' lang='lat'><strong>:</strong></span> <span class='ocrx_word' id='word_1_816' title='bbox 3108 3016 3481 3089; x_wconf 30' lang='lat' dir='ltr'><strong><em>Credas-mihi,</em></strong></span> <span class='ocrx_word' id='word_1_817' title='bbox 3513 3016 3651 3080; x_wconf 56' lang='lat' dir='ltr'><strong><em>Fra;</em></strong></span> 
     </span>
    </p>
   </div>
   <div class='ocr_carea' id='block_1_105' title="bbox 2073 3094 3650 3167">
    <p class='ocr_par' dir='ltr' id='par_1_105' title="bbox 2073 3094 3650 3167">
     <span class='ocr_line' id='line_1_106' title="bbox 2073 3094 3650 3167; baseline 0.008 -29"><span class='ocrx_word' id='word_1_818' title='bbox 2073 3096 2171 3167; x_wconf 84' lang='lat' dir='ltr'><strong><em>ter,</em></strong></span> <span class='ocrx_word' id='word_1_819' title='bbox 2204 3102 2305 3138; x_wconf 85' lang='lat' dir='ltr'><strong><em>non</em></strong></span> <span class='ocrx_word' id='word_1_820' title='bbox 2331 3094 2402 3167; x_wconf 64' lang='lat' dir='ltr'><strong><em>sic</em></strong></span> <span class='ocrx_word' id='word_1_821' title='bbox 2429 3098 2737 3167; x_wconf 70' lang='lat' dir='ltr'><strong><em>tempestate</em></strong></span> <span class='ocrx_word' id='word_1_822' title='bbox 2746 3094 2976 3167; x_wconf 73' lang='lat' dir='ltr'><strong><em>jar-tatus</em></strong></span> <span class='ocrx_word' id='word_1_823' title='bbox 3006 3103 3208 3167; x_wconf 79' lang='lat' dir='ltr'><strong><em>portum</em></strong></span> <span class='ocrx_word' id='word_1_824' title='bbox 3231 3103 3392 3167; x_wconf 84' lang='lat' dir='ltr'><strong><em>nauta</em></strong></span> <span class='ocrx_word' id='word_1_825' title='bbox 3435 3114 3650 3166; x_wconf 85' lang='lat' dir='ltr'><strong><em>prospe-</em></strong></span> 
     </span>
    </p>
   </div>
   <div class='ocr_carea' id='block_1_106' title="bbox 2072 3159 3651 3226">
    <p class='ocr_par' dir='ltr' id='par_1_106' title="bbox 2072 3159 3651 3226">
     <span class='ocr_line' id='line_1_107' title="bbox 2072 3159 3651 3226; baseline 0.007 -18"><span class='ocrx_word' id='word_1_826' title='bbox 2072 3165 2192 3221; x_wconf 87' lang='lat' dir='ltr'><strong><em>ctat,</em></strong></span> <span class='ocrx_word' id='word_1_827' title='bbox 2227 3173 2328 3210; x_wconf 87' lang='lat' dir='ltr'><strong><em>non</em></strong></span> <span class='ocrx_word' id='word_1_828' title='bbox 2355 3159 2429 3208; x_wconf 87' lang='lat' dir='ltr'><strong><em>sic</em></strong></span> <span class='ocrx_word' id='word_1_829' title='bbox 2469 3159 2692 3211; x_wconf 87' lang='lat' dir='ltr'><strong><em>sitientia</em></strong></span> <span class='ocrx_word' id='word_1_830' title='bbox 2722 3159 2906 3213; x_wconf 79' lang='lat' dir='ltr'><strong><em>imbres</em></strong></span> <span class='ocrx_word' id='word_1_831' title='bbox 2932 3179 3054 3216; x_wconf 88' lang='lat' dir='ltr'><strong><em>arva</em></strong></span> <span class='ocrx_word' id='word_1_832' title='bbox 3095 3164 3410 3226; x_wconf 85' lang='lat' dir='ltr'><strong><em>desiderant,</em></strong></span> <span class='ocrx_word' id='word_1_833' title='bbox 3436 3159 3651 3221; x_wconf 36' lang='lat' dir='ltr'><strong><em>non-sic</em></strong></span> 
     </span>
    </p>
   </div>
   <div class='ocr_carea' id='block_1_107' title="bbox 2071 3227 3648 3304">
    <p class='ocr_par' dir='ltr' id='par_1_107' title="bbox 2071 3227 3648 3304">
     <span class='ocr_line' id='line_1_108' title="bbox 2071 3227 3648 3304; baseline 0.006 -25"><span class='ocrx_word' id='word_1_834' title='bbox 2071 3243 2228 3280; x_wconf 81' lang='lat' dir='ltr'><strong><em>curro</em></strong></span> <span class='ocrx_word' id='word_1_835' title='bbox 2270 3227 2500 3280; x_wconf 88' lang='lat' dir='ltr'><strong><em>assidens</em></strong></span> <span class='ocrx_word' id='word_1_836' title='bbox 2549 3229 2709 3304; x_wconf 80' lang='lat' dir='ltr'><strong><em>littori</em></strong></span> <span class='ocrx_word' id='word_1_837' title='bbox 2754 3232 3118 3304; x_wconf 75' lang='lat' dir='ltr'><strong><em>anxiaﬁliunt</em></strong></span> <span class='ocrx_word' id='word_1_838' title='bbox 3163 3245 3324 3286; x_wconf 87' lang='lat' dir='ltr'><strong><em>mater</em></strong></span> <span class='ocrx_word' id='word_1_839' title='bbox 3366 3246 3648 3304; x_wconf 64' lang='lat' dir='ltr'><strong><em>exspecrat,</em></strong></span> 
     </span>
    </p>
   </div>
   <div class='ocr_carea' id='block_1_108' title="bbox 2074 3299 3653 3375">
    <p class='ocr_par' dir='ltr' id='par_1_108' title="bbox 2074 3299 3653 3375">
     <span class='ocr_line' id='line_1_109' title="bbox 2074 3299 3653 3375; baseline 0.006 -26"><span class='ocrx_word' id='word_1_840' title='bbox 2074 3308 2342 3375; x_wconf 74' lang='lat' dir='ltr'><strong><em>postquam</em></strong></span> <span class='ocrx_word' id='word_1_841' title='bbox 2362 3313 2448 3375; x_wconf 73' lang='lat' dir='ltr'><strong><em>nte</em></strong></span> <span class='ocrx_word' id='word_1_842' title='bbox 2471 3314 2503 3375; x_wconf 85' lang='lat' dir='ltr'><strong><em>a</em></strong></span> <span class='ocrx_word' id='word_1_843' title='bbox 2531 3307 2618 3375; x_wconf 80' lang='lat' dir='ltr'><strong><em>tuo</em></strong></span> <span class='ocrx_word' id='word_1_844' title='bbox 2649 3299 2803 3375; x_wconf 78' lang='lat' dir='ltr'><strong><em>latere</em></strong></span> <span class='ocrx_word' id='word_1_845' title='bbox 2823 3302 3018 3355; x_wconf 87' lang='lat' dir='ltr'><strong><em>subitus</em></strong></span> <span class='ocrx_word' id='word_1_846' title='bbox 3042 3304 3188 3358; x_wconf 90' lang='lat' dir='ltr'><strong><em>turbo</em></strong></span> <span class='ocrx_word' id='word_1_847' title='bbox 3210 3299 3479 3370; x_wconf 47' lang='lat' dir='ltr'><strong><em>convulsit&#39;,</em></strong></span> <span class='ocrx_word' id='word_1_848' title='bbox 3512 3299 3653 3375; x_wconf 54' lang='lat' dir='ltr'><strong><em>post;</em></strong></span> 
     </span>
    </p>
   </div>
   <div class='ocr_carea' id='block_1_109' title="bbox 2071 3367 3652 3446">
    <p class='ocr_par' dir='ltr' id='par_1_109' title="bbox 2071 3367 3652 3446">
     <span class='ocr_line' id='line_1_110' title="bbox 2071 3367 3652 3446; baseline 0.008 -29"><span class='ocrx_word' id='word_1_849' title='bbox 2071 3382 2221 3446; x_wconf 75' lang='lat' dir='ltr'><strong><em>quam</em></strong></span> <span class='ocrx_word' id='word_1_850' title='bbox 2243 3367 2439 3446; x_wconf 68' lang='lat' dir='ltr'><strong><em>glutino</em></strong></span> <span class='ocrx_word' id='word_1_851' title='bbox 2457 3370 3026 3446; x_wconf 66' lang='lat' dir='ltr'><strong><em>cltaritatishtzrentem</em></strong></span> <span class='ocrx_word' id='word_1_852' title='bbox 3053 3375 3209 3444; x_wconf 85' lang='lat' dir='ltr'><strong><em>impia</em></strong></span> <span class='ocrx_word' id='word_1_853' title='bbox 3240 3367 3481 3446; x_wconf 78' lang='lat' dir='ltr'><strong><em>distraxit</em></strong></span> <span class='ocrx_word' id='word_1_854' title='bbox 3505 3367 3652 3429; x_wconf 79' lang='lat' dir='ltr'><strong><em>avul—</em></strong></span> 
     </span>
    </p>
   </div>
   <div class='ocr_carea' id='block_1_110' title="bbox 2071 3436 3652 3512">
    <p class='ocr_par' dir='ltr' id='par_1_110' title="bbox 2071 3436 3652 3512">
     <span class='ocr_line' id='line_1_111' title="bbox 2071 3436 3652 3512; baseline 0.008 -24"><span class='ocrx_word' id='word_1_855' title='bbox 2071 3436 2527 3512; x_wconf 27' lang='lat' dir='ltr'><strong><em>s_io,het_c._Postea</em></strong></span> <span class='ocrx_word' id='word_1_856' title='bbox 2562 3455 2687 3512; x_wconf 82' lang='lat' dir='ltr'><strong><em>vero</em></strong></span> <span class='ocrx_word' id='word_1_857' title='bbox 2730 3436 3133 3497; x_wconf 79' lang='lat' dir='ltr'><strong><em>inimicissimus</em></strong></span> <span class='ocrx_word' id='word_1_858' title='bbox 3175 3445 3364 3510; x_wconf 84' lang='lat' dir='ltr'><strong><em>evasit,</em></strong></span> <span class='ocrx_word' id='word_1_859' title='bbox 3400 3455 3456 3500; x_wconf 93' lang='lat' dir='ltr'><strong><em>ut</em></strong></span> <span class='ocrx_word' id='word_1_860' title='bbox 3486 3448 3652 3512; x_wconf 85' lang='lat' dir='ltr'><strong><em>ipsius</em></strong></span> 
     </span>
    </p>
   </div>
   <div class='ocr_carea' id='block_1_111' title="bbox 2073 3505 3653 3584">
    <p class='ocr_par' dir='ltr' id='par_1_111' title="bbox 2073 3505 3653 3584">
     <span class='ocr_line' id='line_1_112' title="bbox 2073 3505 3653 3584; baseline 0.008 -26"><span class='ocrx_word' id='word_1_861' title='bbox 2073 3505 2254 3561; x_wconf 89' lang='lat' dir='ltr'><strong><em>Ruliui</em></strong></span> <span class='ocrx_word' id='word_1_862' title='bbox 2314 3508 2596 3584; x_wconf 55' lang='lat' dir='ltr'><strong><em>invectiva;</em></strong></span> <span class='ocrx_word' id='word_1_863' title='bbox 2649 3510 2702 3584; x_wconf 83' lang='lat' dir='ltr'><strong><em>in</em></strong></span> <span class='ocrx_word' id='word_1_864' title='bbox 2762 3512 2943 3565; x_wconf 91' lang='lat' dir='ltr'><strong><em>divum</em></strong></span> <span class='ocrx_word' id='word_1_865' title='bbox 2997 3505 3380 3584; x_wconf 84' lang='lat' dir='ltr'><strong><em>Hieronymum</em></strong></span> <span class='ocrx_word' id='word_1_866' title='bbox 3439 3505 3653 3570; x_wconf 60' lang='lat' dir='ltr'><strong><em>abunde</em></strong></span> 
     </span>
    </p>
   </div>
   <div class='ocr_carea' id='block_1_112' title="bbox 2076 3577 3653 3654">
    <p class='ocr_par' dir='ltr' id='par_1_112' title="bbox 2076 3577 3653 3654">
     <span class='ocr_line' id='line_1_113' title="bbox 2076 3577 3653 3654; baseline 0.005 -23"><span class='ocrx_word' id='word_1_867' title='bbox 2076 3587 2359 3654; x_wconf 63' lang='lat' dir='ltr'><strong><em>testantur.</em></strong></span> <span class='ocrx_word' id='word_1_868' title='bbox 2395 3577 2631 3654; x_wconf 75' lang='lat' dir='ltr'><strong><em>Scripsit</em></strong></span> <span class='ocrx_word' id='word_1_869' title='bbox 2662 3581 2801 3654; x_wconf 84' lang='lat' dir='ltr'><strong><em>inter</em></strong></span> <span class='ocrx_word' id='word_1_870' title='bbox 2839 3584 2943 3636; x_wconf 89' lang='lat' dir='ltr'><strong><em>alia</em></strong></span> <span class='ocrx_word' id='word_1_871' title='bbox 2980 3577 3376 3651; x_wconf 74' lang='lat' dir='ltr'><strong><em>expositionem</em></strong></span> <span class='ocrx_word' id='word_1_872' title='bbox 3424 3587 3653 3654; x_wconf 85' lang='lat' dir='ltr'><strong><em>symhnli</em></strong></span> 
     </span>
    </p>
   </div>
   <div class='ocr_carea' id='block_1_113' title="bbox 2073 3647 3646 3722">
    <p class='ocr_par' dir='ltr' id='par_1_113' title="bbox 2073 3647 3646 3722">
     <span class='ocr_line' id='line_1_114' title="bbox 2073 3647 3646 3722; baseline 0.004 -21"><span class='ocrx_word' id='word_1_873' title='bbox 2073 3647 2380 3715; x_wconf 83' lang='lat' dir='ltr'><strong><em>apostolici,</em></strong></span> <span class='ocrx_word' id='word_1_874' title='bbox 2400 3647 2562 3722; x_wconf 84' lang='lat' dir='ltr'><strong><em>cujus</em></strong></span> <span class='ocrx_word' id='word_1_875' title='bbox 2592 3653 2830 3722; x_wconf 71' lang='lat' dir='ltr'><strong><em>singulos</em></strong></span> <span class='ocrx_word' id='word_1_876' title='bbox 2861 3647 3118 3705; x_wconf 79' lang='lat' dir='ltr'><strong><em>articulos</em></strong></span> <span class='ocrx_word' id='word_1_877' title='bbox 3166 3655 3426 3706; x_wconf 90' lang='lat' dir='ltr'><strong><em>latissime</em></strong></span> <span class='ocrx_word' id='word_1_878' title='bbox 3452 3647 3646 3722; x_wconf 55' lang='lat' dir='ltr'><strong><em>&#39;expti-</em></strong></span> 
     </span>
    </p>
   </div>
   <div class='ocr_carea' id='block_1_114' title="bbox 2073 3721 3652 3791">
    <p class='ocr_par' dir='ltr' id='par_1_114' title="bbox 2073 3721 3652 3791">
     <span class='ocr_line' id='line_1_115' title="bbox 2073 3721 3652 3791; baseline 0.003 -17"><span class='ocrx_word' id='word_1_879' title='bbox 2073 3730 2178 3779; x_wconf 86' lang='lat' dir='ltr'><strong><em>cat,</em></strong></span> <span class='ocrx_word' id='word_1_880' title='bbox 2207 3729 2266 3791; x_wconf 85' lang='lat' dir='ltr'><strong><em>et</em></strong></span> <span class='ocrx_word' id='word_1_881' title='bbox 2307 3721 2600 3791; x_wconf 83' lang='lat' dir='ltr'><strong><em>utriusque</em></strong></span> <span class='ocrx_word' id='word_1_882' title='bbox 2628 3721 2956 3774; x_wconf 87' lang='lat' dir='ltr'><strong><em>Testamenti</em></strong></span> <span class='ocrx_word' id='word_1_883' title='bbox 3000 3723 3290 3791; x_wconf 76' lang='lat' dir='ltr'><strong><em>Scripturis</em></strong></span> <span class='ocrx_word' id='word_1_884' title='bbox 3328 3721 3610 3777; x_wconf 81' lang='lat' dir='ltr'><strong><em>confirmat</em></strong></span> <span class='ocrx_word' id='word_1_885' title='bbox 3637 3744 3652 3779; x_wconf 88' lang='lat'><strong>:</strong></span> 
     </span>
    </p>
   </div>
   <div class='ocr_carea' id='block_1_115' title="bbox 2073 3789 3655 3857">
    <p class='ocr_par' dir='ltr' id='par_1_115' title="bbox 2073 3789 3655 3857">
     <span class='ocr_line' id='line_1_116' title="bbox 2073 3789 3655 3857; baseline 0.004 -16"><span class='ocrx_word' id='word_1_886' title='bbox 2073 3789 2216 3856; x_wconf 89' lang='lat' dir='ltr'><strong><em>quod</em></strong></span> <span class='ocrx_word' id='word_1_887' title='bbox 2243 3803 2397 3854; x_wconf 90' lang='lat' dir='ltr'><strong><em>opus,</em></strong></span> <span class='ocrx_word' id='word_1_888' title='bbox 2428 3789 2604 3843; x_wconf 86' lang='lat' dir='ltr'><strong><em>Ruﬁni</em></strong></span> <span class='ocrx_word' id='word_1_889' title='bbox 2631 3792 2793 3843; x_wconf 91' lang='lat' dir='ltr'><strong><em>etiam</em></strong></span> <span class='ocrx_word' id='word_1_890' title='bbox 2826 3791 2978 3845; x_wconf 90' lang='lat' dir='ltr'><strong><em>titulo</em></strong></span> <span class='ocrx_word' id='word_1_891' title='bbox 3001 3789 3264 3857; x_wconf 16' lang='lat' dir='ltr'><strong><em>jamiolim</em></strong></span> <span class='ocrx_word' id='word_1_892' title='bbox 3288 3794 3490 3846; x_wconf 90' lang='lat' dir='ltr'><strong><em>editum</em></strong></span> <span class='ocrx_word' id='word_1_893' title='bbox 3518 3797 3655 3847; x_wconf 68' lang='lat' dir='ltr'><strong><em>inter</em></strong></span> 
     </span>
    </p>
   </div>
   <div class='ocr_carea' id='block_1_116' title="bbox 2074 3859 3653 3930">
    <p class='ocr_par' dir='ltr' id='par_1_116' title="bbox 2074 3859 3653 3930">
     <span class='ocr_line' id='line_1_117' title="bbox 2074 3859 3653 3930; baseline 0.004 -20"><span class='ocrx_word' id='word_1_894' title='bbox 2074 3873 2237 3930; x_wconf 76' lang='lat' dir='ltr'><strong><em>opera</em></strong></span> <span class='ocrx_word' id='word_1_895' title='bbox 2277 3859 2383 3930; x_wconf 82' lang='lat' dir='ltr'><strong><em>divi</em></strong></span> <span class='ocrx_word' id='word_1_896' title='bbox 2420 3859 2753 3930; x_wconf 76' lang='lat' dir='ltr'><strong><em>Hieronymi,</em></strong></span> <span class='ocrx_word' id='word_1_897' title='bbox 2787 3875 2928 3914; x_wconf 88' lang='lat' dir='ltr'><strong><em>nunc</em></strong></span> <span class='ocrx_word' id='word_1_898' title='bbox 2961 3870 3139 3915; x_wconf 79' lang='lat' dir='ltr'><strong><em>exstat</em></strong></span> <span class='ocrx_word' id='word_1_899' title='bbox 3181 3864 3318 3916; x_wconf 90' lang='lat' dir='ltr'><strong><em>inter</em></strong></span> <span class='ocrx_word' id='word_1_900' title='bbox 3348 3879 3512 3930; x_wconf 86' lang='lat' dir='ltr'><strong><em>opera</em></strong></span> <span class='ocrx_word' id='word_1_901' title='bbox 3543 3865 3653 3916; x_wconf 90' lang='lat' dir='ltr'><strong><em>divi</em></strong></span> 
     </span>
    </p>
   </div>
   <div class='ocr_carea' id='block_1_117' title="bbox 2073 3928 3656 3997">
    <p class='ocr_par' dir='ltr' id='par_1_117' title="bbox 2073 3928 3656 3997">
     <span class='ocr_line' id='line_1_118' title="bbox 2073 3928 3656 3997; baseline 0.004 -15"><span class='ocrx_word' id='word_1_902' title='bbox 2073 3928 2352 3997; x_wconf 83' lang='lat' dir='ltr'><strong><em>Cypriani,</em></strong></span> <span class='ocrx_word' id='word_1_903' title='bbox 2381 3941 2445 3981; x_wconf 84' lang='lat' dir='ltr'><strong><em>ex</em></strong></span> <span class='ocrx_word' id='word_1_904' title='bbox 2473 3928 2708 3982; x_wconf 77' lang='lat' dir='ltr'><strong><em>editione</em></strong></span> <span class='ocrx_word' id='word_1_905' title='bbox 2737 3930 2980 3984; x_wconf 79' lang='lat' dir='ltr'><strong><em>Parnelii.</em></strong></span> <span class='ocrx_word' id='word_1_906' title='bbox 3016 3931 3087 3985; x_wconf 89' lang='lat' dir='ltr'><strong><em>De</em></strong></span> <span class='ocrx_word' id='word_1_907' title='bbox 3115 3931 3306 3984; x_wconf 88' lang='lat' dir='ltr'><strong><em>Ruﬁno</em></strong></span> <span class='ocrx_word' id='word_1_908' title='bbox 3335 3928 3514 3986; x_wconf 82' lang='lat' dir='ltr'><strong><em>autem</em></strong></span> <span class='ocrx_word' id='word_1_909' title='bbox 3542 3935 3656 3988; x_wconf 66' lang='lat' dir='ltr'><strong><em>hare</em></strong></span> 
     </span>
    </p>
   </div>
   <div class='ocr_carea' id='block_1_118' title="bbox 2076 3996 3655 4057">
    <p class='ocr_par' dir='ltr' id='par_1_118' title="bbox 2076 3996 3655 4057">
     <span class='ocr_line' id='line_1_119' title="bbox 2076 3996 3655 4057; baseline 0.003 -6"><span class='ocrx_word' id='word_1_910' title='bbox 2076 3996 2238 4051; x_wconf 87' lang='lat' dir='ltr'><strong><em>habet</em></strong></span> <span class='ocrx_word' id='word_1_911' title='bbox 2267 3996 2576 4051; x_wconf 84' lang='lat' dir='ltr'><strong><em>Gennadius</em></strong></span> <span class='ocrx_word' id='word_1_912' title='bbox 2605 4000 2952 4056; x_wconf 78' lang='lat' dir='ltr'><strong><em>Massiliensis</em></strong></span> <span class='ocrx_word' id='word_1_913' title='bbox 2975 4001 3213 4055; x_wconf 86' lang='lat' dir='ltr'><strong><em>Cassiani</em></strong></span> <span class='ocrx_word' id='word_1_914' title='bbox 3236 4003 3395 4056; x_wconf 89' lang='lat' dir='ltr'><strong><em>dictis</em></strong></span> <span class='ocrx_word' id='word_1_915' title='bbox 3422 4019 3655 4057; x_wconf 86' lang='lat' dir='ltr'><strong><em>consen-</em></strong></span> 
     </span>
    </p>
   </div>
   <div class='ocr_carea' id='block_1_119' title="bbox 2075 4067 3652 4141">
    <p class='ocr_par' dir='ltr' id='par_1_119' title="bbox 2075 4067 3652 4141">
     <span class='ocr_line' id='line_1_120' title="bbox 2075 4067 3652 4141; baseline 0.004 -21"><span class='ocrx_word' id='word_1_916' title='bbox 2075 4076 2255 4131; x_wconf 87' lang='lat' dir='ltr'><strong><em>tanea,</em></strong></span> <span class='ocrx_word' id='word_1_917' title='bbox 2295 4067 2442 4141; x_wconf 75' lang='lat' dir='ltr'><strong><em>libro</em></strong></span> <span class='ocrx_word' id='word_1_918' title='bbox 2488 4069 2556 4123; x_wconf 91' lang='lat' dir='ltr'><strong><em>de</em></strong></span> <span class='ocrx_word' id='word_1_919' title='bbox 2610 4069 2914 4141; x_wconf 86' lang='lat' dir='ltr'><strong><em>lllustribus</em></strong></span> <span class='ocrx_word' id='word_1_920' title='bbox 2963 4072 3219 4126; x_wconf 72' lang='lat' dir='ltr'><strong><em>Ecclesire</em></strong></span> <span class='ocrx_word' id='word_1_921' title='bbox 3265 4073 3652 4141; x_wconf 84' lang='lat' dir='ltr'><strong><em>Scriptorihus,</em></strong></span> 
     </span>
    </p>
   </div>
   <div class='ocr_carea' id='block_1_120' title="bbox 2075 4136 3659 4213">
    <p class='ocr_par' dir='ltr' id='par_1_120' title="bbox 2075 4136 3659 4213">
     <span class='ocr_line' id='line_1_121' title="bbox 2075 4136 3659 4213; baseline 0.004 -21"><span class='ocrx_word' id='word_1_922' title='bbox 2075 4144 2252 4213; x_wconf 83' lang='lat' dir='ltr'><strong><em>capite</em></strong></span> <span class='ocrx_word' id='word_1_923' title='bbox 2277 4136 2488 4192; x_wconf 90' lang='lat' dir='ltr'><strong><em>decimo</em></strong></span> <span class='ocrx_word' id='word_1_924' title='bbox 2508 4142 2737 4213; x_wconf 88' lang='lat' dir='ltr'><strong><em>septimo</em></strong></span> <span class='ocrx_word' id='word_1_925' title='bbox 2763 4157 2774 4192; x_wconf 92' lang='lat'>:</span> <span class='ocrx_word' id='word_1_926' title='bbox 2807 4139 3028 4208; x_wconf 79' lang='lat' dir='ltr'><strong><em>Rufinus</em></strong></span> <span class='ocrx_word' id='word_1_927' title='bbox 3052 4136 3659 4213; x_wconf 46' lang='lat' dir='ltr'><strong><em>Aquileiensis&#39;lfcclesite</em></strong></span> 
     </span>
    </p>
   </div>
   <div class='ocr_carea' id='block_1_121' title="bbox 2078 4208 3656 4280">
    <p class='ocr_par' dir='ltr' id='par_1_121' title="bbox 2078 4208 3656 4280">
     <span class='ocr_line' id='line_1_122' title="bbox 2078 4208 3656 4280; baseline 0.005 -21"><span class='ocrx_word' id='word_1_928' title='bbox 2078 4208 2352 4276; x_wconf 84' lang='lat' dir='ltr'><strong><em>presbyter,</em></strong></span> <span class='ocrx_word' id='word_1_929' title='bbox 2385 4225 2488 4280; x_wconf 84' lang='lat' dir='ltr'><strong><em>non</em></strong></span> <span class='ocrx_word' id='word_1_930' title='bbox 2516 4211 2728 4262; x_wconf 88' lang='lat' dir='ltr'><strong><em>minima</em></strong></span> <span class='ocrx_word' id='word_1_931' title='bbox 2760 4228 2878 4278; x_wconf 87' lang='lat' dir='ltr'><strong><em>pars</em></strong></span> <span class='ocrx_word' id='word_1_932' title='bbox 2928 4215 3027 4280; x_wconf 82' lang='lat' dir='ltr'><strong><em>fuit</em></strong></span> <span class='ocrx_word' id='word_1_933' title='bbox 3073 4208 3338 4267; x_wconf 80' lang='lat' dir='ltr'><strong><em>doctorum</em></strong></span> <span class='ocrx_word' id='word_1_934' title='bbox 3385 4214 3656 4276; x_wconf 65' lang='lat' dir='ltr'><strong><em>Ecclesia,</em></strong></span> 
     </span>
    </p>
   </div>
   <div class='ocr_carea' id='block_1_122' title="bbox 2075 4279 3660 4353">
    <p class='ocr_par' dir='ltr' id='par_1_122' title="bbox 2075 4279 3660 4353">
     <span class='ocr_line' id='line_1_123' title="bbox 2075 4279 3660 4353; baseline 0.004 -21"><span class='ocrx_word' id='word_1_935' title='bbox 2075 4287 2130 4353; x_wconf 88' lang='lat' dir='ltr'><strong><em>et_</em></strong></span> <span class='ocrx_word' id='word_1_936' title='bbox 2151 4280 2203 4330; x_wconf 89' lang='lat' dir='ltr'><strong><em>in</em></strong></span> <span class='ocrx_word' id='word_1_937' title='bbox 2233 4279 2589 4353; x_wconf 69' lang='lat' dir='ltr'><strong><em>transferendo</em></strong></span> <span class='ocrx_word' id='word_1_938' title='bbox 2617 4281 2680 4353; x_wconf 89' lang='lat' dir='ltr'><strong><em>de</em></strong></span> <span class='ocrx_word' id='word_1_939' title='bbox 2710 4281 2888 4334; x_wconf 70' lang='grc' dir='ltr'><strong><em>(ἐι-ατο</em></strong></span> <span class='ocrx_word' id='word_1_940' title='bbox 2917 4279 2975 4353; x_wconf 89' lang='lat' dir='ltr'><strong><em>in</em></strong></span> <span class='ocrx_word' id='word_1_941' title='bbox 3011 4281 3254 4335; x_wconf 87' lang='lat' dir='ltr'><strong><em>Latinum</em></strong></span> <span class='ocrx_word' id='word_1_942' title='bbox 3282 4283 3490 4353; x_wconf 79' lang='lat' dir='ltr'><strong><em>elegans</em></strong></span> <span class='ocrx_word' id='word_1_943' title='bbox 3520 4286 3660 4353; x_wconf 88' lang='lat' dir='ltr'><strong><em>inge-</em></strong></span> 
     </span>
    </p>
   </div>
   <div class='ocr_carea' id='block_1_123' title="bbox 2077 4348 3658 4417">
    <p class='ocr_par' dir='ltr' id='par_1_123' title="bbox 2077 4348 3658 4417">
     <span class='ocr_line' id='line_1_124' title="bbox 2077 4348 3658 4417; baseline 0.004 -17"><span class='ocrx_word' id='word_1_944' title='bbox 2077 4351 2219 4400; x_wconf 88' lang='lat' dir='ltr'><strong><em>nium</em></strong></span> <span class='ocrx_word' id='word_1_945' title='bbox 2259 4349 2451 4401; x_wconf 91' lang='lat' dir='ltr'><strong><em>habuit.</em></strong></span> <span class='ocrx_word' id='word_1_946' title='bbox 2508 4348 2740 4417; x_wconf 85' lang='lat' dir='ltr'><strong><em>Denique</em></strong></span> <span class='ocrx_word' id='word_1_947' title='bbox 2785 4352 3009 4403; x_wconf 75' lang='lat' dir='ltr'><strong><em>maxima</em></strong></span> <span class='ocrx_word' id='word_1_948' title='bbox 3055 4368 3119 4404; x_wconf 79' lang='lat' dir='ltr'><strong><em>ea:</em></strong></span> <span class='ocrx_word' id='word_1_949' title='bbox 3166 4360 3309 4416; x_wconf 84' lang='lat' dir='ltr'><strong><em>parte</em></strong></span> <span class='ocrx_word' id='word_1_950' title='bbox 3360 4348 3658 4406; x_wconf 65' lang='lat' dir='ltr'><strong><em>Grecorum</em></strong></span> 
     </span>
    </p>
   </div>
   <div class='ocr_carea' id='block_1_124' title="bbox 2077 4417 3660 4491">
    <p class='ocr_par' dir='ltr' id='par_1_124' title="bbox 2077 4417 3660 4491">
     <span class='ocr_line' id='line_1_125' title="bbox 2077 4417 3660 4491; baseline 0.003 -21"><span class='ocrx_word' id='word_1_951' title='bbox 2077 4418 2449 4491; x_wconf 80' lang='lat' dir='ltr'><strong><em>Bibliothecant</em></strong></span> <span class='ocrx_word' id='word_1_952' title='bbox 2481 4417 2679 4470; x_wconf 88' lang='lat' dir='ltr'><strong><em>Latinis</em></strong></span> <span class='ocrx_word' id='word_1_953' title='bbox 2708 4419 2956 4491; x_wconf 54' lang='lat' dir='ltr'><strong><em>eritibttit.</em></strong></span> <span class='ocrx_word' id='word_1_954' title='bbox 2991 4419 3057 4472; x_wconf 83' lang='lat' dir='ltr'><strong><em>Et</em></strong></span> <span class='ocrx_word' id='word_1_955' title='bbox 3099 4420 3236 4491; x_wconf 82' lang='lat' dir='ltr'><strong><em>infra</em></strong></span> <span class='ocrx_word' id='word_1_956' title='bbox 3267 4437 3281 4472; x_wconf 90' lang='lat'><strong>:</strong></span> <span class='ocrx_word' id='word_1_957' title='bbox 3317 4421 3536 4491; x_wconf 82' lang='lat' dir='ltr'><strong><em>Propria</em></strong></span> <span class='ocrx_word' id='word_1_958' title='bbox 3566 4439 3660 4474; x_wconf 81' lang='lat' dir='ltr'><strong><em>au-</em></strong></span> 
     </span>
    </p>
   </div>
   <div class='ocr_carea' id='block_1_125' title="bbox 1999 4487 3659 4560">
    <p class='ocr_par' dir='ltr' id='par_1_125' title="bbox 1999 4487 3659 4560">
     <span class='ocr_line' id='line_1_126' title="bbox 1999 4487 3659 4560; baseline 0.001 -20"><span class='ocrx_word' id='word_1_959' title='bbox 1999 4489 2054 4549; x_wconf 88' lang='lat' dir='ltr'><strong><em>D</em></strong></span> <span class='ocrx_word' id='word_1_960' title='bbox 2079 4498 2177 4560; x_wconf 83' lang='lat' dir='ltr'><strong><em>tem</em></strong></span> <span class='ocrx_word' id='word_1_961' title='bbox 2193 4488 2396 4560; x_wconf 78' lang='lat' dir='ltr'><strong><em>labore,</em></strong></span> <span class='ocrx_word' id='word_1_962' title='bbox 2430 4488 2586 4560; x_wconf 83' lang='lat' dir='ltr'><strong><em>immo</em></strong></span> <span class='ocrx_word' id='word_1_963' title='bbox 2629 4489 2797 4560; x_wconf 85' lang='lat' dir='ltr'><strong><em>gratia</em></strong></span> <span class='ocrx_word' id='word_1_964' title='bbox 2840 4487 2938 4542; x_wconf 90' lang='lat' dir='ltr'><strong><em>Dei</em></strong></span> <span class='ocrx_word' id='word_1_965' title='bbox 2985 4499 3029 4543; x_wconf 88' lang='lat' dir='ltr'><strong><em>et</em></strong></span> <span class='ocrx_word' id='word_1_966' title='bbox 3077 4489 3232 4555; x_wconf 89' lang='lat' dir='ltr'><strong><em>dono,</em></strong></span> <span class='ocrx_word' id='word_1_967' title='bbox 3264 4487 3498 4560; x_wconf 71' lang='lat' dir='ltr'><strong><em>exposuit</em></strong></span> <span class='ocrx_word' id='word_1_968' title='bbox 3527 4493 3659 4543; x_wconf 86' lang='lat' dir='ltr'><strong><em>idem</em></strong></span> 
     </span>
    </p>
   </div>
   <div class='ocr_carea' id='block_1_126' title="bbox 2080 4557 3661 4630">
    <p class='ocr_par' dir='ltr' id='par_1_126' title="bbox 2080 4557 3661 4630">
     <span class='ocr_line' id='line_1_127' title="bbox 2080 4557 3661 4630; baseline 0.001 -18"><span class='ocrx_word' id='word_1_969' title='bbox 2080 4559 2307 4627; x_wconf 80' lang='lat' dir='ltr'><strong><em>Ruﬁnus</em></strong></span> <span class='ocrx_word' id='word_1_970' title='bbox 2335 4557 2645 4630; x_wconf 68' lang='lat' dir='ltr'><strong><em>symbolum,</em></strong></span> <span class='ocrx_word' id='word_1_971' title='bbox 2685 4559 2831 4630; x_wconf 15' lang='lat' dir='ltr'><strong><em>utiiu</em></strong></span> <span class='ocrx_word' id='word_1_972' title='bbox 2868 4561 2982 4630; x_wconf 82' lang='lat' dir='ltr'><strong><em>ejus</em></strong></span> <span class='ocrx_word' id='word_1_973' title='bbox 3029 4557 3410 4630; x_wconf 81' lang='lat' dir='ltr'><strong><em>comparatione</em></strong></span> <span class='ocrx_word' id='word_1_974' title='bbox 3445 4561 3536 4613; x_wconf 89' lang='lat' dir='ltr'><strong><em>alii</em></strong></span> <span class='ocrx_word' id='word_1_975' title='bbox 3565 4578 3661 4614; x_wconf 85' lang='lat' dir='ltr'><strong><em>nee</em></strong></span> 
     </span>
    </p>
   </div>
   <div class='ocr_carea' id='block_1_127' title="bbox 2082 4628 3660 4700">
    <p class='ocr_par' dir='ltr' id='par_1_127' title="bbox 2082 4628 3660 4700">
     <span class='ocr_line' id='line_1_128' title="bbox 2082 4628 3660 4700; baseline 0.001 -18"><span class='ocrx_word' id='word_1_976' title='bbox 2082 4631 2376 4700; x_wconf 76' lang='lat' dir='ltr'><strong><em>exposuisse</em></strong></span> <span class='ocrx_word' id='word_1_977' title='bbox 2403 4628 2695 4700; x_wconf 80' lang='lat' dir='ltr'><strong><em>credantur.</em></strong></span> <span class='ocrx_word' id='word_1_978' title='bbox 2733 4629 2856 4700; x_wconf 75' lang='lat' dir='ltr'><strong><em>lltec</em></strong></span> <span class='ocrx_word' id='word_1_979' title='bbox 2885 4628 3193 4700; x_wconf 75' lang='lat' dir='ltr'><strong><em>Gennadius</em></strong></span> <span class='ocrx_word' id='word_1_980' title='bbox 3223 4632 3496 4700; x_wconf 82' lang='lat' dir='ltr'><strong><em>hucusque</em></strong></span> <span class='ocrx_word' id='word_1_981' title='bbox 3523 4632 3660 4684; x_wconf 86' lang='lat' dir='ltr'><strong><em>tole-</em></strong></span> 
     </span>
    </p>
   </div>
   <div class='ocr_carea' id='block_1_128' title="bbox 2082 4697 3660 4768">
    <p class='ocr_par' dir='ltr' id='par_1_128' title="bbox 2082 4697 3660 4768">
     <span class='ocr_line' id='line_1_129' title="bbox 2082 4697 3660 4768; baseline 0.001 -15"><span class='ocrx_word' id='word_1_982' title='bbox 2082 4697 2313 4764; x_wconf 89' lang='lat' dir='ltr'><strong><em>randus;</em></strong></span> <span class='ocrx_word' id='word_1_983' title='bbox 2345 4707 2398 4752; x_wconf 88' lang='lat' dir='ltr'><strong><em>at</em></strong></span> <span class='ocrx_word' id='word_1_984' title='bbox 2430 4698 2529 4752; x_wconf 88' lang='lat' dir='ltr'><strong><em>sub</em></strong></span> <span class='ocrx_word' id='word_1_985' title='bbox 2558 4698 2717 4752; x_wconf 88' lang='lat' dir='ltr'><strong><em>ﬁnem</em></strong></span> <span class='ocrx_word' id='word_1_986' title='bbox 2749 4699 2990 4766; x_wconf 86' lang='lat' dir='ltr'><strong><em>ejusdem</em></strong></span> <span class='ocrx_word' id='word_1_987' title='bbox 3022 4701 3211 4768; x_wconf 88' lang='lat' dir='ltr'><strong><em>capitis</em></strong></span> <span class='ocrx_word' id='word_1_988' title='bbox 3243 4697 3439 4754; x_wconf 72' lang='lat' dir='ltr'><strong><em>merito</em></strong></span> <span class='ocrx_word' id='word_1_989' title='bbox 3470 4701 3660 4754; x_wconf 89' lang='lat' dir='ltr'><strong><em>redar-</em></strong></span> 
     </span>
    </p>
   </div>
   <div class='ocr_carea' id='block_1_129' title="bbox 2080 4768 3658 4838">
    <p class='ocr_par' dir='ltr' id='par_1_129' title="bbox 2080 4768 3658 4838">
     <span class='ocr_line' id='line_1_130' title="bbox 2080 4768 3658 4838; baseline 0.001 -16"><span class='ocrx_word' id='word_1_990' title='bbox 2080 4768 2348 4838; x_wconf 82' lang='lat' dir='ltr'><strong><em>gucndus,</em></strong></span> <span class='ocrx_word' id='word_1_991' title='bbox 2381 4776 2442 4822; x_wconf 91' lang='lat' dir='ltr'><strong><em>ut</em></strong></span> <span class='ocrx_word' id='word_1_992' title='bbox 2470 4783 2576 4821; x_wconf 92' lang='lat' dir='ltr'><strong><em>non</em></strong></span> <span class='ocrx_word' id='word_1_993' title='bbox 2606 4771 2824 4837; x_wconf 74' lang='lat' dir='ltr'><strong><em>optima:</em></strong></span> <span class='ocrx_word' id='word_1_994' title='bbox 2853 4769 2974 4823; x_wconf 84' lang='lat' dir='ltr'><strong><em>ﬁdei</em></strong></span> <span class='ocrx_word' id='word_1_995' title='bbox 3007 4781 3215 4836; x_wconf 87' lang='lat' dir='ltr'><strong><em>auctor,</em></strong></span> <span class='ocrx_word' id='word_1_996' title='bbox 3250 4770 3374 4824; x_wconf 90' lang='lat' dir='ltr'><strong><em>dum</em></strong></span> <span class='ocrx_word' id='word_1_997' title='bbox 3409 4770 3658 4824; x_wconf 88' lang='lat' dir='ltr'><strong><em>Ruﬁnum</em></strong></span> 
     </span>
    </p>
   </div>
   <div class='ocr_carea' id='block_1_130' title="bbox 2081 4838 3671 4908">
    <p class='ocr_par' dir='ltr' id='par_1_130' title="bbox 2081 4838 3671 4908">
     <span class='ocr_line' id='line_1_131' title="bbox 2081 4838 3671 4908; baseline 0 -15"><span class='ocrx_word' id='word_1_998' title='bbox 2081 4839 2152 4893; x_wconf 88' lang='lat' dir='ltr'><strong><em>ita</em></strong></span> <span class='ocrx_word' id='word_1_999' title='bbox 2192 4839 2416 4904; x_wconf 77' lang='lat' dir='ltr'><strong><em>extollit,</em></strong></span> <span class='ocrx_word' id='word_1_1000' title='bbox 2452 4846 2510 4892; x_wconf 89' lang='lat' dir='ltr'><strong><em>ut</em></strong></span> <span class='ocrx_word' id='word_1_1001' title='bbox 2538 4838 2717 4892; x_wconf 90' lang='lat' dir='ltr'><strong><em>divum</em></strong></span> <span class='ocrx_word' id='word_1_1002' title='bbox 2752 4839 3136 4908; x_wconf 84' lang='lat' dir='ltr'><strong><em>Hieronymum</em></strong></span> <span class='ocrx_word' id='word_1_1003' title='bbox 3184 4841 3467 4906; x_wconf 88' lang='lat' dir='ltr'><strong><em>deprimat,</em></strong></span> <span class='ocrx_word' id='word_1_1004' title='bbox 3513 4855 3671 4894; x_wconf 87' lang='lat' dir='ltr'><strong><em>eum-</em></strong></span> 
     </span>
    </p>
   </div>
   <div class='ocr_carea' id='block_1_131' title="bbox 2082 4909 3666 4978">
    <p class='ocr_par' dir='ltr' id='par_1_131' title="bbox 2082 4909 3666 4978">
     <span class='ocr_line' id='line_1_132' title="bbox 2082 4909 3666 4978; baseline 0.003 -16"><span class='ocrx_word' id='word_1_1005' title='bbox 2082 4925 2186 4978; x_wconf 85' lang='lat' dir='ltr'><strong><em>que</em></strong></span> <span class='ocrx_word' id='word_1_1006' title='bbox 2218 4912 2359 4964; x_wconf 90' lang='lat' dir='ltr'><strong><em>velut</em></strong></span> <span class='ocrx_word' id='word_1_1007' title='bbox 2387 4909 2637 4964; x_wconf 63' lang='lat' dir='ltr'><strong><em>aemulum</em></strong></span> <span class='ocrx_word' id='word_1_1008' title='bbox 2669 4921 2722 4963; x_wconf 88' lang='lat' dir='ltr'><strong><em>et</em></strong></span> <span class='ocrx_word' id='word_1_1009' title='bbox 2751 4910 3176 4964; x_wconf 88' lang='lat' dir='ltr'><strong><em>obtrectatorem</em></strong></span> <span class='ocrx_word' id='word_1_1010' title='bbox 3220 4909 3398 4963; x_wconf 85' lang='lat' dir='ltr'><strong><em>Ruﬁni</em></strong></span> <span class='ocrx_word' id='word_1_1011' title='bbox 3428 4913 3666 4978; x_wconf 77' lang='lat' dir='ltr'><strong><em>graviter</em></strong></span> 
     </span>
    </p>
   </div>
   <div class='ocr_carea' id='block_1_132' title="bbox 2085 4979 3661 5049">
    <p class='ocr_par' dir='ltr' id='par_1_132' title="bbox 2085 4979 3661 5049">
     <span class='ocr_line' id='line_1_133' title="bbox 2085 4979 3661 5049; baseline -0.001 -17"><span class='ocrx_word' id='word_1_1012' title='bbox 2085 4979 2409 5049; x_wconf 65' lang='lat' dir='ltr'><strong><em>insimulet‘,</em></strong></span> <span class='ocrx_word' id='word_1_1013' title='bbox 2435 4979 2623 5033; x_wconf 86' lang='lat' dir='ltr'><strong><em>eadem</em></strong></span> <span class='ocrx_word' id='word_1_1014' title='bbox 2668 4980 2879 5034; x_wconf 81' lang='lat' dir='ltr'><strong><em>scilicet</em></strong></span> <span class='ocrx_word' id='word_1_1015' title='bbox 2926 4980 3230 5034; x_wconf 86' lang='lat' dir='ltr'><strong><em>temeritate</em></strong></span> <span class='ocrx_word' id='word_1_1016' title='bbox 3263 4979 3414 5049; x_wconf 82' lang='lat' dir='ltr'><strong><em>(Cap.</em></strong></span> <span class='ocrx_word' id='word_1_1017' title='bbox 3449 4981 3538 5043; x_wconf 77' lang='lat'><strong><em>38,</em></strong></span> <span class='ocrx_word' id='word_1_1018' title='bbox 3570 4982 3661 5043; x_wconf 67' lang='lat'><strong><em>84,</em></strong></span> 
     </span>
    </p>
   </div>
   <div class='ocr_carea' id='block_1_133' title="bbox 2089 5048 3666 5117">
    <p class='ocr_par' dir='ltr' id='par_1_133' title="bbox 2089 5048 3666 5117">
     <span class='ocr_line' id='line_1_134' title="bbox 2089 5048 3666 5117; baseline 0.002 -17"><span class='ocrx_word' id='word_1_1019' title='bbox 2089 5049 2176 5114; x_wconf 83' lang='grc'><strong><em>19,</em></strong></span> <span class='ocrx_word' id='word_1_1020' title='bbox 2209 5048 2297 5114; x_wconf 71' lang='grc'><strong><em>52,</em></strong></span> <span class='ocrx_word' id='word_1_1021' title='bbox 2331 5048 2422 5117; x_wconf 73' lang='grc'><strong><em>42)</em></strong></span> <span class='ocrx_word' id='word_1_1022' title='bbox 2456 5064 2556 5117; x_wconf 89' lang='lat' dir='ltr'><strong><em>qua</em></strong></span> <span class='ocrx_word' id='word_1_1023' title='bbox 2599 5051 2779 5103; x_wconf 91' lang='lat' dir='ltr'><strong><em>divum</em></strong></span> <span class='ocrx_word' id='word_1_1024' title='bbox 2811 5050 3190 5116; x_wconf 81' lang='lat' dir='ltr'><strong><em>Augustinum,</em></strong></span> <span class='ocrx_word' id='word_1_1025' title='bbox 3226 5048 3367 5101; x_wconf 87' lang='lat' dir='ltr'><strong><em>aliud</em></strong></span> <span class='ocrx_word' id='word_1_1026' title='bbox 3410 5051 3666 5103; x_wconf 66' lang='lat' dir='ltr'><strong><em>Ecclesia:</em></strong></span> 
     </span>
    </p>
   </div>
   <div class='ocr_carea' id='block_1_134' title="bbox 2084 5118 3666 5188">
    <p class='ocr_par' dir='ltr' id='par_1_134' title="bbox 2084 5118 3666 5188">
     <span class='ocr_line' id='line_1_135' title="bbox 2084 5118 3666 5188; baseline 0 -16"><span class='ocrx_word' id='word_1_1027' title='bbox 2084 5118 2286 5185; x_wconf 91' lang='lat' dir='ltr'><strong><em>lumen,</em></strong></span> <span class='ocrx_word' id='word_1_1028' title='bbox 2317 5120 2382 5173; x_wconf 90' lang='lat' dir='ltr'><strong><em>de</em></strong></span> <span class='ocrx_word' id='word_1_1029' title='bbox 2411 5119 2772 5188; x_wconf 90' lang='lat' dir='ltr'><strong><em>multiloquio,</em></strong></span> <span class='ocrx_word' id='word_1_1030' title='bbox 2806 5120 2969 5173; x_wconf 91' lang='lat' dir='ltr'><strong><em>immo</em></strong></span> <span class='ocrx_word' id='word_1_1031' title='bbox 2997 5135 3178 5172; x_wconf 79' lang='lat' dir='ltr'><strong><em>errore</em></strong></span> <span class='ocrx_word' id='word_1_1032' title='bbox 3206 5120 3535 5188; x_wconf 84' lang='lat' dir='ltr'><strong><em>perstringit,</em></strong></span> <span class='ocrx_word' id='word_1_1033' title='bbox 3560 5134 3666 5187; x_wconf 88' lang='lat' dir='ltr'><strong><em>qua</em></strong></span> 
     </span>
    </p>
   </div>
   <div class='ocr_carea' id='block_1_135' title="bbox 2087 5188 3667 5258">
    <p class='ocr_par' dir='ltr' id='par_1_135' title="bbox 2087 5188 3667 5258">
     <span class='ocr_line' id='line_1_136' title="bbox 2087 5188 3667 5258; baseline 0.001 -16"><span class='ocrx_word' id='word_1_1034' title='bbox 2087 5188 2339 5258; x_wconf 89' lang='lat' dir='ltr'><strong><em>Prosperi</em></strong></span> <span class='ocrx_word' id='word_1_1035' title='bbox 2390 5189 2582 5242; x_wconf 92' lang='lat' dir='ltr'><strong><em>librum</em></strong></span> <span class='ocrx_word' id='word_1_1036' title='bbox 2611 5191 2886 5244; x_wconf 82' lang='lat' dir='ltr'><strong><em>Adversus</em></strong></span> <span class='ocrx_word' id='word_1_1037' title='bbox 2917 5189 3237 5243; x_wconf 88' lang='lat' dir='ltr'><strong><em>collatorem</em></strong></span> <span class='ocrx_word' id='word_1_1038' title='bbox 3287 5188 3530 5251; x_wconf 85' lang='lat' dir='ltr'><strong><em>damnat,</em></strong></span> <span class='ocrx_word' id='word_1_1039' title='bbox 3563 5203 3667 5257; x_wconf 84' lang='lat' dir='ltr'><strong><em>qua</em></strong></span> 
     </span>
    </p>
   </div>
   <div class='ocr_carea' id='block_1_136' title="bbox 2086 5258 3669 5329">
    <p class='ocr_par' dir='ltr' id='par_1_136' title="bbox 2086 5258 3669 5329">
     <span class='ocr_line' id='line_1_137' title="bbox 2086 5258 3669 5329; baseline -0.002 -17"><span class='ocrx_word' id='word_1_1040' title='bbox 2086 5258 2287 5329; x_wconf 76' lang='lat' dir='ltr'><strong><em>Pelagii</em></strong></span> <span class='ocrx_word' id='word_1_1041' title='bbox 2327 5259 2578 5327; x_wconf 87' lang='lat' dir='ltr'><strong><em>Eulogias</em></strong></span> <span class='ocrx_word' id='word_1_1042' title='bbox 2615 5259 2979 5323; x_wconf 85' lang='lat' dir='ltr'><strong><em>commendat,</em></strong></span> <span class='ocrx_word' id='word_1_1043' title='bbox 3018 5273 3152 5329; x_wconf 90' lang='lat' dir='ltr'><strong><em>quas</em></strong></span> <span class='ocrx_word' id='word_1_1044' title='bbox 3193 5258 3355 5329; x_wconf 88' lang='lat' dir='ltr'><strong><em>divus</em></strong></span> <span class='ocrx_word' id='word_1_1045' title='bbox 3400 5259 3669 5327; x_wconf 85' lang='lat' dir='ltr'><strong><em>Hierony-</em></strong></span> 
     </span>
    </p>
   </div>
   <div class='ocr_carea' id='block_1_137' title="bbox 2088 5328 3668 5398">
    <p class='ocr_par' dir='ltr' id='par_1_137' title="bbox 2088 5328 3668 5398">
     <span class='ocr_line' id='line_1_138' title="bbox 2088 5328 3668 5398; baseline -0.001 -16"><span class='ocrx_word' id='word_1_1046' title='bbox 2088 5328 2232 5394; x_wconf 74' lang='lat' dir='ltr'><strong><em>mus,</em></strong></span> <span class='ocrx_word' id='word_1_1047' title='bbox 2264 5329 2403 5382; x_wconf 91' lang='lat' dir='ltr'><strong><em>libro</em></strong></span> <span class='ocrx_word' id='word_1_1048' title='bbox 2432 5331 2605 5397; x_wconf 88' lang='lat' dir='ltr'><strong><em>primo</em></strong></span> <span class='ocrx_word' id='word_1_1049' title='bbox 2636 5340 2824 5384; x_wconf 88' lang='lat' dir='ltr'><strong><em>contra</em></strong></span> <span class='ocrx_word' id='word_1_1050' title='bbox 2855 5328 3174 5398; x_wconf 73' lang='lat' dir='ltr'><strong><em>Pelagianos</em></strong></span> <span class='ocrx_word' id='word_1_1051' title='bbox 3203 5328 3382 5395; x_wconf 84' lang='lat' dir='ltr'><strong><em>capite</em></strong></span> <span class='ocrx_word' id='word_1_1052' title='bbox 3412 5339 3668 5396; x_wconf 74' lang='lat' dir='ltr'><strong><em>octuage-</em></strong></span> 
     </span>
    </p>
   </div>
   <div class='ocr_carea' id='block_1_138' title="bbox 2086 5399 3669 5468">
    <p class='ocr_par' dir='ltr' id='par_1_138' title="bbox 2086 5399 3669 5468">
     <span class='ocr_line' id='line_1_139' title="bbox 2086 5399 3669 5468; baseline 0 -16"><span class='ocrx_word' id='word_1_1053' title='bbox 2086 5399 2227 5453; x_wconf 89' lang='lat' dir='ltr'><strong><em>simo</em></strong></span> <span class='ocrx_word' id='word_1_1054' title='bbox 2273 5400 2480 5468; x_wconf 90' lang='lat' dir='ltr'><strong><em>quinto,</em></strong></span> <span class='ocrx_word' id='word_1_1055' title='bbox 2532 5400 2719 5466; x_wconf 91' lang='lat' dir='ltr'><strong><em>plenas</em></strong></span> <span class='ocrx_word' id='word_1_1056' title='bbox 2766 5399 3066 5453; x_wconf 66' lang='lat' dir='ltr'><strong><em>hieresibus</em></strong></span> <span class='ocrx_word' id='word_1_1057' title='bbox 3116 5399 3346 5462; x_wconf 88' lang='lat' dir='ltr'><strong><em>asserit;</em></strong></span> <span class='ocrx_word' id='word_1_1058' title='bbox 3394 5413 3494 5466; x_wconf 87' lang='lat' dir='ltr'><strong><em>qua</em></strong></span> <span class='ocrx_word' id='word_1_1059' title='bbox 3534 5399 3669 5455; x_wconf 83' lang='lat' dir='ltr'><strong><em>duos</em></strong></span> 
     </span>
    </p>
   </div>
   <div class='ocr_carea' id='block_1_139' title="bbox 2086 5468 3670 5538">
    <p class='ocr_par' dir='ltr' id='par_1_139' title="bbox 2086 5468 3670 5538">
     <span class='ocr_line' id='line_1_140' title="bbox 2086 5468 3670 5538; baseline -0.001 -15"><span class='ocrx_word' id='word_1_1060' title='bbox 2086 5470 2272 5523; x_wconf 87' lang='lat' dir='ltr'><strong><em>Fausti</em></strong></span> <span class='ocrx_word' id='word_1_1061' title='bbox 2301 5469 2720 5538; x_wconf 85' lang='lat' dir='ltr'><strong><em>Semipelagiani</em></strong></span> <span class='ocrx_word' id='word_1_1062' title='bbox 2752 5470 2917 5522; x_wconf 88' lang='lat' dir='ltr'><strong><em>libros</em></strong></span> <span class='ocrx_word' id='word_1_1063' title='bbox 2946 5468 3014 5522; x_wconf 87' lang='lat' dir='ltr'><strong><em>de</em></strong></span> <span class='ocrx_word' id='word_1_1064' title='bbox 3043 5469 3225 5523; x_wconf 87' lang='lat' dir='ltr'><strong><em>Gratia</em></strong></span> <span class='ocrx_word' id='word_1_1065' title='bbox 3259 5481 3311 5522; x_wconf 90' lang='lat' dir='ltr'><strong><em>et</em></strong></span> <span class='ocrx_word' id='word_1_1066' title='bbox 3342 5468 3538 5522; x_wconf 84' lang='lat' dir='ltr'><strong><em>Libero</em></strong></span> <span class='ocrx_word' id='word_1_1067' title='bbox 3567 5468 3670 5522; x_wconf 78' lang='lat' dir='ltr'><strong><em>Ar-</em></strong></span> 
     </span>
    </p>
   </div>
   <div class='ocr_carea' id='block_1_140' title="bbox 2085 5538 3668 5607">
    <p class='ocr_par' dir='ltr' id='par_1_140' title="bbox 2085 5538 3668 5607">
     <span class='ocr_line' id='line_1_141' title="bbox 2085 5538 3668 5607; baseline -0.001 -15"><span class='ocrx_word' id='word_1_1068' title='bbox 2085 5539 2247 5593; x_wconf 87' lang='lat' dir='ltr'><strong><em>bitrio</em></strong></span> <span class='ocrx_word' id='word_1_1069' title='bbox 2278 5539 2426 5593; x_wconf 91' lang='lat' dir='ltr'><strong><em>miris</em></strong></span> <span class='ocrx_word' id='word_1_1070' title='bbox 2467 5541 2712 5593; x_wconf 84' lang='lat' dir='ltr'><strong><em>laudibus</em></strong></span> <span class='ocrx_word' id='word_1_1071' title='bbox 2760 5538 2935 5604; x_wconf 84' lang='lat' dir='ltr'><strong><em>cﬁ&#39;ert,</em></strong></span> <span class='ocrx_word' id='word_1_1072' title='bbox 2971 5554 3105 5607; x_wconf 91' lang='lat' dir='ltr'><strong><em>quos</em></strong></span> <span class='ocrx_word' id='word_1_1073' title='bbox 3157 5538 3350 5591; x_wconf 81' lang='lat' dir='ltr'><strong><em>Petrus</em></strong></span> <span class='ocrx_word' id='word_1_1074' title='bbox 3401 5539 3668 5590; x_wconf 83' lang='lat' dir='ltr'><strong><em>Diaconos</em></strong></span> 
     </span>
    </p>
   </div>
   <div class='ocr_carea' id='block_1_141' title="bbox 2084 5608 3669 5676">
    <p class='ocr_par' dir='ltr' id='par_1_141' title="bbox 2084 5608 3669 5676">
     <span class='ocr_line' id='line_1_142' title="bbox 2084 5608 3669 5676; baseline -0.001 -16"><span class='ocrx_word' id='word_1_1075' title='bbox 2084 5619 2138 5662; x_wconf 84' lang='lat' dir='ltr'><strong><em>et</em></strong></span> <span class='ocrx_word' id='word_1_1076' title='bbox 2186 5625 2374 5662; x_wconf 85' lang='lat' dir='ltr'><strong><em>omnes</em></strong></span> <span class='ocrx_word' id='word_1_1077' title='bbox 2419 5609 2725 5663; x_wconf 82' lang='lat' dir='ltr'><strong><em>Orientales</em></strong></span> <span class='ocrx_word' id='word_1_1078' title='bbox 2773 5609 3265 5676; x_wconf 58' lang='lat' dir='ltr'><strong><em>anathematizauit;</em></strong></span> <span class='ocrx_word' id='word_1_1079' title='bbox 3318 5625 3419 5676; x_wconf 88' lang='lat' dir='ltr'><strong><em>qua</em></strong></span> <span class='ocrx_word' id='word_1_1080' title='bbox 3481 5608 3669 5660; x_wconf 68' lang='lat' dir='ltr'><strong><em>Severi</em></strong></span> 
     </span>
    </p>
   </div>
   <div class='ocr_carea' id='block_1_142' title="bbox 2087 5668 3669 5748">
    <p class='ocr_par' dir='ltr' id='par_1_142' title="bbox 2087 5668 3669 5748">
     <span class='ocr_line' id='line_1_143' title="bbox 2087 5668 3669 5748; baseline -0.003 -16"><span class='ocrx_word' id='word_1_1081' title='bbox 2087 5679 2362 5748; x_wconf 83' lang='lat' dir='ltr'><strong><em>Dialogum</em></strong></span> <span class='ocrx_word' id='word_1_1082' title='bbox 2399 5680 2670 5747; x_wconf 71' lang='lat' dir='ltr'><strong><em>prmdcat,</em></strong></span> <span class='ocrx_word' id='word_1_1083' title='bbox 2703 5695 2864 5748; x_wconf 79' lang='lat' dir='ltr'><strong><em>quem</em></strong></span> <span class='ocrx_word' id='word_1_1084' title='bbox 2897 5681 3050 5731; x_wconf 59' lang='lat' dir='ltr'><strong><em>dirue</em></strong></span> <span class='ocrx_word' id='word_1_1085' title='bbox 3086 5668 3461 5746; x_wconf 63' lang='lat' dir='ltr'><strong><em>lbertmyuins,</em></strong></span> <span class='ocrx_word' id='word_1_1086' title='bbox 3498 5677 3548 5728; x_wconf 91' lang='lat' dir='ltr'><strong><em>in</em></strong></span> <span class='ocrx_word' id='word_1_1087' title='bbox 3579 5693 3669 5748; x_wconf 67' lang='lat' dir='ltr'><strong><em>ra-</em></strong></span> 
     </span>
    </p>
   </div>
   <div class='ocr_carea' id='block_1_143' title="bbox 2084 5745 3666 5821">
    <p class='ocr_par' dir='ltr' id='par_1_143' title="bbox 2084 5745 3666 5821">
     <span class='ocr_line' id='line_1_144' title="bbox 2084 5745 3666 5821; baseline -0.002 -19"><span class='ocrx_word' id='word_1_1088' title='bbox 2084 5759 2177 5819; x_wconf 88' lang='lat' dir='ltr'><strong><em>put</em></strong></span> <span class='ocrx_word' id='word_1_1089' title='bbox 2210 5745 2541 5821; x_wconf 75' lang='lat' dir='ltr'><strong><em>trigesimum</em></strong></span> <span class='ocrx_word' id='word_1_1090' title='bbox 2576 5745 2786 5804; x_wconf 77' lang='lat' dir='ltr'><strong><em>sextum</em></strong></span> <span class='ocrx_word' id='word_1_1091' title='bbox 2823 5751 3141 5817; x_wconf 72' lang='lat' dir='ltr'><strong><em>Ezechielis,</em></strong></span> <span class='ocrx_word' id='word_1_1092' title='bbox 3176 5761 3223 5803; x_wconf 87' lang='lat' dir='ltr'><strong><em>et</em></strong></span> <span class='ocrx_word' id='word_1_1093' title='bbox 3259 5745 3376 5818; x_wconf 70' lang='lat' dir='ltr'><strong><em>post</em></strong></span> <span class='ocrx_word' id='word_1_1094' title='bbox 3409 5763 3533 5802; x_wconf 82' lang='lat' dir='ltr'><strong><em>eunt</em></strong></span> <span class='ocrx_word' id='word_1_1095' title='bbox 3564 5745 3666 5799; x_wconf 79' lang='lat' dir='ltr'><strong><em>Ge-</em></strong></span> 
     </span>
    </p>
   </div>
  </div>
