4016 6192
362 263 468 321 147

1674 267 1957 324 JOANNIS
1994 266 2309 324 CASSIANI

3518 265 3625 324 2L8

366 392 480 432 ram
515 392 672 448 opem
706 388 730 416 λ
764 378 1014 435 indicavit
1040 376 1299 441 alterius,
1328 377 1419 447 qui
1453 375 1508 431 in
1532 376 1637 432 hoc
1677 379 1796 447 ipso
1830 392 1939 447 quo
1965 380 2015 438 Α
2044 375 2407 445 blasphemias
2438 382 2552 426 tuas
2581 372 2885 441 adiectione
2928 371 3235 427 concludas.
3287 370 3387 440 Qui
3423 382 3625 439 tamen,

366 483 716 524 escensurum
746 485 805 525 se
831 485 952 525 esse
972 469 1124 529 dixit.
1156 467 1411 522 virtutem
1442 469 1670 537 propria:
1703 476 1941 537 potesta-

369 563 438 612 tis
473 561 741 614 ostendit?
778 560 940 613 David
985 574 1200 629 quoque
1240 558 1307 613 de
1344 559 1458 628 ipsa
1500 558 1710 613 Domini
1753 574 1938 614 ascen-

368 652 525 705 sione
555 667 567 702 :
592 650 851 714 Ascendit,
884 651 1075 721 inquit,
1120 650 1256 705 Deus
1299 650 1352 704 in
1376 650 1563 721 jubilo,
1596 651 1847 731 Dominus
1887 652 1940 703 in

368 756 488 793 voce
516 739 648 794 tuba
667 738 688 809 (
706 738 849 793 Psat.
880 744 1053 811 sui).
1081 741 1371 796 Evidenter
1392 741 1726 810 majestatem
1752 755 1941 796 ascen-

363 828 541 883 dentis
569 844 664 898 per
688 838 1008 899 potestatem
1037 832 1368 886 ascensionis
1394 832 1668 902 esplicuit.

930 923 1159 979 CAPUT
1192 923 1377 978 XXIII.

365 1008 604 1083 Persistit
630 1012 683 1083 in
714 1012 896 1065 eodem
933 1023 1267 1083 argumento,
1298 1022 1355 1067 ut
1381 1014 1633 1081 ostendat,
1682 1011 1944 1067 Christum

433 1097 536 1135 non
557 1080 843 1151 indiguisse
862 1080 1034 1137 aliena
1055 1085 1240 1154 gloria,
1272 1084 1363 1137 sed
1389 1084 1630 1138 habuisse
1657 1084 1943 1154 prapriant.

436 1193 541 1249 Sed
582 1194 859 1251 videamus
915 1207 1089 1250 tamen
1155 1212 1256 1267 qua
1305 1198 1520 1253 tandem
1581 1197 1948 1267 praecedentes

2043 466 2243 537 inquis,
2274 466 2501 535 gloriam
2532 462 2749 518 Christo
2775 462 3013 517 donavit.
3056 461 3299 518 Gloriam
3341 466 3589 519 nominas

2045 570 2101 613 ut
2146 556 2523 612 contumeliam
2572 554 2758 609 iacias.
2809 553 2940 608 Nam
2989 554 3043 607 in
3082 568 3145 608 eo
3184 554 3326 624 quod
3371 554 3629 610 donatum

2045 648 2331 702 Dominum
2358 646 2525 715 gloria
2556 645 2780 709 asseris,
2819 645 2945 698 dum
2980 644 3252 713 accepisse
3281 643 3452 710 dicis,
3486 646 3628 701 indi-

2044 741 2223 810 guisse
2247 740 2607 808 blasphemas.
2636 737 2748 791 Hoc
2771 736 2913 791 enim
2938 738 3011 789 ait
3043 738 3237 804 impius
3260 753 3453 793 sensus
3474 754 3627 805 suus,

2045 842 2105 886 ut
2126 832 2338 899 largitas
2361 828 2693 883 munerantis
2718 820 3069 893 indigentiam
3103 827 3419 896 accipientis
3441 842 3628 885 osten-

2045 922 2156 977 dat.
2192 920 2236 975 0
2264 919 2534 975 infelicem
2567 919 2897 986 impietatem
2930 918 3105 971 tuam!
3141 925 3195 972 et
3234 918 3324 971 ubi
3357 920 3487 974 illud
3510 929 3628 983 est,

2047 1011 2187 1082 quod
2218 1011 2284 1067 de
2315 1009 2641 1065 ascendente
2673 1010 2724 1063 in
2755 1010 2953 1063 caelum
2988 1008 3214 1062 Domino
3254 1009 3381 1064 Jesu
3413 1009 3631 1068 Christo

2043 1106 2161 1174 ipsa
2184 1105 2309 1158 olim
2333 1104 2587 1158 divinitas
2607 1102 3018 1172 praenuntiavit?
3045 1100 3337 1167 hAttollite,
3358 1104 3628 1174 inquiens,

2050 1205 2228 1268 portas
2270 1205 2484 1263 vestras,
2535 1204 2581 1249 et
2607 1193 2835 1248 introibit
2882 1193 2994 1248 Rex
3034 1192 3216 1264 gloria
3260 1194 3626 1267 (Psal.xlttt).

1429 1335 1683 1390 ALARDI
1721 1331 1954 1389 GAZIEI
1989 1329 2557 1389 COMMENTARIUS.

366 1423 587 1491 distulit,
633 1428 909 1493 superavit,
940 1444 1148 1492 eamque
1188 1429 1494 1494 resurgendo
1537 1428 1869 1492 consumpsit,
1897 1434 1943 1480 et

366 1496 753 1549 resurrectionis
779 1512 885 1551 sua
905 1499 1119 1566 gloriam
1147 1496 1469 1551 ascendendo
1493 1497 1789 1551 declaravit.
1824 1496 1877 1551 Ν
1882 1512 1942 1549 o-

368 1566 581 1617 tandum
604 1582 799 1635 quoque
828 1578 920 1627 est,
952 1569 1089 1635 quod
1122 1569 1265 1621 Elias
1294 1570 1347 1621 in
1376 1583 1529 1621 curru
1560 1566 1744 1635 legitur
1767 1583 1943 1620 ascen-

379 1636 522 1708 iisse,
545 1644 596 1708 ut
618 1637 850 1708 videlicet
876 1647 1050 1708 aperte
1074 1638 1442 1692 demonstraret
1468 1638 1586 1706 quia
1609 1636 1761 1690 homo
1784 1653 1943 1705 purus

368 1705 627 1779 adjutorio
654 1705 918 1776 indigebat
954 1708 1144 1761 alieno.
1192 1708 1293 1762 Per
1320 1705 1529 1779 angelbs
1571 1708 1758 1775 quippe
1807 1709 1945 1777 facta

367 1777 459 1848 illa
484 1786 531 1827 et
552 1785 753 1830 ostensa
779 1788 895 1830 sunt
925 1779 1256 1848 adjumenta;
1285 1777 1405 1843 quia
1428 1794 1515 1831 nec
1544 1780 1597 1831 in
1628 1778 1807 1832 calum
1830 1779 1943 1847 qui-

369 1844 483 1895 dem
510 1850 714 1919 ae'reum
755 1864 844 1915 per
884 1865 936 1901 se
964 1834 1251 1919 ascendere,
1277 1834 1496 1913 poterat,
1547 1863 1697 1919 quem
1745 1834 1946 1901 natura
1974 1834 2019 1893 Β

366 1929 476 1966 sua
503 1914 774 1988 inﬁrmitas
802 1921 1063 1988 gravabat.
1101 1918 1407 1988 Redemptor
1434 1914 1601 1971 autem
1641 1935 1741 1971 non
1769 1935 1946 1979 curru,

372 1998 471 2059 non
486 1986 690 2059 _angelis
719 1986 945 2040 sublatus
970 1987 1176 2059 legitur,
1204 1986 1323 2054 quia
1350 1989 1393 2040 is
1420 1989 1507 2057 qui
1537 1990 1727 2059 fecerat,
1752 1989 1946 2051 omnia,

370 2053 611 2124 nimirum
639 2071 792 2123 super
818 2058 988 2109 omnia
1012 2053 1105 2111 ἕνα
1134 2060 1313 2112 virtute
1355 2053 1632 2124 ferebatur.
1680 2057 1782 2110 Illo
1811 2059 1948 2112 enim

367 2123 726 2194 revertebatur,
754 2125 840 2179 ubi
864 2136 1006 2191 erat;
1037 2139 1081 2181 et
1109 2128 1227 2181 inde
1255 2123 1470 2194 redibat,
1506 2129 1591 2181 ubi
1618 2130 1903 2181 remanebat
1927 2142 1947 2181 :

369 2192 491 2273 quia
514 2208 636 2273 cum
678 2210 768 2265 per
799 2197 1166 2251 humanitatem
1212 2192 1499 2273 ascenderet
1526 2199 1581 2273 in
1622 2198 1823 2273 calum,
1858 2215 1950 2267 per

368 2264 687 2338 divinitatem
699 2282 893 2338 _suam,
926 2276 973 2320 et
1001 2277 1189 2321 terram
1220 2268 1410 2338 pariter
1438 2270 1726 2323 continebat
1766 2280 1814 2323 et
1842 2264 1945 2323 ca-

374 2334 661 2405 lum._l|':uc
687 2334 1002 2405 Gregorius.

440 2411 474 2477 ﬁ
506 2401 812 2477 Legebatur
835 2417 1014 2471 antea,
1064 2407 1306 2477 indiguit.
1359 2407 1471 2463 Nec
1513 2409 1732 2463 omnim
1782 2408 1943 2463 male.

371 2470 476 2525 Sed
504 2470 793 2545 imitandus
817 2470 1344 2533 fuerataccusativus
1367 2477 1417 2531 in
1442 2478 1758 2541 ablativum,
1787 2494 1944 2545 quem

387 2543 604 2623 tostulat
635 2545 868 2623 verbum
897 2547 1147 2623 indigere.
1180 2549 1249 2601 At
1277 2550 1391 2623 [nec
1420 2560 1601 2623 nostra
1632 2543 1949 2623 lectiulfaci-

397 2615 478 2691 ior
492 2619 557 2691 et
583 2615 758 2691 aptior
783 2615 1031 2691 videtur;
1047 2617 1356 2691 Respondet
1377 2621 1517 2672 enim
1540 2620 1782 2691 verbum,
1804 2620 1945 2672 indi-

367 2684 520 2748 cavit,
557 2684 738 2756 verbis
768 2687 1137 2755 sequentibus,
1168 2689 1319 2753 dixit,
1346 2700 1399 2741 et
1425 2688 1666 2753 ostendit,
1710 2698 1943 2756 spectat-

368 2765 478 2831 que
504 2753 670 2808 verba
690 2753 967 2831 superiora
995 2774 1008 2810 :
1030 2758 1264 2831 discendo
1284 2759 1351 2812 ad
1376 2753 1785 2831 Patrent‘meum,
1800 2770 1943 2831 pte,

369 2823 569 2904 quibus
588 2824 771 2904 verbis
814 2842 918 2881 non
951 2826 1240 2904 indicavit,
1280 2843 1385 2904 non
1424 2828 1741 2904 signiﬁcavit
1787 2823 1945 2904 Chrié

368 2898 947 2967 stusinterventuram
992 2898 1094 2952 sibi
1138 2913 1293 2967 apem
1323 2900 1566 2967 alterius,
1602 2901 1652 2953 itt
1681 2915 1773 2952 sua
1801 2901 1945 2954 scili-

369 2972 458 3086 32:
489 2964 837 3087 Asctcnsione,
860 2968 956 3023 sed
985 2983 1043 3024 se
1073 2964 1290 3039 propria
1348 2964 1561 3026 virtute
1592 2985 1944 3025 ascensurum

457 3048 522 3086 en
567 3050 582 3086 ι
612 3073 625 3085 .

369 3042 625 3086 ostendit.

418 3101 469 3141 ’δ
511 3102 666 3181 Yarla
689 3115 744 3161 et
766 3108 1042 3181 multiplex
1068 3107 1225 3181 huius
1251 3110 1501 3167 versiculi
1524 3121 1578 3167 et
1606 3114 1941 3181 sequentium

2050 1433 2173 1478 esset
2206 1425 2261 1477 in
2286 1424 2488 1490 calum,
2535 1422 2654 1478 aliis
2682 1422 2977 1477 docentibus
3008 1438 3186 1488 nosse;
3231 1424 3479 1492 quosdam
3510 1426 3629 1480 item

2050 1495 2117 1547 ad
2161 1492 2287 1548 Jesu
2328 1495 2485 1564 ipsius
2531 1495 2821 1547 haesitantes
2862 1501 3143 1560 aspectum,
3190 1494 3446 1564 divinique
3490 1494 3631 1550 illius

2049 1566 2216 1631 aperis
2242 1573 2286 1616 et
2329 1562 2422 1635 pro
2452 1565 2595 1618 nobis
2640 1573 2915 1635 assumpta:
2938 1564 3106 1635 carnis
3148 1562 3409 1617 scientiam
3439 1565 3632 1620 discere

2049 1633 2336 1705 cupientes,
2357 1649 2482 1703 quos
2511 1634 2617 1703 ipse
2644 1633 2798 1686 Jesus
2817 1633 2915 1703 per
2948 1649 3000 1686 se
3044 1634 3248 1705 doceat,
3295 1635 3632 1704 eximiamque

2051 1704 2406 1775 benignitatem
2435 1720 2580 1757 suam
2609 1705 2775 1772 primo
2799 1704 3171 1775 ipsisinsinuet
3195 1719 3324 1775 :ego
3353 1708 3484 1775 enim
3503 1747 3516 1765 ,
3548 1710 3633 1759 in-

2049 1774 2403 1846 quit,_ioqnor
2434 1775 2729 1846 justitiam,
2759 1783 2806 1827 et
2838 1774 3099 1846 judicium
3146 1774 3410 1846 salutaris,
3437 1774 3631 1846 (Isaia

2050 1860 2173 1899 um
2273 1842 2498 1909 Dignum
2522 1861 2635 1915 vero
2662 1842 2911 1915 miraculo
2928 1854 3019 1903 est,
3052 1860 3143 1895 cur
3162 1845 3341 1913 prima
3372 1842 3477 1898 illa
3500 1863 3629 1915 quo-

2051 1931 2147 1979 que
2194 1915 2405 1968 virtutes
2436 1914 2681 1983 angelica
2708 1914 2850 1983 (qua:
2892 1924 3095 1967 rateras
3128 1922 3270 1966 tanto
3316 1914 3632 1970 celsitudinis

2051 1983 2245 2037 honore
2272 1984 2671 2055 trtutscendunt)
2705 1986 2995 2037 divinarum
3043 1984 3405 2055 in‘elligentias
3435 2003 3625 2052 rerum,

2049 2055 2197 2122 qu-osi
2240 2072 2339 2108 non
2366 2070 2595 2123 summa,
2627 2055 2716 2109 sed
2746 2055 2923 2108 media
2968 2056 3089 2120 sint,
3138 2072 3168 2105 a
3216 2055 3319 2107 Deo
3348 2066 3630 2109 reverenter

2049 2126 2315 2179 addiscere
2342 2126 2571 2192 cupiant,
2622 2142 2722 2177 non
2767 2125 2897 2177 enim
2938 2125 3007 2176 ad
3050 2125 3218 2189 ipsum
3261 2127 3432 2177 statim
3480 2128 3629 2179 verba

2050 2194 2297 2264 dirigunt,
2346 2196 2711 2263 interrogantes
2741 2211 2759 2247 :
2784 2210 2938 2264 quare
2975 2197 3129 2246 rubra
3166 2205 3284 2247 sunt
3330 2196 3629 2249 vestimenta

2049 2274 2136 2316 tua
2159 2266 2184 2318 .’
2212 2267 2300 2318 sed
2328 2267 2470 2333 prius
2498 2267 2629 2317 inter
2657 2282 2710 2319 se
2737 2268 3004 2329 barentes,
3038 2265 3320 2330 inquirunt,
3361 2276 3415 2317 ut
3461 2277 3630 2319 osten-

2050 2336 2174 2387 dant
2202 2336 2406 2401 quidem
2434 2352 2487 2388 se
2511 2336 2733 2388 discendi
2761 2336 2962 2401 avidas,
2992 2344 3039 2387 et
3070 2336 3229 2386 divini
3274 2336 3438 2403 operis
3462 2338 3629 2390 scien-

2048 2405 2171 2457 tiam
2200 2422 2402 2470 cupere,
2438 2422 2605 2458 verum
2640 2405 2772 2459 hanc
2802 2406 2897 2458 sibi
2938 2421 3254 2471 nequaquam
3286 2415 3400 2457 ante
3440 2406 3630 2461 divina

2046 2474 2401 2529 illustrationis
2428 2477 2647 2545 gratiam
2678 2492 2770 2529 suo
2811 2476 2989 2527 ordine
3018 2476 3332 2545 procedentis
3378 2490 3630 2545 usurpare

2050 2560 2375 2612 prasumere.
2410 2545 2533 2599 llrc
2562 2545 2777 2599 divinus
2820 2546 3124 2616 Dionysius,
3173 2554 3455 2614 utrumque
3482 2545 3627 2600 Scri-

2049 2628 2221 2695 pturae
2252 2616 2455 2680 locum,
2486 2624 2667 2683 utpote
2690 2617 3020 2695 consimilem
3059 2627 3108 2668 et
3148 2616 3626 2695 max_i‘me_aflinem

2050 2685 2277 2757 intergse
2303 2701 2633 2757 componens
2660 2696 2818 2755 atque
2862 2685 3210 2757 conjungens.
3260 2686 3322 2739 D.
3358 2686 3626 2757 Hierony-

2048 2769 2168 2810 mus
2208 2756 2262 2825 in
2307 2754 2464 2823 epist.
2519 2754 2622 2810 142
2652 2754 3083 2810 ειάῡθηιειευηιε
3121 2756 3372 2817 Virtutes,
3423 2754 3622 2825 inquit,

2046 2841 2161 2895 qua
2189 2824 2410 2880 Domino
2440 2826 2823 2895 (ascendenti)
2866 2826 3256 2886 ministrabant,
3306 2829 3373 2879 ad
3401 2824 3628 2881 calestes

2047 2894 2179 2967 alias
2224 2897 2547 2967 fortitudines
2588 2894 2994 2966 proclamabam,
3047 2907 3102 2948 ut
3144 2898 3369 2961 pandant
3406 2899 3628 2966 januam

2050 2965 2272 3020 Domino
2301 2969 2566 3021 revertenti
2590 2965 2608 3019 ':
2643 2967 2828 3020 Tollite
2858 2977 3051 3035 portas,
3086 2968 3362 3035 principes,
3394 2965 3627 3033 vestras;

2045 3037 2173 3103 sive,
2209 3045 2263 3090 ut
2294 3038 2480 3105 Aquila
2508 3039 2871 3104 interpretatur
2893 3052 2911 3089 :
2947 3035 3179 3089 Attollite
3199 3079 3212 3101 ,
3239 3046 3428 3103 porta,
3461 3038 3630 3105 capita

2045 3116 2232 3171 vestra,
2258 3118 2307 3163 et
2328 3109 2553 3161 introibit
2591 3108 2697 3160 Rea:
2726 3106 2925 3178 gloria.
2972 3107 3196 3161 Rursum
3239 3107 3346 3160 illa
3369 3123 3516 3176 quem
3545 3110 3630 3160 in-

370 3173 947 3259 reperiturexpositio'.
987 3173 1531 3259 PrimaLetmaxime
1560 3173 1737 3259 olivis,
1768 3190 1826 3259 et
1856 3183 1942 3259 lit-
1969 3195 2016 3259 ο
2048 3178 2231 3230 dutum
2265 3194 2425 3259 carne
2447 3173 2799 3259 conspiciunt,
2814 3194 2943 3259 novo
2966 3179 3204 3259 mysterio
3230 3173 3525 3259 stupefacta
3547 3179 3629 3230 in-

373 3242 585 3323 teralis,
611 3254 670 3297 ut
693 3242 761 3323 sit
781 3261 960 3323 sermo
986 3248 1152 3317 ipsius
1179 3242 1492 3316 Psalmista,
1516 3250 1605 3323 qui
1628 3242 1943 3323 prpphetico

370 3316 563 3394 spiritu
595 3316 1019 3394 pravidenstac’
1053 3327 1233 3394 mente
1271 3316 1644 3394 contemplans
1669 3316 1942 3394 Christum

369 3380 579 3461 devicta
598 3380 778 3461 morte
798 3380 1029 3455 gloriose
1055 3388 1108 3442 in
1130 3389 1323 3461 caelum
1353 3380 1753 3461 ascendentem.
1784 3392 1944 3446 nimia

372 3450 728 3534 admiratione
755 3450 1068 3534 c6rreptus,_
1091 3458 1315 3534 angelos
1354 3460 1594 3514 etelestis
1621 3462 1755 3514 aulae
1790 3463 1948 3534 prin-

370 3524 518 3642 cipes
544 3524 623 3604 sic
650 3524 952 3609 alloquetur
978 3536 1036 3608 et
1058 3524 1379 3610 interpellet,
1412 3540 1469 3583 ut
1496 3538 1677 3597 portas
1700 3524 1948 3586 cmlestes

371 3605 419 3642 It
444 3602 678 3642 venienti
709 3593 839 3642 Rem
868 3600 1053 3642 alnrtm
1081 3610 1133 3642 ρι
1173 3598 1396 3642 Dnmmn
1440 3600 1716 3642 virtutum-
1766 3599 1815 3642 id
1843 3611 1921 3642 pet

371 3593 678 3672 giveiiienti
709 3593 840 3672 Regi
868 3598 1133 3672 gloriaet
1171 3593 1396 3672 Domino
1440 3593 1741 3672 virtutum,
1766 3599 1815 3654 id
1843 3611 1942 3665 est,

372 3658 589 3716 Christo
614 3677 743 3737 vero
773 3658 897 3721 Deo-
928 3668 1191 3737 aperiant,
1239 3680 1291 3724 et
1324 3670 1494 3736 ipsum
1523 3658 1945 3736 triumphantem

370 3741 595 3815 ovantes
624 3735 897 3815 «incipiant
926 3754 938 3788 :
964 3735 1023 3815 et
1060 3753 1207 3794 more
1230 3735 1461 3815 poetico
1504 3735 1810 3815 introducat
1847 3756 1947 3815 an-

370 3802 544 3925 g‘elos,
587 3803 677 3869 qui
723 3802 954 3862 vicissim
1002 3808 1178 3875 ipsum
1229 3802 1561 3879 interrogent
1592 3812 1713 3880 quis
1749 3810 1816 3864 sit
1861 3811 1951 3867 ille

423 3888 488 3925 ex
517 3871 741 3925 alarias:
776 3892 880 3925 non
904 3880 1045 3925 mind
1074 3880 1244 3925 australi
1274 3880 1329 3925 in
1363 3881 1461 3925 hac
1491 3882 1818 3925 Ascensinne
1849 3881 1949 3925 Dn.

423 3871 703 3954 ingloria?
727 3891 741 3929 :
776 3892 880 3931 non
893 3871 1047 3954 quod
1074 3880 1244 3950 angeli
1274 3880 1329 3935 in
1356 3871 1461 3954 hac
1490 3871 1818 3954 Ascensione
1849 3881 1949 3954 Do:

372 3946 509 4025 mini
548 3947 855 4025 ignorarent
885 3946 1173 4025 Christum:
1201 3950 1552 4025 essent-gem
1599 3952 1805 4021 glorise,
1855 3952 1949 4006 sed

373 4019 450 4089 ut_
474 4015 741 4089 exprimat
786 4014 1061 4089 ingentem
1109 4014 1519 4073 admirationi-m
1565 4014 1725 4089 qiiam
1764 4014 1948 4075 secum

372 4080 639 4163 aﬂerebat
675 4080 895 4163 novitas
916 4088 1025 4152 illa,
1073 4090 1214 4157 quod
1251 4099 1561 4163 cerneretur
1584 4080 1754 4145 'verus
1790 4094 1951 4146 homo

373 4151 671 4225 corporalis
698 4155 994 4211 ascendere
1020 4151 1183 4225 super
1222 4173 1411 4212 omnes
1438 4160 1623 4223 caelos,
1672 4176 1775 4214 non
1810 4170 1949 4213 tam-

372 4234 530 4301 quam
560 4223 774 4301 hospes,
800 4226 896 4301 sed
922 4223 1192 4301 iamquith
1223 4227 1546 4301 Dominuset
1569 4230 1953 4301 Rexgloriosm

374 4296 431 4367 et
464 4295 806 4367 sempiternas
835 4295 1085 4367 civitatis.
1123 4296 1432 4367 Respondet
1473 4313 1650 4353 autem
1683 4295 1948 4367 Propheta

379 4359 579 4427 Regem
608 4362 794 4429 glorias
827 4381 948 4423 esse
971 4359 1247 4422 Christum
1286 4370 1565 4424 Dominum
1598 4359 1947 4424 fortissimum

377 4437 434 4483 et
471 4433 923 4508 potentissimum,
977 4439 1065 4508 qui
1096 4440 1386 4507 potentiam
1419 4453 1570 4493 suam
1614 4440 1852 4495 ostendit
1896 4441 1947 4495 in

374 4500 561 4579 praelia
583 4514 774 4579 contra
804 4500 1109 4579 principem
1132 4513 1490 4569 tenebrarum.
1535 4526 1693 4579 quem
1722 4509 1942 4575 devicit,

371 4552 730 4646 ἑρἆἰὲνίῖἷὶ
744 4552 1693 4646 “ai't'iéi'iiﬁ'i'tivb‘éiiaﬁiiiiiiisi"sui
1724 4552 1948 4634 ῖίἀὲῖἱῖἑ
1976 4552 2024 4614 υ

373 4640 578 4718 Auctor
602 4640 923 4718 intelligere,
954 4662 1074 4718 cum
1106 4648 1321 4703 subdit:
1348 4647 1575 4718 Cumque
1602 4652 1710 4718 ipse
1746 4650 1861 4712 sibi,
1894 4660 1950 4704 ut

369 4712 517 4793 solet.
541 4729 706 4793 sermo
733 4712 934 4793 divinus
961 4717 1045 4787 (id
1086 4728 1189 4793 est,
1241 4712 1584 4793 propheticus
1606 4712 1633 4785 )’
1662 4721 1811 4793 quasi
1853 4720 1946 4774 sub

372 4782 675 4855 inquirentis
702 4788 906 4840 nomine
928 4782 1291 4855 respondisset,
1337 4782 1443 4843 etc.
1491 4782 1733 4844 Secunda
1776 4805 1945 4854 expo-

370 4852 496 4928 sitio
523 4862 579 4909 ut
613 4856 683 4913 sit
708 4856 923 4928 quidam
953 4852 1195 4928 dialogus
1224 4852 1284 4912 et
1304 4859 1592 4913 collocutin
1635 4852 1944 4928 angelorum

375 4922 658 4995 bonorum,
683 4922 1021 4993 superiorum
1047 4922 1297 4983 videlicet
1323 4938 1377 4984 et
1396 4922 1731 4995 inferiorum,
1759 4930 1827 4986 de
1855 4930 1949 4985 ad-

372 4992 614 5051 miranda
645 4992 841 5053 Christi
889 4999 1221 5055 Ascensione
1269 5000 1407 5053 inter
1443 5015 1503 5055 se
1530 4992 1952 5066 conferentium,

385 5071 469 5143 est
492 5069 795 5143 communis
824 5066 936 5143 fere
956 5067 1075 5143 SS._
1094 5068 1332 5143 Patrum.
1362 5070 1452 5143 _Sic
1480 5073 1621 5125 enim
1654 5072 1714 5125 B'.
1750 5071 1948 5143 Diony-

369 5135 482 5212 sius
506 5135 829 5212 _Areopagita
849 5138 1111 5212 Caelestis
1140 5140 1471 5212 Hierarehim
1505 5156 1624 5211 cap.
1668 5143 1699 5196 7
1730 5135 1945 5211 :lstud,

370 5206 566 5283 inquit,
600 5206 857 5283 theologi(
875 5207 929 5263 id
951 5218 1060 5283 _es_t,
1086 5225 1272 5283 rerum
1303 5206 1600 5283 divinarum
1628 5206 1943 5283 scriptores)

368 5275 596 5340 apertius
638 5275 895 5352 indicant,
944 5279 1208 5352 inferiores
1255 5280 1443 5350 spilicet
1473 5275 1751 5336 calestiuni
1789 5275 1946 5352 spiri-

371 5350 820 5423 flfunuordinesa
848 5351 1192 5423 superioribus
1222 5352 1511 5405 divinorum
1555 5368 1759 5423 operum
1787 5350 1948 5405 scien-

370 5414 496 5467 tiam
521 5414 870 5488 honestissime
894 5414 1117 5486 discere;
1160 5423 1247 5488 qui
1293 5437 1407 5476 vero
1450 5414 1687 5476 celsibres
1715 5422 1943 5476 omnibus

369 5494 507 5566 latnt,
536 5503 572 5566 ε
599 5486 799 5566 Deitate
818 5492 929 5566 ipsa
952 5490 1042 5562 (ut
1068 5492 1151 5566 [as
1170 5486 1285 5566 est)
1313 5508 1541 5566 seorsum
1560 5493 1808 5566 sacratius
1829 5509 1947 5545 rru-

369 5552 495 5606 diri.
529 5557 799 5633 Quosdam,
822 5552 1204 5633 enim‘egv'ipsis
1234 5552 1483 5616 inducunt
1516 5580 1547 5615 a
1582 5563 1837 5633 prioribus
1866 5579 1946 5616 sa-

370 5630 973 5702 cramenta_perdisce_re;
1003 5630 1372 5702 Dominamque
1398 5630 1677 5687 calestimn
1708 5635 1945 5687 virtutum

368 5709 499 5762 esse,
533 5712 593 5751 ac
624 5697 809 5769 Regem
839 5700 1033 5767 gloria,
1067 5706 1154 5771 qui
1196 5697 1418 5757 humana
1455 5706 1621 5771 forma
1657 5713 1944 5772 assumptus

2047 3258 2307 3318 terrogant
2330 3248 2510 3318 :_Quis
2534 3246 2607 3301 est
2634 3249 2726 3318 iste
2755 3246 2867 3300 Rea:
2894 3246 3106 3313 gloria?
3136 3248 3500 3318 accipiantque
3547 3264 3629 3300 re-

2045 3316 2288 3389 sponsum
2311 3333 2330 3371 :
2352 3316 2604 3371 Dominus
2628 3317 2871 3389 virtutum
2892 3318 3000 3389 ipse
3024 3326 3095 3389 est
3121 3317 3232 3389 Rea:
3249 3316 3447 3389 gloria.
3475 3318 3628 3382 Quod

2046 3386 2102 3441 in
2136 3387 2352 3442 Rebrao
2380 3389 2657 3441 scribitur:
2681 3386 2935 3440 Dominus
2961 3386 3213 3442 Sabaoth.
3247 3386 3627 3455 Sciendumque

2045 3460 2168 3527 quia
2196 3458 2501 3529 ubicumque
2527 3456 2863 3529 Septuaginta
2890 3456 3196 3524 Interpretes
3228 3456 3502 3511 Dominum
3523 3460 3629 3511 vir-

2048 3537 2240 3593 tutum,
2288 3537 2335 3583 et
2380 3529 2657 3581 Dominum
2698 3530 3090 3597 omnipotentem
3131 3537 3520 3596 expresserunt,
3569 3529 3626 3581 in

2051 3596 2267 3670 Hebrao
2294 3600 2361 3652 sit
2386 3600 2630 3670 positum,
2676 3596 2927 3651 Dominus
2963 3598 3212 3670 Sabaoth,
3242 3598 3449 3670 etcLEt
3487 3599 3537 3651 in
3566 3613 3619 3653 ο.

2049 3683 2176 3722 unt
2209 3667 2501 3735 lsaiae,’ubi
2540 3669 2681 3724 hunc
2726 3670 2899 3723 locum
2926 3683 3047 3722 cum
3092 3668 3183 3722 illo
3213 3668 3459 3723 similiter
3488 3683 3625 3721 con-

2050 3737 2148 3792 fert
2182 3756 2195 3791 :
2221 3737 2327 3810 ls_te
2352 3747 2447 3805 est,
2481 3740 2678 3810 inquit,
2701 3754 2850 3808 quem
2877 3739 3121 3810 angelica
3150 3748 3418 3809 patestates
3449 3739 3627 3791 viden-

2049 3818 2123 3861 tes
2160 3810 2227 3861 ad
2247 3804 2462 3862 Patrem
2496 3804 2767 3863 ascendere
2803 3804 3099 3873 cruentum,
3140 3804 3396 3875 imperant
3428 3810 3629 3862 cateris

2049 3879 2264 3948 angelis,
2310 3886 2357 3933 et
2396 3878 2459 3930 ab
2496 3879 2568 3932 eis
2596 3880 2859 3932 audiunt:
2882 3877 3065 3933 Levate
3102 3887 3294 3949 portas,
3340 3879 3627 3949 principes.

2050 3947 2260 4020 vestras,
2281 3949 2584 4020 etintroibit
2610 3949 2718 4002 Rea:
2741 3949 2941 4020 gloria,
2970 3958 3075 4004 etc.
3103 3947 3439 4018 'Interrogant
3468 3949 3629 4017 igitur

2050 4018 2237 4089 angeli,
2270 4019 2343 4073 rei
2371 4019 2589 4073 novitate
2615 4018 2871 4090 perterriti
2903 4019 2921 4090 (
2938 4020 3237 4089 mysterium
3262 4022 3397 4071 enim
3427 4020 3629 4090 passio-

2049 4086 2133 4142 nis
2148 4099 2195 4142 et
2213 4090 2602 4143 resurrectionis
2616 4086 2835 4155 Christi,
2860 4086 3138 4143 secundum
3163 4090 3452 4154 apostolum
3483 4086 3628 4140 Pau-

2050 4158 2157 4211 lum
2184 4158 2240 4231 [1
2293 4158 2415 4213 Cor.
2458 4156 2551 4230 tt],
2585 4159 2777 4213 cunctis
2826 4168 2959 4213 retro
3004 4158 3413 4230 generationibus
3433 4161 3631 4280 [fuerat

2050 4228 2406 4280 ianoratuml:
2436 4228 2561 4280 Duis
2584 4238 2657 4280 est
2678 4230 2773 4280 iste
2793 4231 2878 4280 aui
2900 4230 2963 4280 de
2987 4240 3121 4280 terra
3143 4239 3379 4280 cruentus
3401 4245 3430 4280 a
3469 4230 3631 4280 venit?

2047 4228 2406 4301 ignoratum):
2436 4228 2561 4301 Quis
2584 4238 2657 4284 est
2678 4230 2773 4284 iste
2793 4231 2878 4301 qui
2900 4230 2963 4282 de
2987 4228 3121 4301 terra
3143 4239 3379 4282 cruentus
3401 4228 3634 4282 advenit?

2050 4308 2152 4369 etc.
2191 4300 2429 4364 Denique
2456 4310 2510 4353 et
2540 4300 3051 4369 ipseicommentans
3080 4300 3133 4353 in
3167 4301 3429 4363 psalmum
3462 4313 3624 4352 xsttt:

2049 4368 2383 4432 Ascendente,
2418 4368 2607 4437 inquit,
2642 4368 2886 4433 Domino,
2916 4369 2969 4423 hi
2998 4371 3083 4439 qui
3112 4369 3480 4438 pracedcbant,
3525 4370 3632 4422 sive

2049 4438 2445 4509 c_omitabantur,
2489 4439 2606 4492 aliis
2646 4455 2827 4492 eorum
2870 4438 3181 4509 principibus
3224 4439 3580 4492 acclamabant
3609 4454 3630 4491 :

2058 4506 2243 4561 Tollite
2285 4516 2478 4580 portas,
2508 4509 2782 4580 principes,
2817 4506 3042 4573 vestras,
3059 4519 3107 4563 et
3146 4510 3432 4574 elevamini,
3466 4518 3632 4577 porta

2049 4580 2335 4632 aternales.
2391 4579 2517 4632 Hoc
2542 4588 2644 4646 est,
2684 4590 2907 4634 reserate
2946 4582 3167 4634 calestes
3206 4580 3407 4643 aditus,
3456 4589 3633 4648 pateat

2048 4650 2305 4720 aternalis
2320 4650 2596 4720 ingressus.
2613 4650 2670 4703 S.
2685 4648 3007 4720 Augustinus
3030 4665 3279 4720 sermone
3292 4650 3324 4704 5
3341 4650 3408 4703 de
3428 4653 3635 4703 Ascen-

2047 4718 2200 4773 sione
2226 4718 2435 4773 Domini
2464 4737 2477 4771 :
2504 4718 2787 4782 Viderunt,
2805 4722 2994 4787 inquit,
3022 4719 3210 4773 caelites
3236 4721 3404 4772 cuncti
3433 4720 3633 4785 specio-

2046 4804 2161 4841 sum
2204 4788 2795 4860 vulnet‘ibusCItristnm,
2842 4792 3009 4860 spolia
3035 4792 3099 4843 de
3138 4791 3317 4843 castris
3346 4790 3633 4859 tgrannicis

2048 4870 2327 4931 reportata,
2363 4869 2409 4912 et
2443 4858 2754 4912 admirantes
2795 4858 3042 4931 fulgentia
3081 4861 3263 4913 divina
3302 4858 3500 4912 virtutis
3545 4876 3632 4912 ve-

2046 4927 2195 5001 a:_illa,
2221 4931 2404 4984 talibus
2426 4938 2729 5000 Concrepant
2746 4927 2971 5001 hymnis,
2998 4931 3352 5001 deducuntque
3373 4932 3632 5001 (tutantes:

2053 4998 2179 5071 Quis
2204 5011 2299 5068 est,
2326 5001 2585 5071 inquiunt,
2606 4998 2709 5053 iste
2730 4998 2842 5054 Rea:
2864 5001 3079 5071 gloria?
3104 5009 3152 5052 et
3180 5000 3357 5071 aiunt:
3373 4998 3629 5071 Dominus

2047 5070 2291 5123 virtutum
2320 5068 2429 5139 ipse
2458 5079 2531 5124 est
2562 5070 2673 5125 Rea:
2699 5068 2897 5143 gloria.
2936 5069 3033 5143 Hic
3062 5068 3263 5143 e:=t__itle
3287 5068 3540 5143 candidus
3578 5080 3629 5143 et

2048 5155 2243 5207 roseus,
2293 5137 2625 5211 compunctus
2653 5137 3068 5194 a'multitudine.
3114 5139 3219 5211 llic
3256 5151 3331 5193 est
3376 5137 3495 5211 ille,
3536 5141 3629 5211 qui

2048 5225 2152 5281 non
2190 5212 2367 5264 habuit
2407 5208 2628 5281 speciem
2676 5226 2835 5279 neque
2876 5212 3104 5281 decorem
3132 5208 3321 5279 (Isaia
3351 5209 3504 5279 ιιιι),
3540 5209 3629 5281 ir.-

2048 5280 2228 5347 [irmus
2252 5283 2304 5335 in
2331 5279 2539 5348 laqueo,
2573 5282 2720 5349 fortis
2747 5282 2800 5334 in
2841 5280 3024 5351 spolio,
3054 5282 3175 5351 vilis
3196 5282 3247 5351 in
3278 5279 3577 5351 corpusculo
3604 5322 3621 5347 ,

2048 5362 2276 5405 armatus
2303 5351 2357 5405 in
2383 5352 2579 5417 pralio,
2612 5352 2776 5419 fadus
2796 5354 2849 5403 in
2869 5349 3055 5415 morte,
3087 5349 3298 5419 pulcher
3323 5349 3375 5402 in
3398 5364 3627 5403 resurre-

2050 5424 2233 5485 ctione,
2264 5421 2515 5474 candidus
2538 5436 2599 5474 ex
2630 5419 2861 5489 Virgine,
2890 5420 3204 5474 rubicundus
3235 5423 3286 5474 in
3312 5436 3481 5488 cruce,
3511 5422 3627 5489 fus-

2052 5507 2143 5544 cus
2169 5494 2219 5543 in
2249 5490 2553 5558 opprobrio,
2577 5491 2750 5545 clarus
2781 5493 2833 5544 in
2866 5492 3012 5545 calo.
3042 5491 3221 5544 Tertia
3253 5491 3537 5558 expositio,
3566 5501 3626 5544 ut

2052 5561 2123 5614 sit
2171 5561 2285 5615 hzrc
2333 5572 2512 5615 mutua
2556 5561 2843 5616 collocutio
2885 5571 2939 5614 et
2986 5562 3266 5628 reaponsio
3312 5561 3628 5628 angelorum

2054 5630 2315 5685 bonorum
2345 5646 2399 5686 et
2434 5631 2715 5685 malorum.
2766 5632 2855 5687 Sic
2894 5632 2955 5685 D.
2998 5626 3352 5701 Hieronymus
3381 5626 3432 5683 in
3468 5626 3635 5701 Cum-

2054 5703 2317 5758 meutario
2358 5701 2599 5771 ejusdem
2645 5701 2835 5772 psalmi
2870 5720 2880 5757 :
2916 5701 3048 5769 Vos,
3091 5700 3285 5773 inquit,
3324 5700 3631 5766 angelorum
