4016 6192
320 277 429 334 26’)

1314 280 1398 334 DE
1440 277 1948 339 INCARNATIONE
1989 279 2256 338 CHRISTI
2300 284 2426 339 LIB.
2476 286 2583 341 VH.

3488 294 3596 352 250

320 388 561 459 Cumque
587 392 704 458 ipse
735 389 861 457 sibi,
893 400 952 444 ut
988 390 1127 444 solet
1154 404 1333 444 sermo
1360 390 1600 453 divinus,
1627 389 1777 459 quasi
1808 390 1907 444 sub
1935 396 1982 454 Α
2010 407 2132 447 eum
2160 394 2382 461 gloriam
2430 397 2627 451 habere
2656 398 2950 467 propriam,
2985 409 3038 455 ut
3072 417 3177 457 non
3224 418 3481 475 negemus
3510 416 3594 461 ta-

320 481 648 550 iuquirentis
693 483 912 538 nomine
954 482 1345 552 respondisset,
1397 483 1523 549 Quis
1552 493 1628 537 est
1669 484 1764 537 iste
1798 484 1909 537 Rea:

318 573 540 645 glorier?
565 576 747 629 statim
794 574 1055 640 subdidit,
1104 572 1357 627 Dominus
1401 575 1549 644 fortis
1597 584 1644 627 et
1688 587 1905 644 potens,

316 665 576 720 Dominus
622 678 801 735 potens
830 671 883 720 in
922 666 1138 735 pra’lio;
1185 665 1284 720 sub
1331 665 1498 734 praelii
1547 666 1731 735 utique
1770 666 1908 735 gesti

315 758 563 825 naiuine,
612 759 891 813 victoriam
922 758 1135 813 Domini
1165 758 1546 824 triumphantis
1586 758 1903 812 ostendens.

316 849 523 906 Deinde
553 867 676 905 cum
704 852 771 905 ad
800 851 1175 922 complendam
1204 853 1279 905 rei
1311 852 1729 921 expositionem,
1780 863 1904 907 tex-

312 953 426 999 tum
456 945 750 1012 supradicti
792 944 1059 1000 sermonis
1104 946 1385 1008 iterasset,
1428 944 1526 999 hac
1568 944 1903 1012 majestatetn

310 1036 533 1093 Domini
562 1038 759 1092 coelum
808 1037 1136 1092 iutroeuntis
1183 1036 1532 1091 conclusione
1562 1036 1902 1102 monstravit,

309 1129 533 1185 dicens:
550 1127 801 1183 Dominus
823 1129 1091 1192 uirtutum,
1110 1128 1217 1199 ipse
1237 1138 1310 1181 est
1334 1126 1445 1181 Rea:
1459 1125 1661 1198 g'Oriw.
1686 1126 1908 1181 Scilicet

310 1236 379 1274 ne
408 1221 685 1286 susceptio
714 1220 960 1289 corporis
996 1219 1253 1273 honorem
1285 1232 1510 1272 summa:
1559 1218 1908 1272 imminuetet

308 1314 339 1368 d
369 1315 634 1376 rinitatis,
671 1314 922 1369 eumdem
951 1314 1036 1368 hic
1064 1312 1353 1367 Dominum
1399 1313 1679 1375 virtulum,
1726 1322 1779 1367 et
1818 1327 1905 1366 re-

306 1420 426 1475 gem
468 1406 707 1459 caelestis
732 1405 917 1475 gloria:
957 1418 1080 1460 esse
1115 1403 1325 1466 docuit,
1357 1418 1516 1472 quem
1547 1403 1797 1473 superius
1824 1402 1905 1457 vi-

306 1505 514 1550 ctorem
567 1495 760 1550 inferni
808 1495 977 1565 praelii
1008 1495 1341 1565 przedicavit.
1386 1494 1539 1549 Nunc
1565 1504 1620 1549 et
1646 1495 1898 1549 donatam

306 1586 542 1641 Domino
573 1587 799 1657 gloriam
830 1602 951 1642 esse
978 1588 1166 1652 dicito,
1186 1584 1318 1641 cum
1358 1595 1412 1641 et
1450 1585 1729 1656 prophetia
1774 1600 1898 1641 eum

305 1677 511 1748 Regem
543 1680 730 1747 glorias
756 1693 876 1734 esse
899 1680 1121 1746 dixerit,
1154 1687 1209 1735 et
1249 1682 1363 1747 ipse
1389 1680 1459 1734 de
1501 1695 1561 1735 se
1603 1680 1671 1733 ita
1707 1678 1899 1734 testiﬁ-

2013 500 2132 539 men
2168 485 2303 540 hanc
2331 480 2498 555 ip~am
2530 490 2715 559 gloriae
2745 493 3126 559 proprietatem
3158 497 3204 550 ei
3243 512 3365 551 cum
3394 497 3593 567 Spiritu

2009 592 2073 632 ac
2103 578 2254 632 Patre
2281 595 2399 635 esse
2430 596 2791 637 communem.
2821 584 2952 650 Quia
2996 587 3254 657 quidquid
3297 589 3438 645 Deus
3468 606 3597 659 pos-

2009 669 2169 734 sidet,
2214 670 2435 725 Deitatis
2482 684 2592 736 est;
2641 684 2692 728 et
2738 690 2960 743 regnum
3001 678 3188 745 glorite
3238 680 3307 732 ita
3340 690 3422 734 est
3454 679 3592 734 Filio

2011 761 2101 815 Dei
2138 762 2434 830 prOprium,
2466 764 2605 830 quod
2648 780 2755 817 non
2783 776 2866 819 est
2896 775 3070 822 tamen
3101 784 3128 820 a
3164 770 3326 823 totius
3360 770 3593 827 Deitatis

2010 856 2339 922 proprietate
2370 854 2619 908 divisum.

2218 1014 2237 1022 _
2560 946 2788 1002 CAPUT
2826 948 3013 1002 xxrv.

2079 1034 2135 1089 Β.
2171 1033 2361 1089 Ililarii
2382 1039 2689 1091 auctoritate
2714 1038 3001 1091 doctrinam
3031 1040 3165 1093 hanc
3191 1042 3488 1096 corroborat

2077 1126 2183 1181 Sed
2208 1136 2415 1197 tempus
2438 1128 2646 1182 tandem
2672 1140 2753 1182 est
2780 1131 2938 1185 liuent
2964 1132 3125 1196 libro,
3150 1134 3313 1186 immo
3336 1134 3585 1189 universo

2007 1220 2159 1289 operi
2194 1220 2491 1289 imponere,
2532 1222 2575 1275 si
2610 1238 2897 1290 pauttornn
2933 1232 3109 1278 tamen
3151 1234 3458 1279 sanctorum
3508 1228 3587 1281 vi~

2005 1326 2191 1364 rarum
2219 1323 2379 1379 atque
2405 1313 2689 1364 illustrium
2718 1314 3058 1367 sacerdotum
3083 1313 3221 1369 dicta
3252 1315 3541 1370 sulnlidero
3566 1360 3581 1383 ,

2004 1412 2062 1456 ut
2096 1402 2147 1455 id
2174 1402 2314 1470 quod
2345 1403 2665 1456 auctoritate
2696 1404 3124 1457 testimoniorum
3156 1420 3433 1459 sacrorum
3474 1405 3580 1474 jam

2000 1494 2441 1562 approbavimus,
2472 1494 2634 1548 etiam
2667 1493 2769 1547 lide
2801 1494 3083 1562 praesentis
3131 1497 3392 1563 temporis
3423 1494 3583 1548 robo-

2001 1602 2201 1642 remus.
2239 1596 2263 1623 δι
2293 1586 2525 1641 Hilarius
2555 1586 2637 1640 vir
2661 1588 2918 1641 virtutum
2950 1587 3188 1642 omnium
3231 1597 3389 1658 atque
3418 1603 3582 1642 orna-

2002 1689 2329 1743 mentorum,
2362 1688 2415 1732 et
2442 1680 2580 1733 sicut
2606 1677 2732 1743 vita,
2770 1680 2839 1731 ita
2868 1678 3180 1747 eloquentia
3211 1679 3453 1746 insignis,
3486 1679 3579 1746 qui

306 1780 462 1823 catus
493 1770 566 1823 sit
594 1789 606 1821 :
630 1769 760 1823 Cum
803 1772 992 1824 venerit
1037 1769 1216 1825 Filius
1262 1770 1491 1825 hominis
1524 1772 1579 1824 in
1608 1770 1777 1843 gloria
1803 1787 1900 1824 sua
1930 1763 1975 1823 B
2003 1780 2057 1827 et
2099 1770 2355 1839 magister
2398 1770 2757 1823 Ecclesiarum
2799 1778 2854 1823 et
2891 1769 3165 1833 sacerdos,
3209 1784 3312 1823 non
3361 1784 3454 1838 per
3484 1783 3584 1823 sua

306 1858 529 1929 (Matth.
562 1859 713 1930 xxv).
742 1860 1025 1930 Repugna,
1053 1862 1096 1915 si
1131 1870 1305 1930 potes,
1336 1872 1390 1917 et
1419 1862 1807 1927 eontradicito;
1839 1870 1897 1917 ut

302 1965 427 2005 com
462 1951 554 2006 ille
576 1966 637 2006 se
670 1951 870 2006 habere
909 1960 1135 2007 testetur
1167 1952 1394 2020 gloriam
1435 1967 1611 2018 suam,
1655 1959 1712 2006 tu
1741 1966 1899 2007 acce-

302 2040 454 2110 pisse
482 2057 605 2097 eum
641 2042 789 2097 dicas
816 2042 1068 2098 alienam.
1101 2042 1360 2109 Quamvis
1404 2058 1502 2097 nos
1545 2042 1617 2097 ita
1657 2042 1898 2098 dicamus

2003 1868 2209 1916 tantum
2241 1861 2464 1929 merita,
2500 1860 2592 1915 sed
2624 1861 2785 1915 etiam
2817 1874 2911 1929 per
2943 1859 3211 1930 prolectus
3253 1860 3424 1914 crevit
3450 1860 3585 1912 alio-

2000 1968 2143 2017 rum,
2175 1961 2231 2007 et
2256 1954 2397 2006 inter
2429 1952 2693 2021 procellas
2722 1952 3155 2019 persecutionum
3190 1951 3260 2003 ita
3290 1951 3584 2005 immobilis

1998 2042 2258 2112 perstitit,
2300 2051 2357 2097 ut
2401 2057 2498 2112 per
2542 2042 2754 2096 invictas
2801 2039 2927 2095 ﬁdei
2956 2038 3323 2094 fortitudinem
3354 2037 3380 2077 δ
3415 2042 3579 2095 etiam

1390 2181 1649 2237 ALAHDI
1688 2182 1919 2239 GAZIEI
1955 2182 2523 2240 COMMENTARIUS.

302 2295 557 2367 bonorum
582 2294 655 2367 ad
684 2296 894 2367 angelos
929 2295 1361 2367 malas,_quarum
1389 2294 1626 2367 princeps
1654 2296 1893 2350 diabolus

300 2375 400 2419 est.
433 2366 501 2421 Et
524 2365 663 2420 infra
695 2385 709 2418 :
737 2363 863 2430 Quis
884 2376 958 2421 est
983 2368 1075 2420 iste
1100 2363 1217 2420 ne:
1254 2366 1472 2437 glorias?
1500 2363 1614 2419 Vua:
1635 2368 1891 2437 majorum

300 2438 620 2500 (tentorium,
651 2453 714 2490 ac
742 2437 786 2490 si
814 2437 1040 2506 dicerent
1064 2452 1082 2490 :
1113 2437 1225 2490 Nos
1252 2434 1506 2506 nostrum,
1528 2452 1694 2506 regem
1736 2434 1892 2489 habe-

302 2524 419 2559 mus
439 2506 735 2579 diabolum;
761 2508 855 2560 iste
876 2504 988 2560 Rea:
1011 2506 1192 2579 gloria
1213 2508 1324 2576 quis
1346 2508 1457 2579 est?
1480 2504 1724 2579 Dominus
1743 2507 1899 2579 fortia?

300 2589 352 2629 et
380 2586 580 2647 potens.
613 2575 729 2631 Vas:
752 2571 1052 2647 angelorum
1082 2571 1327 2631 bonarum
1348 2593 1366 2630 :
1389 2578 1535 2645 fortis
1556 2587 1652 2634 est.
1692 2571 1779 2646 qui
1809 2571 1891 2628 ali

303 2647 482 2717 ligavit
509 2651 693 2715 fortem
720 2648 1000 2718 principem
1039 2657 1290 2712 vestrum;
1320 2648 1469 2718 fortis
1506 2663 1622 2700 cum
1663 2648 1889 2718 suscepit

307 2728 548 2778 mortem,
583 2728 762 2783 patens
792 2717 906 2770 cum
947 2718 1066 2771 vicit
1104 2720 1384 2787 infernum.
1428 2717 1493 2770 In
1525 2717 1703 2785 prwlio
1735 2732 1754 2770 :
1776 2733 1891 2769 cum

306 2788 531 2857 spoliata
564 2798 781 2852 tartara,
813 2788 1016 2842 reduxit
1047 2804 1217 2841 secum
1248 2788 1622 2841 multitudinem
1662 2788 1889 2857 captiva-

302 2874 445 2910 rum.
497 2858 626 2912 llmc
665 2859 1045 2925 Hieronymus.
1090 2858 1145 2911 In
1186 2858 1427 2912 eamdem
1459 2857 1782 2912 sententiam
1824 2858 1887 2911 D.

302 2926 548 2999 Thomas
576 2928 656 2999 (tu
687 2946 767 2996 p.,
794 2929 973 2999 (1:52,"
1004 2944 1055 2980 a.
1084 2927 1174 2997 2),
1201 2928 1327 2999 dum
1368 2944 1557 2999 causas
1594 2927 1760 2999 alIert_
1791 2944 1889 2982 cur

302 2995 641 3053 conveniens
665 2995 822 3052 fuerit
842 2995 1059 3052 Cbristu
1073 2995 1202 3052 min
1234 2997 1503 3052 infernum
1531 2997 1881 3063 descendere,

308 3067 447 3123 hanc
483 3070 694 3122 tertiam
738 3069 975 3138 assignat
1004 3086 1016 3120 :
1046 3064 1113 3123 Ut
1143 3071 1305 3135 sicut,
1347 3070 1536 3135 inquit,
1588 3078 1886 3138 potestatem

304 3154 453 3190 suam
492 3140 714 3192 ostendit
742 3139 796 3193 in
833 3150 967 3191 terra
1006 3140 1211 3191 vivendo
1245 3151 1289 3192 et
1318 3139 1607 3203 moriendo,
1628 3141 1698 3189 ita
1737 3141 1889 3191 etiam

308 3216 610 3280 potestatem
633 3210 1086 3280 suam_ostenderet
1117 3212 1168 3261 in
1194 3210 1609 3280 inferno,.ipsum
1634 3209 1900 3262 visitando

304 3286 354 3331 et
382 3278 747 3333 illuminanda.
782 3277 930 3333 Unde
951 3279 1140 3332 dicitur
1161 3280 1213 3332 in
1236 3281 1431 3348 psalmo
1454 3277 1693 3348 aigesima
1718 3280 1893 3333 tertio:

305 3348 539 3420 Attollite
558 3360 757 3419 portas,
782 3349 1057 3420 principes,
1088 3360 1297 3403 vestras.
1323 3347 1528 3415 Glossa,
1560 3349 1613 3401 id
1631 3356 1724 3417 est,
1749 3350 1886 3417 prino

302 3419 443 3485 cipes
470 3421 683 3489 inferni,
715 3423 915 3490 auferte
957 3427 1250 3490 potestatem
1293 3428 1540 3490 vestram,
1587 3435 1689 3489 qua
1734 3436 1889 3488 usque

304 3504 444 3559 nunc
473 3492 704 3544 homines
731 3488 1011 3559 in‘inferno
1040 3490 1359 3544 detinebatis.
1406 3488 1472 3542 Et
1495 3490 1568 3544 sic
1596 3488 1651 3542 in
1682 3491 1893 3542 nomine

302 3558 432 3611 Jesu
460 3576 607 3612 omne
644 3577 778 3629 genu
807 3558 1072 3629 ﬂectatur,
1115 3576 1219 3613 non
1247 3558 1415 3613 solum
1454 3560 1753 3629 cwlestium,
1800 3563 1891 3613 sed

302 3632 457 3682 etiam
477 3628 819 3696 infernarum,
841 3639 897 3683 ut
918 3628 1103 3683 dicitur
1130 3630 1328 3695 Philip.
1353 3645 1407 3683 ιι.
1431 3631 1519 3685 Sic
1543 3629 1603 3682 D.
1631 3628 1893 3684 Thomas.

304 3698 493 3753 Plures
534 3700 669 3754 altas
715 3700 1083 3770 expositiones
1136 3701 1294 3754 alfert
1344 3700 1483 3754 idem
1530 3699 1889 3768 Hieronymus

303 3770 496 3824 eodem
519 3773 659 3835 loco,
685 3785 818 3839 quas
841 3770 1115 3825 brevitatis
1135 3786 1295 3824 causa
1320 3771 1693 3839 prasterntitto.
1722 3772 1889 3825 l’orro

304 3854 428 3893 cum
456 3857 527 3894 ex.
564 3841 835 3909 praedictis
880 3839 1148 3907 Patribus,
1197 3842 1497 3909 przesertim
1546 3840 1799 3909 Dionysio
1835 3850 1890 3895 ct

305 3909 663 3982 Hieronymo,
697 3911 864 3966 videri
898 3912 1071 3981 possit
1097 3923 1202 3965 tam
1235 3911 1454 3982 angelos
1498 3911 1889 3982 quatndzemo-

305 3996 404 4033 nes
426 3980 731 4049 ignorasse,
762 3983 923 4036 etiam
956 3983 1008 4037 in
1054 3982 1167 4046 ipsa
1215 3981 1569 4044 Ascensione,
1613 3980 1887 4036 ChriStum

306 4066 425 4104 esse
474 4068 660 4106 rerum
705 4050 894 4118 Deum,
941 4054 1237 4107 natandum
1287 4053 1386 4106 hac
1429 4052 1498 4106 de
1542 4066 1601 4106 rc
1646 4050 1888 4119 ejusdem

304 4121 527 4193 '[Itomte
556 4124 765 4191 insigne
795 4122 1177 4193 documentum
1203 4122 1242 4192 (ι
1263 4140 1341 4193 ρ..
1363 4139 1417 4191 q.
1441 4123 1533 4193 57,
1560 4138 1612 4175 a.
1641 4120 1781 4193 5,ad_
1810 4119 1885 4190 l):

308 4190 384 4244 De
412 4190 683 4263 mysterio,
713 4194 905 4262 inquit,
935 4190 1314 4248 lncarnatian'is
1339 4190 1612 4263 dupliciter
1640 4191 1889 4262 contingit

305 4263 441 4331 loqui
464 4262 484 4317 ξ
508 4279 615 4335 una
637 4265 787 4318 modo
814 4264 866 4316 in
889 4265 1137 4335 generali,
1169 4270 1216 4335 et
1243 4262 1323 4335 sic
1346 4262 1583 4335 omnibus
1611 4263 1889 4335 revelatum

305 4342 378 4403 est
403 4350 436 4385 a
468 4334 728 4403 principia
756 4349 864 4388 suta
890 4331 1235 4388 beatitudinis.
1284 4331 1446 4401 Cujus
1487 4334 1618 4386 ratio
1645 4342 1737 4397 est,
1766 4334 1888 4402 quia

304 4401 399 4456 hac
419 4413 497 4457 est
526 4401 792 4473 quoddam
817 4405 1048 4472 generale
1076 4404 1406 4471 principium,
1438 4403 1506 4457 ad
1533 4402 1671 4473 quod
1715 4401 1887 4457 omnia

1995 2296 2095 2365 fuit
2121 2297 2402 2366 impletum,
2426 2297 2711 2351 habuerunt
2736 2298 2967 2352 notitiam
2990 2297 3453 2366 experimentalem,
3476 2299 3585 2353 sive

1993 2367 2302 2438 intuitivam,
2333 2376 2439 2422 etc.
2483 2367 2638 2422 Juxta
2673 2368 2813 2421 hunc
2845 2369 3005 2438 igitur
3050 2382 3266 2421 sensum
3314 2368 3582 2436 interpre-

1994 2437 2153 2489 tanda
2185 2446 2309 2491 sunt
2338 2438 2496 2491 verba
2526 2438 2766 2505 Dionysii
2802 2452 2851 2491 et
2873 2437 3218 2507 Hieronymi,
3267 2453 3388 2505 qtne
3429 2439 3581 2507 igno-

1986 2508 2225 2567 gantiam
2260 2518 2365 2561 tam
2396 2506 2784 2563 lncarnatiOnis
2827 2524 2987 2575 quam
3038 2506 3334 2561 divinitatis
3380 2506 3580 2563 Christi

1986 2577 2153 2647 satiant
2179 2577 2348 2632 beatis
2374 2578 2595 2647 angelis,
2630 2588 2681 2632 ct
2710 2580 2761 2631 in
2794 2579 2904 2646 ipsa
2945 2581 3062 2645 ejus
3102 2580 3453 2643 Ascensione,
3488 2581 3581 2631 tri-

1984 2639 2163 2717 !‘uuere
2192 2639 2481 2701 videntur“:
2506 2639 2627 2717 quia
2678 2639 2929 2701 nimirum
2975 2639 3079 2701 non
3126 2649 3280 2715 plene
3311 2659 3364 2702 et
3396 2639 3580 2715 explo-

1982 2716 2111 2792 rftte
2141 2729 2508 2792 cognoverunt
2530 2716 2723 2773 ’omnes
2764 2718 2880 2787 ejus
2908 2719 3359 2792 circumstantias,
3390 2720 3579 2792 cotidi-

1987 2786 2171 2840 itiones
2214 2786 2269 2841 et
2314 2787 2576 2852 cﬂ'ectus,
2624 2804 2757 2854 quos
2798 2786 2991 2855 pomea
3049 2802 3144 2854 per
3193 2787 3577 2842 resolutionem

1994 2856 2251 2922 divinam,
2281 2869 2334 2911 et
2356 2874 2449 2926 per
2471 2858 2911 2927 prmdicationem
2940 2857 3303 2923 apo~tolorotn
3327 2867 3382 2909 et
3406 2855 3576 2926 ipsam

1992 2928 2379 2995 experientiam
2423 2929 2745 2982 didicerunt.
2792 2929 2906 2994 Quo
2949 2928 3108 2980 etiam
3156 2937 3360 2993 Spectat
3393 2928 3475 2980 illa
3512 2929 3574 2981 lt.

1993 2996 2139 3051 Pauli
2168 3000 2429 3052 sententia
2457 2996 2681 3069 (Epltes.
2709 3013 2765 3051 ιιι
2788 3001 2804 3067 )
2830 3016 2842 3050 :
2864 2996 3007 3069 Mihi
3030 2997 3253 3069 omnium
3284 3008 3579 3069 sanctorum

1994 3069 2204 3120 minima
2232 3068 2355 3121 data
2383 3068 2651 3137 est'grutia
2681 3069 2817 3134 lucc,
2852 3068 2906 3121 in
2952 3068 3183 3137 gentibus
3229 3068 3580 3136 evangelieare

1993 3137 2364 3207 investigabiles
2387 3140 2588 3192 divitias
2619 3137 2831 3205 Christi,
2863 3146 2909 3191 et
2936 3137 3234 3192 illuminare
3257 3153 3429 3190 omnes
3456 3154 3572 3207 quin

1991 3209 2058 3261 sit
2085 3208 2404 3277 dispensatio
2432 3209 2742 3263 sacramenti
2767 3208 3052 3262 absconditi
3077 3225 3108 3260 a
3136 3209 3337 3261 strculis
3369 3208 3420 3261 in
3444 3208 3577 3272 Deo,

1991 3279 2110 3351 quia
2132 3279 2300 3351 omnia
2322 3279 2507 3351 creavit
2527 3294 2544 3331 :
2566 3291 2620 3332 ut
2644 3280 2927 3351 innotescat
2946 3279 3259 3351 principibus
3281 3287 3331 3351 et
3354 3288 3578 3351 potesta-

1991 3348 2124 3471 tli)bus
2152 3349 2204 3401 in
2231 3350 2514 3404 caelestibus
2540 3366 2632 3419 per
2659 3348 2955 3404 Ecclesium
2987 3348 3317 3419 multiformis
3364 3349 3577 3403 scientia

2044 3435 2111 3471 et.
2140 3427 2243 3471 etc.

2044 3419 2089 3471 ei
2097 3459 2111 3481 ,
2140 3427 2243 3475 etc.

2064 3488 2180 3561 “AS.
2216 3490 2467 3555 Hilarius,
2511 3489 2850 3546 Pictavorum
2891 3491 3201 3561 episcopus,
3228 3499 3280 3542 et
3317 3487 3375 3561 S.
3408 3488 3576 3561 atha-

1992 3559 2125 3612 nasii
2156 3562 2403 3631 aequalis,
2435 3562 2681 3629 quamvis
2719 3561 2830 3631 jam
2879 3558 3151 3629 provecta:
3181 3560 3358 3631 :thatis
3412 3558 3572 3631 Chri-

1990 3631 2198 3684 stianus
2222 3630 2414 3691 lactus.
2447 3628 2625 3685 tamen
2658 3628 2811 3685 brevi
2839 3628 2891 3684 in
2924 3628 3292 3685 ecclesiastica
3324 3629 3569 3683 doctrina

1991 3700 2062 3752 ita
2089 3698 2341 3767 profecit,
2364 3713 2420 3754 ut
2447 3701 2635 3755 dot-tor
2666 3701 2955 3764 maximus,
2979 3711 3033 3754 et
3080 3698 3333 3754 Ecclesia:
3384 3699 3573 3752 catho-

1991 3769 2108 3840 Iica:
2152 3771 2404 3840 columna
2437 3771 2646 3840 merito
2698 3770 2911 3823 habitus
2942 3772 3011 3840 sit
3064 3768 3333 3840 (Bellarm.
3377 3770 3571 3840 lib._de_

1991 3838 2192 3909 Script.
2227 3838 2476 3909 Αἰξί-ιω).
2505 3839 2581 3893 De
2613 3854 2684 3909 eo
2718 3836 3163 3909 Martyrologith
3182 3836 3339 3909 Rom.
3365 3836 3573 3904 (151a;

1991 3855 2192 3901 δον-ιρι.
2227 3855 2476 3909 εισι-κω.
2505 3855 2581 3893 ue
2618 3855 2684 3893 eo
2718 3855 3004 3909 martyroro
3047 3855 3148 3891 tum
3182 3855 3339 3891 nam.
3365 3855 3569 3904 (Ioso-

1989 3908 2170 3978 nuar.)
2205 3923 2219 3960 :
2255 3907 2480 3962 Pictavis
2512 3910 2567 3962 in
2596 3907 2769 3963 Gallia
2798 3908 2986 3963 natalis
3117 3906 3309 3961 Hilarii
3343 3909 3569 3979 episcopi

1989 3986 2037 4030 et
2065 3979 2395 4049 confessoris,
2427 3982 2513 4044 qui
2540 3980 2599 4031 ob
2630 3978 2939 4033 catholicam
2980 3980 3153 4046 fidem,
3187 3995 3338 4046 quam
3368 3978 3573 4031 strenue

1989 4049 2354 4121 prapugnavit,
2407 4050 2747 4119 quadriennio
2786 4051 2925 4119 apud
2976 4050 3259 4121 Phrygiam
3278 4052 3575 4121 relegatus,

1988 4119 2121 4171 inter
2146 4119 2252 4174 alia
2283 4122 2535 4174 miracula
2565 4131 2819 4174 mortuum
2840 4121 3122 4176 suscitavit.
3154 4119 3353 4176 Scribit
3382 4119 3569 4173 de.oo-

1989 4188 2135 4257 dem,
2168 4197 2407 4261 utrnotat
2443 4191 2699 4245 Baronius
2732 4191 2928 4247 ibidem
2950 4234 2964 4257 ,
2991 4191 3040 4245 in
3068 4190 3252 4261 primis
3292 4190 3349 4245 S.
3382 4191 3573 4245 Hiero-

1989 4274 2180 4330 nymus
2210 4260 2303 4316 lib.
2337 4262 2406 4316 de
2426 4261 2621 4328 Script.
2657 4261 2892 4326 Eccles.,
2926 4263 2977 4314 in
3003 4260 3258 4330 Apologia
3300 4262 3573 4321 adversus

1989 4329 2265 4397 Rulinum,
2299 4332 2352 4387 in
2378 4332 2606 4399 cpistola
2637 4331 2669 4386 6
2699 4332 2763 4385 ad
2796 4331 3147 4395 Florentium,
3178 4329 3229 4384 iu
3274 4331 3498 4399 epistola
3528 4330 3571 4386 ἰ’

1988 4400 2055 4454 ad
2081 4401 2304 4466 Laetam,
2333 4402 2495 4469 epist.
2528 4404 2598 4456 84
2623 4402 2688 4454 ad
2736 4401 3003 4467 Magnum,
3051 4399 3311 4454 adversus
3348 4399 3564 4454 Lucife-

303 4488 479 4527 earum
502 4470 681 4547 amrin;
719 4470 1045 4547 ordinantur.
1078 4470 1279 4547 Omnes
1321 4474 1455 4528 enim
1499 4470 1619 4547 sunt
1665 4473 1885 4547 admitti-
1910 4471 1964 4532 D
1990 4472 2195 4547 riauos,
2227 4473 2452 4539 aliisque
2506 4471 2574 4547 in_
2613 4470 2774 4547 locis;
2804 4470 3078 4547 __S_evertts_
3107 4470 3362 4547 Sulpitius
3400 4470 3499 4547 lib.
3527 4485 3568 4525 ιι

303 4543 791 4613 ανωονὶἴὶρίνὶιιη,
821 4558 874 4597 ιιι
902 4545 1092 4599 dicitur
1125 4543 1459 4600 Ilebrteorum
1498 4545 1681 4613 prima,
1716 4544 1768 4596 in
1797 4546 1891 4598 nti-

304 4615 572 4668 nisterium
612 4616 765 4668 missi
796 4629 1001 4686 propter
1040 4632 1125 4669 eos
1163 4618 1251 4683 qui
1291 4615 1638 4686 hwreditatem
1681 4616 1891 4686 capiunt

302 4686 504 4749 salutis,
550 4686 689 4755 quod
722 4683 900 4755 βιρά
944 4684 1323 4741 Incarnationis
1370 4684 1688 4753 mysterium.
1741 4683 1891 4740 Unde

304 4757 526 4823 oportuit
556 4756 621 4828 de
642 4754 740 4809 hac
760 4758 1000 4828 mysterio
1024 4773 1197 4828 omnes
1227 4774 1256 4809 a
1283 4755 1532 4824 principio
1560 4757 1893 4828 communiter

302 4828 518 4879 edoceri.
552 4827 672 4879 Alio
703 4823 853 4880 modo
880 4843 1151 4895 possumus
1176 4823 1312 4895 loqui
1339 4828 1401 4879 de
1428 4826 1669 4896 mysteria
1699 4823 1887 4879 lucar-

302 4898 515 4951 nationis
544 4906 797 4967 quantum
830 4894 899 4951 ad
926 4898 1170 4963 speciales
1207 4894 1541 4951 conditiones.
1572 4894 1659 4967 Et,
1680 4897 1751 4949 sic
1777 4914 1878 4952 non

302 4982 466 5021 omnes
484 4966 661 5036 angeli
684 4984 716 5020 a
740 4970 988 5038 principia
1008 4968 1070 5022 de
1093 4967 1324 5022 omnibus
1352 4977 1469 5022 sunt
1495 4966 1700 5038 edocti;
1721 4968 1876 5022 immo

300 5039 504 5105 quidam
532 5039 687 5092 etiam
703 5037 991 5107 superiores
1011 5039 1183 5163 angeli
1205 5039 1526 5110 postmodum
1545 5037 1874 5104 didicerunt,

302 5119 348 5160 ut
375 5120 513 5163 natet
549 5126 640 5163 per
667 5110 1025 5163 auctoritatem
1121 5110 1308 5163 ionnsii
1354 5109 1636 5163 inductam.
1689 5108 1779 5163 Sic
1809 5108 1874 5163 D.

302 5119 348 5180 ut
374 5120 513 5179 patet
547 5126 640 5180 per
667 5110 1025 5164 auctoritatem
1069 5108 1308 5180 Dionysii
1354 5109 1636 5163 inductam.
1689 5108 1779 5164 Sic
1809 5108 1875 5163 D.

300 5176 552 5251 Thomas.
577 5179 823 5250 Lyranus
844 5181 990 5235 addit
1014 5176 1534 5251 angelisinnotuisse
1561 5180 1873 5251 mysterium

301 5248 689 5304 locarnattonts
734 5267 829 5318 per
878 5248 1174 5305 Ecclesiatn
1229 5252 1534 5320 cognitione
1592 5250 1885 5320 itttuitira,

302 5325 434 5389 quod
463 5334 627 5375 antea
665 5332 1029 5391 cognoverant
1056 5318 1357 5390 cognitione
1377 5322 1727 5391 διιδιιτιιῑιίιιςιζ
1741 5318 1875 5391 Non

303 5388 497 5455 solum,
544 5388 757 5461 inquit;
803 5393 1094 5447 caminibus
1128 5388 1233 5461 'fuit
1277 5391 1635 5445 absconditum
1689 5388 1882 5444 Christi

305 5465 619 5532 ugsteriusl,
640 5472 687 5515 et
710 5466 928 5518 maxime
954 5462 1017 5517 de
1042 5464 1303 5516 vacatione
1327 5464 1550 5533 gentium
1572 5478 1588 5524 ;
1618 5461 1707 5514 sed
1727 5462 1881 5513 etiam

304 5535 467 5604 angeli
509 5538 673 5587 sancti
702 5548 807 5586 non
831 5545 1168 5603 cognoverunt
1197 5535 1263 5586 ad
1292 5540 1519 5604 plenum,
1552 5534 1714 5584 donec
1743 5546 1879 5599 prte-

305 5602 590 5658 diéantibus
618 5603 865 5671 apostolis
893 5602 989 5671 fuit
1012 5602 1299 5673 impletum.
1330 5602 1462 5669 Quia
1493 5611 1639 5655 antea
1684 5610 1880 5673 tantum

308 5673 584 5728 habuerunt
632 5674 913 5740 simplicem
946 5672 1197 5738 notitiam,
1221 5689 1333 5741 qua:
1356 5683 1516 5741 potest
1543 5673 1646 5724 diri
1683 5672 1879 5724 abstra-

309 5746 452 5813 ctit'a,
483 5747 538 5797 in
570 5755 815 5814 quantum
859 5757 929 5800 cst
972 5746 1042 5800 rei
1086 5763 1184 5799 nan
1225 5745 1520 5816 prtcscntis,’
1560 5743 1646 5798 scd
1680 5744 1880 5813 quando

1998 4540 2243 4596 Historiae
2291 4556 2491 4608 sacras;
2542 4541 2763 4595 Ruﬁnus
2804 4540 2897 4595 lib.
2945 4555 2983 4594 ιι
3018 4540 3286 4605 Historiae,
3316 4555 3365 4594 c.
3398 4539 3467 4593 30
3509 4551 3569 4594 et-

1993 4612 2093 4677 3l;
2123 4611 2398 4679 Socrates,
2428 4613 2463 4666 Ι.
2498 4628 2553 4666 ιιι
2581 4627 2631 4668 c.
2660 4612 2723 4676 8;
2756 4610 3088 4667 Sozomenus
3119 4610 3209 4665 lib.
3256 4626 3312 4665 ιιι
3339 4625 3390 4665 c.
3422 4609 3490 4664 15
3509 4621 3569 4665 et

1993 4680 2089 4735 lib.
2123 4699 2153 4735 ν
2182 4698 2232 4737 c.
2266 4684 2363 4748 li;
2392 4683 2744 4737 Cassiodorus
2764 4682 2815 4736 in
2838 4680 3045 4751 praefat.
3077 4682 3248 4735 Divin.
3275 4681 3570 4737 Lect.For-

1992 4759 2210 4806 tuuatus
2239 4768 2327 4808 res
2357 4764 2535 4821 gestas
2563 4753 2748 4807 Hilarii
2778 4752 2987 4807 duobus
3015 4752 3164 4807 libris
3195 4751 3513 4820 conscripsit
3541 4769 3570 4817 ;.

1991 4823 2087 4893 sed
2117 4840 2185 4877 ex
2213 4828 2394 4878 multis
2428 4840 2593 4891 pauca
2626 4824 2960 4893 perstrinxit.
2992 4822 3164 4877 Habet
3190 4835 3244 4877 et
3264 4822 3577 4893 Venantius

1991 4891 2319 4948 Fortunatus
2356 4895 2423 4948 de
2472 4891 2663 4949 eodem
2713 4893 3042 4962 epigramma
3099 4894 3191 4946 lib.
3223 4909 3297 4948 xu
3337 4892 3403 4946 de
3446 4892 3575 4958 ejus

1982 4964 2259 5088 migacuhs
2278 5006 2292 5030 ,
2320 4964 2613 5034 Gregorius
2638 4964 2972 5019 Turonensis
3015 4964 3083 5019 de
3114 4963 3298 5018 Gloria
3328 4964 3569 5017 confess.

1982 5048 2027 5088 c.
2090 5073 2106 5088 .

1979 5048 2027 5089 Ο.
2048 5048 2106 5088 Σ.

2052 5103 2080 5143 δ
2114 5105 2187 5160 De
2238 5104 2455 5159 nomine
2505 5103 2833 5162 confessoris
2872 5119 2979 5158 non
3032 5104 3403 5170 praetereunda
3456 5104 3560 5156 hoc

1982 5175 2104 5230 loco
2130 5176 2279 5230 card.
2317 5174 2530 5231 Baronii
2565 5176 2791 5243 insignis
2820 5184 2869 5227 et
2895 5177 3030 5227 scitu
3058 5173 3213 5241 digna
3245 5176 3449 5226 notatio
3473 5173 3568 5243 (In

1981 5247 2115 5300 notis
2162 5247 2232 5299 ad
2281 5244 2506 5315 Martyr.
2546 5246 2583 5299 Ξ
2609 5242 2858 5310 Ianuar.)
2891 5261 2902 5294 :
2932 5242 3213 5298 Sciendum
3243 5254 3339 5305 est,
3366 5242 3558 5311 inquit.

1984 5318 2185 5371 diversa
2228 5316 2509 5369 admodum
2538 5315 2910 5385 signiﬁcatione
2945 5330 2975 5365 a
3021 5315 3287 5385 pra’sentis
3319 5318 3563 5381 temporis

1986 5402 2084 5440 usu
2109 5386 2241 5441 hanc
2270 5403 2438 5440 vacem
2464 5404 2495 5439 a
2526 5382 2807 5455 mtijoribus
2836 5391 3157 5455 usurpatam.
3194 5382 3284 5455 Illi
3306 5385 3444 5455 enim
3469 5402 3560 5435 ne-

1988 5461 2177 5510 minem
2204 5475 2261 5511 eo
2292 5457 2496 5510 nomine
2520 5454 2865 5525 appellabant,
2896 5454 2995 5525 nisi
3007 5468 3137 5525 eum
3162 5454 3251 5522 qui
3278 5454 3470 5507 Christi
3498 5455 3561 5522 ﬁ-

1988 5529 2103 5582 dem
2130 5526 2484 5592 interpellatus
2515 5523 2685 5579 coram
2717 5526 2835 5592 fidei
2863 5523 3089 5576 hostibus
3114 5525 3376 5593 ctnfessns
3405 5540 3557 5577 esset.

1990 5600 2049 5653 Si
2078 5616 2192 5651 vero
2216 5597 2422 5665 aliquod
2452 5613 2606 5666 genus
2636 5604 3001 5648 tormentorum
3022 5605 3148 5646 esset
3179 5610 3440 5665 expertus,
3466 5613 3560 5647 nec

1988 5681 2155 5723 tamen
2204 5673 2448 5738 martyrio
2493 5668 2825 5738 occubuisset,
2858 5675 2976 5717 tunc
3007 5675 3051 5718 et
3083 5681 3276 5738 martyr
3323 5676 3555 5738 vocatas,
3602 5705 3608 5713 .

1988 5741 2219 5813 idemque
2263 5736 2538 5813 aliquando
2567 5738 2716 5793 etiam
2765 5736 2928 5793 dictus
2972 5736 3230 5806 reperitur
3274 5736 3551 5807 confossos,
