4016 6192
262 347 365 404 233

1285 345 1373 401 DE
1412 344 1924 402 INCARNATIONE
1962 344 2237 403 CHRISTI
2274 346 2403 403 LIB.
2451 347 2557 403 νη.

3398 361 3403 365 ’
3434 355 3540 411 235

265 461 662 526 ωοηίθίιιεηεν
703 458 828 529 quia
859 457 1048 513 Filium
1074 457 1167 513 θεῖ
1223 458 1341 514 Sine
1386 470 1558 516 matre
1607 458 1807 515 asseris
1836 503 1849 524 .
1880 461 1931 520 A
1965 471 2187 527 vitalem
2208 472 2458 543 corporis
2477 469 2703 540 sibiipsi
2727 465 3075 528 sull'ecitsine
3094 483 3271 542 patre.
3295 461 3547 541 Er§u,in~

265 554 423 608 etiam
442 552 560 606 sine
576 558 731 620 patre
751 564 873 606 esse
893 549 1253 618 blasphemes.
1282 549 1448 605 Vides
1471 565 1599 619 ergo
1626 564 1849 619 perver-

263 644 435 700 sitatis
468 656 533 697 ac
562 642 819 711 nequitiae
849 650 952 695 tua:
978 640 1177 707 studio,
1213 642 1267 695 in
1305 640 1453 712 quod
1486 651 1537 697 te
1565 641 1854 710 impietatis

262 744 593 805 prteruptutn
617 732 819 804 jeceris
847 749 861 786 :
891 740 953 788 ut
981 732 1123 800 quod
1152 748 1312 788 nemo
1344 733 1520 788 adhuc
1561 748 1588 786 a
1618 733 1851 801 seculis,

260 826 366 881 nisi
396 826 617 880 insanus
647 824 900 889 fortasse.
931 824 1084 891 dixit,
1126 823 1250 879 dum
1279 824 1473 880 Filium
1502 826 1594 880 Dei
1628 835 1854 880 matrtm

258 931 370 970 non
403 916 658 972 habuisse
687 916 843 983 dicis,
874 916 1037 972 etiam
1066 925 1271 986 patrem
1305 918 1474 985 ipsius
1498 917 1753 987 deneges.
1789 916 1856 971 Et

260 1009 367 1063 hoc
394 1018 574 1063 tamen
603 1008 788 1064 nescio
813 1008 1087 1078 impietate
1116 1008 1303 1077 majori
1338 1023 1407 1063 an
1453 1008 1688 1078 ineptia;
1733 1009 1851 1079 quia

257 1102 391 1172 quid
416 1100 657 1169 stultius,
686 1103 814 1173 quid
845 1102 1102 1171 ineptius.
1124 1117 1283 1172 quam
1314 1101 1407 1156 lilii
1434 1117 1629 1157 nomen
1654 1117 1857 1172 ponere

258 1204 314 1249 et
347 1196 515 1264 patris
547 1209 742 1250 nomen
775 1195 912 1250 velle
942 1195 1214 1250 reticere?
1246 1194 1350 1251 Sed
1375 1194 1507 1250 dicis
1534 1213 1547 1249 :
1579 1194 1696 1249 Non
1723 1194 1856 1250 reti-

258 1301 382 1349 ceo,
411 1301 517 1340 non
538 1300 697 1356 nego.
732 1285 798 1340 Et
823 1286 943 1355 quis
972 1300 1102 1355 ergo
1132 1294 1183 1340 te
1212 1284 1363 1339 furor
1387 1285 1671 1354 compulit,
1704 1286 1859 1340 testi-

260 1380 507 1433 monium
560 1377 689 1432 illud
743 1391 967 1446 ponere,
1000 1377 1090 1431 ubi
1136 1377 1264 1432 dum
1302 1385 1532 1431 matrem
1581 1392 1703 1431 eum
1748 1391 1857 1431 non

259 1471 522 1524 habuisse
550 1469 709 1537 dicis,
745 1470 905 1524 etiam
934 1479 1143 1539 patrem
1172 1469 1290 1539 ejus
1318 1483 1546 1539 negasse
1572 1469 1807 1525 videaris
1833 1470 1858 1523 ‘l

255 1561 396 1616 Nam
430 1577 556 1637 cum
589 1561 641 1615 in
667 1561 864 1616 eodem
891 1560 1226 1629 testimonio,
1254 1562 1393 1616 sicut
1414 1561 1531 1616 sine
1556 1572 1752 1628 matre,
1784 1561 1857 1616 ita

255 1653 428 1709 etiam
460 1654 581 1708 sine
612 1662 767 1721 patre
794 1667 915 1707 esse
937 1652 1171 1718 dicatur,
1204 1666 1426 1708 necesse
1454 1660 1537 1707 est
1562 1663 1619 1706 ut
1649 1652 1695 1707 si
1739 1652 1858 1707 sine

254 1756 436 1802 matre
470 1748 539 1803 ibi
572 1746 800 1817 intelligi
836 1754 1011 1815 potest
1053 1748 1244 1802 eodem
1275 1748 1436 1801 modo
1467 1762 1573 1815 quo
1601 1747 1719 1801 sine
1741 1762 1856 1801 ma-

1963 565 2084 634 quit
2100 563 2413 629 Apostolus,
2434 564 2547 616 sine
2563 572 2735 632 patre,
2752 564 2863 618 sine
2880 572 3068 633 matre,
3088 564 3200 618 sine
3215 561 3544 634 genealogia.

2557 666 2786 724 CAPUT
2823 669 2939 726 XV.

1961 752 2230 819 Quomodo
2263 755 2498 810 Christus
2522 757 2971 883 sinedget‘tealogia
2995 764 3059 817 ab
3089 764 3337 837 Apostolo
3380 769 3546 838 fuisse

2662 845 2740 882 tea
2769 847 2852 883 ur.

2662 845 2852 884 tcatur.

2030 916 2312 982 Quomodo
2353 919 2472 974 sine
2493 922 2805 993 genealogia
2835 923 3121 981 Dominum
3176 928 3340 985 fuisse
3388 931 3541 994 dicit.

1958 1019 2077 1058 cum
2132 1007 2480 1077 Evangelium
2531 1011 2766 1068 Mattltaai
2797 1016 3151 1085 evangelista:
3171 1033 3200 1072 a
3231 1024 3545 1093 genealogia

1958 1099 2183 1163 cmperit
2220 1098 2539 1161 Salvatoris.
2590 1102 2815 1161 dlcens:
2859 1105 3011 1161 Liber
3036 1113 3377 1180 generationis
3418 1112 3545 1168 Jesu

1961 1188 2173 1255 Christi,
2200 1190 2299 1258 ﬁlii
2325 1191 2509 1259 David,
2536 1195 2634 1263 ﬁlii
2656 1198 2950 1254 Abraham?
2974 1203 3115 1271 Ergo
3136 1212 3190 1258 et
3199 1205 3357 1273 juxta
3384 1222 3546 1261 evan-

1959 1281 2208 1351 gelistam
2266 1284 2428 1341 habet
2469 1289 2861 1360 genealogiam,
2920 1302 2974 1347 et
3022 1293 3173 1363 juxta
3224 1298 3543 1365 Apostolum

1960 1387 2066 1427 non
2101 1374 2262 1429 habet
2291 1393 2302 1428 :
2337 1378 2459 1447 quia
2487 1379 2640 1447 juxta
2670 1380 3021 1453 Evangelium
3042 1401 3110 1440 ex
3143 1398 3316 1441 matre
3360 1390 3541 1455 habet,

1953 1464 2106 1535 juxta
2135 1468 2454 1535 Apostolum
2482 1484 2548 1524 ex
2594 1483 2745 1540 patre
2787 1488 2893 1529 non
2939 1474 3123 1531 habet.
3157 1478 3226 1532 Et
3255 1480 3377 1534 ideo
3410 1481 3545 1536 bene

1960 1559 2250 1626 Apostolus
2277 1560 2482 1624 dicens,
2525 1563 2653 1618 Sine
2681 1575 2847 1635 patre,
2879 1568 2990 1622 sine
3018 1578 3199 1639 matre,
3232 1572 3342 1627 sine
3362 1591 3546 1642 genen-

1961 1649 2137 1721 logia;
2163 1651 2252 1707 ubi
2280 1667 2402 1708 eum
2428 1654 2546 1710 sine
2576 1659 3016 1729 matregenitnm
3048 1676 3168 1717 esse
3223 1666 3423 1734 posuit,
3472 1668 3543 1722 ibi

1962 1742 2125 1797 etiam
2152 1744 2272 1799 sine
2301 1746 2614 1818 genealogis
2643 1762 2765 1803 esse
2821 1755 3160 1810 memoravit.
3216 1754 3293 1812 Ac
3319 1773 3414 1827 per
3444 1758 3546 1813 hoc

257 1848 344 1895 tre
373 1853 498 1894 esse
527 1838 600 1892 ibi
624 1838 963 1910 intelligitur,
997 1839 1161 1894 etiam
1183 1839 1303 1894 sine
1333 1848 1487 1907 patre
1516 1851 1639 1893 esse
1663 1837 1855 1894 creda-
1882 1818 1930 1880 Β
1958 1833 2012 1887 in
2061 1842 2289 1905 utraque
2339 1838 2551 1911 Domini
2607 1841 2912 1909 nativitate.
2940 1854 2994 1900 et
3024 1818 3334 1917 evangelica
3358 1851 3458 1904 sibi
3490 1860 3545 1906 et

255 1944 366 1987 tur.
386 1931 493 1987 Sed
518 1930 623 1987 hoc
648 1939 916 2001 prterupta
945 1930 1035 1986 illa
1053 1930 1119 1985 ad
1138 1930 1442 2001 negandum
1464 1929 1628 1984 Deum
1643 1929 1852 1986 insania

253 2038 369 2078 non
393 2022 698 2087 intellexit;
731 2037 853 2091 qua:
880 2036 1003 2077 cum
1023 2020 1077 2076 id
1110 2030 1412 2077 truncatum
1433 2029 1684 2091 poneret,
1709 2017 1850 2089 quod

252 2116 528 2184 integrum
558 2113 817 2183 scriptum
849 2122 951 2179 est,
978 2128 1086 2167 non
1109 2112 1241 2167 vidit
1264 2123 1500 2167 reserata
1530 2111 1675 2167 sacri
1695 2111 1853 2167 volu-

252 2208 421 2263 minis
450 2208 593 2285 serie
615 2206 865 2276 redargui
889 2206 1175 2277 impudens
1199 2216 1361 2278 atque
1390 2216 1640 2276 apertum
1690 2220 1852 2275 posse

249 2298 625 2355 mendacium.
683 2297 727 2353 Ο
773 2298 934 2353 stulta
967 2297 1301 2367 blaSphemia
1331 2307 1385 2353 et
1415 2298 1689 2353 amentia!
1730 2312 1851 2367 qua:

246 2392 383 2446 dum
410 2391 526 2460 ipsa
567 2404 674 2444 non
702 2388 849 2445 videt
901 2389 1027 2459 quid
1076 2389 1228 2459 sequi
1275 2389 1489 2456 debeat,
1522 2389 1683 2444 etiam
1716 2388 1850 2444 illud

248 2501 365 2541 non
394 2485 579 2556 sapuit
606 2483 732 2553 quid
765 2481 871 2554 legi
902 2482 1104 2551 possit;
1149 2483 1301 2553 quasi
1331 2497 1463 2537 vero
1489 2481 1610 2551 quia
1643 2490 1668 2518 ι
1695 2481 1849 2537 aule-

248 2579 412 2633 rebat
455 2576 563 2631 sibi
604 2574 1039 2646 intelligentiam,
1099 2574 1315 2629 auferre
1362 2580 1545 2643 posset
1598 2572 1850 2629 omnibus

247 2669 582 2729 lectionem;
612 2678 702 2721 aut
744 2668 865 2723 ideo
912 2665 1171 2735 perdituri
1203 2680 1395 2721 omnes
1439 2665 1506 2720 ad
1558 2665 1847 2737 legendum

245 2759 447 2814 oculos
469 2757 664 2829 capitis
683 2758 765 2812 sui
793 2767 998 2823 essent,
1025 2758 1153 2828 quia
1178 2759 1292 2825 ipse
1309 2756 1417 2826 jam
1446 2757 1638 2811 mentis
1660 2756 1847 2812 oculos

246 2850 607 2921 perdidisset.
637 2848 777 2904 Audi
815 2863 965 2919 ergo,
1009 2848 1281 2916 haeretica,
1325 2848 1467 2919 quod
1499 2847 1707 2903 furatus
1746 2864 1847 2912 es;

242 2942 379 2997 audi
415 2942 578 3011 plena
608 2952 661 2997 et
692 2944 921 3012 integra,
972 2958 1091 3012 qua:
1139 2942 1338 2997 debilia
1370 2956 1433 2996 ac
1482 2950 1726 2997 truncata
1756 2956 1849 3011 po-

241 3033 436 3089 suisti.
470 3033 764 3101 Apostolus
785 3033 1053 3102 duplicem
1085 3033 1178 3089 Dei
1203 3033 1545 3088 nativitatem
1572 3033 1849 3089 insinuare

1956 1925 2257 1994 apostolica
2310 1928 2470 1983 simul
2506 1931 2706 1999 scripta
2739 1936 3095 1991 conveniunt.
3144 1937 3278 2004 Quia
3308 1948 3367 1996 et
3389 1940 3542 2011 juxta

1955 2019 2338 2087 evangelistam
2372 2019 2534 2077 habet
2562 2023 2935 2093 genealogiam
2967 2026 3085 2082 sine
3108 2040 3266 2097 patre
3295 2030 3349 2086 in
3380 2046 3545 2088 carne

1957 2118 2150 2175 natus;
2180 2119 2235 2165 et
2282 2112 2433 2180 juxta
2480 2112 2799 2182 Apostolum
2830 2130 2934 2169 non
2966 2116 3148 2183 habet,
3201 2121 3322 2176 sine
3371 2133 3545 2179 matre

1955 2199 2218 2256 Dominus
2243 2203 2294 2256 in
2314 2202 2524 2259 Deitate
2545 2215 2853 2275 generatus,
2879 2208 3015 2262 Isaia
3038 2210 3252 2267 dicente
3279 2230 3292 2266 :
3323 2212 3350 2252 δ
3379 2213 3544 2272 Gene-

1952 2291 2203 2346 rationem
2233 2303 2400 2347 autem
2438 2297 2548 2365 ejus
2575 2296 2686 2362 quis
2711 2298 2974 2352 enarralu't
3000 2298 3103 2373 (Is.
3135 2301 3252 2375 Litt)
3283 2304 3307 2357 ἲ

2550 2407 2777 2465 CAPUT
2818 2410 2956 2467 XVI.

1952 2496 2037 2551 Ad
2058 2498 2507 2575 _instar_da_amonis
2548 2500 2810 2556 Christum
2837 2507 3102 2575 tentautis,
3134 2511 3354 2563 ostendit
3381 2514 3544 2569 hatre-

2028 2570 2158 2623 ticos
2214 2569 2541 2640 Scripturam
2584 2589 2782 2627 sacram
2831 2584 3070 2631 truncare
3091 2569 3147 2631 et
3167 2593 3471 2649 pervertere.

2026 2662 2136 2717 Cur
2159 2677 2306 2732 ergo,
2353 2661 2628 2731 breretice,
2659 2680 2764 2719 non
2798 2666 2899 2722 hoc
2945 2669 3109 2723 modo
3158 2686 3278 2739 quae
3332 2673 3545 2743 legeras

1956 2751 2164 2823 integra
2194 2764 2247 2808 et
2271 2754 2575 2824 incorrupta
2604 2757 2880 2825 posuisti?
2912 2756 3071 2811 Vides
3097 2759 3277 2828 itaque
3304 2764 3543 2829 Aposto-

1952 2841 2063 2897 lum
2091 2842 2191 2898 hac
2241 2844 2452 2899 ratione
2502 2859 2604 2914 qua
2656 2855 2839 2899 natum
2895 2847 3182 2901 Dominum
3229 2849 3347 2905 sine
3391 2861 3543 2921 patre

1956 2935 2157 3004 posuit,
2190 2935 2286 2989 hac
2306 2935 2468 2990 etiam
2515 2935 2633 2990 sine
2662 2946 2836 2991 matre
2889 2938 3173 3007 posuisse;
3231 2951 3291 2995 ut
3337 2950 3392 2996 et
3438 2959 3542 3014 qua

1958 3027 2166 3082 ratione
2189 3026 2577 3095 intelligeretur
2594 3042 2720 3083 esse
2747 3028 2866 3083 sine
2893 3038 3064 3098 patre,
3099 3031 3199 3086 hac
3225 3045 3542 3091 nosceretur

242 3125 507 3180 omnibus
532 3125 777 3194 cupiens,
812 3134 871 3179 ut
896 3133 954 3180 et
1002 3124 1053 3179 in
1092 3123 1302 3179 Deitaze
1326 3133 1511 3178 natum
1557 3124 1847 3179 Dominum
1887 3191 1920 3197 _
1957 3135 2079 3175 esse
2104 3122 2222 3176 sine
2254 3130 2446 3175 matre.
2480 3121 2546 3175 Et
2573 3121 2714 3176 sicut
2745 3137 2851 3177 non
2884 3126 3053 3191 possit
3078 3125 3268 3196 utique
3296 3128 3414 3183 sine
3445 3145 3541 3197 pa-

242 3228 305 3272 et
356 3215 409 3270 in
437 3191 986 3280 carne—monstraret,
1018 3213 1115 3280 ait,
1150 3213 1276 3270 Sine
1308 3221 1473 3284 patre.
1503 3214 1614 3267 sine
1642 3223 1847 3279 matre;
1877 3191 1923 3254 (ἶ
1955 3223 2035 3268 tre
2055 3215 2229 3279 credi.
2262 3215 2332 3269 ita
2364 3215 2483 3270 sine
2513 3224 2684 3270 matre
2713 3231 2929 3287 quoque
2953 3233 3058 3272 non
3089 3191 3262 3289 pos-sit
3290 3191 3538 3293 intelligi.

243 3309 489 3363 alterum
541 3307 686 3362 enim
754 3305 1031 3375 proprium
1084 3314 1169 3360 est
1215 3304 1517 3359 divinitatis
1560 3304 1845 3370 nativitati.

241 3399 487 3453 alterum
528 3397 729 3453 carnis.
763 3396 898 3462 Quia
928 3397 1068 3451 sicut
1095 3395 1149 3450 in
1184 3395 1396 3450 Deitate
1422 3402 1505 3450 est
1530 3395 1649 3450 sine
1676 3404 1850 3451 matre

244 3498 571 3560 generatus,
598 3490 671 3543 ita
699 3490 753 3545 in
784 3503 1013 3560 corpore
1042 3498 1127 3544 est
1156 3489 1275 3544 sine
1306 3499 1457 3559 patre
1487 3508 1499 3542 :
1532 3504 1596 3544 ac
1622 3490 1701 3544 sic
1725 3504 1847 3545 cum

250 3597 360 3639 nec
398 3582 519 3639 sine
564 3592 736 3652 patre,
785 3596 886 3636 nec
914 3581 1037 3645 sine
1070 3588 1241 3636 matre
1289 3581 1380 3648 sit,
1437 3588 1493 3637 et
1547 3580 1669 3637 sine
1698 3590 1851 3651 patre

252 3686 440 3730 tamen
480 3684 537 3730 et
565 3674 682 3729 sine
726 3685 900 3729 matre
925 3672 1229 3730 credendus
1255 3682 1361 3728 est.
1394 3672 1528 3739 Quia
1556 3671 1603 3728 si
1627 3672 1754 3728 dum
1779 3689 1847 3729 ex

249 3775 413 3835 patre
449 3764 709 3831 nascitur,
740 3765 988 3830 respicis,
1021 3764 1140 3819 sine
1170 3774 1342 3819 matre
1365 3779 1517 3831 esse;
1551 3766 1594 3820 si
1622 3765 1748 3820 dum
1781 3782 1847 3822 ex

255 3865 458 3926 matre,
490 3857 608 3911 sine
639 3866 811 3927 patre.
845 3856 921 3909 Ac
968 3854 1044 3909 sic
1095 3854 1148 3910 in
1202 3855 1428 3925 singulis
1480 3857 1849 3913 nativitatibus

253 3948 495 4004 alterum
526 3948 753 4011 habens,
796 3946 1023 4001 alterum
1078 3946 1130 4001 in
1178 3957 1406 4016 utroque
1458 3962 1563 4002 non
1616 3947 1846 4014 1ι.ιι›υἱι;

256 4040 384 4109 quia
417 4055 518 4095 nec
544 4037 844 4095 divinitatis
871 4037 1121 4092 nativitas
1144 4045 1316 4092 matre
1337 4037 1507 4107 eguit,
1540 4045 1595 4092 et
1616 4038 1680 4092 ad
1706 4041 1849 4094 nati-

1952 3307 2062 3362 Cur
2091 3322 2242 3376 ergo.
2276 3307 2550 3373 haeretice,
2585 3322 2690 3362 non
2724 3308 2835 3364 hoc
2864 3310 3025 3364 modo
3051 3326 3170 3381 qua:
3198 3312 3249 3366 in
3279 3314 3541 3383 Aposto’lo

1955 3399 2163 3468 legeras
2186 3397 2476 3453 incolumia
2498 3408 2552 3453 et
2571 3398 2824 3454 inviolata
2848 3400 3074 3469 posuisti
3098 3402 3122 3455 ?
3150 3403 3244 3456 sed
3278 3413 3300 3441 ο
3333 3414 3539 3472 partem

1952 3489 2178 3560 ingeris,
2207 3499 2411 3557 partem
2434 3489 2737 3552 subtrahis;
2773 3497 2828 3544 et
2854 3503 2904 3544 ut
2939 3500 3191 3546 astruere
3251 3492 3537 3547 falsitatem

1955 3598 2051 3654 per
2078 3582 2256 3638 scelus
2303 3583 2505 3652 possis,
2553 3582 2797 3636 veritatis
2844 3584 3015 3638 verba
3046 3582 3267 3639 lui-aris.
3301 3584 3469 3641 Video
3510 3603 3539 3640 a

1951 3688 2060 3744 quo
2079 3673 2269 3728 doctus
2287 3687 2365 3726 es.
2390 3672 2541 3727 Illius
2571 3671 2714 3726 enim
2742 3671 2940 3726 habere
2962 3671 3266 3729 credendus
3295 3690 3353 3728 es
3372 3675 3506 3730 insti
3522 3708 3538 3717 -

1954 3767 2239 3829 luliunem,
2257 3765 2409 3833 cujus
2423 3764 2665 3833 sequeris
2680 3762 3009 3832 exemplum.
3029 3763 3274 3819 Sicenim
3291 3766 3538 3823 diabolus

1952 3856 2006 3912 in
2029 3855 2324 3923 Evangelia
2354 3862 2569 3909 tentans
2600 3854 2786 3907 Deum:
2806 3853 2866 3909 Si
2890 3852 3085 3918 Filius.
3114 3856 3306 3927 inquit,
3334 3857 3430 3914 Dei
3462 3879 3535 3923 es.

1953 3950 2100 4001 mitte
2114 3956 2161 4001 te
2175 3947 2433 4000 deorsum.
2491 3944 2757 4012 Scriptum
2781 3954 2853 3999 est
2880 3946 3014 4000 enim
3041 3948 3164 4012 quia
3193 3954 3392 4019 angelis
3430 3956 3539 4007 suis

1952 4038 2213 4092 mandavit
2234 4036 2298 4090 de
2311 4044 2379 4100 te,
2397 4045 2452 4089 ut
2470 4036 2757 4091 custodiant
2777 4045 2825 4092 te
2846 4036 2899 4090 in
2912 4037 3147 4094 omnibus
3161 4040 3252 4094 viis
3267 4042 3369 4097 tuis
3385 4042 3537 4113 (Luc.

1319 4154 1578 4210 ALARDI
1618 4156 1852 4213 GAZIEI
1890 4152 2458 4214 COMMENTARIUS.

334 4262 362 4289 ι
404 4249 463 4303 Id
486 4257 585 4308 est.
620 4247 836 4300 nolebat
867 4245 1168 4314 intelligere
1207 4246 1346 4315 quod
1373 4247 1604 4314 legebat.
1641 4246 1715 4299 De
1744 4260 1850 4310 quo

264 4323 550 4377 Psalmista
576 4337 590 4372 :
628 4316 807 4371 Noluit
847 4318 1149 4387 intelligere.
1181 4327 1231 4369 ut
1264 4317 1386 4388 bene
1415 4324 1608 4388 ageret.
1645 4318 1719 4371 Dc
1749 4318 1852 4372 Ne-

262 4395 439 4447 storio
470 4390 705 4459 proprie,
741 4396 799 4459 ut
840 4389 985 4459 bene
1005 4386 1231 4459 sentiret
1256 4395 1308 4438 et
1340 4386 1667 4459 loqueretur.

335 4462 361 4501 δ
405 4456 535 4515 llam.
573 4456 743 4512 'verha
770 4456 924 4510 Isaia:
956 4456 1021 4509 de
1072 4457 1251 4510 divina
1300 4466 1354 4511 et
1398 4466 1597 4511 arterna
1648 4456 1850 4514 Christi

264 4532 623 4602 generatione
662 4544 690 4580 a
739 4528 895 4602 Patre
943 4527 1330 4602 interpretatur
1359 4528 1631 4602 _etiam‘D.
1656 4528 1853 4602 Hiero-

273 4594 466 4669 itymus
490 4600 738 4653 acribens
769 4601 818 4651 in
844 4612 963 4664 cap.
993 4613 1009 4650 ι
1040 4597 1269 4650 Matthtei
1296 4615 1308 4650 :
1346 4594 1411 4650 In
1444 4596 1628 4669 IsaiaL
1657 4599 1846 4668 inquit,

271 4666 486 4744 legimus
509 4687 528 4723 :
556 4669 945 4744 Generationem
974 4670 1226 4744 eiusquis
1244 4669 1502 4720 enarrabit
1525 4668 1550 4720 ?
1577 4666 1700 4744 on
1731 4666 1851 4740 ergo

270 4736 501 4810 putemus
546 4739 908 4810 evangelistam
951 4736 1208 4810 propheta
1249 4755 1355 4791 esse
1398 4739 1712 4810 contrarium
1738 4782 1752 4803 ,
1787 4736 1852 4791 'ut

270 4806 405 4882 quod
432 4815 522 4866 ille
549 4806 865 4881 impossibile
877 4806 1012 4882 dixit
1037 4806 1216 4882 effatu.
1252 4809 1343 4882 hic
1367 4825 1578 4882 narrare
1595 4809 1808 4882 incipiat
1831 4826 1852 4873 ;

268 4879 393 4952 quia
410 4885 479 4937 ibi
501 4886 565 4936 de
601 4879 933 4952 generatione
958 4879 1261 4952 diuinitatis,
1281 4879 1373 4952 hic
1398 4881 1462 4930 de
1500 4880 1853 4952 incarnatione

274 4948 350 5005 an
374 4958 585 5007 dictum.
602 4948 656 5006 Ἀ
680 4951 931 5004 Matth-mo
955 4949 1179 5010 scilicet,
1204 4948 1293 5016 qui
1316 4964 1469 5001 suum
1497 4949 1851 5016 Evangelium

274 5026 355 5075 sic
382 5038 608 5078 exorsus
634 5032 719 5073 est
746 5037 759 5071 :
786 5019 936 5072 Liber
962 5020 1307 5088 generationis
1349 5017 1476 5071 Iesu
1525 5018 1713 5071 Christi
1754 5018 1853 5087 ﬁlii

282 5092 443 5147 David
491 5094 710 5163 (Matth.
744 5094 836 5163 t)_.
868 5100 974 5143 etc.
1025 5088 1223 5141 Verum
1265 5088 1351 5142 alii
1400 5089 1579 5163 Patres
1603 5090 1853 5163 eumdem

281 5168 449 5218 lucum
475 5159 636 5217 etiam
692 5165 758 5214 de
816 5160 1043 5228 humana
1072 5167 1125 5211 et
1175 5159 1457 5224 temporali
1510 5161 1858 5228 generatiOne

280 5248 334 5285 et
358 5236 631 5289 nativitate
654 5232 851 5285 Christi
896 5244 960 5282 ex
1003 5227 1222 5295 Virgine
1249 5227 1543 5297 exponunt.
1572 5228 1860 5283 Tertullia-

280 5320 380 5357 nus
412 5306 503 5359 liti.
542 5305 801 5356 adversus
839 5298 1052 5353 Judazos
1081 5313 1200 5366 cap.
1259 5296 1342 5359 l5.
1376 5296 1609 5367 Cyrillus
1654 5298 1693 5353 ι.
1724 5314 1756 5353 ν
1804 5301 1858 5352 in

279 5373 532 5429 Joannem
577 5389 629 5427 c.
662 5374 715 5438 Ξ,
746 5372 1162 5437 Ctirysostomus
1195 5367 1413 5438 hn_milia
1455 5369 1617 5438 des.
1648 5369 1858 5424 Joanne

275 5445 531 5511 Baptista,
581 5436 917 5511 Atnbmsitts
949 5438 1044 5492 lib.
1100 5453 1115 5490 t
1147 5439 1213 5494 de
1244 5436 1393 5502 Fide,
1427 5438 1492 5511 ad
1518 5437 1857 5511 Gratianum,

272 5530 335 5566 ‹-.
364 5518 413 5572 5.
439 5517 551 5583 ubi,
572 5530 694 5567 cum
719 5515 867 5581 prius
888 5510 957 5583 de
987 5518 1186 5562 aeterna
1216 5510 1850 5583 generatiOne_dixi~set:

278 5584 409 5638 Mihi
433 5578 638 5652 quidem
667 5578 977 5650 impossibile
1010 5589 1099 5652 est
1143 5581 1484 5651 generationis
1512 5580 1644 5633 scire
1689 5595 1855 5634 secre-

272 5665 417 5709 tum:
446 5650 596 5707 iniens
636 5652 834 5718 deﬁcit,
855 5666 951 5703 rex
975 5650 1112 5714 silet,
1146 5650 1247 5701 non
1276 5665 1387 5702 mea
1417 5661 1632 5709 tantum.
1689 5652 1778 5702 sed
1806 5660 1856 5704 et

264 5731 603 5792 angelorum,
636 5721 815 5792 subdit
849 5720 1112 5775 inferius:
1147 5718 1269 5792 Non
1297 5721 1411 5774 sola
1433 5721 1753 5774 admirabilis
1792 5736 1855 5773 ea:

270 5790 429 5850 Patre
454 5793 714 5870 generatio
736 5790 952 5849 Christi.
982 5791 1297 5845 admirabilis
1326 5793 1472 5844 etiam
1510 5793 1620 5861 ejus
1641 5806 1853 5864 genera—

553 5890 828 5951 Ps'rnos.
877 5884 947 5945 ι..

1956 4248 2028 4299 tio
2054 4262 2117 4317 ea:
2144 4243 2394 4317 ‘Virgine.
2427 4244 2545 4310 lpse
2575 4242 2737 4317 etiam
2769 4244 3004 4317 Hierony
3026 4263 3126 4317 ius
3172 4249 3221 4302 in
3253 4248 3540 4309 Commer.

1955 4316 2109 4393 tariis
2142 4314 2289 4393 Isaia:
2313 4317 2507 4393 latetur
2532 4315 2721 4393 eadem
2748 4314 3231 4393 verba-dupliciter
3274 4322 3494 4393 intelligi
3521 4368 3534 4381 .

1953 4397 2044 4441 aut
2074 4388 2136 4439 de
2165 4385 2454 4457 divinitate,
2485 4394 2573 4437 aut
2618 4384 2681 4457 tle
2709 4383 3147 4457 partuyrirgiuis.
3184 4383 3539 4457 Apertissﬁne

1956 4474 2086 4511 vero
2114 4457 2176 4510 D.
2209 4455 2317 4509 Leo
2348 4469 2600 4508 sermone
2624 4456 2662 4509 ὅ
2690 4455 2755 4507 de
2780 4453 3069 4511 Nativitate
3093 4474 3104 4509 :
3140 4453 3258 4511 Non
3278 4460 3431 4516 enim.
3462 4468 3537 4517 in-

1953 4528 2089 4599 quit,
2131 4525 2200 4579 ad
2242 4523 2376 4599 illud
2417 4524 2780 4599 tantummodo
2808 4537 3337 4599 sacramentum,gquo
3369 4528 3539 4587 Filius

1955 4597 2051 4651 Dei
2080 4596 2514 4665 consempiteruus
2537 4604 2609 4646 est
2632 4593 2799 4661 Patri,
2833 4596 2925 4648 sed
2945 4597 3099 4651 etiam
3119 4599 3188 4650 ad
3207 4593 3343 4653 hunc
3369 4612 3541 4657 ortum

1881 4656 1930 4715 Ι)
1954 4682 2054 4733 quo
2088 4656 2309 4719 Verbqu
2328 4680 2452 4739 caro
2487 4671 2675 4739 [actum
2701 4656 2797 4727 est,
2828 4669 3081 4739 credimus
3100 4669 3373 4739 pertinere.
3404 4678 3541 4739 quod

1955 4739 2245 4817 dictumest
2269 4734 2704 4817 :nCt’tterationem
2728 4739 2840 4817 ejus
2868 4738 2981 4817 quis
3003 4734 3256 4817 enarrabit
3281 4742 3305 4793 ?
3333 4740 3397 4794 Et
3416 4734 3540 4797 ἐθν-

1956 4821 2117 4862 mone
2143 4808 2209 4857 10
2234 4822 2246 4856 :
2280 4804 2563 4860 Saluatoris
2596 4804 2755 4857 nostri
2779 4806 3017 4860 natiritas
3044 4824 3147 4861 non
3174 4809 3339 4862 solum
3360 4827 3543 4865 secun-

1957 4879 2080 4930 dum
2110 4875 2356 4928 Deitatem
2387 4876 2449 4928 de
2498 4873 2675 4937 Patre,
2716 4877 2805 4927 sed
2834 4878 2985 4929 etiam
3026 4880 3308 4931 secundum
3336 4896 3540 4936 carnem

1958 4948 2022 5001 de
2047 4954 2239 5020 matre._
2288 4946 2360 4996 ita
2413 4943 2714 5011 facultatem
2752 4945 2972 5020 humani
2998 4951 3192 5020 excedit
3243 4948 3452 5020 eloquii,
3488 4961 3543 5005 ut

1957 5018 2144 5071 merito
2172 5016 2239 5068 ad
2266 5027 2535 5083 utrumque
2559 5020 2812 5084 referatur
2836 5018 2973 5083 quod
3011 5019 3206 5071 dictant
3249 5016 3347 5085 est,
3372 5018 3541 5075 Gene-

1958 5088 2207 5141 rutionem
2234 5087 2345 5152 ejus
2372 5088 2483 5155 quis
2510 5086 2810 5140 enarrabit?
2834 5096 2938 5141 etc.
2974 5087 3038 5141 D.
3072 5087 3304 5142 Thomas
3332 5100 3541 5145 utram-

1960 5155 2415 5228 quetsen'entiatn
2439 5156 2721 5228 explicans
2743 5166 2796 5211 et
2816 5158 3107 5228 concilians
3133 5160 3188 5226 (3
3216 5176 3288 5224 ρ,,
3314 5179 3364 5228 q.
3384 5159 3537 5227 5l,a,

1960 5228 2038 5301 1’3):
2057 5225 2368 5301 Di_cendum_.
2384 5225 2875 5301 in_qttit,quod.sic_ut
2893 5228 3016 5281 dicit
3030 5225 3378 5301 Hieronymus
3389 5225 3543 5301 super

1964 5297 2305 5360 Matthceum,
2338 5294 2505 5349 Isaias
2535 5297 2763 5366 loquitur
2788 5296 2851 5349 de
2878 5298 3203 5368 generatione
3232 5294 3541 5368 diuinitatis,

1962 5368 2017 5421 Μ
2024 5369 2239 5420 atthteus
2261 5377 2428 5418 autem
2455 5379 2658 5419 enarrat
2671 5370 3044 5437 generationem
3062 5367 3252 5421 Christi
3264 5367 3543 5427 secundant

1964 5438 2335 5491 humanitatem
2362 5451 2379 5487 :
2410 5452 2509 5488 non
2536 5436 2739 5507 quidem
2761 5436 3027 5507 explicans
3054 5436 3263 5491 "ludum
3295 5439 3545 5497 lncarna-

1964 5508 2140 5567 tionis.
2164 5507 2283 5581 quin
2307 5506 2573 5581 hocetinm
2602 5517 2675 5560 est
2705 5506 2982 5581 inell'abile,
3007 5508 3098 5561 sed
3121 5526 3423 5566 enumerans
3444 5530 3541 5581 pa-

1965 5586 2065 5630 tres
2086 5592 2149 5649 ea:
2175 5578 2356 5649 quibus
2385 5575 2620 5632 Christus
2657 5576 2939 5649 secundum
2979 5595 3187 5633 carnem
3227 5575 3493 5649 processit.

2040 5659 2060 5685 ε
2095 5647 2172 5701 De
2210 5646 2307 5700 hac
2341 5648 2713 5702 ltmreticorunt
2748 5647 3008 5717 pravitate
3050 5651 3101 5703 in
3150 5646 3460 5712 truitCandil
3486 5664 3541 5717 et

1965 5716 2329 5774 dilaceraudis
2357 5716 2655 5788 Scripturis
2687 5716 2933 5787 superius
2957 5721 3158 5776 dictum
3191 5734 3292 5778 est.

2986 5882 3027 5946 8
