4016 6192
427 376 542 434 ξΞ35

1746 371 2029 430 'JOANNIS
2065 371 2377 430 CASSIANI

3597 369 3704 426 Ξῖ)ἵῖ

441 514 508 559 iv.
537 513 616 569 ps.
645 510 712 553 xc
726 494 766 566 ).
802 495 869 551 Et
896 507 1014 550 cum
1041 491 1144 548 hoc
1171 489 1417 556 dixisset,
1447 489 1772 545 cohmrcntia
1799 501 1858 547 et
1884 491 2012 546 suh-
2039 493 2087 554 A
2116 492 2286 564 elegit,
2332 506 2421 562 per
2462 487 2718 558 Spiritum
2760 497 2989 542 sanctum
3027 488 3251 542 eleuatus
3292 494 3364 542 est
3399 488 3597 560 (Actor.
3642 499 3706 559 t).

362 576 367 580 ”
435 591 573 659 jecta
605 587 896 649 subtraxit,
947 584 998 640 id
1027 593 1133 654 est,
1163 582 1333 653 Super
1385 583 1614 654 aspidem
1654 594 1700 636 et
1725 584 2016 636 basiliscum

439 679 725 734 ambulabis
743 719 756 742 ,
785 689 832 731 et
852 675 1178 731 conculcabis
1207 675 1400 731 leonem
1425 685 1472 728 et
1496 675 1788 731 draconem.
1816 674 2019 729 Callide

439 772 622 842 utique
672 771 950 839 superiora
1010 766 1203 838 posuit,
1263 766 1517 822 inferiora
1549 768 1855 832 subtraxit;
1889 765 2019 820 illud

419 861 579 918 enim
610 862 787 932 posuit
815 869 870 915 ut
909 858 1402 926 circumscriberet,
1435 867 1460 896 ι
1494 859 1599 913 hoc
1626 859 1839 914 reticuit
1866 873 1932 913 ne
1960 872 2020 912 se

437 957 556 1026 ipse
597 956 900 1010 damnaret.
927 952 1147 1010 Sciebat
1185 952 1327 1007 enim
1357 966 1418 1007 se
1447 951 1686 1022 aspidem
1715 960 1769 1006 et
1811 951 2022 1006 basilis-

439 1063 584 1112 cum.
626 1063 688 1103 se
729 1047 938 1102 leonem
974 1052 1029 1098 et
1076 1044 1368 1099 draconem
1407 1043 1724 1113 preplietica
1773 1058 1904 1098 voce
1948 1044 2022 1097 si-

438 1141 614 1210 gnari.
660 1141 736 1195 Ita
785 1155 914 1209 ergo
941 1147 997 1193 et
1027 1147 1079 1193 tu
1109 1147 1312 1208 partem
1351 1137 1635 1206 objiciens,
1667 1147 1870 1207 partem
1893 1138 2022 1192 sub-

442 1235 687 1298 trahens,
713 1231 846 1286 illud
870 1231 1079 1286 scilicet
1121 1232 1277 1299 ponis
1330 1238 1386 1283 ut
1437 1231 1857 1298 circumvenias,
1917 1229 2021 1284 hoc

440 1325 717 1381 subtrahis
742 1340 810 1380 ne
837 1324 883 1379 si
915 1333 1082 1378 totum
1113 1323 1295 1392 utique
1347 1323 1616 1391 posueris,
1643 1322 2024 1391 circumscrip-

439 1419 643 1472 tionem
683 1427 825 1470 tuam
869 1414 984 1483 ipse
1006 1414 1359 1470 condemnes.
1409 1412 1516 1468 Sed
1550 1423 1756 1482 tempus
1807 1412 2022 1467 tandem

441 1521 524 1566 est
550 1510 616 1565 ad
657 1507 915 1565 ulteriora
949 1507 1215 1572 transire;
1246 1505 1404 1560 nimis
1425 1505 1568 1560 enim
1597 1505 1686 1559 diu
1720 1505 1773 1559 in
1798 1505 2022 1573 singulis

441 1611 866 1664 commorantes,
897 1597 1024 1653 dum
1050 1595 1246 1653 allecto
1277 1596 1510 1663 cepiosa:
1535 1595 1904 1664 responsionis
1924 1595 2024 1649 du-

437 1693 634 1759 cimur,
662 1691 882 1746 modum
911 1689 1034 1745 libri
1056 1690 1218 1744 etiam
1247 1687 1510 1758 longioris
1540 1687 1876 1742 excedinius.

1009 1843 1243 1902 CAPUT
1282 1843 1449 1899 XVII.

441 1961 636 2020 Christi
674 1960 889 2028 gloriam
928 1967 976 2013 et
1013 1959 1319 2027 dignitatem
1360 1974 1460 2028 non
1491 1958 1561 2009 ita
1599 1955 1819 2022 Spiritui
1846 1965 2023 2010 sancto

512 2027 867 2086 ascribendam
903 2045 1031 2093 esse,
1071 2040 1126 2080 ut
1163 2029 1225 2081 ab
1261 2029 1377 2095 ipso
1411 2027 1614 2080 Christo
1657 2040 1862 2098 negetur
1899 2043 2023 2098 pro-

511 2107 666 2169 festa,
699 2101 848 2170 quasi
871 2100 1034 2152 omnis
1060 2112 1176 2170 qua:
1201 2099 1255 2150 in
1285 2097 1377 2151 illo
1403 2099 1500 2168 fuit
1531 2097 1828 2151 excellentia
1854 2097 2024 2151 aliena

511 2182 560 2226 et
586 2169 796 2227 aliunde
822 2170 1051 2240 profecta
1079 2169 1254 2239 fuerit.

512 2330 603 2383 Ais
641 2341 770 2396 ergo
804 2325 856 2379 in
899 2325 1006 2378 alia
1049 2324 1436 2392 diSputatione,
1470 2324 1633 2378 immo
1661 2324 1712 2378 in
1745 2323 1844 2377 alia
1880 2324 2024 2378 blas-

391 2414 403 2422 κ
427 2419 655 2490 .phem’a
689 2424 800 2482 tua,
831 2424 885 2470 et
911 2414 1174 2483 Spiritum
1215 2414 1282 2468 de
1305 2413 1498 2466 ‘dit'ina
1532 2425 1715 2466 natura
1746 2428 2022 2482 reparans,

437 2509 527 2580 qui
557 2507 943 2561 humanitatem
976 2504 1094 2575 ejus
1121 2505 1345 2559 creavit.
1378 2502 1406 2543 δ
1435 2503 1528 2558 Ait
1551 2506 1692 2558 enim
1719 2507 1841 2574 quia
1875 2505 2024 2571 Quod

435 2619 503 2656 ea:
536 2601 695 2656 Maria
739 2607 916 2653 natum
947 2607 1046 2662 est,
1076 2599 1141 2652 de
1170 2597 1370 2664 Spiritu
1403 2611 1580 2652 sancto
1610 2609 1684 2653 est
1719 2598 2020 2668 (Matth-il.

437 2692 539 2760 Qui
567 2699 620 2745 et
642 2690 850 2759 iustitia
879 2689 1127 2760 replevit,
1156 2691 1297 2756 quod
1329 2697 1575 2744 creatum
1597 2698 1699 2744 est.
1724 2691 1814 2744 Ait
1838 2691 1982 2745 enim
2006 2707 2022 2750 :

437 2783 690 2855 Apparuit
710 2783 762 2834 in
782 2781 1281 2852 carne,justificatus
1302 2792 1376 2834 est
1399 2781 1452 2834 in
1475 2779 1676 2852 Spiritu
1699 2781 1738 2851 (I
1763 2781 1894 2836 Tim.
1915 2784 2019 2854 ni).

437 2875 592 2940 Item,
625 2873 715 2944 qui
758 2887 880 2928 eum
920 2872 1047 2927 fecit
1090 2882 1146 2927 et
1187 2872 1467 2927 dminoniis
1498 2875 1867 2928 metuendum.
1909 2874 2024 2947 Ego

435 2967 603 3032 enim,
635 2965 732 3033 ait,
771 2965 827 3019 in
869 2964 1072 3034 Spiritu
1115 2963 1210 3017 Dei
1248 2965 1399 3036 ejicio
1424 2965 1679 3018 dwmonia
1710 2964 1871 3034 (Luc.
1910 2968 2020 3035 ιιι).

435 3057 535 3124 Qui
569 3065 622 3109 et
656 3069 875 3110 carnem
909 3055 1024 3122 ejus
1051 3052 1179 3109 fecit
1209 3054 1490 3122 templum.
1534 3053 1649 3108 Vidi
1677 3058 1824 3110 enim
1855 3057 2023 3129 Spiri-

433 3158 542 3202 tum
581 3151 691 3223 ejus
730 3146 1119 3201 descendentem
1145 3147 1292 3217 quasi
1325 3147 1631 3212 columbam,
1660 3157 1706 3201 et
1735 3160 2020 3203 manentem

2121 587 2275 640 Iliinc.
2311 585 2541 654 denique
2577 584 2665 653 qui
2706 591 2905 636 tantam
2947 581 3173 650 gloriam
3213 582 3432 637 Christo
3461 583 3706 638 donavit.

2119 677 2306 731 Omnis
2336 690 2466 745 ergo
2500 676 2552 728 in
2582 674 2665 729 his
2693 673 3024 742 blasphemia
3057 683 3145 727 tua
3177 673 3294 728 hcce
3327 681 3431 741 est,
3473 683 3536 729 ut
3572 673 3708 730 nihil

2119 768 2368 823 Christus
2413 783 2507 836 per
2542 782 2600 821 se
2642 766 2926 830 habuerit;
2970 765 3062 819 scd
3105 782 3202 820 nec
3248 767 3385 835 ipse,
3428 775 3484 820 ut
3515 773 3569 820 tu
3602 766 3705 835 ais,

2120 859 2391 914 solitarius
2424 860 2586 912 homo
2616 856 2816 925 aliquid
2849 873 2878 910 a
2909 847 3114 921 verbo,
3154 857 3205 910 id
3251 870 3353 922 est,
3387 872 3416 909 a
3451 857 3587 912 Filio
3615 859 3708 913 Dei

2121 949 2411 1018 acceperit.
2455 949 2552 1004 sed
2595 957 2765 1004 tetum
2806 948 2858 1002 in
2901 962 2967 1002 eo
3004 947 3202 1001 donum
3245 948 3486 1018 Spiritus
3524 949 3708 1003 fuerit.

2123 1044 2178 1098 Si
2212 1059 2345 1110 ergo
2374 1058 2537 1098 omne
2569 1042 2620 1096 id
2661 1042 2805 1108 quod
2845 1052 2902 1095 tu
2945 1041 3009 1095 ad
3051 1041 3315 1108 Spiritum
3355 1044 3546 1104 refers,
3589 1054 3712 1095 esse

2121 1134 2291 1204 ipsius
2331 1133 2863 1200 demonstrabimus,
2904 1135 3033 1204 quid
3068 1136 3336 1204 reliquum
3376 1144 3477 1201 est,
3513 1135 3613 1188 nisi
3652 1143 3712 1188 ut

2121 1244 2282 1299 quem
2325 1239 2378 1282 ιιι
2423 1227 2545 1282 ideo
2589 1227 2863 1282 hominem
2910 1226 2990 1281 vis
3031 1229 3278 1294 intelligi,
3313 1227 3458 1295 quia.
3503 1240 3559 1281 ut
3606 1230 3707 1295 ais,

2123 1327 2294 1373 totum
2329 1317 2580 1372 habuerit
2611 1317 2866 1383 alienum,
2905 1332 3005 1372 nos
3042 1317 3164 1372 ideo
3198 1318 3488 1386 probemus
3517 1318 3708 1385 Deum,

2122 1412 2246 1481 quia
2278 1412 2526 1465 habuerit
2555 1421 2718 1466 totum
2751 1410 2949 1464 suum?
2981 1410 3048 1464 Et
3083 1410 3299 1480 quidem
3331 1410 3434 1466 hoc
3462 1428 3564 1464 non
3601 1413 3712 1467 dis-

2123 1503 2495 1572 putationibus
2522 1511 2750 1566 tantum,
2773 1511 2865 1556 aut
2887 1505 3245 1570 argumentis,
3270 1504 3362 1557 sed
3389 1519 3522 1557 voce
3543 1505 3712 1570 ipsius

2128 1595 2438 1650 Divinitatis
2485 1594 2851 1664 probabimus,
2899 1597 3022 1663 quia
3071 1595 3214 1648 nulla
3257 1594 3325 1648 de
3369 1594 3478 1654 Deo
3508 1597 3713 1650 rectius

2123 1703 2285 1757 quam
2315 1686 2494 1740 divina
2523 1695 2807 1740 testantur.
2841 1685 2908 1740 Et
2933 1685 3058 1755 quia
3087 1686 3232 1739 nulla
3256 1703 3315 1739 se
3337 1687 3528 1740 melius
3550 1703 3710 1756 quain

2126 1780 2240 1847 ipsa
2278 1777 2531 1846 Maiestas
2575 1778 2668 1831 Dei
2704 1777 2875 1840 novit,
2909 1778 3072 1830 nullis
3104 1778 3170 1830 de
3209 1777 3318 1830 Deo
3351 1776 3562 1846 dignius
3589 1792 3714 1833 cre-

2047 1865 2099 1924 Β
2128 1871 2274 1924 ditur
2303 1886 2460 1935 quam
2496 1868 2577 1922 his
2615 1868 2668 1922 in
2706 1869 2899 1934 quibus
2915 1867 3072 1922 .Di-us
3102 1867 3218 1936 ipse
3247 1875 3334 1922 est
3370 1870 3523 1922 testis
3555 1884 3707 1924 suus.

2129 1959 2370 2013 Primum
2400 1974 2531 2028 ergo
2557 1958 2697 2026 quod
2731 1959 2833 2025 ais,
2867 1959 2986 2027 quia
3023 1958 3408 2011 humanitatem
3436 1957 3555 2027 ejus
3582 1957 3710 2024 Spi-

2115 2051 2262 2106 iritus
2307 2063 2523 2104 sanctus
2563 2049 2782 2114 crearit,
2829 2065 3113 2118 possemus
3155 2049 3206 2103 id
3257 2063 3356 2103 nos
3395 2049 3714 2117 simpliciter

2127 2143 2448 2206 intelligere,
2493 2143 2538 2195 si
2579 2155 3006 2209 agnosceremus
3057 2149 3108 2195 te
3157 2140 3208 2194 id
3262 2157 3367 2195 non
3420 2141 3713 2198 inﬁdeliter

2128 2234 2438 2303 protulisse.
2484 2232 2667 2301 Neque
2711 2231 2858 2285 enim
2901 2243 2999 2284 nos
3045 2241 3365 2299 conceptam
3399 2249 3463 2297 es
3505 2231 3713 2301 Spiritu

2111 2331 2312 2378 sancto
2341 2323 2552 2377 Domini
2575 2337 2792 2376 carnem
2823 2336 3110 2390 negamus;
3143 2322 3238 2375 sed
3271 2325 3342 2376 ita
3373 2334 3549 2377 tamen
3579 2338 3715 2377 con-

2125 2427 2342 2482 ceptum
2390 2429 2590 2484 corpus
2640 2425 2970 2482 coeperante
3017 2415 3220 2482 Spiritu
3273 2415 3524 2480 dicimus,
3578 2427 3602 2456 ε
3653 2427 3714 2472 ut

2123 2517 2362 2561 creatum
2397 2516 2576 2560 tamen
2603 2507 2702 2560 sibi
2734 2523 2762 2558 a
2796 2505 2934 2560 Filio
2967 2506 3059 2560 Dei
3091 2506 3362 2560 hominem
3399 2521 3552 2562 suum
3588 2524 3715 2564 esse

2123 2598 2394 2661 dicamus,
2423 2597 2636 2652 dicente
2667 2598 2784 2665 ipso
2815 2597 2866 2650 in
2892 2596 3124 2666 Scriptis
3155 2599 3329 2652 sacris
3349 2599 3550 2667 Spiritu
3581 2615 3714 2653 san-

2122 2701 2238 2758 cto,
2264 2704 2424 2760 atque
2453 2700 2679 2744 testante
2703 2707 2716 2742 :
2739 2689 2765 2725 ά
2800 2689 3069 2760 Sapientia
3089 2690 3365 2758 adiﬁctivit
3385 2691 3481 2744 sibi
3501 2693 3715 2745 domum

2123 2781 2305 2855 (Prov.
2330 2783 2427 2851 Ix).
2451 2781 2616 2835 Vides
2641 2796 2770 2850 ergo
2800 2783 2938 2850 quod
2965 2781 3016 2835 id
3044 2783 3185 2848 quod
3217 2792 3541 2851 conceptum
3567 2794 3648 2836 est
3677 2797 3709 2836 a

2122 2874 2327 2942 Spiritu
2356 2886 2564 2937 saneto,
2597 2872 2923 2927 aediﬁcatum
2961 2889 2990 2925 a
3035 2873 3171 2928 Filio
3215 2873 3309 2927 Dei
3337 2886 3498 2943 atque
3532 2874 3710 2943 perfe-

2122 2976 2263 3019 ctum
2294 2965 2408 3018 est?
2431 2979 2534 3018 non
2565 2965 2686 3033 quia
2711 2963 2858 3018 aliud
2887 2979 3023 3031 epus
3046 2963 3170 3018 Filii
3204 2965 3322 3028 Dei,
3353 2968 3500 3020 aliud
3534 2967 3712 3034 Spiri-

2123 3068 2212 3112 tus
2238 3060 2440 3123 sancti;
2473 3058 2570 3111 sed
2602 3057 2724 3125 quia
2758 3071 2850 3123 per
2879 3056 3141 3110 unitati-tn
3172 3059 3473 3111 divinitatis
3501 3075 3564 3112 ac
3592 3075 3716 3113 ma-

2121 3148 2362 3218 iestatis,
2388 3157 2443 3203 et
2464 3149 2710 3216 Operatio
2740 3147 2975 3218 Spiritus
3006 3148 3293 3202 a’dilicatio
3335 3149 3453 3204 Filii
3487 3150 3576 3204 Dei
3607 3152 3714 3217 sit,

435 3259 584 3311 super
604 3259 720 3296 eum
745 3239 924 3310 (Joan.
952 3240 1015 3309 ι).
1045 3238 1199 3304 Item,
1225 3240 1314 3310 qui
1337 3240 1385 3294 ei
1416 3240 1638 3295 donavit
1662 3241 2016 3300 elevationem
2047 3226 2091 3290 C
2121 3253 2178 3298 et
2203 3240 2492 3296 aediﬁcatio
2521 3241 2638 3295 Filii
2665 3242 2782 3305 Dei,
2811 3241 3126 3308 cooperatio
3151 3242 3384 3310 Spiritus
3415 3246 3613 3296 sancti.
3646 3243 3718 3298 Et

435 3334 488 3388 in
519 3334 738 3390 cmlum.
775 3332 864 3386 Ait
894 3331 1036 3387 enim
1069 3347 1084 3384 :
1117 3329 1259 3385 Dans
1288 3331 1585 3387 mandatum
1613 3333 1858 3401 apostolis
1892 3352 2018 3404 quos

2122 3335 2245 3390 ideo
2269 3343 2296 3371 ο
2320 3349 2427 3387 non
2446 3332 2623 3387 solum
2643 3331 2881 3401 Spiritus
2903 3340 3126 3386 sanctus
3152 3333 3203 3385 in
3227 3330 3498 3402 Virginem
3523 3348 3718 3403 super-

1482 3465 1737 3520 ALARDI
1778 3466 2005 3523 GAZIEI
2045 3467 2607 3526 COMMENTARIUS.

509 3570 536 3598 ει
565 3561 711 3614 Scite
738 3560 800 3613 ι).
828 3558 1244 3629 Chryso_stomns
1269 3557 1453 3626 (Hom.
1484 3558 1516 3612 5
1545 3556 1700 3626 Oper.
1731 3557 1975 3629 Imperf.)
2001 3578 2015 3617 :

427 3631 484 3686 ὀ
505 3631 728 3698 diabolo,
750 3626 991 3697 quoniam
1013 3626 1183 3682 Filius
1208 3627 1300 3681 Dei
1322 3631 1552 3682 manibus
1577 3641 1806 3693 portatur
1821 3626 2016 3699 legisti,

436 3713 484 3755 et
509 3703 626 3769 quia
653 3715 804 3772 super
834 3700 1059 3772 aspidem
1088 3708 1133 3751 et
1165 3699 1459 3772 basiliscum
1489 3701 1654 3751 calcat
1683 3717 1793 3772 non
1814 3701 2021 3772 legisti?

436 3771 541 3828 Sed
572 3770 939 3840 illudquidem
979 3770 1266 3840 exemplum
1297 3770 1493 3838 profers
1528 3777 1583 3822 ut
1622 3770 1890 3837 superbus,
1922 3771 2018 3826 hoc

435 3853 604 3896 autem
632 3839 766 3894 taces
801 3851 856 3894 ut
894 3850 1110 3895 astutus.
1149 3839 1211 3892 Ι).
1257 3841 1612 3910 Ilieronyinus
1646 3843 1695 3891 in
1728 3842 2017 3893 Commen-

435 3914 616 3966 tario:
654 3911 789 3978 Hoc,
832 3912 1021 3981 inquit,
1067 3912 1121 3981 in
1162 3911 1488 3981 nonagesimo
1528 3911 1724 3978 psalmo
1768 3912 2019 3981 legimus;

435 3999 609 4036 rerum
638 3982 706 4052 ibi
736 3997 837 4033 non
864 3981 926 4052 de
951 3979 1176 4041 Christo,
1206 3979 1298 4052 sed
1326 3981 1389 4052 de
1417 3983 1524 4033 viro
1551 3991 1726 4034 sancto
1746 3979 2021 4052 prophetia

436 4063 530 4105 est.
567 4050 706 4103 Male
731 4066 850 4119 ergo
879 4050 1240 4119 interpretatur
1264 4049 1559 4118 Scripturas
1583 4049 1854 4104 diabolus.
1875 4050 2022 4106 Certe

435 4122 479 4173 si
507 4136 621 4172 uere
649 4120 712 4170 de
736 4118 1276 4182 salvatore'scriptum
1303 4129 1528 4174 noverat.
1555 4120 1796 4172 debuerat
1818 4130 1866 4172 et
1889 4121 2021 4175 illud

436 4191 604 4243 dicere
632 4188 766 4256 quod
787 4190 841 4240 in
863 4189 1036 4240 eodem
1060 4189 1253 4252 psalmo
1275 4199 1448 4239 contra
1478 4204 1533 4240 se
1559 4193 1819 4257 sequitur:
1851 4191 2020 4256 Super

437 4261 670 4327 aspidem
693 4268 738 4310 et
761 4258 1052 4310 basiliscuni
1077 4257 1385 4318 ambulabis,
1413 4266 1458 4310 et
1483 4261 1803 4312 conculcubis
1826 4261 2020 4315 leonem

437 4342 485 4384 et
517 4332 810 4383 draconem.
846 4327 920 4381 De
941 4329 1237 4400 angelorum
1262 4327 1456 4382 auxilio
1480 4331 1628 4396 quasi
1658 4331 1724 4381 ad
1755 4331 2019 4394 inﬁrmum

436 4402 681 4469 loquitur,
713 4399 776 4452 de
795 4415 888 4470 sua
915 4397 1296 4451 conculcatione
1315 4399 1460 4468 quasi
1486 4400 1840 4470 tergiversatur
1865 4410 2017 4454 taret.

438 4471 505 4525 Et
538 4473 598 4525 D.
630 4469 932 4524 Bernartius
958 4484 1206 4522 sermone
1236 4470 1299 4521 Il
1337 4471 1387 4521 in
1424 4469 1669 4523 eiinnlein
1705 4471 1966 4536 psalmum
2003 4489 2016 4525 :

436 4541 842 4594 Animadvertite
873 4550 917 4592 et
948 4538 1109 4590 videte
1133 4540 1389 4608 quomodo
1421 4541 1668 4593 subticuit
1696 4541 1950 4608 malignus
1972 4553 2019 4596 et

438 4613 826 4679 fraudulentus,
856 4608 992 4670 quod
1016 4609 1354 4679 malignitatis
1384 4626 1490 4660 sum
1512 4621 1797 4662 commenta
1828 4612 2017 4664 dissol-

437 4678 588 4734 ueret.
619 4680 758 4747 Quid
785 4682 916 4732 enim
941 4678 1244 4750 mandavit?
1275 4694 1451 4750 nempe
1477 4682 1614 4748 quod
1636 4681 1688 4732 in
1715 4679 1914 4750 pstilmo
1934 4699 2019 4734 se-

437 4753 612 4820 quitur
649 4766 668 4804 :
708 4750 774 4802 Ut
805 4749 1093 4820 custodiant
1115 4759 1170 4820 _te
1203 4749 1254 4820 in
1295 4747 1523 4820 omnibus
1559 4751 1652 4802 viis
1680 4747 1799 4802 tuis.
1845 4750 2017 4803 Num-

437 4816 561 4888 quid
608 4821 662 4873 in
719 4818 1058 4888 prwcipitiis?
1101 4816 1283 4881 Qualis
1326 4818 1407 4869 via
1453 4820 1580 4882 haec,
1628 4820 1691 4871 de
1741 4821 2018 4886 pinnaculo

438 4892 620 4956 templi
649 4892 846 4942 mittere
871 4905 923 4941 se
945 4888 1218 4941 deorsum?
1245 4904 1344 4940 non
1367 4897 1440 4940 est
1460 4889 1537 4941 via
1566 4889 1693 4955 Iuec,
1721 4892 1807 4942 sed
1836 4893 2019 4955 ruina;

433 4973 479 5014 et
523 4963 568 5015 si
608 4961 712 5018 uia.
740 4967 829 5012 tua
861 4968 952 5018 est.
985 4974 1083 5009 non
1115 4956 1278 5010 illius.
1319 4957 1454 5023 Quid
1499 4974 1612 5011 vero
1648 4971 1781 5012 taces
1812 4969 1858 5011 et
1888 4963 2021 5015 illud

433 5033 572 5100 quod
600 5031 825 5098 sequitur
843 5045 862 5083 :
890 5029 1057 5100 Super
1082 5027 1306 5100 aspidem
1331 5040 1374 5080 et
1399 5029 1691 5100 basi/iscum
1714 5029 2020 5097 ambulabis,

435 5097 575 5155 etc.'l
609 5097 680 5154 re
713 5102 847 5154 enim
885 5097 996 5151 htcc
1027 5099 1270 5161 parabola
1299 5100 1482 5166 tangit.
1516 5098 1841 5151 Monstrnosu
1872 5103 2022 5154 mali-

437 5173 606 5240 gnitus
636 5172 968 5224 monstruosis
998 5169 1421 5239 appellationibus
1460 5169 1809 5222 conculcanda
1841 5174 2018 5241 signa-

439 5253 543 5294 tur,
578 5252 682 5294 etc.

511 5285 543 5347 b’
571 5311 920 5364 Proferuntur
958 5307 1045 5362 hic
1086 5322 1274 5360 rursus
1311 5308 1476 5362 verba
1521 5308 1778 5374 Nestorii,
1817 5311 1906 5376 qui
1951 5326 2017 5365 ex

438 5381 606 5434 sacris
638 5381 828 5435 litteris
861 5381 1086 5447 probare
1113 5379 1492 5443 contendebat,
1523 5379 1797 5434 Chrismm
1830 5381 1958 5433 nihil
1990 5398 2018 5434 a

440 5465 499 5504 se
533 5451 749 5514 habere,
789 5451 882 5503 sed
915 5449 1092 5502 omnia
1123 5463 1151 5500 a
1181 5448 1383 5516 Spiritu
1413 5461 1623 5512 saneto,
1653 5453 1801 5518 quasi
1829 5452 1936 5503 alio
1965 5461 2021 5506 et

439 5525 673 5588 gratuito
725 5521 984 5572 domitore
1037 5529 1092 5572 et
1146 5519 1432 5586 colliitore,
1484 5520 1774 5588 accepisse,
1828 5537 2020 5588 nempe

443 5592 829 5661 humanitatem
868 5591 1056 5656 ipsam,
1092 5590 1526 5661 generationem,
1552 5591 2016 5661 jiistilicationein,

439 5660 943 5722 sanctificationeni,
986 5660 1299 5725 potentiam,
1346 5660 1750 5724 exultationem,
1804 5671 1857 5714 et
1904 5662 2020 5728 glo-

439 5733 596 5795 riam,
617 5745 679 5785 iic
703 5731 924 5797 proinde
941 5744 1042 5781 non
1067 5744 1388 5783 esseverum
1413 5730 1604 5796 Deum,
1630 5731 1724 5784 sed
1746 5731 2014 5786 hominem

440 5816 636 5868 purum
663 5809 716 5855 et
740 5799 1063 5860 solitarium,
1094 5800 1169 5852 uti
1196 5800 1440 5854 vocabat.
1471 5802 1600 5866 Qum
1627 5801 1843 5870 quidem
1873 5800 2014 5858 dicta

2123 3563 2333 3631 singula
2367 3562 2590 3614 totidem
2617 3561 2892 3614 continent
2929 3569 3114 3615 contra
3149 3561 3349 3616 Christi
3373 3561 3712 3618 diiinitzitem

2123 3633 2504 3701 blasphemias.
2539 3632 2845 3698 Legendinn
2891 3631 3054 3700 igitur
3094 3632 3180 3684 hic
3217 3637 3453 3688 secundo
3494 3636 3613 3688 loco
3654 3645 3714 3688 ει

2123 3703 2478 3771 sequentibus
2528 3720 2539 3753 :
2589 3703 2673 3754 Ait
2705 3702 2856 3764 enim,
2899 3717 3091 3768 nempe
3122 3704 3428 3767 Scriptura;
3472 3720 3596 3769 non,
3629 3707 3713 3758 ais

2123 3789 2276 3835 enim,
2318 3780 2376 3824 ut
2410 3771 2564 3824 initio
2599 3773 2809 3838 capitis,
2841 3775 2982 3841 quod
3027 3774 3077 3825 in
3120 3775 3438 3841 procedenti
3472 3777 3713 3830 edisiiiiio

2125 3859 2229 3896 non
2264 3844 2628 3894 υὺειιτνηιιιιιι.
2664 3844 2898 3910 Singulis
2927 3859 3069 3896 enim
3102 3847 3214 3895 suis
3243 3846 3398 3898 dictis
3428 3844 3713 3900 Nestorttts

2124 3915 2362 3979 singulas
2387 3913 2681 3979 Scripturm
2714 3914 3062 3966 auctoritates
3093 3929 3255 3982 prave
3286 3914 3588 3970 intellectas
3613 3918 3714 3970 ad-

2087 4021 2091 4024 ς
2124 3985 2368 4043 hibebat,
2399 3993 2456 4035 ut
2487 3983 2573 4035 hic
2603 3985 2786 4036 videre
2814 3993 2914 4035 t-st.

2129 4113 2142 4120 __
2198 4065 2219 4093 ο
2275 4055 2552 4106 llominein
2607 4069 2781 4116 suum,
2835 4056 2884 4105 id
2931 4061 3032 4117 est,
3082 4053 3474 4108 humanitatem
3520 4070 3710 4121 suam;

2122 4125 2393 4189 quomodo
2422 4124 2606 4175 Patres
2630 4139 2773 4190 sa-pe
2802 4126 3107 4185 loiiunntur,
3138 4135 3194 4176 ut.
3217 4127 3348 4176 alia~
3371 4127 3569 4184 dictum
3599 4140 3709 4181 εει.

2124 4194 2311 4257 Suam,
2346 4196 2582 4259 inquam.
2610 4193 2992 4246 humanitatem
3023 4194 3135 4258 ipse
3167 4195 3254 4247 Dei
3281 4195 3450 4249 Filius
3480 4199 3708 4259 creavit,

2122 4266 2372 4332 quoniam
2391 4265 2456 4335 in
2487 4263 2608 4335 ipso
2647 4265 3015 4331 conieptionis
3048 4275 3345 4332 momento,
3380 4282 3573 4335 Corpus
3604 4267 3711 4322 sibi

2121 4336 2188 4386 de
2213 4333 2512 4400 purissimis
2544 4334 2899 4387 inunaculatu:
2930 4335 3159 4398 Virginis
3183 4333 3531 4402 saiugniiiihus
3552 4342 3737 4402 apta-'

2120 4403 2218 4466 vit,
2255 4415 2310 4456 et
2355 4405 2713 4457 heatis~imani
2747 4420 2894 4456 suain
2925 4407 3156 4457 animam
3200 4406 3375 4460 eidem
3408 4407 3621 4470 infudit,
3656 4418 3716 4461 et

2122 4475 2474 4544 divinitatem
2505 4490 2654 4526 suam
2705 4474 2889 4544 υιῂιιιθ
2943 4477 3276 4544 liypostatice
3331 4481 3498 4528 univit
3545 4489 3714 4543 atque

2119 4545 2416 4611 conjunxit.
2448 4543 2601 4607 Quod
2630 4545 2688 4598 S.
2719 4535 3043 4598 AtTianasuis
3073 4545 3122 4597 iii
3154 4559 3251 4597 suo
3280 4547 3524 4614 symbolo
3558 4535 3720 4602 Iucu-

2122 4614 2295 4666 lenter
2321 4614 2608 4677 exiiressit.

2191 4681 2217 4720 ά
2252 4684 2632 4752 llioionyinns,
2665 4685 2744 4738 vel
2780 4685 2955 4750 potius
3000 4683 3140 4736 Beda
3191 4685 3244 4738 in
3292 4686 3433 4740 hunc
3477 4687 3656 4742 locum
3697 4708 3716 4744 :

2123 4753 2388 4824 Sapientia
2415 4753 2686 4822 adiﬁcavit
2715 4755 2807 4806 sibi
2833 4756 3039 4806 domum
3069 4771 3086 4808 :
3111 4757 3230 4824 quia
3255 4759 3508 4810 hominem
3539 4757 3722 4813 Filius

2128 4823 2246 4888 Det,
2284 4840 2438 4899 quem
2477 4826 2529 4899 in
2576 4825 2966 4899 unitatem‘suaa
3003 4823 3232 4891 periitma.i
3268 4829 3566 4894 susciperet,
3605 4831 3732 4899 ipse

2127 4895 2337 4948 creavit.
2372 4895 2468 4947 Ubi
2503 4895 2771 4948 hominem
2806 4895 3059 4949 similiter
3089 4911 3185 4963 pro
3213 4911 3486 4966 assuinpza
3520 4895 3723 4952 huma-

2129 4976 2297 5017 nitate
2332 4965 2531 5031 puSuit.

2193 5033 2353 5107 -{_Sic
2397 5044 2465 5091 ut
2494 5033 2910 5107 Chrysostomus
2938 5034 3323 5104 interpretatur
3354 5035 3579 5107 (Homil.
3617 5038 3720 5102 49,

2127 5103 2178 5156 in
2205 5102 2464 5176 Gemit"),
2505 5102 2757 5158 virtuti-ni
2791 5103 3048 5159 Altissiini
3083 5102 3118 5158 ἐι
3160 5102 3391 5176 Spiritus
3418 5110 3585 5176 sancti
3616 5112 3730 5159 ob—

2127 5175 2468 5229 Uiiibia:ioue
2499 5176 2853 5241 distinguens,
2887 5186 2941 5229 et
2973 5175 3219 5230 virtutem
3256 5177 3512 5230 altissimi
3554 5175 3729 5232 Chri-

2125 5253 2266 5296 stum
2300 5245 2472 5308 ipsum
2498 5247 2778 5308 appellans
2812 5262 2824 5297 :
2857 5243 3106 5312 Insuper,
3152 5247 3325 5301 nitzet
3352 5250 3512 5300 virtus
3554 5250 3732 5302 Aliis-

2125 5315 2239 5366 simi
2281 5314 2599 5367 obuitibrabit
2638 5315 2748 5369 tibi.
2792 5317 3042 5368 Altisstmi
3086 5316 3240 5384 Regis
3278 5319 3436 5370 tirtus
3477 5317 3732 5373 Christus

2127 5392 2220 5444 est,
2253 5385 2339 5456 qui
2365 5402 2454 5456 per
2481 5387 2748 5438 adventum
2784 5386 3008 5456 Spiritus
3037 5391 3198 5440 sant-ti
3223 5390 3478 5456 formatur
3505 5389 3557 5439 in
3598 5387 3734 5440 Vir-

2124 5457 2259 5522 giae.
2289 5455 2353 5506 Et
2379 5455 2670 5522 Gregorius
2703 5455 2833 5510 xvrtt
2858 5456 3046 5509 Mural.
3072 5473 3189 5524 t'ap.
3215 5457 3252 5510 2
3281 5474 3294 5510 :
3326 5455 3548 5522 Propter
3571 5475 3735 5512 mesa-

2125 5524 2189 5594 tis
2227 5524 2554 5594 refrigerium
2593 5526 2785 5578 caelitus
2825 5531 3000 5578 datum
3037 5525 3223 5580 Mariw
3261 5528 3448 5580 dicitur
3478 5543 3496 5580 :
3535 5527 3734 5586 Virtus

2125 5592 2373 5646 Altissimi
2416 5597 2732 5666 obumbrabit
2761 5595 2850 5648 tibi
2905 5595 3144 5661 Quamvis
3173 5597 3270 5666 liac
3312 5598 3367 5650 in
3409 5611 3464 5648 re
3503 5615 3596 5666 per
3623 5602 3734 5652 ob-

2125 5664 2461 5738 umbrationis
2488 5667 2806 5738 vocabulum.
2837 5668 3141 5738 incarnandi
3173 5665 3270 5719 Dei
3302 5664 3520 5734 utraque
3549 5672 3735 5738 potuit

2125 5745 2310 5786 natura
2330 5735 2555 5804 signari.
2589 5733 2782 5790 Umbra
2797 5736 2931 5789 enim
2954 5753 2986 5789 a
3016 5739 3208 5790 lumine
3237 5733 3494 5804 formatur
3521 5733 3572 5792 et
3599 5757 3735 5795 cor-

2124 5819 2278 5874 pore;
2319 5802 2568 5859 Dominus
2606 5815 2780 5860 autetn
2811 5821 2902 5876 per
2929 5802 3249 5863 divinitatem
3278 5809 3453 5863 lumen
3489 5821 3588 5880 est,
3633 5815 3742 5882 qu:
