4016 6192
233 420 328 477 237

1226 412 1317 468 DE
1356 410 1872 469 INCARNATIONE
1910 409 2186 467 CHRISTI
2223 408 2351 466 LIB.
2395 411 2506 468 VII.

3414 413 3521 471 238

236 533 471 597 venisse,
528 530 626 588 sed
684 529 847 585 etiam
912 529 1083 585 virtus
1132 528 1396 585 Altissimi
1461 527 1825 587 obumbrasse
1854 526 1907 588 Α
1935 527 2215 598 templum,
2259 536 2315 583 et
2354 530 2494 597 quod
2525 544 2553 582 a
2593 530 2798 598 Spiritu
2829 528 3075 586 elevatus
3106 529 3181 585 sit
3210 528 3265 586 in
3292 504 3516 599 coelum,

234 624 507 694 Virginem
540 623 780 694 legitur;
815 631 873 676 ut
912 622 1036 691 quia
1074 621 1344 689 sapientia
1387 618 1501 689 ipsa
1545 616 1825 690 plenitudo

232 717 536 774 Divinitatis
592 726 700 781 est,
757 715 1055 786 Sapientiae
1100 716 1206 770 sibi
1260 715 1484 770 domum
1536 713 1825 769 aediﬁcanti

229 826 439 865 omnem
497 808 807 863 divinitatis
862 808 1252 878 plenitudinem
1306 822 1467 862 nemo
1521 806 1827 877 ambigeret

227 902 463 959 sﬁ'uisse.
492 901 601 957 Sed
633 900 822 956 infelix
857 900 1269 969 blasphemandi
1291 900 1553 967 amentia,
1581 898 1707 952 dum
1740 912 1826 954 se-

227 1011 419 1067 parare
459 994 742 1050 Christum
784 1010 816 1048 a
857 992 995 1049 Filio
1040 994 1134 1048 Dei
1172 994 1391 1059 nititur,
1433 1008 1540 1048 non
1582 991 1727 1048 videt
1765 1006 1825 1047 se

228 1090 393 1159 ipsam
418 1104 450 1141 a
472 1104 533 1142 se
557 1087 868 1141 Divinitatis
894 1088 1111 1157 penitus
1134 1102 1391 1156 separare
1414 1098 1684 1142 naturam.
1709 1087 1823 1142 Nisi

229 1180 365 1235 furte
400 1179 576 1234 credit
613 1177 759 1249 quod
805 1178 930 1233 ideo
960 1178 1226 1232 mdiﬁcata
1257 1179 1305 1232 ei
1333 1194 1364 1232 a
1397 1177 1602 1248 Spiritu
1633 1186 1824 1232 sancto

226 1272 416 1325 domus
465 1271 559 1339 sit,
609 1271 739 1340 quia
788 1271 1018 1325 idoneus
1065 1284 1129 1323 ac
1168 1277 1361 1340 potens
1402 1269 1678 1326 mdiﬁcare
1719 1270 1822 1325 sibi

227 1369 443 1418 domum
474 1364 590 1432 ipse
619 1379 726 1418 non
756 1362 940 1419 fuerit.
976 1362 1083 1418 Sed
1111 1363 1215 1418 hoc
1242 1378 1402 1433 quam
1433 1366 1681 1419 insanum
1715 1372 1818 1427 est,

229 1465 332 1510 tam
374 1454 703 1520 ridiculum;
751 1466 810 1509 ut
842 1457 935 1526 qui
982 1464 1115 1510 nutu
1157 1470 1370 1510 omnem
1407 1455 1712 1511 caalestium
1757 1470 1823 1511 ac

227 1548 566 1602 terrestrium
597 1548 1012 1603 universitatem
1036 1562 1253 1602 creasse
1274 1547 1531 1615 creditur,
1548 1548 1823 1603 aediﬁcare

226 1640 327 1694 sibi
368 1654 573 1708 corpus
613 1656 719 1694 non
764 1641 1006 1709 potuisse
1038 1639 1329 1694 credatur?
1359 1640 1661 1709 praesertim
1693 1654 1820 1697 cum

224 1735 393 1788 virtus
424 1732 599 1787 sancti
638 1732 876 1802 Spiritus
913 1732 1085 1786 virtus
1114 1733 1234 1801 ejus
1264 1732 1360 1786 sit:
1404 1741 1459 1788 et
1500 1741 1525 1770 ι
1567 1733 1639 1787 ita
1671 1732 1821 1790 unita

226 1826 327 1880 sibi
368 1833 537 1894 atque
574 1823 956 1895 inseparabilis
987 1823 1242 1879 divinitas
1281 1824 1355 1878 sit
1406 1822 1691 1880 Trinitatis
1739 1833 1821 1880 at-

224 1932 329 1986 que
362 1915 644 1985 maiestas,
676 1925 734 1969 ut
766 1914 900 1969 nihil
930 1914 1158 1969 omnino
1197 1918 1252 1969 in
1297 1929 1400 1969 una
1444 1915 1668 1970 Deitatis
1698 1930 1822 1986 per—
1849 1899 1898 1961 Β

223 2024 358 2065 sona
398 2009 575 2079 possit
617 2007 847 2076 intelligi
889 2007 1029 2075 quod
1071 2022 1101 2060 a
1147 2006 1484 2076 plenitudine
1523 2006 1825 2065 divinitatis

222 2101 401 2155 valeat
432 2097 701 2168 separari.
734 2097 878 2165 Ergo
908 2097 1011 2153 hoc
1038 2098 1215 2167 posito
1242 2106 1300 2153 et
1325 2098 1625 2163 intellecto,
1654 2098 1817 2169 quod,

220 2193 376 2263 juxta
411 2192 575 2246 ﬁdem
607 2189 903 2259 Scriptura:
933 2205 1123 2256 sacrae,
1166 2190 1369 2259 Spiritu
1412 2198 1602 2245 sancto
1631 2205 1825 2259 super-

221 2285 500 2349 veniente,
532 2288 588 2336 et
615 2281 812 2335 virtute
838 2281 1106 2336 Altissimi
1129 2282 1513 2349 obumbrante,
1545 2282 1822 2352 Sapientia

221 2376 325 2432 sibi
349 2376 571 2429 domum
599 2373 976 2439 aediﬁcaverit,
1008 2374 1231 2444 reliquas
1252 2375 1647 2430 calumniarum
1673 2375 1823 2432 blas-

222 2469 464 2538 phemiae
506 2466 638 2520 nihil
680 2477 831 2520 sunt.
872 2464 1059 2536 Neque
1104 2466 1245 2521 enim
1288 2466 1510 2521 dubium
1555 2475 1641 2523 est
1680 2468 1825 2538 quod

221 2563 343 2632 ipse
389 2576 488 2629 per
530 2574 592 2614 se
628 2569 790 2629 atque
826 2558 879 2614 in
920 2573 981 2614 se
1025 2560 1279 2614 universa
1319 2561 1531 2626 fecerit,
1576 2561 1628 2615 in
1670 2562 1825 2631 cujus

222 2654 450 2709 nomine
491 2666 557 2707 ac
602 2652 708 2707 ﬁde
749 2653 914 2707 etiam
962 2652 1297 2707 credentium
1345 2653 1481 2708 ﬁdes
1526 2655 1672 2708 nulla
1714 2671 1823 2709 non

221 2746 422 2815 patuit.
464 2743 653 2813 Neque
691 2745 832 2799 enim
869 2745 963 2799 ille
990 2745 1198 2798 auxilio
1230 2744 1461 2799 alterius
1491 2747 1657 2815 eguit,
1701 2762 1822 2802 cum

218 2854 289 2894 ne
322 2838 404 2892 illi
434 2837 657 2905 quidem
699 2837 970 2907 eguerint,
1003 2838 1094 2907 qui
1125 2837 1179 2893 in
1211 2838 1411 2893 virtute
1446 2838 1615 2909 ipsius
1644 2840 1825 2895 credi-

218 2932 444 2986 derunt.
481 2932 657 2998 Atque
685 2928 809 2983 ideo
837 2938 889 2983 et
919 2929 1074 2994 illud,
1104 2930 1246 2999 quod
1272 2930 1374 2995 ais,
1408 2931 1532 2999 quia
1561 2946 1589 2984 a
1620 2930 1823 3000 Spiritu

215 3022 556 3095 justiﬁeatus
586 3021 680 3091 sit,
710 3029 767 3077 et
791 3022 936 3092 quod
966 3022 1316 3076 metuendum
1341 3038 1462 3079 eum
1488 3022 1825 3078 daemonibus

218 3115 465 3189 Spiritu:
494 3112 704 3181 fecerit,
733 3125 787 3170 et
811 3114 958 3184 quod
987 3130 1119 3170 caro
1146 3115 1262 3186 ejus
1292 3130 1320 3171 a
1349 3116 1557 3187 Spiritu
1585 3116 1724 3173 facta
1756 3117 1825 3172 sit

1929 620 2192 689 sacrilega
2232 630 2288 675 et
2331 621 2529 674 furiosa
2569 630 2694 675 sunt
2733 621 2912 676 omnia
2956 637 2973 677 :
3019 636 3128 675 non
3171 622 3294 691 quia
3338 622 3392 677 in
3435 621 3522 679 his

1929 713 2181 767 omnibus
2212 728 2331 781 qua}
2360 712 2477 782 ipse
2498 711 2625 767 fecit
2652 714 2826 767 unitas
2850 722 2907 768 et
2932 715 3248 784 cooperatio
3277 712 3517 785 Spiritus
3583 740 3598 752 -

1927 805 2169 861 defuisse
2200 804 2469 860 credenda
2509 804 2601 870 sit,
2632 814 2817 876 utpote
2846 821 2968 861 cum
2999 822 3289 877 numquam
3333 809 3519 863 Deitas

1927 910 1956 948 a
1994 910 2054 950 se
2083 896 2247 961 desit,
2290 905 2345 951 et
2376 896 2428 951 in
2455 895 2712 964 operibus
2749 896 3047 952 Salvatoris
3087 913 3304 967 semper
3344 899 3516 955 virtus

1927 986 2092 1041 fuerit
2123 987 2439 1054 Trinitatis;
2475 988 2569 1043 sed
2602 990 2727 1059 quia
2769 998 2823 1043 tu
2866 990 3091 1044 Domino
3118 989 3247 1045 Jesu
3274 990 3516 1057 Christo,

1927 1077 2081 1148 quasi
2135 1079 2282 1145 inopi
2334 1085 2389 1132 et
2435 1077 2715 1133 imbecillo
2763 1078 3087 1147 opitulatum
3131 1080 3211 1134 vis
3256 1079 3513 1149 Spiritum

1927 1178 2199 1231 sanctum,
2232 1170 2319 1237 qui
2357 1184 2418 1225 ea
2458 1169 2536 1223 illi
2579 1169 2765 1240 utique
2797 1170 3069 1235 tribuerit,
3101 1186 3224 1241 qua:
3252 1181 3513 1242 prmstarc

1926 1262 2028 1316 sibi
2059 1263 2158 1331 ipsi
2184 1277 2291 1317 non
2322 1262 2571 1332 quiverit.
2605 1263 2760 1318 Disce
2788 1264 2968 1334 itaque
2988 1279 3054 1320 ex
3076 1266 3245 1319 sacris
3275 1265 3508 1321 testimo-

1926 1354 2029 1406 niis
2062 1355 2226 1407 Deum
2260 1354 2506 1419 credere,
2538 1364 2592 1409 et
2632 1353 2924 1411 falsitatem
2958 1356 3171 1411 veritati
3210 1373 3312 1410 non
3345 1357 3518 1413 admi-
3593 1417 3597 1422 ,

1926 1457 2104 1507 scere,
2136 1446 2259 1514 quia
2292 1462 2378 1500 res
2405 1461 2511 1500 non
2542 1446 2757 1516 recipit,
2784 1454 2838 1501 et
2862 1448 3000 1502 ratio
3033 1448 3429 1517 perhorrescit,
3457 1457 3518 1502 ut

1926 1536 2124 1592 divinis
2172 1538 2496 1596 testimoniis
2539 1541 2856 1597 ammoniaci
2893 1542 3119 1612 spiritus
3163 1542 3516 1614 intelligentia

1926 1631 2236 1687 misceatur.

2489 1745 2720 1805 CAPUT
2760 1746 2952 1805 XVIII.

1926 1873 2076 1931 Illud
2113 1876 2348 1952 Apostoli
2387 1878 2643 1952 quomodo
2684 1880 3073 1952 intelligendum
3113 1882 3228 1935 sit:
3258 1881 3515 1952 Apparuit

2147 1949 2201 2002 in
2229 1949 2405 2019 carne,
2421 1950 2740 2021 justi/iratus
2767 1949 2913 2005 estin
2941 1951 3164 2024 Spiritu,
3188 1961 3294 2007 etc.

1997 2102 2116 2157 Jam
2161 2102 2397 2171 primum
2435 2104 2579 2159 enim
2627 2104 2730 2160 hoc
2764 2103 2793 2144 ιι
2840 2105 2982 2175 quod
3013 2106 3111 2172 ais,
3145 2108 3267 2176 quia
3305 2106 3511 2177 justitia

1925 2194 2218 2262 repleverit
2255 2194 2397 2261 quod
2440 2206 2679 2251 creatum
2719 2205 2832 2264 est;
2874 2197 3059 2253 ethoc
3091 2197 3404 2267 Apostolico
3432 2200 3514 2255 vis

1926 2286 2241 2341 testimonio
2263 2288 2639 2356 comprobare,
2665 2291 2806 2360 quod
2827 2291 2991 2355 dicet,
3015 2292 3253 2363 apparuit
3268 2293 3318 2344 in
3338 2309 3512 2355 carne.

1920 2381 2241 2453 justi/iratus
2265 2392 2339 2435 est
2370 2382 2422 2435 in
2456 2382 2658 2452 Spiritu
2685 2400 2703 2437 :
2736 2394 3021 2453 utrumque
3048 2386 3239 2441 insano
3270 2401 3433 2441 sensu
3463 2397 3519 2440 ct

1928 2470 2136 2528 furioso
2162 2474 2353 2542 spiritu
2386 2474 2641 2543 loqueris.
2674 2475 2809 2543 Quia
2842 2487 2894 2532 et
2924 2476 3026 2532 huc
3056 2478 3199 2543 quod
3240 2495 3269 2533 a
3311 2479 3515 2549 Spiritu

1930 2567 2012 2621 vis
2043 2584 2164 2621 eum
2194 2567 2461 2635 repletum
2498 2582 2620 2623 esse
2646 2567 2880 2637 justitia,
2916 2570 3035 2625 ideo
3064 2571 3219 2640 ponis
3249 2580 3306 2627 ut
3334 2583 3519 2627 osten-

1929 2658 2028 2711 das
2058 2657 2177 2724 ejus
2204 2657 2550 2723 vacuitatem,
2580 2658 2663 2711 cui
2690 2661 2983 2726 praestitum
3015 2675 3140 2715 esse
3165 2677 3377 2716 asseras
3403 2678 3519 2730 jus-

1931 2750 2063 2803 titiae
2085 2748 2552 2815 adimpletionem.
2579 2749 2646 2803 Et
2674 2749 2776 2804 hoc
2808 2750 2949 2817 quod
2980 2766 3143 2822 super
3166 2751 3264 2806 hac
3288 2768 3345 2807 re
3373 2754 3519 2823 Apo-

1927 2842 2125 2896 stolico
2156 2842 2464 2895 testimonio
2494 2842 2685 2909 uteris,
2732 2842 2899 2896 divini
2940 2843 3236 2897 testimonii
3269 2845 3516 2899 ordinem

1929 2932 2303 3000 rationemque
2334 2931 2549 2985 iuraris.
2583 2930 2699 2985 Non
2731 2932 2874 2985 enim
2920 2932 2990 2987 ita
3027 2933 3095 2988 ab
3131 2935 3389 3004 Apostolo
3419 2950 3519 3006 po-

1927 3025 2090 3077 situm
2122 3031 2225 3088 est,
2261 3032 2315 3075 ut
2355 3030 2411 3075 tu
2454 3021 2507 3075 id
2548 3030 2852 3076 truncatum
2883 3023 3235 3095 vitiatumque
3265 3026 3514 3095 posuisti.

1930 3115 2069 3183 Quid
2099 3115 2242 3170 enim
2276 3113 2570 3183 Apostolus
2597 3113 2710 3168 ait?
2737 3112 2807 3167 Et
2835 3117 3104 3187 manifeste
3128 3127 3149 3156 ο
3176 3133 3416 3189 magnum
3441 3128 3520 3173 est

1318 3253 1451 3307 ALA
1465 3254 1575 3308 RDI
1617 3253 1849 3309 GAZA‘TI
1890 3252 2450 3307 COMMENTARIUS.

220 3345 491 3400 mediante
517 3354 691 3399 animo
712 3346 769 3399 in
795 3358 904 3417 ejus
934 3354 1075 3399 utero
1102 3345 1215 3416 ﬁeri
1241 3347 1481 3415 dignatus
1508 3356 1582 3400 est
1610 3364 1698 3414 per
1723 3346 1823 3397 hu~
1855 3346 1898 3406 C
1934 3346 2050 3417 Itei,
2096 3345 2164 3398 ita
2217 3356 2275 3399 et
2321 3345 2494 3417 virtus
2537 3344 2633 3400 Dei
2672 3345 2859 3400 eadem
2908 3346 3268 3403 similitudine
3310 3352 3518 3407 Vocari.

223 3418 532 3469 nouitatem
572 3432 777 3483 corpus.
816 3416 960 3481 ’Quia
998 3434 1121 3487 ergo
1163 3422 1331 3470 lunten
1377 3419 1733 3486 incorporeum
1774 3418 1825 3469 in

225 3490 343 3552 eius
362 3495 474 3539 erat
501 3495 650 3539 utero
675 3488 1079 3553 corporandum,
1113 3488 1159 3541 ei
1185 3503 1297 3553 qua:
1323 3490 1682 3555 incorporeum
1710 3504 1831 3539 con—

226 3558 365 3617 cepit
393 3557 467 3611 ad
492 3573 699 3627 corpus.
731 3557 923 3610 dicitur
954 3574 973 3612 :
1011 3556 1186 3610 Virtus
1226 3560 1475 3611 Altissiuti
1509 3557 1829 3611 obumbrabit

228 3629 345 3692 tibi,
374 3629 432 3681 id
462 3636 555 3691 est,
583 3644 769 3699 corpus
810 3629 862 3680 in
910 3638 956 3682 te
988 3629 1320 3681 humanitatis
1343 3629 1559 3693 accipiet
1588 3630 1830 3699 incorpa-

228 3714 379 3752 reum
427 3699 600 3751 lumen
627 3698 933 3752 divinitatis.
964 3700 1229 3755 Similiter
1253 3709 1306 3752 et
1330 3700 1698 3752 Damascenus
1732 3698 1825 3751 lib.

229 3785 289 3824 ut
326 3784 454 3838 cap.
490 3768 552 3831 2,
581 3769 721 3822 Beda
753 3778 808 3822 et
836 3769 1271 3839 TheOphylactus
1298 3771 1349 3824 in
1381 3770 1824 3824 Commentariis.

231 3841 309 3894 Ex
351 3841 551 3907 quibus
596 3840 657 3893 D.
699 3839 935 3894 Thomas
982 3841 1097 3894 hmo
1135 3842 1469 3905 summatim,
1511 3855 1663 3893 more
1705 3855 1827 3905 suo,

229 3911 459 3978 cntligit,
510 3924 630 3977 quae
675 3910 798 3963 huic
845 3911 960 3965 loco
1000 3912 1327 3964 elucidando
1369 3909 1658 3965 cmnmode
1709 3924 1827 3963 ser-

231 3982 387 4034 viunt
419 3998 433 4032 :
472 3979 783 4053 Dicendum,
828 3981 997 4045 inquit
1034 3982 1125 4050 (In
1158 3999 1235 4047 νη,
1272 3999 1323 4053 q.
1363 3983 1454 4043 5'2,
1487 3982 1597 4053 a._l
1626 3978 1833 4053 Lquod

233 4068 360 4121 Opus
394 4051 743 4120 conceptionis
769 4049 1049 4105 commune
1073 4049 1291 4117 quidem
1315 4061 1388 4106 est
1426 4054 1517 4105 toti
1544 4049 1830 4121 Trinitati;

231 4120 517 4174 secundum
550 4129 719 4193 tamen
736 4122 972 4193 _modum
1014 4121 1241 4193 aliquem
1280 4122 1583 4176 attribuitur
1610 4120 1830 4191 singulis

234 4192 487 4260 personis.
542 4189 681 4260 Nam
730 4190 878 4244 Patri
921 4189 1216 4246 attribuitur
1265 4196 1545 4247 auctoritas
1596 4189 1831 4257 respectu

232 4258 659 4335 personte_Eilii,
702 4264 791 4331 qui
834 4280 922 4328 per
962 4262 1263 4335 hujusmgdi
1303 4265 1685 4335 conceptionem
1734 4263 1832 4316 sibi

232 4333 511 4399 assumpsit
543 4333 824 4384 humanam
853 4332 1115 4388 naturam.
1151 4332 1292 4388 Filio
1334 4332 1505 4388 autem
1532 4332 1833 4387 attribuitur

232 4402 347 4477 ipsa
386 4404 564 4477 carnis
595 4404 895 4477 assumptio.
932 4405 1038 4477 Sed
1076 4406 1301 4477 Spiritui
1327 4414 1504 4477 sancto
1530 4404 1833 4477 attribuitur

236 4474 481 4544 formatio
509 4474 766 4539 corporis,
806 4475 944 4542 quod
986 4473 1261 4528 assumitur
1290 4493 1322 4529 a
1358 4473 1521 4529 Filio.
1560 4474 1698 4528 Nam
1723 4476 1833 4544 ipse

239 4542 474 4616 Spiritus
521 4558 733 4616 sanctus
770 4555 843 4596 est
894 4547 1119 4616 Spiritus
1166 4544 1311 4616 F_'ilii.
1369 4546 1648 4599 secundum
1697 4542 1833 4597 illud

238 4612 353 4666 Gal.
387 4628 485 4667 Iv:
523 4610 667 4665 Misit
704 4613 838 4666 Deus
880 4610 1134 4681 Spiritum
1176 4612 1306 4671 Filii
1345 4619 1444 4670 sui.
1483 4615 1633 4671 Sicut
1660 4625 1829 4667 autent

235 4685 393 4765 virtus
428 4684 647 4769 animae...
681 4701 794 4769 qua:
831 4696 904 4737 est
948 4687 1001 4738 in
1037 4688 1244 4753 semine,
1284 4704 1373 4755 per
1397 4687 1633 4767 spiritum
1648 4685 1747 4769 ‘qui
1775 4686 1827 4737 in
1855 4715 1906 4769 Β

238 4756 425 4827 semine
447 4755 737 4827 includitur
758 4758 949 4827 format
971 4773 1156 4824 corpus
1184 4760 1235 4809 in
1255 4757 1583 4827 generatione
1606 4756 1827 4827 aliorum

239 4821 540 4897 hominum;
558 4829 650 4897 _ita
677 4821 838 4878 virtus
874 4825 987 4897 Dei,
1015 4821 1131 4895 quae
1157 4838 1228 4880 est
1255 4821 1365 4897 ipse
1397 4824 1570 4897 Filius
1609 4826 1627 4890 (
1647 4841 1829 4897 secun-

239 4893 359 4946 dum
384 4895 525 4946 illud
554 4893 575 4947 I
605 4895 730 4947 Cor.
760 4910 773 4947 l
800 4912 813 4946 :
858 4893 1116 4949 Christum
1146 4898 1239 4949 Dei
1261 4893 1515 4965 uirtutem)
1546 4911 1638 4966 per
1656 4896 1831 4966 Spiri-

241 4970 342 5015 tum
375 4976 615 5017 sanctum
644 4980 831 5026 corpus
864 4970 1102 5034 format-it
1140 4967 1275 5035 quod
1316 4964 1612 5032 assumpsit.
1645 4964 1711 5017 Et
1737 4967 1830 5018 hoc

240 5034 387 5086 etiam
429 5035 583 5087 verba
625 5038 798 5105 angeli
828 5034 1257 5099 commonstrant,
1288 5038 1501 5090 dicentis
1542 5052 1561 5089 :
1602 5035 1830 5106 Spiritus

242 5117 443 5178 sanctus
476 5107 805 5178 superveniet
844 5107 897 5160 in
945 5116 1013 5170 te,
1061 5109 1208 5178 quasi
1253 5108 1321 5161 ad
1366 5108 1758 5178 prteparandam
1787 5115 1832 5159 et

244 5174 570 5243 formandam
600 5181 867 5228 materiam
896 5174 1128 5243 corporis
1160 5175 1379 5241 Christi;
1406 5188 1452 5231 et
1472 5174 1637 5230 'virtus
1666 5175 1826 5229 Altis-

242 5242 372 5316 simi,
418 5246 476 5297 id
510 5255 603 5310 est,
657 5244 910 5311 Christus,
952 5242 1267 5301 obumbrubit
1312 5249 1422 5312 tibi,
1462 5263 1643 5316 corpus
1685 5248 1738 5299 in
1784 5255 1832 5298 te

242 5310 579 5389 humanitatis
636 5319 856 5389 accipiet
899 5310 1259 5389 incorporeum
1301 5310 1473 5373 lumen
1524 5310 1825 5389 divinitatis.

250 5376 436 5459 Umbra
474 5387 608 5459 enim
648 5402 681 5439 a
724 5376 915 5459 lumine
952 5376 1206 5459 formatur
1241 5398 1289 5443 et
1327 5403 1559 5457 corpore,
1605 5386 1831 5459 utCre-

245 5454 413 5527 {arise
446 5457 572 5509 dicit
611 5472 741 5511 Xvut
769 5454 979 5519 Murali,
1007 5459 1301 5513 Altissimus
1330 5454 1499 5511 autem
1525 5456 1831 5527 intelligitur

254 5518 419 5599 fater,
448 5530 599 5599 cujus
630 5530 790 5581 uirtus
825 5537 897 5580 est
918 5518 1131 5599 Filius.
1163 5530 1451 5599 [lucusque
1481 5528 1537 5581 S.
1569 5518 1827 5599 'I‘hninas.

248 5585 415 5668 ferro
436 5585 758 5668 Eu'thymins
784 5609 832 5651 et
862 5597 948 5652 alii
980 5615 1074 5665 pro
1097 5601 1287 5655 eodem
1314 5585 1585 5666 accipiunt
1606 5606 1659 5651 et
1686 5598 1825 5666 quod

248 5659 473 5742 Spiritus
503 5659 727 5742 sanctus
758 5659 1134 5742 supervenerit
1180 5673 1230 5724 in
1276 5659 1571 5742 Virginem,
1601 5680 1654 5742 et
1685 5659 1826 5742 quod

246 5738 410 5788 virtus
457 5739 719 5793 Altissimi
770 5755 887 5791 eam
938 5741 1305 5803 obumbrarit;
1360 5750 1415 5792 ut
1468 5740 1541 5792 sit
1586 5738 1826 5807 ejusdem

253 5810 524 5879 animum:
567 5809 822 5879 subialiis
860 5813 1039 5863 verbis
1084 5811 1356 5872 repetitio.
1387 5825 1507 5879 quae
1538 5810 1831 5879 Scripturis

248 5873 486 5944 ircqucns
512 5888 621 5934 est.
666 5878 735 5933 Et
780 5879 919 5935 solet
943 5880 1172 5951 Spiritus
1200 5873 1439 5951 sanctus,
1472 5880 1611 5935 sicut
1632 5877 1831 5951 digitus

1932 3414 2091 3489 Luem
2132 3432 2257 3489 xxiv
2285 3433 2306 3489 τὲ
2328 3415 2432 3468 Vos
2455 3425 2626 3469 autem
2666 3418 2833 3470 sedete
2861 3418 2913 3470 in
2941 3419 3162 3482 civitate,
3192 3421 3521 3489 quoadusque

1930 3486 2223 3539 induamini
2260 3486 2443 3538 virtute
2474 3502 2536 3558 ea:
2574 3488 2697 3539 alto.
2737 3491 2990 3541 Actorum
3024 3504 3038 3541 t
3074 3490 3386 3558 :Accipietis
3415 3486 3520 3545 vir-

1931 3557 2511 3627 tutemisupervenientis
2547 3558 2597 3610 in
2628 3572 2716 3627 vos
2756 3558 2982 3627 Spiritus
3009 3560 3193 3614 sancti.

2006 3637 2031 3665 ἰ
2066 3626 2364 3701 Numquam
2393 3626 2643 3701 enim,gait
2667 3626 2866 3701 S.__I_._e_o
2889 3627 3080 3701 (_8erm.
3105 3627 3139 3681 5
3165 3629 3229 3682 de
3257 3628 3517 3701 Pentec.),

1931 3697 1995 3750 ab
2021 3698 2390 3765 omnipotentia
2420 3694 2612 3754 Patris.
2634 3703 2679 3747 et
2708 3694 2858 3756 Filii.
2882 3696 3111 3762 Spiritus
3128 3701 3293 3753 sancti
3314 3711 3388 3754 est
3411 3694 3522 3756 dis;

1932 3778 2070 3821 creta
2116 3769 2391 3837 majestas;
2434 3775 2481 3818 et
2522 3765 2773 3837 quidquid
2817 3767 2871 3818 in
2915 3768 3249 3836 dispositione
3288 3773 3521 3826 omnium

1931 3855 2103 3912 rerum
2131 3845 2239 3912 aqu
2267 3836 2440 3912 diving
2465 3836 2773 3912 moderatio,
2803 3852 2868 3912 ea:
2897 3838 3053 3912 totius
3081 3841 3214 3912 venit
3244 3843 3519 3912 providen-

1933 3909 2006 3959 tia
2055 3907 2338 3980 Trinitatis.
2394 3904 2510 3980 [λεια
2553 3914 2625 3957 est
2795 3907 3078 3980 benignitas
3128 3904 3516 3980 misericordiae,

1933 3993 2037 4054 una
2057 3994 2269 4054 censura
2285 3976 2526 4054 justitite,
2553 3991 2641 4029 nec
2666 3977 2867 4054 aliquid
2889 3976 2962 4031 est
2984 3979 3036 4034 in
3061 3976 3518 4054 actionedwisum,

1933 4048 2021 4111 ubi
2048 4048 2180 4101 nihil
2210 4058 2281 4100 est
2312 4048 2363 4099 in
2388 4048 2649 4101 voluntate
2676 4048 2954 4110 diversum,
2988 4058 3091 4104 etc.

2005 4120 2033 4158 b
2077 4120 2233 4185 Quia,
2263 4133 2359 4185 pro
2386 4118 2538 4186 quod,
2568 4118 2774 4190 justilia
2797 4119 3062 4187 repleverit
3088 4121 3323 4190 (scilicet
3351 4123 3523 4190 Spiri-

1937 4191 2045 4262 tus)
2074 4190 2211 4258 quod
2240 4199 2467 4262 creatum
2497 4198 2608 4262 est,
2629 4188 2677 4242 id
2718 4198 2819 4262 e_s_t,
2851 4188 3145 4262 Christum,
3175 4207 3335 4261 quem
3366 4188 3517 4248 crea-

1934 4258 2036 4316 vit.
2069 4262 2179 4315 Hoc
2206 4261 2348 4313 enim
2380 4270 2463 4312 est
2493 4261 2704 4311 tertium
2735 4258 2966 4313 Nestorii
2999 4258 3222 4325 dieturn,
3251 4278 3344 4315 seu
3370 4265 3518 4320 ωδε-

1934 4331 2171 4403 phemia,
2217 4332 2355 4383 inter
2396 4330 2543 4403 alias
2583 4330 2829 4403 superius
2881 4325 3032 4400 (Cap.
3071 4332 3157 4402 17)
3186 4347 3516 4398 expressas:

1939 4399 2039 4467 Qui
2063 4413 2109 4455 et
2123 4402 2327 4472 justitia
2353 4400 2564 4468 replevit
2590 4399 2727 4467 quod
2753 4399 3205 4458 creatumest.Cui
3237 4403 3373 4457 infra
3405 4420 3520 4461 res-

1938 4473 2276 4543 pontlehitur.

2012 4553 2033 4581 ο
2074 4542 2267 4626 διἀΞωί
2291 4540 2485 4623 legitur
2519 4555 2533 4593 :
2562 4542 2649 4595 Bai
2674 4539 3085 4626 bpqlowtmévm;
3122 4541 3215 4626 (id
3270 4553 3370 4626 est.
3395 4561 3517 4600 om-

1938 4613 2083 4666 niurn
2137 4610 2500 4674 confessione,
2554 4621 2613 4666 ut
2662 4610 2976 4664 Ambrosius
3011 4610 3191 4673 vertit,
3235 4616 3316 4670 vel
3365 4628 3515 4671 extra

1937 4681 2381 4759 controversiam,
2416 4690 2472 4734 ut
2494 4681 2606 4759 alii)
2630 4684 2762 4759 μέγα
2790 4683 2986 4759 Early?)
3015 4692 3107 4759 τῆς
3130 4686 3389 4748 εὐσεϐείας
3414 4709 3520 4759 μυ.

1934 4758 2154 4828 ᾳξτήριον.
2171 4753 2291 4828 Θεὸς
2323 4754 2601 4828 ἐφανερώθη
2626 4752 2865 4828 iur—rogaui,
2887 4752 3146 4828 ἐδικαεώθη
3174 4752 3514 4828 ἐνίηνεύμὰτι.

1938 4825 2031 4879 Ulu
2068 4824 2403 4876 Inanifcstum
2434 4824 2649 4875 estnon
2683 4826 2864 4875 haberi
2905 4826 3063 4888 quod,
3117 4837 3171 4879 ut
3224 4827 3274 4879 in
3330 4824 3516 4883 nostro

1934 4893 2226 4964 textutsed
2259 4908 2353 4961 pro
2374 4908 2462 4964 eo,
2492 4894 2636 4953 Θεὸς.
2664 4894 2712 4945 id
2740 4902 2840 4949 est.
2878 4892 3022 4947 Deus
3053 4896 3128 4964 (nt
3164 4900 3298 4950 scite
3328 4900 3517 4953 obser—

1933 4968 2078 5017 anit
2098 4963 2409 5040 Gagneius),
2449 4974 2503 5016 ut
2531 4966 2631 5017 hnc
2663 4980 2902 5040 magnum
2943 4963 3144 5040 pietatis
3173 4976 3219 5040 et
3250 4968 3515 5040 religionis

1933 5037 2246 5104 mysterium,
2279 5035 2382 5085 sive
2408 5046 2804 5095 sacramentum,
2839 5035 3163 5103 intelligatur
3194 5038 3330 5091 Deus
3347 5035 3514 5093 ’(31ιεὶ-

1935 5115 2073 5168 stus,
2106 5105 2194 5170 qui
2227 5104 2596 5157 manife~tatns
2622 5114 2707 5157 est
2739 5106 2789 5156 in
2822 5119 3011 5169 carne;
3046 5108 3133 5173 qui
3163 5108 3304 5161 enim
3356 5122 3515 5165 antea

1942 5176 2187 5248 homines
2218 5173 2502 5248 l_atebat_in_
2524 5174 2820 5248 divinitate.
2853 5191 2947 5248 per
2976 5178 3152 5248 carnis
3188 5182 3517 5248 assumptio-

1939 5260 2061 5316 nem
2090 5245 2199 5297 illis
2230 5245 2458 5316 innotuit
2488 5243 2540 5316 in
2571 5259 2664 5316 sua
2699 5246 3051 5316 humanitate.
3080 5243 3409 5316 Iusti/iectus
3438 5262 3517 5305 est

1935 5314 2245 5386 inquiritu;
2277 5314 2417 5383 quod
2446 5314 2665 5386 indubie
2694 5316 2988 5386 secundum
3019 5314 3408 5375 humanitatem
3436 5322 3515 5375 in-

1940 5385 2100 5453 telligi
2148 5385 2327 5459 debet,
2384 5385 2678 5459 secundum
2732 5401 2890 5459 quam
2942 5385 3265 5459 justiﬁcatus
3290 5389 3511 5459 dlCllUl',

1937 5456 2209 5524 quomodo
2250 5464 2305 5508 et
2356 5454 2741 5522 sanctiﬁcatus,
2774 5455 2998 5524 Joannis
3042 5471 3075 5509 κ
3108 5473 3120 5509 :
3153 5459 3314 5524 Quem
3355 5454 3517 5518 Pater

1937 5523 2274 5591 s’anctiﬁravit
2293 5534 2341 5576 et
2366 5525 2503 5576 misit
2530 5526 2582 5577 in
2604 5525 2869 5578 mundum.
2892 5523 3220 5594 Iusti/icatus
3241 5541 3411 5586 autem
3440 5542 3517 5589 est

1921 5597 2163 5659 Spiritu.
2196 5595 2245 5648 id
2277 5602 2380 5655 est,
2412 5610 2509 5660 per
2537 5594 2795 5662 Spiritum
2843 5609 3085 5650 sanetum
3130 5608 3183 5651 et
3226 5601 3516 5665 plenitudi-

1937 5682 2059 5742 nem
2090 5668 2314 5742 gratiae;
2344 5665 2431 5742 vel
2453 5665 2775 5736 justi/icatus
2808 5676 2901 5732 est,
2934 5665 2985 5719 id
3017 5679 3119 5742 est,
3145 5670 3319 5736 justus
3348 5688 3513 5742 appa-

1937 5737 2064 5791 ruit.
2095 5737 2225 5807 Nam
2258 5736 2356 5789 etsi
2392 5743 2725 5807 comessator
2751 5747 2802 5790 et
2832 5746 3041 5802 potator
3071 5740 3202 5807 vini,
3234 5752 3287 5795 et
3310 5736 3513 5798 dieme-

1940 5809 2099 5878 nium
2133 5806 2358 5867 habens,
2406 5820 2436 5860 a
2489 5805 2688 5861 Judznis
2739 5808 2967 5874 audiret,
3021 5805 3198 5878 justus
3238 5822 3412 5875 tamen
3444 5815 3512 5871 ab

1939 5877 2189 5935 omnibus
2218 5877 2429 5949 agnitus
2451 5886 2556 5947 est,
2579 5886 2633 5934 et
2650 5880 2880 5950 amplius
2910 5877 3235 5951 agnascetur
3264 5878 3386 5939 ξιιῐή
3409 5884 3510 5943 .lu--
