4016 6192
302 220 398 277 lii

1306 216 1397 272 DE
1440 215 1948 272 lNCAliNA'flUXE
1990 213 2261 269 CHRISTI
2301 213 2425 269 LIB.
2476 213 2581 269 VII.

3456 207 3506 271 ἶ
3518 211 3597 274 32'

301 341 961 404 scceperunt,numquam
997 339 1261 401 potcState
1284 332 1396 399 ipsa
1421 339 1477 384 ut
1509 345 1603 384 sua
1631 332 1713 384 usi
1746 339 1890 393 sunt,
1927 333 2265 399 Aynmdate,
2296 332 2550 387 dammnes
2580 330 3063 407 ejiciteﬂlatthx).
3101 332 3164 386 Et
3194 332 3385 386 iterum
3416 352 3427 385 :
3458 333 3485 371 ι’
3520 333 3578 387 in

303 426 399 482 sed
423 431 747 495 potestatem
778 423 947 492 ipsam
971 422 1038 477 ad
1066 437 1187 477 eum
1216 436 1244 475 a
1276 438 1381 492 quo
1405 432 1726 490 acceperant
1752 432 1893 474 retu-

306 521 487 575 lerunt
521 535 536 572 :
566 518 690 587 quia
722 532 823 573 nec
871 524 1107 586 potestas
1137 514 1253 585 ipsa
1304 515 1409 568 vim
1447 515 1605 568 ullam
1641 528 1893 581 umquam

304 612 511 667 habere
541 609 742 678 potuit,
772 608 874 663 nisi
904 623 1002 678 per
1029 622 1227 663 nomen
1253 606 1418 676 ipsius
1440 605 1527 676 qui
1557 604 1724 660 dedit.
1746 603 1898 658 Ideo-

304 718 410 773 que
436 712 493 756 et
523 700 760 770 apostoli
796 710 853 755 et
888 714 1081 754 omnes
1121 698 1350 753 ministri
1393 698 1486 752 Di-i
1515 696 1645 751 nihil
1698 696 1749 750 in
1800 712 1899 750 suo

304 806 590 860 umquam,
636 790 734 846 sed
788 792 843 845 in
894 791 1095 847 Christi
1127 790 1346 847 nomine
1377 802 1537 861 atque
1566 790 1900 845 invocatione

305 882 588 946 fecerunt;
614 881 737 950 quia
761 890 999 950 potestas
1021 881 1135 952 ipsa
1165 880 1292 936 inde
1309 879 1602 948 accipiebat
1627 880 1898 944 virtutem,

303 974 452 1030 unde
484 974 719 1028 habebat
748 973 1063 1039 exordium;
1096 984 1151 1029 et
1177 973 1293 1028 dari
1341 990 1437 1043 per
1484 975 1762 1030 ministros
1805 990 1901 1029 nea

304 1081 579 1136 quaquam
613 1073 851 1134 poterat,
878 1066 979 1120 nisi
1011 1066 1080 1120 ab
1108 1076 1328 1141 auctore
1352 1067 1607 1121 venisset.
1640 1070 1719 1121 Tu
1750 1083 1898 1137 ergo,

308 1157 399 1225 qui
428 1158 572 1212 idem
603 1156 891 1211 Dominum
924 1156 1091 1211 fuisse
1112 1155 1246 1212 dicis
1272 1157 1413 1227 quod
1444 1173 1606 1212 unmn
1636 1174 1701 1214 ex
1733 1160 1902 1214 servis

309 1248 459 1313 suis;
491 1249 623 1319 quia
652 1249 793 1304 sicut
818 1249 1051 1317 apostoli
1078 1249 1211 1305 nihil
1241 1250 1423 1321 utique
1451 1250 1768 1317 habuerant,
1801 1252 1901 1306 nisi

306 1356 335 1393 a
364 1338 600 1393 Domino
623 1355 725 1393 suo
751 1340 1110 1409 accepissent,
1137 1340 1209 1394 ita
1240 1349 1294 1396 tu
1327 1340 1459 1395 nihil
1489 1342 1571 1395 vis
1614 1342 1902 1397 Dominum

308 1429 486 1499 ipsum
502 1428 893 1497 habuisse,nisi
907 1430 1047 1501 quod
1061 1447 1091 1485 a
1104 1432 1306 1501 Spiritu
1321 1432 1589 1503 acceperit
1600 1448 1680 1500 ,ac
1694 1448 1791 1502 per
1804 1436 1904 1490 hoc

308 1530 362 1575 et
386 1521 562 1589 ipsum
590 1521 736 1591 quod
765 1522 969 1587 habuit,
989 1538 1096 1579 non
1118 1533 1177 1578 ut
1203 1523 1484 1579 Dominum
1518 1525 1599 1579 vis
1629 1525 1900 1590 habuisse,

310 1614 407 1667 sed
438 1624 497 1667 ut
520 1629 737 1671 servum
765 1616 1072 1685 accepisse:
1105 1615 1193 1671 die
1211 1617 1338 1672 mihi
1368 1632 1497 1688 ergo
1522 1620 1793 1688 quomodo
1817 1621 1905 1675 ille

1999 426 2221 487 nomine,
2271 424 2462 493 inquit,
2505 440 2614 476 meo
2662 424 2918 476 da‘rnunia
2969 424 3183 494 ejicietis
3217 422 3407 493 (Marc.
3438 424 3579 493 va).

1999 513 2264 585 Numquid
2286 515 2349 568 ad
2377 523 2691 583 potestatem
2724 515 3078 569 exercendam
3109 514 3331 570 alterius
3362 515 3583 569 nomine

2000 607 2163 676 eguit,
2194 608 2283 678 qui
2320 609 2490 677 ipsum
2525 621 2719 661 nomen
2752 622 2906 660 suum
2926 614 3247 674 potestatem
3272 619 3392 660 esse
3422 605 3583 659 fecit?

2000 698 2104 754 Sed
2133 699 2259 769 quid
2290 697 2467 753 adhuc
2497 696 2710 751 additur
2736 716 2748 750 :
2780 697 2928 765 Ecce,
2958 696 3147 765 inquit,
3179 695 3300 750 dedi
3329 696 3466 750 vobis
3491 713 3584 765 po-

2003 799 2230 845 testatem
2255 788 2492 842 calcandi
2512 804 2665 856 super
2689 797 2948 855 serpmtes
2975 799 3021 841 et
3046 789 3339 853 scorpiones
3361 798 3407 841 et
3428 803 3586 856 super

2004 899 2199 936 onmem
2225 883 2456 936 virtutem
2501 882 2698 935 inimici
2740 880 2916 952 (Lucra
2957 878 3030 951 ιι).
3064 881 3180 949 Ipse
3206 890 3352 936 certe
3375 882 3582 946 mitem,

2005 986 2061 1029 ut
2085 990 2211 1030 vere
2237 983 2374 1040 erat,
2399 982 2453 1028 et
2478 972 2733 1028 humilem
2774 972 2938 1027 corde
2978 988 3038 1027 se
3066 988 3185 1028 esse
3206 974 3334 1028 dicit
3365 974 3576 1045 (Matth.

2003 1065 2101 1135 xt).
2156 1066 2219 1119 Et
2274 1063 2565 1131 quomodo,
2599 1079 2698 1132 pro
2726 1078 2933 1117 summa
2960 1064 3150 1133 utique
3192 1072 3479 1131 potestate,
3531 1066 3606 1118 in»

2006 1156 2223 1211 nomine
2250 1172 2349 1209 suo
2372 1154 2582 1223 operari
2615 1155 2749 1209 alios
2780 1153 3044 1224 principit,
3075 1156 3117 1208 si
3149 1155 3262 1224 ipse
3290 1155 3341 1210 in
3372 1155 3593 1212 nomine

2004 1248 2328 1317 operabatur
2353 1246 2567 1301 alieno?
2598 1255 2688 1299 aut
2713 1246 2832 1300 aliis
2860 1244 3018 1301 dabat
3046 1247 3198 1316 quasi
3241 1262 3420 1315 suum,
3446 1244 3594 1317 quod

2006 1340 2143 1409 ipse,
2177 1349 2233 1393 ιιι
2265 1348 2317 1393 ιιι
2372 1340 2474 1403 ais,
2505 1354 2611 1392 non
2643 1336 2924 1403 habuerat,
2958 1336 3062 1391 nisi
3109 1338 3410 1408 accepisset
3453 1339 3592 1393 alie-

2006 1434 2168 1487 num?
2197 1432 2293 1487 Dic
2326 1434 2455 1488 mihi
2498 1443 2699 1501 autem,
2732 1436 2820 1507 qui
2852 1444 3163 1491 sanctorum
3197 1443 3517 1507 potestatem
3561 1451 3607 1490 av

2006 1524 2117 1579 Deo
2150 1526 2473 1593 accipientes
2501 1526 2579 1581 sic
2630 1528 2834 1597 operati
2887 1528 3045 1581 sunt?
3072 1536 3165 1581 aut
3192 1526 3449 1594 numquid
3485 1543 3610 1581 non.

2006 1618 2226 1672 insanus
2250 1617 2440 1673 Petrus
2462 1620 2696 1675 creditus
2725 1621 2915 1688 fuerat,
2952 1628 3043 1674 aut
3074 1620 3307 1675 furiosus
3329 1619 3588 1682 Joannes,

312 1715 590 1774 νιιιεςιλιε
636 1707 775 1777 ipsa,
809 1717 867 1762 ut
922 1724 1040 1775 sua,
1093 1724 1198 1762 non
1247 1717 1306 1764 ut
1334 1719 1574 1779 accepta,
1626 1712 1909 1767 utebatur?
1941 1698 1987 1758 Β
2012 1719 2102 1762 aut
2130 1723 2317 1763 amens
2349 1710 2565 1778 Paulus,
2586 1712 2630 1765 si
2660 1712 3096 1783 quibuscumque
3118 1721 3207 1765 aut
3236 1711 3391 1781 aegris
3418 1711 3585 1765 dixis-

310 1799 453 1865 Quid
479 1799 627 1854 enim
653 1798 722 1855 de
748 1814 813 1853 eo
835 1799 1096 1869 legimus?
1129 1799 1319 1871 Surge,
1369 1801 1544 1871 inquit
1588 1803 1903 1872 paralytico,

311 1891 441 1944 tolle
465 1892 741 1962 grabatum
767 1902 932 1957 tuum,
984 1902 1033 1946 et
1062 1892 1189 1948 uade
1215 1894 1269 1947 in
1297 1894 1502 1947 domum
1531 1903 1667 1948 tuam
1694 1894 1902 1967 (Matth.

312 1986 417 2051 ix).
454 1984 521 2037 Et
566 1984 760 2039 iterum
796 1985 1117 2053 supplicanti
1146 2000 1243 2054 pro
1271 1985 1382 2039 lilio
1406 1986 1542 2054 patri
1578 2004 1590 2039 :
1629 1985 1787 2052 Vade,
1821 1987 1906 2041 in-

312 2076 457 2145 quit,
503 2076 786 2143 ﬁliustuus
806 2076 923 2130 vivit
952 2075 1133 2145 (Joan.
1166 2075 1261 2147 tv).
1315 2077 1380 2132 Et
1406 2076 1539 2132 illud
1590 2077 1678 2133 ubi
1722 2078 1909 2132 unicus

311 2168 512 2223 matris
531 2167 601 2222 ad
628 2167 936 2237 sepulcrum
967 2166 1314 2223 deferebatur
1347 2187 1359 2221 :
1396 2177 1422 2205 ι
1463 2167 1797 2232 Adolescens,
1830 2169 1908 2223 in-

310 2259 459 2330 quit,
512 2259 605 2312 tibi
646 2260 780 2325 dico,
826 2276 977 2329 surge
1021 2258 1204 2331 (Luca:
1228 2261 1347 2327 vn).
1382 2259 1645 2329 Numquid
1674 2275 1821 2330 ergo,
1853 2267 1912 2314 ut

313 2364 441 2404 suos
469 2365 657 2404 eorum
687 2350 779 2420 qui
813 2359 1131 2421 potestatem
1164 2366 1194 2405 a
1227 2351 1339 2405 Deo
1368 2351 1723 2421 accipiebant,
1759 2360 1910 2421 pote-

312 2450 519 2496 statem
550 2444 765 2511 quoque
813 2440 907 2496 ille
937 2441 1052 2495 dari
1081 2442 1182 2497 sibi
1213 2442 1278 2497 ad
1312 2441 1650 2498 efficiendum
1696 2444 1913 2499 invoca-

318 2534 473 2588 tione
502 2532 671 2587 divini
696 2534 932 2589 nominis
958 2533 1297 2603 postulabat?
1321 2533 1429 2589 Cur
1456 2550 1559 2589 non
1610 2535 1749 2591 sicut
1776 2551 1911 2606 apo-

318 2624 447 2679 stoli
475 2623 530 2677 in
561 2625 783 2679 nomine
811 2623 1005 2695 ipsius,
1059 2624 1130 2680 ita
1180 2625 1298 2696 ipse
1336 2641 1550 2696 quoque
1594 2628 1649 2682 in
1698 2628 1915 2685 nomine

318 2714 563 2783 Spiritus
596 2716 954 2784 operabatur?
978 2717 1220 2787 Denique
1250 2718 1374 2788 quid
1406 2719 1473 2775 de
1522 2718 1642 2789 ipso
1673 2720 1916 2791 Evange-

319 2806 455 2859 lium
485 2807 851 2875 protestatur?
885 2805 1035 2875 Erat,
1067 2808 1260 2877 inquit,
1288 2810 1475 2864 docens
1505 2826 1588 2865 eos
1617 2812 1746 2865 sicut
1773 2822 1916 2881 pote-

318 2906 510 2951 statem
539 2900 747 2965 habens,
777 2916 882 2954 non
904 2902 1037 2954 sicut
1079 2900 1275 2956 Scriba:
1311 2912 1359 2955 et
1409 2901 1665 2958 Phariswi
1696 2903 1913 2975 (Matth.

320 2988 447 3059 vn).
474 2992 581 3044 Aut
607 2991 897 3060 superbum
920 3000 977 3047 et
996 3004 1336 3062 arrogantem
1366 2984 1590 3049 forsitan
1618 2996 1699 3049 vis
1725 2995 1912 3066 fuisse,

320 3081 419 3152 qui
450 3090 770 3151 potestatem
807 3099 965 3154 quam
992 3098 1020 3137 a
1052 3084 1183 3148 Deo,
1214 3095 1269 3139 ut
1308 3084 1409 3153 ais,
1457 3085 1777 3156 accepi~set,
1805 3102 1917 3144 sure

323 3174 585 3241 potentiae
612 3174 931 3242 deputaret?
957 3174 1062 3230 Sed
1092 3175 1216 3245 quid
1254 3175 1475 3231 facimus
1504 3176 1646 3243 quod
1679 3187 1918 3247 potestas

324 3283 628 3337 nurnquam
652 3278 736 3323 est
762 3269 1013 3323 obsecuta
1048 3267 1284 3333 famulis,
1313 3269 1414 3324 nisi
1458 3285 1553 3339 per
1575 3284 1767 3324 nomen
1792 3285 1919 3327 auc-

328 3359 500 3424 turis;
532 3375 630 3414 nec
657 3360 856 3415 habere
887 3360 1233 3416 efficientiam
1279 3362 1475 3431 potuit,
1511 3362 1552 3418 si
1585 3362 1784 3434 aliquid
1815 3364 1919 3418 sibi

328 3468 395 3507 ex
429 3468 495 3508 ea
525 3452 730 3509 iaciens
771 3453 1070 3524 deputavit.

947 3566 1178 3622 CAPUT
1214 3566 1331 3621 XX.

366 3654 705 3713 Gravioribus
731 3659 1209 3728 urgentioribnsque
1236 3659 1551 3729 argumentis
1580 3661 1881 3715 sententiam

768 3729 914 3783 illam
944 3730 1228 3783 inualidare
1256 3737 1491 3786 conatur.

400 3820 511 3873 Sed
541 3820 671 3890 quid
702 3820 904 3875 tamdiu
926 3820 1269 3875 evidentibus
1305 3820 1543 3890 quidem,
1597 3821 1691 3877 sed
1742 3829 1916 3876 tamen

333 3913 634 3966 minoribus
660 3912 992 3981 argumentis
1018 3920 1206 3967 contra
1234 3910 1499 3967 furentem
1526 3912 1917 3982 blasphemiam

333 4004 582 4069 agimus?
607 4004 900 4058 Audiamus
948 4005 1122 4072 ipsum
1155 4003 1219 4058 ad
1260 4005 1558 4074 discipulos
1607 4004 1918 4074 loquentem

338 4095 503 4152 Dwm
539 4113 552 4149 :
584 4093 832 4165 Inﬁrmos
878 4106 1073 4163 curate,
1129 4105 1356 4151 mortuos
1398 4097 1660 4158 suscitare.
1691 4097 1920 4166 leprosos

2011 1810 2130 1855 sent
2164 1817 2177 1854 :
2210 1800 2262 1855 In
2293 1803 2510 1857 nomine
2539 1814 2723 1857 nostro
2752 1805 2982 1874 surgite;
3010 1814 3100 1858 aut
3130 1804 3337 1860 claudis
3370 1822 3383 1858 ε
3414 1804 3469 1858 1η
3499 1818 3593 1857 ιιο⁸

2011 1892 2155 1947 mine
2182 1900 2367 1946 nostro
2395 1894 2700 1959 ambulate;
2731 1903 2822 1949 aut
2849 1897 3076 1950 mortuis
3106 1894 3199 1949 :ln
3240 1894 3456 1949 nomine
3498 1911 3594 1948 no-

2010 1990 2126 2035 stro
2148 1982 2345 2045 vivite;
2374 1991 2468 2036 aut
2498 1982 2624 2038 illud
2656 1982 2721 2037 ad
2754 1984 2963 2054 aliquos
2992 2002 3004 2037 :
3039 1986 3239 2039 Damus
3267 1984 3419 2039 vobis
3444 1994 3594 2054 pote-

2010 2080 2203 2126 statem
2254 2072 2495 2126 calcandi
2547 2088 2711 2143 super
2751 2084 3053 2143 serpentes,
3083 2086 3133 2129 et
3167 2076 3502 2143 scorpiones.
3541 2086 3595 2128 et

2011 2175 2173 2230 super
2197 2176 2410 2216 omnem
2442 2170 2763 2231 potestatem
2796 2163 3037 2219 inimici?
3064 2150 3325 2233 Intelligis
3355 2180 3484 2235 ergo
3529 2181 3594 2220 ex

2014 2250 2115 2307 hoc
2164 2251 2283 2320 ipso
2314 2253 2574 2308 insaniam
2609 2263 2753 2309 tuam
2782 2274 2794 2309 :
2826 2257 2948 2326 quia
2975 2256 3116 2312 sicut
3155 2257 3272 2312 hinc
3301 2259 3461 2312 verba
3515 2261 3599 2312 in-

2012 2357 2142 2399 sana
2166 2354 2311 2410 sunt,
2343 2346 2389 2400 si
2412 2346 2520 2401 sint
2548 2346 2792 2402 humanae
2823 2348 3262 2418 prmsumptionis
3284 2389 3298 2413 ,
3329 2350 3398 2402 ita
3433 2359 3485 2402 tu
3518 2350 3599 2403 in-

2013 2438 2350 2505 sanissimus,
2380 2440 2469 2509 qui
2497 2439 2693 2495 divina:
2721 2440 2833 2496 hmc
2865 2456 2972 2496 non
3000 2442 3257 2512 intelligis
3288 2443 3596 2514 potestatis.

2015 2528 2097 2584 Ex
2129 2529 2338 2586 duobus
2368 2532 2508 2586 enim
2539 2533 2765 2587 alterum
2791 2534 3100 2589 confitearis
3130 2550 3355 2590 necesse
3377 2542 3483 2601 est,
3510 2543 3601 2590 aut

2019 2634 2176 2689 posse
2205 2621 2477 2677 hominem
2503 2622 2737 2678 divinam
2768 2632 3089 2693 potestatem
3121 2634 3176 2679 et
3201 2626 3398 2681 habere
3420 2638 3474 2682 et
3500 2627 3602 2682 da-

2018 2728 2111 2780 re;
2162 2723 2252 2769 aut
2304 2723 2453 2770 certe
2481 2716 2526 2770 si
2559 2715 2739 2770 nullus
2769 2717 2989 2771 omnino
3013 2718 3288 2771 hominum
3318 2715 3371 2772 id
3398 2728 3598 2786 potest.

2022 2806 2188 2862 Deum
2210 2805 2373 2862 fuisse
2397 2808 2486 2877 qui
2519 2810 2712 2878 potuit.
2733 2809 2901 2864 Nemo
2922 2809 3063 2863 enim
3088 2808 3321 2863 divinam
3346 2811 3601 2866 virtutem

2020 2905 2203 2968 potest
2233 2898 2469 2955 tribuere
2498 2899 2549 2954 in
2580 2899 2968 2968 munificentia,
3001 2899 3104 2955 nisi
3131 2900 3222 2970 qui
3256 2900 3505 2957 habuerit
3546 2902 3601 2959 in

2023 2999 2232 3045 natura.

2615 3105 2840 3162 CAPUT
2881 3105 3019 3162 XXI.

2022 3245 2228 3301 Christo
2273 3245 2486 3318 perinde
2544 3255 2695 3315 atque
2739 3245 2972 3318 (Spiritui
3022 3255 3202 3301 sancto
3248 3246 3605 3302 ascribendum

2092 3333 2222 3458 (ἔδει,
2271 3316 2410 3398 quod
2465 3330 2588 3371 caro
2637 3326 2685 3369 et
2726 3317 3021 3372 humanitas
3067 3319 3179 3389 ejus
3222 3319 3467 3388 templum
3514 3318 3615 3374 Dei

2119 3398 2234 3442 acta
2263 3398 2355 3442 stt.

2094 3545 2349 3616 Sequitur
2375 3556 2552 3603 autem
2581 3546 2633 3602 in
2658 3546 2990 3616 blasphemia
3025 3556 3136 3612 tua,
3166 3545 3308 3614 quod
3333 3558 3462 3601 caro
3490 3545 3609 3614 ejus

2024 3639 2280 3709 templum
2313 3655 2341 3695 a
2363 3638 2564 3709 Spiritu
2597 3639 2733 3694 facta
2766 3639 2857 3703 sit,
2888 3638 3013 3693 ideo
3043 3638 3167 3708 quia
3195 3638 3433 3694 Joannes
3458 3635 3606 3692 dixe-

2023 3730 2128 3785 rit:
2173 3729 2289 3783 Vidi
2325 3731 2468 3784 cnim
2520 3728 2777 3798 Spiritum
2826 3728 3207 3783 descendentem
3256 3728 3320 3782 de
3365 3729 3512 3795 mlo,
3560 3716 3627 3783 et‘

2021 3829 2309 3874 manentem
2339 3820 2494 3889 super
2514 3836 2630 3873 eum
2660 3818 2839 3889 (Joan.
2873 3816 2943 3890 I).
2972 3818 3108 3885 Quia
3142 3818 3398 3874 furiosam
3424 3832 3604 3874 asser-

2024 3910 2225 3966 tionem
2268 3921 2411 3965 tuam
2458 3911 2619 3966 etiam
2669 3909 2867 3965 divinis
2919 3909 3240 3966 testimoniis
3282 3910 3606 3966 conﬁrmare

2023 4004 2237 4059 conaris
2272 4020 2285 4057 :
2315 4018 2474 4073 quam
2507 4003 2577 4058 ob
2603 4017 2821 4059 causam
2868 4002 3146 4085 videamus
3184 4018 3251 4058 an
3298 4003 3421 4070 hoc,
3463 4003 3613 4074 quod

2023 4105 2080 4152 tu
2109 4096 2213 4163 ais,
2246 4096 2614 4151 testimonium
2643 4108 2856 4153 sacrum
2876 4095 3094 4153 dixerit.
3124 4106 3146 4135 ο
3179 4094 3297 4150 Vidi
3323 4095 3487 4164 enim,
3519 4095 3608 4152 in-

1398 4234 1655 4291 ALARDI
1694 4233 1926 4290 GAZIEI
1964 4229 2528 4288 COMMENTARIUS.

397 4345 432 4374 ⁸
470 4343 710 4399 Observa
738 4344 825 4401 hic
851 4343 1139 4400 discrimen
1164 4346 1306 4400 inter
1328 4343 1598 4399 Christum
1624 4351 1680 4399 et
1699 4352 1913 4412 aposto—
1938 4345 1989 4405 D
2015 4352 2143 4413 gnat
2170 4341 2213 4397 Τ

332 4415 417 4470 les
444 4421 608 4484 atque
628 4415 762 4469 alios
788 4424 1005 4470 sanctos
1031 4416 1081 4469 in
1103 4413 1375 4484 patrandis
1404 4415 1696 4470 miraculis.
1721 4415 1913 4470 Petrus

332 4483 545 4551 quidem
589 4484 732 4539 dixit
779 4495 1006 4540 mortua:
1049 4483 1236 4551 puella:
1266 4501 1283 4539 :
1317 4483 1558 4553 Tabitha,
1591 4501 1743 4554 surge
1770 4486 1908 4554 (Act.
1948 4504 1949 4507 η

333 4557 444 4623 Ix);
479 4555 576 4609 sed
608 4570 713 4610 non
739 4555 877 4609 dixit
912 4555 1065 4611 :Tibi
1088 4556 1230 4619 dico,
1258 4569 1446 4623 surge;
1491 4557 1615 4624 quia
1656 4571 1760 4608 non
1788 4569 1908 4620 sua,

331 4628 422 4680 sed
449 4624 651 4679 Christi
673 4626 993 4681 auctoritate
1013 4634 1067 4680 et
1087 4626 1304 4681 nomine
1323 4626 1656 4695 loquebatur.
1684 4624 1837 4681 Unde
1860 4635 1914 4680 et

330 4697 454 4750 alibi
485 4695 685 4751 dicitur
710 4695 953 4751 Christus
977 4710 1072 4764 per
1095 4696 1349 4751 miracula
1383 4695 1757 4750 manifestasse
1797 4696 1914 4764 glo-

331 4766 465 4821 riam
495 4780 651 4819 suam
698 4766 881 4836 (Joan.
915 4765 1078 4836 tt).iil
1119 4774 1224 4831 est,
1271 4765 1604 4821 divinitatem
1646 4780 1826 4829 suam;
1856 4775 1914 4821 ut

333 4835 715 4905 intelligamus
744 4837 901 4891 aliter
951 4835 1249 4899 Christum,
1297 4836 1454 4891 aliter
1504 4836 1796 4905 prophetas
1858 4845 1915 4891 et

333 4908 485 4969 alios.
516 4906 773 4976 miracula
803 4906 1012 4961 fecisse.
1047 4906 1180 4960 Nam
1212 4906 1364 4960 multi
1393 4907 1609 4976 quidem
1637 4905 1913 4975 prophetae

334 4976 590 5031 miracula
623 4975 888 5041 fecerunt,
913 4976 981 5031 de
1009 4977 1155 5030 nullo
1183 4987 1358 5031 tamen
1387 4975 1570 5032 eorum
1602 4976 1803 5031 dictum
1832 4985 1917 5031 est

334 5045 555 5114 gloriam
586 5059 709 5099 eum
733 5062 884 5118 suam
910 5048 1313 5118 manifestasse;
1341 5047 1462 5118 quia
1503 5063 1607 5103 non
1640 5055 1910 5118 tamquam

336 5127 700 5187 creaturarum
726 5116 953 5182 domini,
980 5117 1070 5171 sed
1098 5126 1365 5187 tamquam
1380 5116 1651 5172 Creatoris
1681 5116 1911 5171 ministri

337 5186 385 5255 in
414 5188 682 5242 creaturis
707 5188 965 5241 miracula
992 5186 1278 5247 faciebant.
1296 5190 1478 5255 sicque
1502 5202 1606 5241 non
1629 5202 1801 5253 suam,
1817 5186 1911 5242 sed

335 5254 425 5309 Dei
454 5257 683 5326 gloriam
703 5257 1147 5323 manifestabant;
1174 5254 1419 5311 Chri~tus
1441 5272 1569 5311 vero
1592 5274 1766 5320 suam,
1785 5258 1908 5327 quia

335 5328 444 5390 ipse
473 5328 700 5381 Creator
728 5336 783 5381 et
812 5327 1095 5397 Dominus,
1128 5330 1244 5397 ipse
1276 5342 1477 5396 primus
1501 5338 1689 5383 auctor
1726 5344 1788 5383 ac
1820 5344 1909 5397 pa-

336 5407 500 5450 trator
539 5397 925 5452 miraculorum
955 5409 1089 5451 erat.

399 5467 424 5505 ι’
468 5467 526 5522 In
586 5468 669 5521 his
701 5469 884 5522 verbis
928 5470 1036 5522 duo
1074 5468 1329 5521 notanzla.
1380 5468 1616 5522 Primum
1654 5469 1805 5531 illud,
1842 5467 1905 5523 In

335 5541 534 5592 nomine
556 5554 689 5603 meo,
723 5539 868 5592 varie
898 5539 1066 5605 accipi
1096 5540 1149 5591 in
1191 5538 1486 5608 Scriptura.
1533 5539 1715 5606 Neque
1764 5543 1905 5594 ettitn

336 5624 430 5661 una
448 5621 531 5662 est
551 5607 717 5676 ipsius
733 5609 963 5662 nominis
984 5607 1327 5677 significuio.
1347 5612 1615 5675 Act'ipitur
1639 5610 1905 5665 interdum

336 5694 425 5746 pro
454 5681 616 5749 imper
632 5678 708 5746 io,
741 5693 834 5735 seu
883 5679 1199 5737 auctoritate
1231 5679 1348 5751 (cur
1384 5680 1525 5735 cnim
1576 5679 1689 5735 hrc
1721 5679 1904 5736 distin-

2221 4344 2431 4467 hgrzeus
2460 4342 2600 4425 [bib.
2629 4343 2694 4397 de
2719 4342 2955 4425 _Da:mon.
2982 4360 3029 4397 c.
3060 4341 3214 4425 xui],
3241 4356 3345 4397 non
3387 4343 3598 4415 video),

2282 4423 2373 4467 lCll.
2401 4427 2610 4467 venISSe
2634 4427 2698 4467 se
2726 4430 2781 4467 in
2809 4415 3014 4467 nomine
3040 4413 3236 4467 Patris.
3262 4413 3416 4467 Joan.
3455 4429 3509 4467 ν.
3543 4417 3598 4467 id

2018 4424 2076 4468 ut
2096 4428 2216 4468 cum
2245 4413 2373 4468 dicit
2401 4413 2610 4469 venisse
2634 4427 2698 4469 se
2726 4415 2781 4467 in
2809 4415 3014 4468 nomine
3040 4413 3236 4480 Patris,
3262 4413 3416 4468 Joan.
3455 4429 3509 4479 v,
3543 4413 3613 4470 i'd‘

2016 4491 2123 4552 est,
2147 4498 2214 4538 ex
2243 4483 2415 4538 Patris
2442 4483 2685 4549 decreto,
2716 4485 3051 4549 auctoritate,
3097 4482 3386 4539 voluntate.
3423 4483 3598 4538 Inter-

2016 4554 2145 4609 dum
2177 4568 2272 4623 pro
2301 4555 2528 4623 meritis,
2558 4562 2617 4608 ut
2643 4569 2763 4610 cum
2792 4553 2973 4608 omnia
3006 4554 3270 4623 promittit
3298 4556 3601 4622 petentibus

2017 4635 2071 4680 et
2096 4624 2406 4693 rogantibus
2456 4625 2665 4680 Patrem
2698 4625 2749 4677 in
2780 4625 2996 4680 nomine
3022 4640 3141 4689 suo,
3166 4624 3323 4679 Joan.
3356 4639 3464 4678 xtv.
3496 4625 3599 4678 Ρρο

2017 4704 2131 4765 t_ere
2155 4695 2298 4749 enim
2328 4695 2380 4748 in
2406 4696 2625 4750 nomine
2650 4694 2871 4761 Christi,
2926 4705 3010 4751 est
3058 4704 3240 4764 petere
3266 4710 3362 4765 per
3404 4696 3600 4751 merita

2016 4763 2239 4831 Christi,
2268 4776 2326 4820 ut
2356 4765 2609 4820 Ecclesia:
2631 4780 2758 4820 usus
2786 4763 3188 4836 interpretatur.
3216 4763 3457 4836 Denique
3500 4780 3599 4834 pro

2018 4837 2220 4889 virtute
2241 4851 2303 4890 ac
2331 4843 2597 4903 potestate
2621 4837 2867 4902 sumitur,
2912 4835 3031 4890 eum
3082 4835 3213 4890 dicit
3238 4856 3250 4891 :
3280 4835 3450 4901 Opera
3481 4852 3598 4903 qua:

2016 4921 2113 4975 ego
2141 4907 2276 4973 facio
2304 4906 2359 4959 in
2389 4908 2591 4959 nomine
2619 4905 2793 4959 Patris
2823 4906 2939 4969 mei,
2964 4910 3077 4975 ipsa
3110 4906 3454 4960 testimonium
3479 4923 3598 4973 per-

2018 4976 2189 5030 hibent
2216 4975 2278 5029 de
2305 4991 2403 5039 me,
2434 4975 2588 5030 Joan.
2617 4991 2673 5031 x.
2708 4976 2895 5039 Porro,
2924 4976 3165 5043 quamvis
3187 4976 3462 5031 etChristi
3495 4976 3602 5030 itn-
3673 5002 3687 5023 ς

2018 5046 2188 5114 perio,
2222 5054 2276 5100 et
2323 5045 2524 5100 Christi
2576 5046 2803 5113 meritis,
2835 5056 2890 5100 et
2921 5046 3121 5099 Christi
3174 5046 3599 5112 potestate-dici

2017 5119 2186 5185 po~sit
2213 5117 2402 5185 expelli
2430 5116 2944 5185 dmmonia,quando
2971 5116 3039 5170 ad
3067 5116 3300 5170 nominis
3328 5116 3444 5183 eius
3474 5132 3597 5170 evo-

2016 5188 2283 5241 cationem
2316 5187 2679 5255 expelluntur,
2729 5187 2942 5256 proprie
2971 5195 3148 5240 tamen
3198 5187 3449 5256 virtutem
3476 5186 3595 5255 ejus

2018 5257 2380 5327 intelligimus,
2410 5257 2667 5321 divinam,
2698 5258 2938 5324 inquam,
2964 5257 3237 5322 virtutem,
3270 5255 3497 5327 intidem
3522 5259 3594 5312 sit

2018 5328 2069 5381 in
2103 5325 2296 5382 Christi
2330 5327 2547 5381 nomine
2598 5338 2759 5396 atque
2786 5328 2839 5381 in
2868 5329 3060 5381 virtute
3091 5326 3288 5382 Christi
3319 5325 3593 5383 daemones

2017 5400 2303 5466 expellere.
2354 5398 2505 5465 Quod
2553 5401 2837 5453 COttlirmnt
2871 5398 3094 5465 Auctor.
3119 5411 3243 5451 cum
3274 5397 3343 5449 ait
3376 5412 3390 5448 :
3424 5396 3594 5451 Num-

2015 5470 2136 5536 quid
2163 5470 2229 5519 ad
2283 5477 2577 5532 potestatem
2601 5469 2935 5522 exercendam
2960 5468 3171 5521 alterius
3193 5467 3396 5520 nomine
3425 5471 3588 5538 eguit.

2014 5540 2103 5607 qui
2131 5540 2293 5609 ip.~um
2321 5555 2500 5609 nomen
2524 5555 2672 5593 suum
2696 5547 3126 5609 potestatemesse
3154 5538 3312 5605 fecit?

2090 5622 2110 5646 ε
2148 5608 2307 5662 hocet
2344 5610 2401 5661 D.
2433 5608 2725 5677 Gregorius
2750 5612 2799 5661 in
2832 5611 2934 5664 line
2959 5608 3049 5662 lib.
3084 5623 3119 5662 ll
3146 5608 3448 5671 Moralium,
3486 5612 3587 5665 aii-

2020 5690 2100 5734 ter
2122 5680 2171 5735 in
2193 5679 2604 5746 Christo,aliter
2637 5681 2689 5735 in
2720 5680 2847 5735 viris
2877 5680 3074 5735 "‘IICliS
3106 5680 3368 5751 Spiritum
3395 5679 3452 5733 ἢ.
3472 5696 3588 5736 nra-
3618 5700 3625 5703 ν
