4016 6192
423 252 528 311 in

1735 257 2017 314 JOANNIS
2055 256 2369 314 CASSIANI

3578 254 3686 313 «με

426 381 540 420 ram
575 380 732 436 opem
765 376 790 403 κ
823 366 1075 422 indicavit
1101 365 1360 431 alterius,
1389 366 1480 437 qui
1514 364 1568 421 in
1594 365 1698 422 hoc
1738 369 1857 436 ipso
1891 382 1999 437 quo
2026 370 2075 428 Α
2105 365 2467 434 blasphemias
2498 372 2612 416 tuas
2642 361 2945 430 adiectione
2988 361 3297 416 concludas.
3347 359 3447 429 Qui
3483 372 3685 428 tamen,

426 470 776 511 ascensurum
806 472 865 512 se
891 472 1012 513 esse
1032 457 1186 519 dixit,
1218 457 1472 512 virtutem
1503 459 1731 526 propria:
1764 466 2002 527 potesta-

429 550 498 600 tis
533 548 801 603 ostendit?
838 548 1001 602 David
1046 564 1261 618 quoque
1302 548 1368 603 de
1405 548 1519 618 ipsa
1561 548 1771 603 Domini
1814 564 1998 604 ascen-

429 639 586 693 sione
615 656 628 691 :
654 638 913 703 Ascendit,
945 640 1137 710 inquit,
1182 640 1317 694 Deus
1360 640 1413 693 in
1438 639 1624 710 iubilo,
1657 640 1908 721 Dominus
1948 641 2000 693 in

429 745 549 782 voce
578 727 910 798 tuba(Psal.
941 733 1113 801 ιινι).
1142 730 1432 786 Evidenter
1453 730 1787 800 maiestatem
1813 745 2001 785 ascen-

425 817 603 873 dentis
632 834 726 888 per
750 828 1069 888 potestatem
1098 821 1429 875 ascensionis
1454 822 1729 891 esplicuit.

991 912 1219 968 CAPUT
1253 912 1437 967 XXIII.

427 997 666 1072 Persistit
692 1002 744 1072 in
775 1002 956 1055 eodem
994 1012 1328 1072 argumento,
1358 1012 1415 1057 ut
1441 1004 1693 1070 ostendat,
1743 1001 2005 1056 Christum

495 1087 598 1124 non
619 1070 905 1141 indiguisse
924 1070 1094 1126 aliena
1115 1074 1301 1143 gloria,
1333 1074 1424 1127 sed
1449 1074 1691 1127 habuisse
1718 1074 2004 1143 prapriam.

497 1182 602 1239 Sed
643 1183 920 1241 videamus
975 1196 1149 1240 tamen
1215 1202 1316 1255 qua
1367 1186 1581 1242 tandem
1642 1187 2008 1257 pracedcntes

2104 456 2303 526 inquis,
2335 456 2562 525 gloriam
2592 453 2810 508 Christo
2836 452 3074 506 donavit.
3116 451 3359 508 Gloriam
3401 455 3650 508 nominas

2106 559 2161 603 ut
2206 546 2583 602 contumeliam
2632 543 2817 598 facias.
2869 542 3000 597 Nam
3049 543 3103 597 in
3141 558 3205 598 eo
3245 544 3386 613 quod
3432 544 3690 600 donatum

2106 638 2390 692 Dominum
2419 636 2585 705 gloria
2617 635 2840 699 asscris,
2879 634 3005 687 dum
3040 633 3313 702 accepisse
3341 633 3513 699 dicis,
3547 636 3688 690 indi-

2104 730 2283 801 guisse
2307 729 2668 798 blasphemas.
2697 726 2809 781 Hoc
2831 725 2973 780 enim
2998 727 3071 779 ait
3103 727 3298 793 impius
3321 742 3514 783 sensus
3536 743 3687 795 suus,

2106 832 2165 875 ut
2186 822 2398 889 largitas
2422 817 2754 873 tnunerantis
2779 810 3129 881 indigentiam
3164 816 3480 885 accipientis
3502 832 3688 874 osten-

2105 912 2217 966 dat.
2253 910 2296 965 0
2326 908 2594 964 infelicem
2628 908 2957 975 impietatem
2990 907 3165 960 tuam!
3201 914 3255 962 et
3294 908 3384 961 ubi
3418 909 3548 963 illud
3570 919 3690 973 est,

2108 1001 2248 1072 quod
2278 1000 2344 1056 de
2375 999 2702 1055 ascendente
2733 999 2785 1053 in
2816 999 3013 1053 malum
3048 998 3275 1052 Domino
3314 998 3442 1053 Jesu
3474 998 3693 1057 Clll'iS'O

2104 1095 2222 1163 ipsa
2244 1094 2370 1148 olim
2394 1093 2647 1147 divinitas
2668 1091 3078 1161 praenuntiavit?
3105 1090 3397 1157 bAttollite,
3419 1094 3690 1163 inquiens,

2112 1195 2289 1257 portas
2330 1195 2545 1252 vestras,
2595 1193 2641 1238 et
2668 1182 2895 1237 introibit
2942 1182 3054 1237 Rex
3095 1182 3277 1254 gloria
3320 1183 3688 1256 (Psal.xxut).

1490 1324 1743 1379 ALARDI
1782 1322 2015 1379 ϐΑΖᾸΞΙ
2050 1318 2618 1379 COMMENTARIUS.

427 1412 647 1480 distulit,
694 1417 970 1483 superavit,
1000 1432 1209 1481 eamque
1249 1418 1555 1483 resurgendo
1597 1418 1930 1481 cansumpsit,
1958 1425 2003 1470 et

427 1486 814 1538 resurrectionis
840 1502 946 1541 sua
965 1487 1180 1555 gloriam
1208 1485 1530 1541 ascendendo
1554 1487 1850 1540 declaravit.
1886 1486 1938 1540 Ν
1943 1502 2003 1539 o-

429 1556 642 1606 tandum
665 1571 859 1623 quoque
889 1568 980 1616 est.
1012 1559 1149 1625 quod
1183 1558 1325 1611 Elias
1355 1559 1407 1610 in
1436 1573 1590 1611 curru
1620 1556 1805 1625 legitur
1828 1573 2003 1610 ascen-

440 1625 583 1697 tisse,
607 1634 658 1697 ut
678 1627 910 1697 videlicet
936 1637 1111 1697 aperte
1135 1628 1503 1682 demonstraret
1528 1628 1646 1696 quia
1670 1626 1822 1681 homo
1845 1643 2004 1694 purus

430 1694 687 1769 adjutorio
716 1694 979 1765 indigebat
1015 1698 1205 1750 alieno.
1252 1696 1354 1751 Per
1381 1694 1589 1769 angelos
1632 1698 1819 1765 quippe
1868 1699 2006 1766 facta

428 1766 520 1837 illa
545 1775 592 1816 et
613 1774 814 1819 ostensa
839 1778 955 1820 sunt
986 1769 1317 1837 adjumenta,‘
1347 1766 1466 1832 quia
1490 1784 1577 1821 nec
1606 1770 1657 1821 in
1689 1768 1868 1821 calum
1891 1768 2004 1837 qui-

430 1832 544 1885 dem
571 1839 775 1909 aereum
816 1853 905 1904 per
944 1854 996 1890 se
1024 1824 1312 1909 a'scendere'
1338 1824 1557 1903 poterat,
1608 1853 1758 1909 quem
1806 1824 2007 1891 natura
2034 1824 2080 1883 Β

427 1918 537 1955 sua
565 1902 835 1977 inﬁrmitas
863 1910 1123 1977 gravabat.
1162 1907 1468 1977 Redemptor
1495 1902 1661 1960 autem
1702 1924 1802 1961 non
1830 1924 2007 1969 curru,

432 1988 532 2048 non
547 1975 751 2048 angelis
779 1975 1005 2029 sublatus
1031 1976 1238 2048 legitur,
1265 1975 1384 2043 quia
1411 1979 1454 2030 is
1482 1978 1568 2046 qui
1598 1979 1788 2048 fecerat
1813 1979 2007 2041 omnia,

430 2042 673 2114 nimirum
700 2060 853 2113 super
879 2048 1049 2098 omnia
1072 2042 1165 2100 ἕνα
1194 2042 1373 2101 virtute
1416 2042 1693 2114 ferebatur.
1742 2047 1843 2099 Illo
1872 2049 2009 2101 enim

428 2112 787 2183 revertebatur,
815 2115 901 2169 ubi
925 2126 1066 2182 erat;
1098 2129 1142 2171 et
1170 2117 1287 2170 inde
1316 2112 1532 2183 redibat,
1568 2118 1653 2171 ubi
1680 2120 1964 2170 remanebat
1988 2132 2008 2171 :

430 2182 551 2263 quia
576 2198 697 2263 cum
739 2200 829 2255 per
860 2186 1227 2241 humanitatem
1272 2182 1560 2263 ascenderet
1587 2188 1642 2263 in
1684 2188 1885 2263 calum,
1920 2204 2011 2255 per

429 2253 747 2328 divinitatem
759 2271 966 2328 _suam,
987 2265 1035 2309 et
1061 2266 1250 2311 terram
1281 2258 1472 2328 pariter
1500 2260 1787 2313 continebat
1828 2269 1875 2313 et
1903 2253 2006 2312 ca-

434 2323 721 2394 lum._|hec
748 2324 1064 2394 Greg0rius.

502 2400 536 2467 ‘_
568 2391 872 2467 [agebatur
897 2406 1075 2461 antea,
1125 2397 1368 2467 indiguit.
1420 2397 1533 2453 Nec
1574 2398 1793 2452 omnino
1844 2398 2004 2452 male.

432 2460 537 2515 Sed
566 2460 854 2535 imitandus
878 2460 1405 2522 fuerat'accusativus
1429 2467 1479 2521 in
1503 2468 1820 2531 ablativum,
1848 2483 2005 2535 quem

430 2532 666 2655 postulat
697 2534 917 2588 verbum
959 2536 1209 2607 indigere.
1242 2538 1311 2590 At
1338 2540 1452 2592 haec
1481 2549 1663 2592 nostra
1694 2532 2010 2592 lectiu'laci-

458 2615 539 2655 tor
562 2609 619 2655 et
644 2604 820 2655 aptior
844 2606 1074 2655 videtur.
1109 2607 1417 2655 Resnondet
1438 2610 1580 2655 enim
1602 2609 1843 2655 verbum.
1865 2609 2006 2655 indi-

458 2604 539 2680 ior
553 2609 619 2680 et
644 2604 820 2680 aptior
844 2604 1092 2680 videtur;
1108 2607 1417 2680 Respondet
1438 2610 1580 2662 enim
1602 2609 1843 2680 verbum,
1865 2609 2006 2661 indi-

428 2673 581 2737 cavit,
619 2673 799 2745 verbis
830 2676 1199 2745 sequentibus,
1226 2673 1381 2743 dixit,
1407 2690 1460 2731 et
1486 2677 1728 2742 ostendit,
1772 2688 2005 2745 spectat.

429 2754 539 2820 quo
565 2742 731 2797 verba
751 2742 1028 2820 superiora
1056 2764 1069 2799 :
1093 2747 1325 2820 Ascendo
1346 2742 1413 2801 ad
1437 2742 2004 2820 Patretnmeumkcte,

430 2812 631 2892 quibus
650 2813 833 2892 verbis
876 2832 980 2869 non
1012 2815 1301 2892 iudicavit,
1341 2833 1446 2892 non
1485 2818 1803 2892 significavit
1849 2812 2007 2892 Curi;

429 2887 1008 2956 stus_interv_enturam
1053 2887 1157 2941 sibi
1200 2902 1355 2956 opem
1384 2889 1627 2955 alterius,
1663 2889 1715 2942 in
1742 2904 1835 2941 sua
1863 2890 2007 2943 scili—

430 2952 899 3075 ggkhsc‘ensione,
922 2956 1017 3012 sed
1047 2972 1104 3013 se
1135 2952 1352 3028 propria
1410 2952 1623 3015 virtute
1654 2974 2005 3014 ascensurum

551 3037 583 3074 n
628 3039 643 3075 ι
673 3062 686 3074 .

429 3031 686 3075 ostendit.

478 3090 530 3131 ’δ
572 3092 727 3170 Yarla
750 3104 805 3150 et
827 3097 1103 3170 multiplex
1128 3096 1287 3170 huius
1312 3099 1562 3155 versiculi
1585 3109 1639 3155 et
1667 3102 2002 3170 sequentium

431 3162 1008 3248 reperitur‘espositio'.
1048 3162 1592 3248 l’rimaLet_masime
1621 3162 1799 3248 obvia,
1828 3178 1888 3248 _et
1917 3171 2004 3248 lit-
2031 3183 2077 3248 ο

434 3232 646 3314 ter-alis,
672 3243 731 3288 ut
754 3232 822 3314 sit
842 3251 1021 3314 sermo
1047 3238 1213 3307 ipsius
1240 3239 1553 3304 Psalmistaa,
1577 3239 1667 3314 qui
1690 3232 2005 3314 prophetico

431 3306 623 3384 spiritu
656 3306 1079 3384 previdenstac
1114 3317 1294 3384 mente
1332 3306 1705 3384 contemplans
1731 3306 2003 3384 Christum

430 3370 640 3452 devicta
658 3370 839 3452 inerte
859 3370 1091 3445 gloriose
1116 3378 1169 3431 in
1191 3378 1385 3452 celum
1414 3370 1814 3452 ascendentem.
1846 3381 2006 3435 nimia

434 3441 788 3523 admiratione
815 3441 1129 3523 c6rreptus._
1152 3448 1376 3523 angelos
1415 3450 1655 3503 caelestis
1682 3450 1817 3503 aulae
1850 3452 2009 3523 priu-

432 3514 579 3632 cipes
605 3514 683 3594 sic
711 3514 1013 3599 alloquetur
1039 3526 1097 3599 et
1118 3514 1440 3585 interpellet,
1474 3529 1531 3572 ut
1557 3528 1739 3587 portas
1761 3514 2009 3574 caelestes

433 3595 480 3632 at
505 3592 739 3632 vetuentt
771 3584 901 3632 Rem
930 3590 1114 3632 almum
1142 3599 1194 3632 at
1233 3587 1458 3632 Dnminn
1502 3589 1777 3632 virtutum-
1827 3588 1876 3632 id
1905 3600 1996 3632 est,

433 3583 739 3662 advenienti
770 3583 901 3662 Regi
930 3588 1194 3662 glori:e_et
1232 3583 1458 3662 Domino
1502 3583 1803 3662 virtutum,_
1826 3588 1877 3643 id
1905 3600 2004 3655 est,

434 3648 649 3706 Christo
675 3668 804 3727 vero
834 3648 958 3711 Deo
989 3658 1252 3727 aperiant,
1300 3670 1352 3714 et
1385 3659 1555 3726 ipsum
1585 3648 2007 3726 triumphantem

431 3730 656 3805 ovantes
685 3725 958 3805 excipiant
988 3744 999 3779 :
1026 3725 1084 3805 et
1121 3743 1268 3783 more
1292 3725 1522 3805 poetico
1566 3725 1871 3805 introducat
1908 3745 2008 3805 an-

470 3792 738 3869 elos,_qui
784 3792 1015 3851 vicissim
1064 3798 1240 3866 ipsum
1290 3792 1622 3869 interrogent
1654 3801 1774 3869 quis
1810 3800 1877 3853 sit
1922 3800 2012 3855 ille

484 3861 803 3944 (ingloria:
836 3882 941 3921 non
954 3861 1107 3944 quod
1136 3870 1306 3940 angeli
1336 3870 1390 3924 in
1418 3861 1523 3944 hac
1552 3861 1879 3944 Ascensione
1910 3871 2010 3944 Do:

434 3936 569 4011 mini
610 3936 917 4011 ignorarent
946 3936 1233 4011 Christumi
1262 3954 1385 4011 esse
1417 3941 1613 4009 Regem
1661 3942 1866 4011 gloria,
1916 3940 2010 3995 sed

434 4009 512 4079 ut_
536 4005 803 4079 exprimat
848 4004 1122 4079 ingentem
1170 4004 1581 4063 admirationem
1626 4004 1786 4079 quam
1825 4025 2009 4065 secum

433 4070 701 4152 afferebat
736 4070 1087 4152 novitasilla,
1134 4079 1276 4146 quod
1313 4087 1622 4152 cerneretur
1646 4070 1815 4134 ’νει-υς
1851 4084 2012 4134 homo

434 4140 733 4213 corporalis
761 4144 1056 4200 ascendere
1081 4140 1244 4213 super
1284 4162 1473 4201 omnes
1500 4149 1685 4211 cmlos,
1734 4165 1836 4203 non
1872 4159 2011 4202 tam-

433 4224 592 4291 quam
622 4212 836 4291 hospes,
862 4214 958 4291 sed
984 4212 1254 4291 tam.pia_m
1285 4217 1607 4291 Dominuset
1632 4219 2014 4291 Rexgloriosa‘.

435 4286 493 4356 et
526 4284 868 4356 sempiternas
897 4284 1146 4341 civitatis.
1184 4286 1494 4356 ReSpondct
1535 4302 1712 4342 autem
1746 4284 2010 4355 Propheta

440 4350 641 4417 Regem
670 4352 856 4419 glorias
889 4371 1009 4413 esse
1032 4350 1309 4412 Christum
1348 4360 1626 4413 Dominum
1660 4350 2009 4413 fortissimum

439 4428 495 4474 et
532 4423 985 4497 potentissimum,
1039 4428 1125 4497 qui
1157 4429 1448 4497 potentiam
1481 4443 1631 4483 suam
1676 4428 1914 4484 ostendit
1957 4430 2009 4484 in

435 4491 836 4569 prmliocontra
866 4491 1169 4569 principem
1192 4502 1551 4558 tenebrarum,
1597 4515 1755 4569 queui
1784 4498 2004 4569 devicit,

433 4561 684 4635 spoliavit
734 4575 789 4619 et
836 4561 1097 4635 alligavit.
1129 4568 1200 4621 lta
1249 4561 1628 4622 Bellarminus:
1667 4570 1754 4624 Sic
1804 4561 2010 4624 videtur

435 4630 639 4708 Auctor
665 4630 986 4708 intelligere,
1016 4651 1135 4708 cum
1166 4638 1343 4692 subdit
1371 4656 1383 4690 :
1410 4637 1637 4708 Cumque
1663 4641 1771 4707 ipse
1808 4640 1923 4702 sibi,
1956 4650 2012 4694 ut

432 4702 579 4780 solet_
603 4719 768 4780 sermo
795 4702 997 4780 divinus
1024 4707 1106 4777 (id
1147 4717 1251 4780 est,
1302 4702 1693 4780 propheticus)
1724 4711 1873 4780 quasi
1915 4710 2009 4763 sub

434 4772 736 4845 inquirentis
764 4777 968 4830 nomine
991 4772 1353 4844 respondisset,
1400 4772 1505 4832 etc.
1553 4772 1795 4833 Secunda
1837 4795 2007 4845 expo-

432 4842 558 4918 sitio
585 4851 641 4898 ut
675 4846 746 4902 sit
770 4846 985 4918 quidam
1016 4842 1256 4918 dialogus
1284 4842 1347 4901 et
1367 4848 1654 4903 collocatio
1697 4842 2006 4917 angelorum

437 4912 719 4984 bonorum,
745 4912 1083 4983 superiorum
1108 4912 1359 4973 videlicet
1385 4927 1439 4973 et
1459 4912 1793 4984 inferiorum;
1821 4920 1889 4975 de
1916 4920 2011 4974 ad-

434 4982 677 5041 miranda
707 4982 903 5042 Christi
951 4988 1283 5044 Ascensione
1330 4990 1470 5044 inter
1506 5004 1565 5044 se
1592 4982 2014 5056 conferentium,

447 5061 532 5131 est
554 5058 857 5131 communis
886 5056 998 5131 fere
1019 5057 1135 5131 _SS._
1155 5058 1393 5131 Patrum.
1423 5059 1514 5114 Sic
1543 5062 1684 5114 enim
1717 5060 1777 5131 B'.
1812 5060 2010 5131 Diony-

432 5123 544 5207 sius
568 5125 1172 5207 areopagitaQt-nlestis
1201 5129 1533 5207 Hierarchize
1568 5145 1687 5199 cap.
1732 5130 1762 5184 7
1783 5148 1806 5207 _:
1833 5123 2007 5207 Istud,

433 5197 628 5271 inquit,
662 5197 919 5271 theologi(
937 5197 991 5252 id
1014 5208 1121 5271 est.
1152 5214 1334 5253 rerum
1364 5197 1663 5271 divinarum
1690 5197 2006 5271 scriptores)

431 5264 657 5329 apertius
699 5264 957 5331 indicant,
1006 5268 1269 5337 infen'ores
1316 5270 1505 5339 scilicet
1534 5264 1814 5325 calestium
1852 5264 2008 5340 spiri-

434 5340 882 5412 tuunt_ordines_a
910 5340 1253 5412 superioribus
1284 5341 1572 5394 divinarum
1616 5358 1821 5412 operum
1850 5344 2011 5394 scien-

432 5403 559 5455 tiam
583 5403 932 5478 honestissime
957 5408 1178 5475 discere;
1221 5413 1308 5478 qui
1354 5427 1469 5465 vero
1513 5403 1749 5465 celsiores
1778 5412 2006 5465 omnibus

432 5483 569 5553 nunt,
598 5492 634 5553 ε
662 5475 861 5553 Deitate
881 5480 991 5553 ipsa
1015 5479 1034 5551 (
1054 5489 1105 5532 ut
1130 5481 1213 5549 fas
1233 5475 1346 5547 est)
1374 5497 1603 5536 seorsum
1622 5482 1871 5536 sacratius
1892 5498 2010 5535 eru-

431 5540 561 5595 diri.
591 5545 862 5622 Quosdam
884 5540 1033 5603 enim‘
1052 5540 1266 5622 eat'ipsis
1296 5540 1545 5605 inducunt
1578 5569 1609 5604 a
1644 5553 1901 5622 prioribus
1928 5568 2009 5605 sa-

432 5620 1036 5692 cramenta_perdiscere;
1066 5621 1435 5692 Dominamque
1460 5620 1739 5675 calestinm
1770 5625 2008 5677 virtutum

430 5698 561 5752 esse,
595 5702 655 5740 ac
685 5688 873 5758 Regem
902 5689 1096 5756 gloria,
1130 5694 1216 5760 qni
1258 5688 1480 5747 humana
1518 5695 1684 5761 forma
1720 5702 2008 5762 assumptus

2038 4541 2087 4603 ι)

2111 1422 2235 1468 esset
2267 1414 2322 1467 in
2347 1414 2549 1479 calum,
2596 1412 2714 1467 aliis
2742 1412 3037 1466 docentibus
3069 1428 3247 1477 nosse;
3292 1414 3540 1481 quosdam
3570 1415 3692 1469 item

2110 1486 2178 1536 ad
2222 1482 2347 1538 Jesu
2388 1484 2546 1553 ipsius
2592 1484 2882 1537 hasitantes
2923 1490 3204 1549 aspectum,
3251 1483 3507 1553 divinique
3551 1484 3694 1539 illius

2110 1555 2277 1620 operis
2302 1563 2347 1606 et
2390 1552 2483 1624 pro
2512 1554 2656 1608 nobis
2701 1562 2976 1624 assumpta
3000 1553 3167 1624 carnis
3209 1552 3471 1607 scientiam
3500 1554 3695 1609 discere

2110 1622 2397 1695 cupientes,
2418 1638 2543 1692 quos
2571 1624 2678 1693 ipse
2705 1622 2976 1695 Jesus'per
3008 1639 3061 1676 se
3105 1623 3309 1695 doceat,
3356 1625 3696 1693 eximiamque

2112 1693 2466 1765 benignitatem
2496 1710 2641 1765 suam
2669 1694 2836 1762 primo
2860 1694 3232 1765 ipsisinsinuet
3255 1708 3385 1765 :_ego
3414 1698 3577 1765 enim,
3609 1699 3695 1748 in-

2110 1763 2464 1836 quit,_l0qnor
2495 1764 2790 1836 justitiam,
2820 1773 2866 1816 et
2899 1764 3159 1836 judicium
3207 1763 3517 1836 salutaris_(
3536 1764 3695 1819 Isaia

2110 1849 2235 1888 um
2260 1833 2300 1905 ).
2334 1832 2558 1897 Dignum
2583 1850 2697 1905 vero
2722 1832 2972 1905 miraculo
2988 1844 3079 1892 est,
3113 1849 3204 1885 cur
3223 1834 3401 1902 prima
3434 1832 3537 1887 illa:
3561 1852 3694 1905 quo-

2112 1920 2208 1969 que
2255 1903 2466 1957 virtutes
2496 1903 2742 1972 angelica
2769 1903 2911 1973 (qua:
2952 1914 3156 1957 catcras
3189 1912 3331 1955 tanto
3377 1903 3696 1960 celsitudinis

2112 1974 2307 2026 honore
2332 1974 2732 2043 transcendunt)
2766 1976 3056 2027 divinarum
3104 1974 3466 2044 in‘elligentias
3496 1992 3689 2041 rerum,

2110 2044 2257 2111 quasi
2300 2061 2399 2097 non
2426 2059 2656 2113 summa,
2688 2044 2777 2098 sed
2808 2044 2983 2097 media
3028 2045 3150 2110 sint,
3200 2061 3229 2095 a
3277 2044 3381 2097 Deo
3409 2055 3695 2098 reverenter

2110 2115 2376 2168 addiscere
2403 2116 2632 2181 cupiant,
2683 2131 2783 2166 non
2827 2114 2958 2166 enim
3000 2114 3067 2165 ad
3111 2115 3279 2179 ipsum
3322 2116 3493 2166 statim
3541 2117 3694 2168 verba

2111 2183 2357 2253 dirigunt,
2406 2186 2772 2251 interroqantes
2802 2200 2819 2237 :
2844 2199 3000 2253 quare
3036 2186 3190 2235 rubra
3228 2194 3345 2236 sunt
3392 2185 3694 2238 vestimenta

2110 2262 2197 2306 tua
2219 2255 2244 2307 .’
2273 2256 2360 2307 sed
2389 2257 2531 2322 prius
2559 2256 2689 2306 inter
2718 2271 2771 2308 se
2799 2257 3065 2317 harentes,
3099 2255 3381 2319 inquirunt,
3422 2266 3476 2306 ut
3522 2266 3695 2308 osten-

2111 2326 2235 2377 dant
2264 2326 2467 2390 quidem
2495 2341 2547 2377 se
2572 2326 2794 2377 discendi
2822 2325 3023 2389 avidas,
3054 2333 3101 2377 et
3131 2326 3290 2375 divini
3335 2325 3499 2392 aperis
3524 2327 3695 2379 scien-

2110 2394 2232 2446 tiam
2261 2411 2463 2459 cupere,
2499 2411 2665 2448 verum
2701 2394 2833 2447 hanc
2863 2394 2958 2447 sibi
2999 2410 3315 2459 nequaquam
3347 2404 3462 2446 ante
3501 2396 3695 2449 divina

2108 2463 2462 2519 illustrationis
2488 2466 2707 2534 gratiam
2740 2481 2831 2518 suo
2872 2465 3051 2517 ordine
3079 2465 3394 2534 procedentis
3440 2480 3697 2534 usurpare

2112 2550 2436 2602 prasumere.
2470 2534 2594 2589 Hzrc
2623 2534 2838 2589 divinus
2881 2534 3185 2605 Dionysius,
3234 2542 3517 2603 utrumque
3542 2534 3693 2589 Scri-

2110 2616 2282 2685 ptura:
2313 2605 2516 2669 locum,
2547 2613 2728 2672 utpote
2750 2606 3081 2685 consimilem
3120 2616 3169 2657 et
3210 2605 3691 2685 max_i‘me_allinem

2111 2674 2253 2728 inter
2274 2690 2337 2746 se
2364 2690 2693 2746 componens
2720 2686 2880 2744 atque
2922 2674 3271 2746 conjungens.
3321 2674 3384 2728 ι).
3420 2675 3692 2746 Hierony-

2110 2758 2229 2799 mus
2271 2745 2323 2799 in
2368 2744 2525 2811 epist.
2580 2744 2683 2799 ΜΞ
2712 2746 2777 2797 ad
2826 2746 3145 2799 Damasum:
3182 2744 3433 2805 Virtutes.
3484 2744 3687 2813 inquit,

2108 2830 2222 2885 qua
2250 2813 2471 2869 Domino
2501 2815 2841 2885 (ascendenti
2866 2815 2884 2885 )
2928 2815 3318 2875 ministrabant,
3367 2818 3435 2867 ad
3462 2816 3693 2869 calestes

2108 2883 2241 2955 tilias
2285 2886 2608 2955 fortitudines
2650 2883 3055 2955 proclamabam,
3108 2896 3163 2936 ut
3205 2887 3431 2949 pandant
3467 2888 3693 2954 jannam

2111 2953 2333 3009 Domino
2363 2953 2669 3009 revertenti:
2704 2956 2889 3009 Tollite
2918 2966 3113 3023 portas.
3148 2957 3423 3022 principes,
3456 2953 3691 3021 vestras;

2106 3026 2235 3090 sive,
2270 3034 2324 3079 ut
2356 3027 2541 3094 Aquila
2569 3028 2932 3093 interpretatur
2954 3041 2973 3078 :
3009 3024 3239 3077 Atto/lite
3260 3068 3274 3089 ,
3301 3035 3489 3091 porta,
3523 3027 3694 3093 capita

2107 3105 2294 3159 vestra.
2320 3106 2368 3151 et
2390 3098 2614 3151 introibit
2652 3097 2759 3148 Rea:
2787 3095 2986 3166 gloria.
3033 3095 3257 3149 Rursum
3300 3096 3407 3148 illa
3430 3112 3579 3164 quem
3608 3099 3693 3149 in-

2110 3167 2292 3219 dutum
2326 3182 2481 3220 carne
2508 3166 2853 3237 conspiciunt,
2875 3182 3003 3218 novo
3027 3167 3265 3235 mysterio
3291 3166 3588 3235 stupefacta:
3610 3168 3692 3218 in-

2109 3247 2369 3306 terrogant
2392 3238 2572 3307 :AQnis
2595 3235 2669 3291 est
2696 3238 2787 3307 iste
2817 3235 2929 3289 Rex
2956 3237 3167 3307 gloria?
3196 3237 3563 3307 accipiuntque
3609 3252 3693 3289 re.

2107 3304 2349 3377 sponsum
2373 3321 2391 3360 :
2413 3304 2665 3360 Dominus
2689 3306 2932 3377 virtutum
2954 3306 3061 3377 ipse
3085 3315 3157 3358 est
3182 3306 3293 3377 Rex
3311 3304 3508 3377 gloria.
3537 3306 3691 3371 Quod

2108 3375 2164 3429 in
2197 3375 2413 3430 Hebrao
2442 3378 2718 3429 scribitur:
2742 3376 2995 3429 Dominus
3022 3375 3274 3430 Sabaoth.
3309 3375 3690 3444 Sciendumque

2106 3449 2230 3516 quia
2257 3446 2562 3569 ubicungue
2588 3445 2925 3518 Septuaginta
2952 3445 3258 3513 Interpretes
3288 3444 3563 3499 Dominum
3586 3449 3693 3499 vir.

2109 3525 2301 3569 tutum.
2350 3525 2397 3569 et
2495 3518 2719 3569 ominum
2759 3518 3151 3569 omnipotentem
3193 3525 3582 3569 expresserunt.
3631 3518 3690 3569 in

2109 3525 2301 3586 tutum,
2350 3525 2397 3571 et
2442 3518 2719 3570 Dominum
2759 3518 3151 3586 omnipotentem
3193 3525 3582 3585 expresserunt,
3631 3518 3690 3571 in

2112 3585 2328 3659 Hebrao
2355 3588 2421 3640 sit
2448 3588 2691 3659 positum,
2738 3585 2988 3659 Dominus
3024 3586 3273 3659 Sabaoth,
3303 3598 3410 3659 etc.
3424 3586 3510 3659 (Et
3548 3588 3599 3640 in
3628 3602 3683 3641 c.

2111 3672 2237 3710 unt
2270 3656 2563 3723 lsaia,‘ubi
2601 3657 2742 3713 hunc
2788 3658 2960 3711 locum
2988 3672 3108 3710 cum
3154 3656 3244 3710 illo
3275 3656 3521 3711 similiter
3550 3671 3689 3710 con-

2110 3726 2209 3809 l'ert
2244 3744 2256 3780 :
2277 3726 2389 3809 βψ
2406 3735 2508 3809 est,
2543 3728 2742 3809 inquit,
2763 3742 2911 3797 quem
2939 3727 3183 3809 angelica
3208 3736 3479 3809 patestates
3510 3727 3692 3809 viden-

2110 3807 2185 3849 tes
2220 3798 2288 3850 ad
2308 3793 2523 3850 Patrem
2557 3793 2828 3851 ascendere
2865 3793 3161 3861 cruen'tum,
3202 3793 3457 3863 imperant
3490 3798 3693 3850 cateris

2110 3868 2326 3937 angelis,
2372 3875 2418 3921 et
2457 3866 2520 3919 ab
2557 3867 2629 3921 eis
2658 3868 2874 3920 audiunt
2902 3882 2920 3919 :
2944 3864 3126 3921 Levate
3164 3875 3356 3937 portas,
3401 3868 3691 3937 principes.

2112 3935 2321 4009 vcitras,
2342 3938 2646 4009 etintraibit
2671 3937 2780 3990 Rea:
2803 3938 3003 4009 gloria,
3032 3946 3137 3993 etc.
3165 3935 3500 4009 Interrogati:
3530 3938 3693 4009 igitur

2111 4007 2298 4079 angeli,
2331 4008 2404 4061 rei
2432 4008 2651 4063 novitate
2676 4007 2932 4079 Perterriti
2964 4007 3299 4078 (mysterium
3324 4011 3457 4079 enim
3488 4008 3693 4079 passio-

2111 4075 2195 4130 nis
2210 4088 2256 4131 et
2275 4079 2663 4132 resurrectionis
2678 4075 2897 4144 Christi,
2921 4075 3200 4131 secundum
3225 4078 3513 4143 apostolum
3543 4075 3693 4128 Pau-

2112 4147 2219 4199 lum
2246 4147 2302 4219 [l
2355 4148 2476 4203 Cor.
2519 4145 2613 4219 ll],
2647 4149 2838 4202 cunctis
2887 4157 3021 4202 retro
3066 4146 3474 4219 generationibus
3494 4149 3696 4269 (fuerat

2112 4216 2402 4269 ianoratum
2418 4219 2467 4269 l:
2498 4218 2623 4269 Ouis
2645 4228 2718 4269 est
2739 4219 2834 4269 iste
2854 4219 2939 4269 aui
2961 4218 3025 4269 de
3049 4229 3183 4269 terra
3205 4227 3441 4269 cruentus
3462 4233 3491 4268 a
3530 4218 3696 4269 venit!

2109 4216 2467 4289 ignoratum):
2498 4216 2623 4285 Quis
2645 4228 2718 4273 est
2739 4219 2834 4273 iste
2854 4219 2939 4289 qui
2961 4218 3025 4271 de
3049 4216 3183 4289 terra
3205 4227 3441 4271 cruentus
3462 4216 3698 4270 advenit?

2112 4296 2215 4341 etc.
2254 4288 2491 4353 Denique
2518 4299 2571 4342 et
2602 4290 2715 4357 ipse
2743 4288 3112 4343 commentans
3143 4288 3195 4342 in
3229 4289 3490 4352 psalmum
3524 4302 3688 4341 nm:

2111 4357 2445 4420 Ascendente,
2479 4359 2668 4425 inquit,
2703 4357 2948 4422 Domino,
2977 4358 3031 4412 hi
3059 4360 3145 4427 qui
3173 4357 3541 4426 pracedebant.
3587 4358 3695 4411 sive

2111 4428 2507 4498 comitabantur,
2551 4428 2667 4481 aliis
2706 4444 2889 4481 eorum
2931 4429 3243 4498 principibus
3286 4427 3642 4481 acclamabant
3673 4444 3693 4480 :

2121 4496 2305 4550 Tollite
2347 4506 2540 4569 portas,
2570 4499 2843 4569 principes,
2879 4496 3103 4561 vestras,
3121 4508 3169 4552 et
3209 4499 3494 4563 elevamini,
3527 4506 3695 4565 porta

2112 4569 2397 4621 aternales.
2453 4568 2579 4621 Hoc
2604 4577 2706 4637 est,
2746 4578 2968 4623 reserate
3007 4571 3229 4623 calestes
3268 4569 3469 4632 aditus,
3518 4577 3695 4636 pateat

2111 4640 2367 4709 aternalis
2383 4639 2658 4709 ingressus.
2675 4640 2731 4693 S.
2746 4639 3069 4709 Augustinus
3092 4653 3341 4709 sermone
3354 4639 3386 4693 5
3403 4639 3469 4692 de
3490 4641 3697 4692 Ascen-

2109 4708 2262 4763 sioue
2289 4707 2496 4762 Domini
2525 4726 2538 4760 :
2566 4707 3056 4776 Viderunt,'inq'uit,
3083 4707 3272 4763 calttes
3298 4709 3466 4761 cuncti
3495 4709 3695 4773 specie-

2109 4794 2224 4831 sum
2267 4776 2857 4849 vulneribusChristum,
2904 4781 3071 4849 spolia
3097 4780 3161 4832 de
3200 4780 3379 4831 castris
3408 4780 3695 4848 tgrannicis

2110 4858 2389 4920 reportata,
2426 4858 2471 4902 et
2504 4848 2816 4901 admirantes
2856 4848 3103 4920 fulgentia
3142 4850 3325 4903 divina
3364 4849 3562 4902 virtutis
3608 4865 3695 4901 ve-

2109 4917 2258 4990 xilla,
2283 4920 2466 4973 talibus
2487 4927 2791 4989 concrepant
2807 4917 3032 4990 hymnis,
3061 4921 3414 4987 deducuntque
3435 4921 3695 4990 latentes:

2116 4987 2242 5052 Quis
2266 5000 2361 5055 est,
2389 4990 2646 5059 inquiunt,
2669 4987 2770 5042 iste
2793 4987 2904 5043 Rex
2925 4990 3141 5059 gloria?
3167 4999 3213 5042 et
3242 4990 3418 5042 aiunt:
3435 4988 3692 5043 Dominus

2110 5060 2353 5113 virtutum
2382 5058 2491 5127 ipse
2519 5067 2592 5112 est
2623 5059 2734 5114 Beat
2761 5058 2959 5132 gloria.
2998 5058 3095 5132 liic
3124 5058 3326 5132 est_ille
3348 5059 3603 5132 candidus
3642 5071 3692 5132 et

2110 5145 2305 5195 roseus,
2355 5139 2687 5199 compunctus
2715 5128 3129 5183 a'multitudine.
3176 5129 3281 5199 Hic
3318 5140 3394 5183 est
3437 5128 3558 5192 ille,
3598 5131 3692 5197 qui

2111 5214 2214 5253 non
2252 5200 2428 5252 habuit
2470 5198 2689 5269 speciem
2737 5216 2897 5268 neque
2938 5200 3167 5252 decorem
3194 5198 3383 5268 (Isaia
3413 5199 3567 5268 un),
3605 5199 3693 5252 in-

2111 5269 2289 5336 ﬁrmus
2314 5270 2600 5340 inlaqueo,
2634 5271 2781 5338 fortis
2809 5272 2862 5323 in
2903 5270 3086 5340 spolio,
3116 5271 3237 5340 vilis
3258 5272 3309 5340 in
3340 5269 3642 5339 corpusculo
3667 5312 3684 5337 ,

2110 5350 2339 5393 armatus
2366 5339 2419 5393 in
2446 5341 2640 5407 pratia,
2673 5342 2838 5409 fadns
2858 5342 2910 5393 in
2931 5338 3117 5403 morte,
3149 5338 3360 5407 pulcher
3385 5338 3437 5391 in
3460 5354 3689 5392 resurre-

2113 5412 2297 5475 ctione,
2326 5411 2577 5463 candidus
2600 5426 2661 5464 ea:
2692 5409 2923 5478 Virgine,
2952 5409 3266 5463 rubicundus
3296 5412 3348 5463 in
3375 5425 3544 5477 cruce,
3574 5412 3690 5478 fus-

2115 5497 2205 5533 cus
2232 5484 2281 5533 in
2311 5480 2615 5549 approbrio,
2639 5480 2812 5535 clarus
2842 5482 2895 5533 in
2929 5481 3074 5534 calo.
3104 5480 3283 5534 Tertia
3316 5480 3599 5548 expositio.
3629 5491 3689 5534 nt

2114 5551 2185 5604 sit
2234 5551 2348 5605 hmo
2395 5562 2574 5605 mutua
2618 5551 2905 5605 collocatio
2947 5560 3001 5603 et
3048 5551 3328 5617 responsio
3374 5550 3690 5618 angelorum

2117 5620 2376 5674 bonorum
2408 5636 2461 5676 et
2496 5621 2777 5675 malorum.
2827 5621 2917 5677 Sic
2956 5620 3018 5673 D.
3061 5616 3414 5690 Hieronymus
3443 5616 3494 5673 in
3530 5616 3696 5690 Cum-

2117 5693 2379 5748 meutario
2420 5690 2661 5761 ejusdem
2707 5692 2897 5761 psalmi
2931 5710 2942 5747 :
2978 5690 3110 5759 Vox,
3153 5689 3348 5763 inquit,
3387 5689 3693 5756 angelorum
