4016 6192
344 288 458 345 26⁸)

1344 290 1428 344 DE
1469 287 1979 348 INCARNATIUNE
2019 288 2286 347 CHRISTI
2329 293 2456 348 LIB.
2506 294 2613 350 Vll.

3518 302 3626 360 250

346 398 592 469 Cumque
618 403 735 469 ipse
765 400 891 469 sibi,
923 410 983 455 ut
1018 401 1157 455 solet
1184 414 1363 454 sermo
1390 399 1630 463 divinus,
1657 398 1807 469 quasi
1838 400 1937 453 sub
1965 406 2012 463 A
2040 416 2161 457 eum
2190 403 2412 471 gloriam
2460 405 2657 460 habere
2686 407 2979 476 propriam,
3015 418 3069 464 ut
3102 425 3207 465 non
3254 427 3511 483 negemus
3540 424 3624 469 ta-

348 492 679 561 inquirentis
723 494 943 549 nomine
984 492 1375 562 respondisset,
1427 492 1554 559 Quis
1582 502 1658 547 est
1700 493 1794 546 iste
1829 493 1938 546 Rea:

346 584 569 656 glorier?
595 586 778 640 statim
825 584 1085 650 subdidit,
1133 583 1387 637 Dominus
1430 585 1579 654 fortis
1627 593 1675 637 et
1718 596 1935 653 potens,

345 675 607 731 Dominus
654 689 832 745 potens
861 681 914 730 in
952 676 1169 745 pralio;
1215 675 1314 730 sub
1361 675 1529 745 praelii
1578 676 1762 744 utique
1800 675 1938 745 gesti

345 768 593 835 nemine,
643 769 922 824 victoriam
953 768 1165 823 Domini
1195 768 1576 834 triumphantis
1616 768 1932 822 Ostendens.

346 859 554 917 Deinde
583 877 707 916 cum
735 862 802 916 ad
831 861 1206 933 complendam
1234 863 1310 915 rei
1341 862 1759 931 expositionem,
1810 873 1935 917 tex-

343 963 456 1009 tum
486 955 781 1023 supradicti
823 954 1090 1011 sermonis
1134 956 1415 1019 iterasset,
1459 954 1557 1009 hac
1598 954 1934 1022 majestatem

342 1047 563 1103 Domini
592 1048 789 1103 cmlum
840 1048 1166 1102 intr0euntis
1213 1046 1563 1101 conclusione
1593 1046 1933 1112 monstravit,

340 1140 533 1194 dicens
548 1156 564 1196 :
581 1138 832 1194 Dominus
853 1139 1122 1203 uirtutum,
1139 1138 1247 1209 ipse
1268 1148 1341 1191 est
1365 1136 1476 1191 Rea:
1490 1136 1692 1208 g'orite.
1717 1136 1939 1191 Scilicet

342 1247 410 1285 ne
438 1232 715 1296 susceptio
745 1230 991 1300 corporis
1027 1229 1284 1283 honorem
1316 1242 1541 1282 summm
1590 1227 1939 1282 imniinueret

340 1325 371 1379 d
400 1325 665 1385 trinitatis.
702 1324 952 1379 eumdem
982 1324 1067 1378 hic
1094 1323 1384 1377 Dominum
1429 1323 1710 1385 virtutum,
1756 1331 1810 1377 et
1847 1338 1935 1376 re-

338 1430 458 1485 gem
499 1416 738 1470 caelestis
763 1415 948 1486 gloria:
987 1429 1111 1470 esse
1146 1414 1356 1477 docuit,
1388 1429 1547 1483 quem
1578 1413 1828 1483 superius
1855 1412 1936 1466 vi-

338 1516 547 1561 ctorem
598 1505 791 1561 inferni
839 1506 1007 1575 praelii
1038 1506 1372 1575 praedicavit.
1417 1505 1569 1560 Nunc
1597 1514 1651 1560 et
1676 1505 1930 1559 donatam

337 1596 575 1651 Domino
604 1597 830 1667 gloriam
861 1613 981 1652 esse
1009 1598 1197 1663 dicito,
1218 1592 1349 1651 cum
1390 1605 1444 1651 et
1480 1594 1760 1666 prophetia
1805 1610 1929 1650 eum

336 1687 543 1758 Regem
576 1689 761 1758 gloriae
786 1704 907 1745 esse
930 1690 1153 1757 dixerit,
1185 1697 1240 1744 et
1281 1692 1395 1757 ipse
1420 1690 1489 1743 de
1532 1704 1592 1743 se
1634 1689 1703 1742 ita
1738 1687 1931 1743 testiﬁ-

2043 509 2162 548 nten
2198 494 2333 549 hanc
2361 496 2529 565 ip-am
2560 499 2745 568 gloria:
2775 502 3156 568 proprietatem
3188 506 3234 558 ci
3273 520 3395 560 cum
3424 506 3623 576 Spiritu

2038 601 2103 641 ac
2133 588 2284 641 Patre
2311 604 2429 644 esse
2459 605 2821 645 communem.
2851 593 2983 659 Quia
3027 595 3284 667 quidquid
3328 598 3468 654 Deus
3498 615 3627 668 pos-

2038 678 2199 743 sidet,
2244 680 2465 734 Deitatis
2512 692 2623 745 est;
2671 694 2723 737 et
2767 698 2991 752 regnum
3031 686 3218 754 gloriae
3268 689 3337 740 ita
3370 698 3453 742 est
3485 687 3621 743 Filio

2040 770 2131 824 Dei
2167 772 2465 839 pr0prium,
2497 773 2636 840 quod
2679 789 2785 826 non
2813 784 2895 828 est
2926 784 3101 830 tamen
3131 793 3159 829 a
3195 778 3356 831 totius
3390 778 3623 836 Deitatis

2040 866 2369 932 proprietate
2400 863 2649 918 divisum.

2248 1024 2269 1032 _
2591 956 2818 1011 carur
2856 957 3044 1011 xxrv.

2110 1044 2165 1099 Β.
2201 1044 2392 1098 lIilarii
2412 1048 2720 1100 auctoritate
2745 1048 3031 1100 doctrina»:
3062 1048 3196 1101 hanc
3222 1050 3519 1104 corroborat

2108 1135 2213 1190 Sed
2238 1146 2446 1207 tempus
2468 1138 2677 1192 tandem
2704 1148 2783 1191 est
2811 1140 2968 1194 linem
2995 1140 3155 1205 libro,
3180 1143 3344 1194 immo
3366 1142 3615 1197 universo

2037 1229 2189 1299 operi
2226 1230 2522 1299 imponere,
2563 1231 2606 1284 si
2641 1247 2928 1299 paucorun
2963 1240 3140 1286 tamen
3182 1243 3489 1288 sanctorum
3539 1236 3617 1288 vi—

2036 1336 2222 1374 rorum
2250 1333 2409 1389 atque
2436 1322 2720 1374 illustrium
2749 1322 3089 1375 sacerdotum
3113 1322 3253 1377 dicta
3282 1324 3572 1378 subdidero
3596 1368 3612 1391 ,

2035 1422 2093 1466 ut
2127 1412 2178 1465 id
2205 1412 2345 1479 quod
2375 1413 2695 1465 auctoritate
2727 1413 3155 1466 testimoniorum
3186 1428 3463 1467 sacrorum
3505 1414 3611 1482 jam

2031 1504 2472 1573 approbavimus,
2502 1504 2664 1557 etiam
2698 1502 2800 1557 [ide
2832 1504 3113 1571 praesentis
3162 1506 3423 1572 temporis
3453 1503 3614 1557 robo-

2032 1612 2232 1652 remus.
2269 1606 2294 1633 ιι
2324 1596 2555 1650 llilarius
2586 1596 2668 1650 vir
2693 1597 2948 1651 virtutum
2982 1597 3219 1651 omnium
3262 1607 3419 1667 atque
3449 1612 3613 1651 orna-

2033 1698 2360 1753 mcntoruni,
2392 1696 2446 1742 et
2472 1688 2611 1743 sicut
2636 1687 2763 1753 vita,
2800 1688 2870 1741 ita
2899 1687 3211 1755 eloquentia
3242 1687 3483 1755 insignis,
3517 1687 3609 1755 qui

337 1790 494 1833 catus
526 1780 598 1833 sit
626 1799 638 1831 :
662 1780 791 1833 Ciam
834 1782 1023 1834 venerit
1068 1779 1247 1835 Filius
1293 1780 1522 1835 hominis
1555 1781 1610 1833 in
1640 1780 1808 1851 gloria
1835 1796 1931 1833 sua
1961 1771 2007 1832 Β
2034 1788 2087 1835 et
2131 1779 2387 1848 magister
2429 1779 2788 1833 Ecclesiarum
2830 1788 2885 1832 et
2922 1778 3195 1843 sacerdos,
3240 1792 3343 1832 non
3391 1793 3485 1847 per
3515 1792 3614 1831 sua

338 1868 562 1938 (Matth.
595 1869 744 1941 xxv).
772 1871 1056 1940 Repugna,
1083 1872 1127 1925 si
1162 1880 1336 1940 potes,
1367 1880 1421 1926 et
1450 1871 1839 1936 contradicito;
1870 1879 1929 1925 ut

334 1975 461 2015 cum
494 1961 587 2015 ille
609 1976 670 2016 se
702 1962 902 2017 habere
940 1970 1166 2017 testetur
1198 1962 1425 2030 gloriam
1466 1976 1642 2027 suam,
1686 1968 1743 2014 tu
1773 1974 1931 2015 acce-

335 2050 487 2120 pisse
516 2066 637 2107 eum
674 2052 821 2107 dicas
848 2052 1100 2108 alienam.
1132 2052 1391 2118 Quamvis
1435 2067 1533 2106 nos
1575 2051 1648 2106 ita
1689 2051 1930 2107 dicamus

2035 1878 2240 1925 tantum
2272 1870 2495 1938 merita,
2531 1868 2624 1924 sed
2655 1870 2817 1924 etiam
2848 1884 2942 1938 per
2975 1869 3242 1939 prolectus
3284 1869 3455 1924 cret-it
3481 1870 3615 1921 alio-

2032 1977 2174 2026 ruin,
2206 1968 2263 2016 et
2287 1962 2429 2015 inter
2460 1961 2724 2030 procellas
2754 1961 3185 2029 persecutionum
3220 1960 3291 2012 ita
3321 1961 3614 2014 immobilis

2030 2050 2289 2121 perstitit,
2332 2060 2389 2105 ut
2432 2066 2530 2121 per
2573 2052 2786 2106 invictae
2833 2048 2958 2104 tidei
2988 2047 3354 2104 fortitudinem
3385 2046 3411 2086 δ
3446 2050 3610 2103 etiam

1422 2190 1555 2247 ΔΕΑ
1568 2191 1681 2246 RD]
1720 2191 1951 2249 GAZIEI
1986 2191 2554 2249 COMMENTARIUS.

334 2305 589 2359 bonorum
616 2304 687 2376 ad
716 2305 926 2376 angelos
961 2305 1393 2376 malostquorum
1420 2304 1658 2376 princeps
1686 2305 1925 2359 diabolus

334 2385 433 2430 est.
465 2376 533 2431 Et
557 2375 696 2429 infra
727 2394 742 2427 :
769 2374 896 2447 Quis
917 2386 991 2430 est
1015 2378 1106 2430 iste
1135 2375 1248 2430 Rea:
1285 2376 1504 2447 gloriae?
1531 2374 1646 2429 Vua:
1667 2378 1924 2447 majorum

334 2447 653 2517 damonism,
684 2462 746 2499 ac
774 2447 818 2500 si
847 2446 1072 2517 dicerent
1090 2462 1114 2517 7:
1144 2447 1257 2500 Nos
1285 2445 1542 2517 nostrum_
1559 2462 1726 2517 regem
1768 2445 1924 2499 habe-

2027 2305 2126 2374 fuit
2152 2306 2434 2375 impletum,
2458 2306 2742 2360 habuerunt
2767 2307 2997 2361 notitiam
3021 2306 3484 2375 experimentalem,
3508 2308 3616 2362 sive

2025 2376 2335 2447 intuitioam,
2366 2385 2471 2431 etc.
2515 2376 2669 2431 Juxta
2705 2377 2844 2431 hunc
2877 2378 3037 2447 igitur
3082 2392 3297 2429 sensum
3345 2377 3613 2444 interpre-

2027 2446 2186 2499 tanda
2217 2455 2342 2500 sunt
2370 2448 2529 2500 verba
2558 2447 2798 2514 Dionysii
2835 2460 2883 2500 et
2906 2446 3250 2516 Hieronymi,
3297 2448 3611 2516 quaeiguo-

335 2533 451 2570 mus
470 2516 767 2588 diabolum;
793 2518 889 2570 iste
909 2514 1021 2570 Rea:
1043 2516 1224 2588 gloria:
1244 2518 1356 2586 quis
1378 2518 1489 2570 est?
1510 2514 1757 2569 Dominus
1776 2517 1931 2588 fortia?
2018 2519 2256 2588 rantiam
2292 2527 2398 2570 tam
2429 2516 2816 2573 IncarnatiOnis
2859 2533 3020 2585 Quam
3069 2514 3365 2570 divinitatis
3412 2514 3612 2571 Christi

334 2599 385 2639 et
412 2596 613 2657 potens.
647 2585 761 2641 Vox
785 2582 1084 2656 angelorum
1115 2582 1359 2641 bonorum
1380 2603 1399 2639 :
1421 2588 1567 2655 fortis
1588 2596 1684 2644 est.
1724 2582 1812 2656 qui
1841 2582 1924 2638 all

2019 2587 2185 2668 {etiam
2211 2587 2379 2668 beatis
2406 2588 2627 2668 angelis,
2662 2597 2712 2641 et
2741 2590 2793 2668 in
2824 2588 2935 2668 ipsa
2977 2589 3093 2653 ejus
3134 2588 3484 2668 Ascensiune,
3519 2590 3613 2668 tri-

336 2649 515 2727 ligavit
542 2661 726 2725 fortem
753 2649 1032 2728 principem
1071 2667 1323 2721 uestrum;
1352 2649 1501 2728 fortis
1538 2673 1655 2709 cum
1695 2649 1921 2728 suscepit
2016 2649 2195 2728 limere
2223 2649 2513 2711 videntur":
2538 2649 2660 2727 quia
2710 2649 2961 2710 nimirum
3007 2649 3110 2709 non
3158 2657 3312 2724 plene
3343 2667 3395 2710 et
3427 2649 3612 2723 explo-

340 2726 581 2803 snortem,
617 2738 795 2794 potens
826 2726 940 2803 cum
981 2728 1098 2803 vicit
1137 2730 1424 2803 infernum.
1460 2726 1735 2803 lii_prwlio
1768 2742 1787 2780 :
1808 2743 1924 2803 cum
2014 2726 2143 2803 rate
2173 2738 2541 2803 cognoverunt
2569 2743 2755 2782 omnes
2795 2728 2911 2795 ejus
2939 2728 3391 2803 circumstantias,
3421 2728 3611 2803 condi-

338 2799 565 2867 κρυιὶωο
597 2808 814 2861 tartara,
846 2798 1049 2851 reduxit
1079 2814 1248 2850 secum
1278 2797 1655 2851 multitudinem
1695 2798 1922 2867 captivo-

334 2884 480 2919 rum.
530 2867 659 2922 llrec
699 2868 1078 2935 Hieronymus.
1122 2867 1178 2921 In
1218 2868 1460 2922 eamdem
1492 2867 1814 2921 sententiam
1856 2867 1920 2921 D.

335 2936 583 3009 Thomas
610 2938 690 3009 (ιιι
720 2956 800 3005 ρ.,
827 2939 1005 3009 ipse;
1036 2953 1086 2990 a.
1117 2937 1205 3007 Ξ),
1233 2938 1359 3009 dum
1401 2953 1589 3009 causas
1626 2937 1793 3009 affert
1824 2953 1922 2991 cur

334 3005 674 3063 conveniens
697 3010 855 3062 fuerit
875 3005 1091 3061 Christu
1105 3005 1234 3062 inin
1267 3007 1536 3061 infernum
1564 3006 1915 3072 descendere,

339 3078 482 3133 banc
517 3080 727 3132 tertiam
771 3079 1007 3146 assignat
1037 3095 1049 3130 :
1079 3073 1145 3132 Ut
1175 3080 1339 3145 sicut,
1379 3079 1570 3144 inquit,
1621 3086 1919 3147 potestatem

336 3164 488 3200 suam
526 3149 747 3202 ostendit
775 3148 828 3201 in
866 3160 998 3201 terra
1038 3150 1243 3201 vivendo
1277 3160 1321 3201 et
1351 3149 1641 3212 moriendo,
1661 3151 1731 3199 ita
1770 3150 1922 3200 etiam

338 3227 643 3289 potestatem
667 3234 814 3272 suam
826 3219 1119 3289 ostenderet
1149 3221 1201 3271 in
1227 3220 1641 3289 inferno,.ipsum
1666 3218 1932 3272 visitando

336 3296 387 3341 et
416 3288 780 3343 illuminando.
815 3287 963 3344 Unde
984 3289 1172 3342 dicitur
1192 3289 1245 3342 in
1268 3290 1464 3358 psalmo
1488 3287 1725 3358 trigesimo
1750 3289 1926 3342 tertio:

338 3358 573 3412 Attollite
592 3370 789 3429 portas,
814 3359 1090 3429 principes,
1120 3370 1329 3412 vestras.
1355 3357 1562 3425 Glossa,
1593 3359 1646 3410 id
1664 3366 1757 3426 est,
1782 3359 1919 3426 prin-

338 3430 476 3496 cipes
503 3431 716 3499 inferni,
747 3433 947 3500 auferte
988 3437 1283 3500 potestatem
1326 3437 1574 3500 uestram,
1620 3444 1722 3499 qua
1766 3445 1922 3497 usque

340 3514 476 3569 nunc
505 3498 737 3554 hamines
764 3498 827 3552 in
842 3498 1044 3569 inferno
1073 3499 1392 3569 detinebatis.
1438 3498 1505 3552 Et
1529 3499 1602 3552 sic
1630 3501 1685 3551 in
1715 3500 1925 3552 nomine

337 3568 463 3623 Iesu
490 3586 639 3623 omne
677 3587 811 3640 genu
840 3568 1105 3640 ﬂectatur,
1147 3586 1252 3640 non
1279 3568 1448 3623 solum
1488 3569 1786 3640 caelestium,
1832 3572 1924 3623 sed

337 3642 487 3693 etiam
508 3638 851 3707 infernarum,
874 3648 930 3693 ut
950 3638 1136 3693 dicitur
1163 3639 1361 3705 Philip.
1385 3654 1441 3693 ιι.
1464 3640 1552 3694 Sic
1575 3639 1637 3691 D.
1664 3638 1927 3693 Thomas.

338 3709 524 3764 Plures
568 3711 701 3765 altas
747 3711 1116 3781 expositiones
1169 3710 1327 3764 aﬂ'ert
1377 3710 1516 3763 idem
1563 3708 1922 3778 Hieronymus

337 3782 527 3835 eodem
552 3784 692 3846 loco,
717 3796 851 3850 quas
874 3781 1148 3836 brevitatis
1168 3795 1327 3834 causa
1353 3781 1726 3849 praetermitto.
1756 3781 1922 3835 Porro

337 3865 457 3904 cum
488 3867 561 3904 ex
597 3851 868 3919 praedictis
912 3850 1181 3918 Patribus,
1229 3852 1531 3919 praesertim
1580 3850 1832 3919 Dionysio
1868 3859 1923 3905 et

338 3920 695 3993 Hieronymo,
728 3922 896 3977 videri
930 3922 1103 3993 possit
1130 3932 1235 3974 tam
1268 3920 1487 3993 angelos
1532 3920 1921 3993 quatndiemo-

338 4007 434 4045 nes
458 3989 763 4060 igtmrasSe.
794 3989 956 4047 etiarn
988 3994 1041 4047 in
1087 3992 1200 4056 ipsa
1248 3989 1603 4055 Ascensione,
1647 3989 1919 4060 Christum

338 4077 456 4115 esse
493 4059 692 4117 verum
738 4062 927 4129 Deum,
972 4063 1270 4117 notandum
1320 4063 1419 4115 hac
1463 4062 1531 4116 de
1575 4076 1635 4115 re
1680 4059 1920 4129 ejusdem

337 4132 562 4203 Thomas
590 4134 797 4202 insigne
828 4132 1211 4188 documentum
1236 4132 1275 4202 (ι
1297 4149 1374 4203 ρ..
1397 4148 1450 4201 q.
1475 4133 1566 4203 57,
1594 4147 1645 4184 a.
1675 4128 1732 4194 5,
1746 4129 1814 4203 ad
1842 4128 1919 4200 1):

341 4201 416 4255 De
445 4200 717 4273 mysterio,
746 4204 937 4272 inquit,
966 4200 1348 4258 lncarnation'is
1373 4200 1646 4273 dupliciter
1673 4200 1923 4273 contingit

339 4273 473 4341 loqui
497 4272 518 4327 ὲ
542 4290 649 4326 uno
670 4276 820 4328 modo
847 4275 899 4326 in
922 4275 1171 4344 generali,
1202 4282 1249 4327 et
1277 4273 1356 4344 sic
1380 4272 1616 4344 omnibus
1644 4272 1922 4344 revelatum

338 4354 411 4413 est
436 4361 469 4396 a
502 4344 761 4413 principio
788 4359 896 4398 sua:
923 4342 1269 4399 beatitudinis.
1318 4342 1479 4411 Cujus
1521 4343 1651 4395 ratio
1678 4352 1771 4413 est,
1799 4343 1921 4411 quia

338 4412 432 4466 hoc
452 4423 531 4468 est
561 4412 825 4483 quoddam
849 4415 1081 4482 generale
1110 4414 1440 4482 principium,
1472 4413 1539 4467 ad
1566 4412 1705 4482 quod
1748 4414 1920 4483 omnia

336 4498 513 4537 eorum
534 4479 715 4565 spicio.
751 4479 1079 4565 ordinantur.
1111 4479 1313 4565 Omnes
1354 4483 1488 4538 enim
1532 4479 1652 4565 sunt
1698 4482 1919 4565 admitti.
1943 4480 1998 4540 D
2024 4480 2228 4565 rienes,
2260 4482 2484 4549 aliisque
2538 4481 2612 4565 inn
2646 4479 2808 4565 locis;

336 4553 824 4623 stratorii'spiritus,
854 4567 907 4607 ut
936 4556 1125 4610 dicitur
1159 4554 1492 4610 Ilebrtcorum
1531 4554 1714 4623 primo,
1749 4553 1802 4604 in
1831 4555 1924 4607 nti-

336 4625 605 4696 nisterium
646 4626 798 4678 missi
830 4639 1035 4696 propter
1074 4641 1159 4679 eos
1196 4627 1285 4693 qui
1324 4624 1672 4696 hereditatem
1714 4624 1924 4696 capiunt

334 4695 540 4758 salutis,
585 4695 722 4762 quod
755 4692 935 4765 ﬁt'per'
978 4694 1357 4751 Incarnationis
1403 4694 1721 4763 mysterium.
1775 4692 1924 4749 Unde

335 4766 561 4833 oportuit
589 4765 655 4818 de
676 4765 773 4819 hoc
794 4768 1033 4834 mysterio
1058 4783 1230 4820 omnes
1260 4783 1290 4819 a
1317 4765 1565 4834 principio
1593 4766 1926 4834 communiter

333 4832 552 4889 edoceri.
585 4836 706 4889 Alio
736 4832 886 4890 modo
914 4853 1185 4905 possumus
1210 4832 1346 4905 loqui
1373 4837 1435 4888 de
1462 4832 1702 4905 mysterio
1731 4832 1921 4888 Incor-

333 4908 550 4961 nationis
577 4915 835 4977 quantum
864 4903 934 4961 ad
961 4908 1204 4973 speciales
1240 4903 1574 4961 conditiones.
1606 4903 1696 4977 Et,
1713 4906 1785 4958 sic
1811 4923 1912 4962 non

332 4992 501 5031 omnes
520 4975 695 5047 angeli
718 4994 749 5030 a
773 4979 1022 5048 principio
1043 4977 1105 5031 de
1128 4976 1358 5032 omnibus
1385 4987 1502 5031 sunt
1529 4975 1733 5048 edocti;
1754 4977 1909 5032 immo

330 5049 540 5115 quidam
565 5046 719 5102 etiam
736 5046 1025 5117 superiores
1045 5048 1217 5119 angeli
1239 5048 1561 5119 postmodum
1579 5046 1906 5119 didicerunt,

333 5066 540 5115 quinam
565 5066 719 5102 etiam
736 5066 1025 5117 superiores
1045 5066 1113 5101 an
1152 5066 1217 5103 eu
1239 5066 1561 5119 postmoaum
1579 5066 1873 5101 atatcerunt
1891 5089 1906 5114 ,

333 5129 383 5190 ut
408 5129 548 5188 patet
580 5136 672 5190 per
699 5121 1059 5173 auctoritatem
1104 5066 1342 5190 gianysii
1388 5118 1670 5172 inductam.
1723 5118 1813 5173 Sic
1842 5118 1908 5173 Ι).

331 5188 586 5261 Thomas.
610 5189 857 5261 Ly-ranus
878 5191 1024 5244 addit
1049 5188 1257 5259 angelis
1275 5191 1569 5261 innotuisse
1596 5189 1906 5261 mysterium

332 5258 721 5314 lucarnationis
768 5277 862 5328 per
912 5258 1208 5315 Ecclesiam
1264 5260 1568 5329 cognitione
1626 5258 1919 5329 intuitiva,

333 5334 468 5400 quod
498 5344 661 5385 antea
698 5327 1062 5401 cognoverant
1090 5327 1391 5401 cognitione
1412 5327 1909 5401 abstractiVaLNon

334 5397 531 5466 solum,
577 5397 791 5471 inquit,
837 5403 1128 5456 nominibus
1160 5397 1268 5469 '[uit
1312 5400 1670 5455 absconditum
1723 5397 1916 5453 Christi

336 5476 653 5543 mysterium,
673 5481 721 5525 et
743 5475 961 5527 maxime
988 5472 1050 5527 de
1074 5473 1338 5525 vocatione
1362 5473 1623 5542 gentium;
1652 5471 1742 5523 sed
1761 5471 1915 5522 etiam

336 5546 500 5615 angeli
542 5548 705 5598 sancti
734 5559 849 5615 non
865 5554 1213 5613 cognoverunt
1232 5544 1298 5596 ad
1327 5549 1554 5615 plenum,
1586 5544 1749 5594 donec
1778 5556 1913 5608 pra:-

337 5612 622 5669 dicantibus
650 5614 900 5683 apostolis
926 5612 1022 5681 fuit
1045 5612 1335 5683 impletum.
1365 5612 1497 5679 Quia
1528 5620 1673 5664 antea
1718 5620 1913 5663 tantum

340 5685 615 5741 habuerunt
662 5682 947 5752 simplicem
979 5682 1233 5748 notitiam,
1256 5699 1368 5751 qua:
1392 5692 1551 5751 potest
1579 5683 1681 5735 diri
1718 5682 1914 5733 absim-

341 5759 483 5826 etira,
516 5760 569 5811 in
601 5767 848 5827 quantum
893 5768 962 5810 cst
1004 5756 1076 5810 rei
1120 5772 1220 5809 non
1260 5754 1555 5826 prazscntis;
1594 5752 1681 5808 scd
1714 5754 1915 5823 quando

2020 2796 2203 2850 itiones
2246 2806 2301 2851 et
2347 2797 2608 2861 effectus,
2656 2812 2789 2863 quos
2840 2810 3023 2864 pOSIea
3081 2811 3176 2863 per
3225 2796 3609 2864 revelationetn

2027 2866 2283 2932 divinam,
2313 2878 2367 2921 et
2389 2883 2483 2936 per
2503 2863 2943 2936 prmdicationcm
2972 2867 3335 2932 apostolorum
3359 2877 3413 2918 et
3438 2863 3608 2934 ipsam

2026 2938 2412 3004 experientiam
2456 2938 2777 2991 didicerunt.
2823 2938 2937 3003 Quo
2981 2937 3140 2989 etiam
3187 2945 3392 3002 spi-ctat
3425 2937 3507 2988 illa
3544 2937 3605 2989 Ι).

2026 3005 2171 3059 Pauli
2200 3009 2463 3061 sententia
2490 3005 2713 3077 (Ep/tes.
2741 3022 2797 3059 ιιι
2819 3010 2836 3075 )
2862 3024 2874 3058 :
2908 3004 3039 3060 Mihi
3062 3006 3286 3059 omnium
3316 3017 3611 3059 sanctorum

2026 3077 2237 3129 minimo
2265 3077 2387 3129 data
2415 3076 2684 3146 estgrutia
2713 3078 2849 3143 hare,
2883 3077 2938 3129 in
2984 3076 3215 3146 gentibus
3261 3076 3612 3145 evangeliaare

2026 3146 2397 3216 investigabiles
2419 3147 2620 3200 divitias
2651 3145 2863 3213 Christi,
2895 3154 2941 3200 et
2968 3145 3265 3200 illuminare
3288 3162 3460 3199 omnes
3486 3162 3604 3216 qua:

2024 3218 2090 3269 sit
2118 3217 2436 3286 dispensatio
2464 3217 2775 3270 sacramenti
2799 3216 3085 3270 absconditi
3109 3233 3140 3268 a
3169 3217 3369 3269 saxulis
3400 3217 3451 3269 in
3474 3216 3609 3280 Deo,

2024 3288 2142 3358 quia
2164 3288 2333 3340 omnia
2355 3287 2539 3340 creavit
2559 3301 2577 3340 :
2598 3298 2653 3340 ut
2677 3287 2959 3358 innotescat
2980 3286 3291 3358 principibus
3314 3295 3363 3358 et
3385 3297 3609 3353 potesta-

2023 3357 2157 3481 tlgbus
2184 3358 2237 3410 in
2264 3359 2546 3412 caelestibus
2573 3374 2664 3426 per
2691 3356 2989 3412 Ecclesiam‘
3020 3356 3348 3427 multiformis
3395 3357 3609 3411 scientia

2077 3444 2143 3481 et.
2172 3434 2276 3481 etc.

2077 3427 2143 3489 ei,
2172 3434 2276 3484 etc.

2097 3496 2212 3569 t‘S.
2248 3498 2500 3563 llilarius,
2544 3497 2883 3554 Pietavorum
2924 3499 3233 3569 episcopus,
3260 3505 3312 3550 et
3350 3495 3407 3569 S.
3441 3496 3608 3569 atha-

2025 3567 2158 3621 nasii
2188 3570 2435 3639 aequalis,
2468 3570 2714 3637 quamvis
2752 3570 2863 3639 jam
2912 3567 3183 3639 provecta:
3213 3567 3390 3639 tutetis
3444 3567 3605 3639 Chri-

2023 3640 2229 3692 8tianus
2254 3638 2446 3699 lactus,
2480 3648 2658 3693 tamen
2691 3636 2843 3694 brevi
2872 3639 2924 3692 in
2957 3636 3325 3693 ecclesiasrira
3357 3637 3601 3690 doctrina

2024 3709 2094 3761 ita
2122 3708 2373 3776 profecit,
2396 3721 2453 3762 ut
2480 3708 2668 3763 d0ctor
2699 3709 2987 3772 maximus,
3012 3718 3066 3762 et
3112 3705 3366 3776 Ecclesia:
3417 3707 3605 3760 catho-

2024 3775 2140 3832 licai
2184 3780 2437 3832 Columna
2486 3779 2679 3833 merito
2731 3779 2944 3831 habitus
2974 3779 3043 3830 si-t
3098 3775 3366 3847 (Bellarm.
3414 3777 3604 3847 ηιξ-ιιι

2024 3847 2224 3918 Script.
2259 3847 2508 3918 Eccles.).
2537 3847 2614 3902 De
2644 3862 2716 3918 eo
2750 3843 3373 3918 Martyrologiurnhliotn.
3399 3845 3491 3918 (l5
3508 3843 3606 3918 Jaé

2022 3917 2202 3987 nuar.)
2237 3932 2251 3969 :
2287 3914 2513 3971 Pictavis
2544 3918 2599 3971 in
2629 3915 2803 3972 Gallia
2831 3914 3019 3971 natalis
3050 3914 3110 3971 S.
3151 3914 3343 3968 Hilarii
3376 3916 3603 3986 episcopi

2021 3996 2069 4039 et
2097 3988 2427 4059 confessoris,
2460 3991 2546 4053 qui
2572 3988 2632 4040 ob
2662 3987 2972 4041 catholicam
3012 3987 3186 4059 (idem,
3220 4002 3371 4055 quam
3401 3997 3605 4038 strenue

2021 4058 2386 4138 propugnabit,
2440 4059 2780 4138 quadriennio
2819 4059 2958 4128 apud
2993 4058 3609 4138 Phrygiamurelrgatus,

2021 4126 2153 4180 inter
2178 4126 2285 4183 alia
2315 4126 2568 4183 miracula
2597 4126 3171 4185 mortuum‘suscitavii.’
3187 4126 3386 4183 Scribit
3415 4126 3602 4181 (16.ὓο-

2022 4197 2167 4266 dem,
2200 4206 2263 4254 ut
2289 4208 2439 4254 notat
2476 4201 2733 4254 Baronius
2765 4201 2997 4267 ibidem,
3023 4199 3073 4253 in
3101 4198 3285 4269 primis
3325 4199 3382 4253 S.
3417 4198 3607 4252 lliero-

2022 4283 2212 4339 nymus
2242 4269 2336 4326 lib.
2370 4271 2438 4326 de
2458 4270 2655 4337 Script.
2689 4270 2925 4335 Eccles.,
2959 4272 3011 4323 in
3036 4271 3292 4338 Apologia
3333 4270 3603 4339 adversus

2022 4338 2298 4407 Ruﬁnum,
2331 4342 2385 4396 in
2411 4342 2639 4408 epistola
2670 4341 2702 4395 6
2732 4342 2797 4394 ad
2828 4340 3180 4404 Florentium,
3211 4342 3262 4392 in
3307 4339 3538 4408 epistola,
3562 4338 3605 4394 τί

2021 4410 2088 4463 ad
2114 4410 2336 4475 Lanam,
2366 4407 2528 4478 epist.
2562 4412 2631 4466 84
2656 4411 2722 4464 ad
2768 4410 3036 4478 Magnum,
3084 4408 3344 4463 adversus
3382 4407 3598 4462 Lucife-

2903 4492 3095 4533 everns
3140 4478 3396 4544 Sulpitius
3440 4478 3532 4530 lib.
3560 4493 3600 4533 ιι

2031 4549 2277 4605 Historiae
2325 4546 2524 4617 sacrm;
2576 4550 2796 4605 Ruﬁnus
2837 4549 2931 4604 lib.
2978 4564 3016 4603 ιι
3051 4548 3319 4612 Historiae,
3349 4563 3399 4601 c.
3432 4546 3501 4617 30
3543 4559 3600 4602 et

2026 4620 2126 4685 3i;
2156 4620 2430 4688 Socrates,
2461 4623 2496 4675 Ι.
2532 4637 2587 4675 ιιι
2614 4636 2664 4677 c.
2693 4622 2756 4686 8;
2789 4619 3121 4677 Sozomenus
3152 4619 3242 4673 lib.
3288 4633 3345 4672 ιιι
3372 4632 3423 4672 c.
3456 4616 3523 4672 t3
3543 4629 3603 4673 es

2026 4689 2123 4743 lib.
2156 4708 2186 4744 ν
2215 4707 2265 4746 c.
2300 4694 2397 4757 ης
2425 4692 2778 4747 Cassiodorus
2797 4691 2849 4745 in
2872 4688 3079 4760 praefat.
3110 4690 3281 4743 Divin.
3308 4688 3605 4760 Lect.For-r

2026 4768 2243 4815 tunatus
2273 4777 2361 4817 res
2391 4773 2568 4830 gestas
2596 4762 2781 4816 Hilarii
2811 4759 3020 4815 duobus
3048 4760 3197 4815 libris
3228 4759 3546 4827 conscripsit
3574 4776 3604 4824 ;.

2024 4833 2119 4901 sed
2150 4848 2218 4886 ex
2246 4837 2428 4886 multis
2461 4849 2626 4900 pauca
2659 4833 2993 4901 perstrinxit.
3026 4831 3197 4885 liabet
3223 4842 3276 4885 et
3296 4830 3611 4901 Venantius

2024 4900 2352 4957 Fortunatus
2389 4899 2470 4956 de
2506 4899 2697 4957 eodem
2747 4901 3076 4970 epigramma
3132 4902 3223 4955 lib.
3257 4917 3330 4956 χιι
3370 4900 3436 4954 de
3479 4899 3607 4965 ejus

2016 4974 2291 5097 riiié'aculis
2312 5014 2325 5039 ,
2353 4973 2646 5043 Gregorius
2672 4972 3006 5027 Turonensis
3048 4972 3116 5026 de
3147 4970 3331 5026 Gloria
3360 4970 3603 5024 confess.

2016 5057 2060 5097 c.
2125 5082 2139 5097 .

2012 5057 2060 5098 ο.
2081 5057 2139 5098 ι.

2085 5113 2113 5153 δ
2147 5114 2221 5169 De
2271 5113 2487 5168 nomine
2539 5112 2867 5170 confessoris
2906 5127 3027 5167 non.
3065 5110 3436 5178 praetereunda
3489 5110 3593 5163 hoc

2014 5184 2137 5239 loco
2163 5185 2313 5239 card.
2350 5183 2564 5241 Baronii
2598 5185 2824 5252 insignis
2853 5193 2903 5236 et
2929 5185 3064 5252 scitu
3092 5181 3246 5250 digna
3276 5184 3482 5235 notatio
3506 5180 3603 5251 (In

2015 5256 2149 5309 notis
2196 5256 2265 5307 ad
2314 5253 2539 5324 Martyr.
2580 5255 2617 5309 2
2642 5251 2892 5321 Januar.)
2924 5270 2936 5304 :
2966 5251 3245 5306 Sciendum
3276 5263 3371 5324 est,
3399 5254 3593 5320 inquit.

2018 5328 2217 5381 diversa
2262 5323 2544 5379 admodum
2572 5324 2944 5395 signiﬁcatione
2979 5339 3009 5375 a
3054 5323 3321 5395 pra’sentis
3352 5326 3599 5395 temporis

2018 5412 2116 5451 usu
2141 5396 2275 5450 hanc
2304 5412 2472 5449 vocem
2497 5413 2529 5449 a
2559 5391 2840 5465 majoribus
2870 5400 3191 5465 usurpatam.
3226 5391 3317 5465 Illi
3339 5394 3477 5465 enim
3503 5411 3595 5465 ne-

2021 5471 2209 5520 minem
2238 5484 2294 5520 eo
2326 5466 2530 5519 nomine
2554 5462 3170 5535 appellabant,nisi_eum
3195 5464 3283 5532 qui
3311 5462 3504 5516 Christi
3532 5464 3596 5530 [i-

2021 5539 2135 5592 dem
2162 5536 2518 5602 interpellatus
2549 5532 2720 5588 coram
2752 5535 2870 5601 ﬁdei
2898 5532 3121 5585 hostibus
3146 5535 3409 5602 csnfessns
3439 5549 3595 5586 esset.

2023 5610 2082 5663 Si
2110 5626 2224 5661 vero
2249 5608 2457 5674 aliquod
2485 5622 2640 5676 genus
2670 5613 3035 5657 tormentorum
3056 5616 3181 5655 esset
3212 5618 3474 5674 expertus,
3500 5622 3595 5657 nec

2021 5690 2187 5732 tamen
2236 5683 2482 5748 martyrio
2528 5676 2860 5748 occubuisset,
2893 5684 3011 5726 tunc
3040 5683 3085 5726 et
3116 5690 3309 5748 martyr
3356 5685 3590 5748 uocatus,
3637 5715 3643 5722 .

2021 5751 2252 5822 idctttque
2297 5745 2571 5822 aliquando
2600 5747 2750 5803 etiam
2800 5745 2962 5802 dictus
3007 5746 3263 5814 reperitur
3308 5747 3586 5817 confessos,
