4016 6192
364 273 469 331 251

1678 268 1957 327 JOANNIS
1993 268 2306 328 CASSIANI

3524 272 3635 330 253

366 385 693 443 confessoris
720 385 925 457 ceperit
952 386 1299 454 dignitatem;
1329 393 1354 421 ⁸
1384 384 1436 438 in
1459 382 1597 437 libro
1622 382 1739 438 lldei
1771 384 1942 452 primo
1970 388 2016 446 Α
2048 384 2184 440 Deus
2215 387 2380 440 nostri
2411 402 2569 440 causa
2596 385 2772 451 homo,
2797 386 2852 440 id
2876 385 3012 455 quod
3035 396 3142 439 tum
3166 403 3264 441 non
3289 397 3424 454 erat,
3456 387 3642 461 gigne-

369 477 521 551 (Lib.
550 493 567 535 ι
596 479 660 532 de
686 478 960 547 Trinitat.)
988 518 1005 546 ,
1040 478 1203 531 Deum
1233 490 1416 530 verum
1446 491 1512 531 ex
1557 475 1666 529 Deo
1688 490 1816 530 vero
1849 476 1949 530 Do-

371 569 573 624 minum
601 568 785 624 Iesum
813 569 1108 634 Christum,
1155 574 1213 622 et
1246 574 1372 621 ante
1401 567 1597 620 szecula
1644 576 1827 620 natum
1851 610 1866 634 ,
1897 574 1952 622 et

373 668 556 728 postea
589 659 858 712 hominem
888 659 1126 728 genitum
1169 671 1292 712 esse
1339 665 1585 711 testatur.
1618 654 1749 710 Item
1788 655 1840 710 in
1867 672 1955 712 se-

371 750 549 806 cundo
570 750 706 804 libro
731 769 744 804 :
768 749 795 789 ι’
824 749 970 805 Unus
992 750 1284 821 unigenitus
1305 748 1440 803 Deus
1459 748 1514 803 in
1536 734 1829 816 corpusculi
1856 750 1956 802 hu-

372 844 509 896 mani
535 846 749 909 formam
778 842 966 897 sanctae
998 841 1225 913 Virginis
1252 851 1394 895 utero
1428 842 1645 895 insertus
1687 841 1953 907 accrescit,

370 937 459 1004 qui
488 938 659 990 omnia
683 937 930 1000 continet,
961 944 1008 991 et
1031 937 1166 989 intra
1192 951 1339 1005 quem
1366 943 1548 988 cuncta
1573 940 1714 1002 sunt,
1744 931 1960 987 humani
1990 925 2000 936 ’

371 1039 548 1098 partus
581 1031 688 1100 lege
716 1029 994 1100 profertur.
1035 1027 1168 1083 ltem
1201 1029 1253 1080 in
1287 1026 1479 1082 eodem
1513 1026 1650 1079 libro
1684 1043 1697 1078 :
1730 1023 1958 1095 Angelus

374 1122 511 1174 testis
538 1129 628 1180 est,
658 1117 797 1173 Deus
822 1120 1084 1173 nobiscum
1110 1129 1203 1187 est,
1234 1116 1323 1172 ille
1351 1118 1441 1188 qui
1471 1117 1719 1171 nascitur.
1752 1116 1880 1187 Item
1905 1116 1956 1168 in

372 1209 511 1265 libro
538 1210 750 1265 decimo
775 1229 789 1265 :
821 1210 950 1264 Nati
980 1226 1181 1281 quoque
1209 1210 1259 1263 in
1283 1207 1535 1262 hominem
1565 1224 1627 1260 ex
1653 1216 1807 1278 partu
1838 1203 1960 1258 Vir-

372 1302 506 1372 ginis
555 1301 645 1356 Dei
685 1309 1057 1355 sacramentum
1103 1299 1397 1354 docuimus.
1443 1299 1575 1353 ltem
1617 1296 1669 1351 in
1715 1295 1954 1350 eodem:

373 1392 613 1459 Namque
639 1410 752 1445 cum
781 1393 833 1445 in
860 1390 1068 1445 homine
1095 1400 1248 1445 natus
1292 1389 1430 1443 Deus
1472 1389 1571 1455 sit,
1611 1403 1713 1441 non
1758 1386 1957 1440 idcirco

372 1492 524 1537 natus
548 1497 641 1549 est,
667 1500 729 1537 ne
751 1482 886 1536 Deus
905 1499 1004 1535 non
1024 1490 1271 1536 maneret.
1294 1480 1424 1535 Item
1444 1479 1687 1547 ejusdem
1707 1478 1759 1532 in
1780 1490 1959 1546 prom-

373 1574 483 1628 mio
516 1574 878 1643 Expositionis
909 1585 930 1612 ο
971 1572 1245 1643 Evangelii
1274 1570 1570 1626 secundum
1602 1569 1908 1625 Matthasum
1940 1584 1956 1622 :

373 1651 504 1716 Erat
525 1679 738 1731 namque
758 1663 981 1732 primum
1009 1662 1361 1717 necessarium
1384 1660 1552 1729 nobis,
1577 1668 1631 1715 ut
1655 1660 1956 1733 unigenitus

2055 488 2212 532 retur.
2254 478 2394 532 Idem
2429 480 2480 532 in
2521 479 2710 534 eodem
2739 495 2753 533 :
2780 477 3008 532 Tertium
3053 479 3293 550 deinceps
3341 481 3478 535 illud
3514 499 3643 538 con-

2056 585 2239 639 gruum
2266 569 2385 640 fuit,
2415 579 2470 623 ut
2498 570 2621 639 quia
2665 567 2805 624 Dens
2834 570 2985 623 homo
3015 571 3218 641 genitus
3250 573 3301 625 in
3332 574 3547 638 mundo,
3590 584 3641 629 et

2058 667 2263 714 caetera.
2295 658 2418 713 Ilaec
2445 660 2659 729 quidem
2690 674 2858 730 pauca
2884 668 3012 714 sunt
3039 659 3106 714 de
3134 660 3266 714 satis
3297 663 3497 719 multis.
3532 664 3638 720 Sed

2062 756 2237 801 tamen
2281 746 2430 802 vides
2455 747 2615 802 etiam
2645 762 2709 801 ex
2741 745 2824 801 bis
2861 763 2982 817 qum
3019 746 3254 803 diximus
3282 751 3420 817 quod
3464 753 3638 821 palam

2061 832 2116 895 et
2142 839 2419 910 evidenter
2448 849 2628 893 natum
2656 855 2721 894 ex
2753 839 2917 894 Maria
2943 838 3110 895 Deum
3135 841 3413 910 prtedicat.
3450 842 3515 898 Et
3548 843 3640 899 ubi

2060 932 2191 987 illud
2224 942 2371 986 tuum
2402 931 2553 986 :Non
2586 933 2755 1000 potuit
2786 942 3032 986 creatura
3063 947 3253 1002 parere
3279 933 3591 990 Creatorem
3622 954 3639 1002 ;

2060 1022 2202 1093 quod
2232 1031 2413 1076 natum
2441 1032 2525 1076 est
2553 1038 2619 1077 ex
2649 1038 2833 1089 carne,
2862 1038 2990 1077 caro
3019 1021 3148 1077 est?
3178 1023 3421 1094 Longum
3450 1036 3533 1080 est
3570 1027 3641 1082 de

2059 1108 2086 1149 δ
2119 1111 2341 1181 singulis
2364 1110 2608 1182 personis
2638 1112 3012 1165 convenientia
3042 1111 3242 1167 dicere.
3285 1113 3639 1170 Enumeratio

2063 1204 2233 1273 magis
2248 1217 2405 1272 quam
2438 1204 2714 1258 exsecutio
2737 1202 3001 1257 dictorum
3026 1203 3231 1272 agenda
3263 1215 3367 1274 εει,
3389 1207 3514 1276 quia
3533 1206 3639 1262 sibi

2058 1293 2125 1349 ad
2152 1293 2557 1350 exsecutionem
2582 1294 2663 1348 sui
2696 1294 2811 1363 ipsa
2839 1292 3138 1349 sufﬁciunt.

2629 1384 2857 1439 CAPUT
2894 1382 3062 1441 XXV.

2216 1471 2286 1528 D.
2324 1471 2530 1529 Hilario
2558 1474 2880 1528 Ambrosium
2908 1473 3183 1545 astipulari
3212 1478 3456 1532 ostendit.

2132 1574 2157 1604 ο
2183 1565 2501 1622 Ambrosius
2521 1566 2750 1620 eximius
2771 1566 2864 1621 Dei
2891 1567 3164 1633 sacerdos,
3184 1569 3273 1637 qui
3300 1584 3331 1622 a
3357 1585 3512 1624 manu
3534 1570 3644 1626 Do-

2059 1656 2188 1713 mini
2210 1671 2316 1712 non
2342 1656 2624 1723 recedens,
2657 1656 2711 1711 in
2736 1657 2830 1713 Dei
2848 1671 3061 1729 semper
3081 1656 3250 1729 digito
3272 1656 3292 1696 ί
3316 1663 3464 1731 quasi
3492 1678 3643 1733 gem-

1438 1817 1695 1874 ALABDI
1732 1815 1966 1875 cum
2000 1780 2563 1874 COMMENTARIUS;

376 1933 516 2003 quod
534 1934 723 1988 scilicet
747 1935 971 1988 nondum
1000 1933 1303 2003 martyrium
1331 1938 1761 2003 consummasset.
1788 1929 1946 2003 Licet,
1980 1933 2028 1993 B
2053 1944 2159 2000 gno
2209 1928 2459 1996 pontiﬁce
2487 1928 2558 2003 _in
2610 1927 2834 1999 epistola
2884 1928 2956 1985 97
2978 1969 2993 1996 ,
3042 1943 3162 1999 qua:
3188 1937 3273 1985 est
3299 1930 3366 1985 ad
3396 1930 3637 1989 Leonem

375 2000 422 2058 si
446 2004 548 2056 vim
576 2004 762 2057 harum
787 2020 970 2057 vocum
998 2000 1275 2073 expendas,
1306 2004 1491 2057 eaedem
1516 2004 1658 2073 sint;
1689 2000 1953 2073 nihilomi—

375 2089 471 2128 nus
496 2082 600 2128 tam
621 2076 759 2144 apud
786 2071 1165 2128 Tertulliunum
1188 2072 1277 2144 (In
1307 2072 1392 2127 lib.
1415 2073 1483 2126 ad
1499 2071 1770 2144 Μαι-ινδ),
1793 2087 1951 2137 quam

377 2146 528 2199 etiam
559 2143 700 2213 apud
718 2145 1053 2214 Cyprianum,
1079 2154 1127 2197 et
1155 2143 1285 2198 alios
1314 2143 1949 2214 plerosqueantiquorum,

378 2229 438 2267 eo
464 2212 637 2272 sensu.
682 2212 800 2284 quo
828 2215 1078 2280 diximus,
1126 2229 1211 2267 eos
1257 2212 1400 2284 voces
1425 2212 1588 2283 accipi
1617 2213 1951 2284 cgnsueyisse,

379 2278 705 2353 perspectum
722 2285 843 2337 satis
886 2278 1313 2353 exploratumque
1351 2278 1584 2337 habetur.
1638 2278 1873 2353 Consule,
1904 2282 1955 2353 si

377 2351 735 2407 haecexactius
767 2356 894 2406 scire
918 2351 1085 2419 cupis,
1116 2355 1168 2407 in
1212 2351 1389 2420 primis
1436 2352 1684 2421 Cypriani
1711 2352 1862 2418 epist.
1899 2352 1953 2416 7,

377 2424 433 2486 9,
466 2423 551 2484 10,
587 2422 676 2487 15,
708 2423 799 2485 30,
839 2423 928 2481 51.
959 2421 1028 2475 ΒΞ
1056 2434 1103 2477 et
1125 2423 1189 2477 81
1221 2423 1344 2476 edit.
1377 2420 1618 2485 Patitelii,
1651 2422 1738 2491 qui
1776 2420 1957 2491 eadem

379 2494 644 2545 annotavit
673 2492 726 2546 in
753 2492 963 2546 scholiis
1012 2494 1162 2557 epist.
1203 2492 1236 2548 9
1261 2491 1412 2557 (Not.
1461 2493 1590 2551 iep.
1637 2489 1691 2556 9,
1723 2491 1812 2554 50,
1840 2489 1951 2555 83).

383 2562 506 2632 [lare
533 2561 816 2628 Baronius,
844 2576 906 2617 ac
938 2559 1092 2627 paulo
1120 2570 1241 2632 post
1268 2561 1449 2616 subdit
1474 2579 1487 2614 :
1519 2559 1681 2615 Juxta
1726 2560 1957 2632 ejusdem

381 2630 625 2703 Cypriani
652 2635 973 2703 sententiam,
1003 2633 1092 2703 qui
1114 2630 1218 2686 non
1245 2632 1599 2703 interpellatus
1628 2647 1681 2684 se
1711 2630 1958 2703 martyrio

381 2702 663 2773 ingerebat,
683 2702 764 2755 hic
790 2700 1051 2756 dicebatur
1070 2707 1359 2773 professor;
1378 2700 1431 2754 si
1457 2700 1627 2754 adhuc
1652 2711 1819 2754 autem
1845 2700 1958 2770 quis

381 2771 566 2825 timore
591 2782 874 2841 correptus,
906 2788 973 2826 ne
999 2771 1449 2841 ﬁdem'proderet,
1492 2788 1589 2826 sua
1630 2787 1848 2841 suosque
1877 2788 1957 2825 re-

382 2840 635 2914 linquens,
679 2840 861 2898 exsilio
886 2840 1164 2914 spontaneo
1195 2840 1381 2908 procul
1406 2859 1436 2893 a
1462 2842 1632 2914 patria
1662 2840 1820 2914 vitam
1844 2857 1960 2914 age-

383 2919 482 2983 ret,
518 2911 602 2966 hic
643 2911 998 2983 appellabatur
1045 2914 1284 2977 extorris,
1314 2911 1473 2981 cujus
1511 2929 1611 2965 non
1647 2920 1755 2964 erat
1788 2911 1959 2982 despi-

385 2981 568 3035 cienda
595 2981 854 3048 conditio;
887 2999 1007 3036 nam
1028 2994 1297 3036 etnumero
1313 2995 1597 3052 martyrum
1621 2981 1959 3052 recensendas

382 3062 512 3116 erat,
539 3054 583 3106 si
611 3069 670 3106 ea
702 3056 763 3107 de
789 3070 947 3107 causa
992 3060 1205 3106 mortem
1242 3050 1556 3123 appetiisset.
1610 3050 1767 3123 Haec“
1787 3053 1959 3123 omnia

386 3137 526 3176 more
554 3124 808 3194 majorum
838 3133 991 3193 atque
1016 3131 1207 3176 vetusto
1234 3121 1468 3191 loquendi
1498 3139 1697 3194 genere.
1728 3121 1960 3194 Obtinuit

390 3192 713 3259 postmodum
745 3208 867 3245 usus
892 3192 945 3245 ut
974 3208 1147 3245 omnes
1171 3195 1255 3261 qui
1283 3202 1463 3245 sancta
1491 3192 1538 3245 et
1582 3192 1830 3245 laudabili
1857 3192 1959 3244 vita

385 3261 651 3333 vicissent,
682 3270 952 3330 sanctoque
981 3263 1182 3315 demum
1203 3262 1507 3333 acprobato
1537 3262 1638 3333 line
1657 3264 1711 3315 in
1740 3262 1957 3333 Domino

385 3331 711 3403 quievissent,
757 3334 1069 3403 confessores
1112 3331 1513 3403 appellarentur.
1551 3332 1825 3403 Hactenus
1854 3331 1956 3384 Ba-

390 3402 593 3455 ronius.
624 3400 1154 3456 Censule'eumdem'
1183 3413 1326 3455 tomo
1371 3400 1434 3456 Ill
1462 3410 1519 3456 et
1549 3400 1613 3454 IV
1644 3402 1956 3456 Annalium.

391 3468 546 3541 μμόο
577 3481 882 3539 promptum
912 3480 997 3526 est
1023 3471 1343 3538 intelligere,
1385 3487 1486 3541 qua
1511 3471 1722 3526 ratione
1752 3472 1965 3526 dicatur

389 3537 623 3613 llilarius
651 3537 948 3608 persanch
970 3542 1090 3613 fidei
1114 3537 1463 3610 fortitudinem
1488 3542 1965 3613 etiamconfessoris

387 3612 579 3682 cepisse
602 3627 691 3665 seu
717 3613 968 3682 accepisse
997 3612 1317 3679 dignitatem,
1345 3614 1542 3680 quippe
1567 3612 1661 3682 qui
1690 3612 1808 3667 ﬁdei
1832 3628 1964 3666 con-

386 3681 583 3733 stantia
609 3698 712 3734 non
744 3681 947 3735 tantum
980 3685 1265 3749 episcOpos
1291 3683 1540 3747 Arianos,
1573 3681 1667 3735 sed
1715 3693 1768 3737 et
1815 3681 1964 3736 Con-

389 3751 643 3805 stantium
663 3752 856 3820 imper.
880 3751 1060 3806 itidem
1082 3752 1338 3806 Ariannm
1363 3750 1651 3820 superarit,
1674 3761 1727 3807 et
1758 3753 1965 3808 ratimte

389 3823 845 3888 persecutionum,
876 3830 932 3877 et
958 3823 1132 3877 exsilii
1164 3837 1264 3891 pro
1287 3822 1392 3877 ﬁde
1426 3822 1637 3878 tolerati
1668 3838 1772 3876 non
1805 3823 1965 3877 modo

389 3891 692 3961 confessor,
721 3896 817 3946 sed
847 3905 898 3946 et
917 3904 1049 3947 mari
1097 3910 1122 3947 r
1145 3903 1357 3948 vetusto
1394 3907 1544 3947 more
1574 3893 1831 3962 appellari
1857 3908 1966 3946 me—

393 3963 591 4018 ruerit:
622 3978 727 4018 uno
754 3962 914 4016 modo
949 3908 1100 4018 de
1134 3963 1362 4018 Martino
1405 3963 1705 4017 Turonensi
1754 3966 1966 4017 canitur

393 3963 591 4031 ruerit;
622 3978 727 4031 quo
754 3962 914 4016 modo
949 3963 1015 4017 de
1042 3962 1100 4018 S.
1134 3963 1362 4018 Martino
1405 3963 1705 4017 Turonensi
1754 3966 1968 4017 canitur

390 4028 447 4084 in
480 4028 719 4085 Ecclesia
755 4050 769 4085 :
805 4032 849 4084 0
870 4033 1191 4087 sanctissima
1217 4034 1407 4095 anima,
1442 4050 1597 4103 quam
1623 4044 1668 4086 et
1693 4033 1736 4086 si
1762 4032 1967 4103 gladius

389 4104 732 4173 persecutoris
760 4118 861 4173 non
888 4103 1120 4173 abstulit,
1144 4102 1368 4173 palmam
1405 4102 1571 4173 tamen
1602 4102 1833 4173 martyrii
1864 4120 1967 4157 non

392 4168 563 4241 amisit
592 4168 701 4241 (Ex
748 4171 946 4241 Sulpit.
975 4168 1216 4239 epist.’de
1243 4169 1399 4226 Obitu
1429 4171 1491 4229 S.
1516 4168 1752 4227 Martini:
1771 4172 1963 4228 Baron.

392 4248 431 4293 t.
465 4239 551 4312 IV,
567 4239 672 4312 sub
703 4257 798 4312 an.
820 4240 971 4312 sua).

438 4319 492 4369 χιι
522 4310 708 4365 Libros
735 4310 857 4365 tidci
889 4309 1046 4365 vocat
1071 4310 1241 4365 libros
1266 4309 1334 4367 de
1359 4309 1622 4366 Trinitate
1656 4311 1725 4364 ab
1766 4311 1969 4369 Hilario

393 4383 755 4453 conscriptos,
783 4382 851 4434 de
872 4382 1066 4449 quibus
1100 4383 1169 4453 1)ζ
1196 4382 1553 4453 Hieronymus
1595 4383 1645 4435 in
1671 4380 1965 4453 Catalago:

397 4450 475 4506 De
498 4453 693 4523 synodo
722 4451 1009 4522 Byterrensi
1054 4453 1104 4505 in
1137 4450 1420 4523 Phrygiam
1459 4452 1735 4523 relegatus,
1776 4450 1970 4508 duode-

393 4522 492 4575 cim
518 4521 778 4576 adversus
795 4523 1010 4575 Arianos
1037 4521 1265 4590 confecit
1280 4521 1457 4589 libros,
1487 4521 1593 4576 etc.
1620 4525 1971 4580 Commendat

396 4594 615 4646 eo~dem
667 4593 906 4647 scribens
944 4592 1011 4646 ad
1046 4593 1242 4646 Laetam
1277 4590 1473 4717 SEpisl.
1508 4593 1585 4664 7),
1632 4594 1715 4647 his
1746 4595 1965 4650 verbis:

396 4661 665 4716 Athanasii
691 4662 947 4717 epistolas.
980 4672 1025 4715 et
1058 4662 1253 4717 Hilarii
1302 4662 1436 4717 ibros
1459 4663 1711 4717 inoﬂ'enso
1735 4665 1965 4717 decurrat

394 4661 665 4733 Athanasii
691 4662 947 4733 epistolas,
980 4672 1025 4715 et
1058 4662 1253 4719 Hilarii

396 4731 560 4806 pede;
589 4731 799 4806 illorum
827 4731 1106 4806 delectetur
1135 4733 1395 4806 ingeniis,
1448 4735 1503 4787 in
1553 4731 1772 4806 quorum
1828 4736 1973 4791 libris

394 4802 559 4869 pietas
589 4802 719 4876 ﬁdei
734 4818 835 4876 non
867 4803 1097 4876 vacillat.
1132 4802 1256 4876 lltec
1286 4802 1641 4876 Hieronymus
1672 4807 1843 4876 quoad
1881 4821 1972 4860 sa-

400 4888 522 4927 nam
568 4875 637 4944 de
678 4872 942 4927 Trinitate
971 4874 1292 4935 doctrinam,
1323 4874 1389 4928 de
1421 4872 1525 4943 quis
1557 4872 1807 4944 vigebant
1832 4874 1973 4931 inter

395 4942 704 4999 Catltolicos
733 4952 788 4998 et
820 4944 1047 4998 Arianos
1081 4942 1491 4999 controversiae.
1525 4947 1597 4999 De
1615 4942 1817 5000 iisdem
1859 4947 1975 5002 haec

396 5013 732 5086 Socomenus
778 5012 917 5082 (Lib.
950 5029 1007 5069 ιιι
1035 5030 1082 5067 c.
1115 5014 1170 5086 l)
1200 5032 1213 5068 :
1250 5014 1438 5069 Hilarii
1487 5024 1654 5068 autem
1707 5017 1864 5071 libros
1911 5018 1975 5071 de

396 5082 519 5156 fide,
549 5084 705 5139 etiam
729 5086 792 5138 ab
819 5085 881 5140 iis
907 5086 996 5156 qui
1021 5082 1336 5138 contrariam
1365 5088 1631 5139 tuebantur
1651 5086 1772 5154 ﬁdei
1799 5088 1976 5141 catho-

394 5155 510 5207 lica:
539 5156 851 5229 opinionem,
879 5155 1184 5229 admodum“
1199 5156 1574 5229 commendatos
1623 5172 1731 5210 esse
1758 5160 1976 5229 praedi-

393 5232 533 5306 cant.
560 5224 726 5308 i’orro
742 5226 1096 5309 cassi-odorus
1120 5225 1221 5349 ἓυο
1240 5225 1413 5280 Divin.
1440 5224 1580 5280 Lcct.
1603 5243 1655 5308 'c.
1684 5224 1976 5312 16)'trede-

400 5308 506 5348 cun
539 5294 707 5349 libros
737 5296 919 5349 lltlartt
950 5296 1072 5349 (nisi
1140 5309 1257 5349 orte
1289 5299 1539 5349 mendum
1572 5297 1663 5349 siti
1687 5298 1755 5349 de
1799 5298 1976 5349 Trtnt-

400 5293 506 5348 cim
539 5294 707 5351 libros
737 5296 919 5350 Ililarii
950 5296 1072 5367 (nisi
1120 5293 1257 5351 forte
1289 5299 1539 5367 mendum
1572 5297 1663 5367 sit)
1687 5293 1763 5352 de
1799 5298 1977 5353 Trini-

398 5371 512 5419 tate
538 5366 771 5432 scriptos
807 5366 1212 5429 commemorat,
1251 5369 1319 5421 ita
1352 5366 1595 5421 scribens
1623 5366 1748 5421 :Ad
1789 5369 1976 5436 conﬁr-

398 5439 668 5509 mationem
696 5437 1009 5509 igiturﬁdei
1036 5446 1244 5509 nostras,
1291 5444 1339 5509 et
1386 5437 1739 5509 hwreticorum
1786 5455 1981 5504 prazca-

399 5505 594 5580 vendas
610 5505 840 5570 insidias,
863 5506 1060 5580 Legendi
1077 5518 1192 5561 sunt
1209 5507 1452 5580 tredecim
1471 5506 1590 5580 libri
1608 5508 1737 5562 beati
1759 5509 1975 5580 Hilarii,

399 5589 532 5656 quos
561 5575 830 5656 de‘sancta
862 5575 1133 5656 Trinitate,
1163 5577 1427 5652 profunda
1456 5588 1503 5634 et
1531 5577 1868 5635 disertissima
1898 5575 1980 5635 ni;

402 5646 500 5713 mis
526 5646 756 5699 oratione
779 5649 1102 5713 conscripsit.

473 5711 500 5751 ι’
529 5713 771 5772 Citautur
801 5718 915 5772 tunc
942 5711 996 5772 et
1018 5720 1118 5771 alia
1148 5719 1334 5776 Hilarii
1365 5719 1530 5775 verba
1569 5734 1597 5775 a
1646 5719 1825 5776 Leone
1864 5721 1979 5777 Ma-

2054 2003 2373 2069 Augustutn,
2401 2015 2451 2054 c.
2485 2000 2537 2054 5.

2132 2068 2157 2109 ο⁷
2184 2070 2502 2144 Ejus_et_iam_
2538 2068 2782 2125 meminit
2809 2069 2870 2123 D.
2906 2068 3265 2140 Hieronymus
3294 2071 3347 2125 in
3377 2071 3641 2144 Catalogo

2056 2154 2280 2209 Operum
2319 2140 2529 2194 Hilarii.

2126 2208 2155 2248 ἀ
2189 2210 2243 2265 ld
2269 2220 2371 2271 est.
2400 2210 2468 2264 de
2489 2209 2716 2280 singulis
2738 2209 3048 2265 auctoribus
3077 2209 3382 2265 testimonia
3406 2225 3643 2267 consen-

2060 2289 2218 2334 tanea
2268 2278 2932 2351 proferret-Enumeratio
2985 2282 3148 2351 magis
3192 2286 3643 2351 quamrexsccutio

2058 2351 2335 2415 dictorum,
2383 2358 2489 2405 etc.
2535 2349 2787 2420 Excussit)
2827 2349 3085 2404 dictorum
3125 2350 3301 2419 potius
3354 2350 3639 2420 legendqu

2057 2423 2270 2488 opinor,
2300 2430 2359 2474 ut
2385 2435 2574 2475 sensus
2601 2422 2673 2474 sit
2702 2441 2715 2475 :
2748 2419 2927 2475 Satius
2956 2428 3039 2474 est
3065 2421 3315 2474 nonnulla
3346 2419 3424 2475 de
3457 2424 3643 2479 multis

2058 2506 2341 2545 recensere
2366 2501 2457 2543 aut
2486 2490 2746 2557 indicare,
2777 2505 2934 2558 quam
2958 2505 3020 2545 ea
3052 2491 3326 2544 discutere
3354 2502 3403 2544 et
3436 2496 3634 2546 citanti-

2058 2575 2190 2615 nare
2215 2578 2229 2614 :
2256 2562 2376 2625 quia
2402 2560 2498 2614 sibi
2525 2561 2593 2614 ad
2635 2562 2986 2614 excussionem
3024 2577 3114 2615 seu
3143 2560 3515 2615 discussionem
3560 2565 3644 2617 sui

2058 2630 2172 2696 ipsa
2202 2631 2478 2701 suﬁiciunt,
2512 2633 2561 2684 id
2600 2641 2703 2693 est,
2738 2640 2843 2685 tam
2870 2633 3012 2685 clara
3063 2638 3121 2685 et
3160 2643 3347 2701 aperta
3394 2643 3542 2696 sunt,
3585 2644 3644 2688 ut

2018 2715 2021 2718 '
2059 2702 2398 2755 discussione
2429 2715 2533 2754 non
2561 2711 2774 2767 egeant.

2134 2781 2158 2808 ε
2190 2773 2248 2824 S.
2285 2771 2599 2824 Ambrosius
2645 2772 2930 2838 episcopus
2958 2769 3405 2833 Mediolancnsis,
3450 2771 3642 2828 doctor

2062 2841 2314 2896 Ecclesia!
2331 2842 2702 2895 sanctissimus
2720 2852 2769 2893 et
2792 2841 3159 2907 doctissimus,
3187 2841 3288 2894 sub
3301 2840 3559 2896 Gratiano
3586 2853 3643 2898 et

2060 2912 2366 2967 Theodosio
2417 2912 2608 2977 imper.
2659 2911 3013 2981 llornit,gdel
3038 2927 3145 2976 quu
3197 2911 3637 2981 Martyrologium

2063 2964 2368 3035 llontilttec
2414 2964 2572 3035 habet
2603 2982 2660 3052 (Δ
2690 2964 2904 3052 Aprilis)
2933 2964 3243 3047 :DDepositio
3293 2964 3355 3035 δῖ
3388 2964 3644 3036 Ambrosii

2060 3053 2283 3123 episcopi
2307 3060 2352 3104 et
2380 3052 2684 3122 confessoris
2704 3093 2717 3113 .
2750 3054 2897 3122 cujus
2934 3052 3136 3112 studio,
3166 3052 3298 3123 inter
3335 3063 3519 3105 cretera
3547 3055 3645 3106 do-

2060 3122 2241 3193 ctrime
2268 3130 2316 3175 et
2338 3123 2707 3193 miraculorum
2736 3123 2981 3193 insignia,
3006 3133 3230 3189 tempore
3256 3122 3460 3193 Ariante
3485 3125 3638 3193 perﬁ-

2061 3192 2182 3254 ἀίω,
2217 3202 2319 3246 tota
2349 3197 2454 3262 fere
2481 3191 2638 3245 Italia
2664 3195 2730 3243 ad
2758 3191 3061 3246 catholicam
3092 3193 3261 3259 fidem.
3284 3191 3520 3246 conversa
3544 3191 3643 3248 est.

1985 3266 2031 3362 ἁ
2064 3262 2180 3362 ui.
2194 3262 3638 3362 ‘1‘35'11'1'1.93'3th13.1?.";"l::.?:?:“:.”;.é'tb'rs”

2065 3332 2183 3386 Vita
2210 3347 2416 3387 summa
2452 3333 2554 3386 llde
2596 3332 2862 3400 descripta
2901 3347 2928 3384 a
2962 3331 3184 3386 Paulino
3228 3336 3482 3402 quodam,
3534 3350 3643 3388 non

2065 3402 2159 3456 illo
2200 3403 2408 3457 Nolano
2447 3404 2722 3469 episcopo.
2766 3414 2821 3455 ut
2848 3403 3083 3456 ostendit
3113 3402 3249 3455 idem
3280 3403 3540 3456 Duronius
3584 3403 3642 3457 in

2062 3472 2366 3527 Annalibus
2397 3472 2569 3542 (Tom.
2601 3472 2643 3527 V
2665 3472 2754 3525 sub
2784 3489 2872 3525 an.
2894 3473 3047 3542 397),
3081 3473 3174 3526 sed
3198 3474 3399 3527 clerico
3428 3474 3641 3528 Medio-

2064 3543 2299 3597 lanensis
2349 3543 2624 3609 Ecclesizv,
2675 3552 2729 3596 et
2772 3543 2940 3612 ipsius
2986 3544 3251 3597 Ambrosii
3301 3545 3641 3609 alllatlllt'llsi,

2025 3611 2035 3620 ’
2066 3612 2227 3682 idque
2254 3628 2412 3667 suasu
2443 3625 2496 3667 et
2526 3614 2739 3666 hortatu
2766 3611 2825 3666 Ι).
2854 3614 3157 3682 Augustini,
3186 3620 3243 3665 ut
3270 3612 3358 3666 ille
3385 3618 3497 3678 ipse
3521 3614 3644 3681 ejus

2065 3683 2295 3736 exordio
2346 3691 2590 3741 testatur.
2634 3683 2709 3737 ita
2740 3681 3310 3751 scribenszllortaris,
3344 3686 3642 3737 venerabilis

2067 3751 2225 3806 Pater
2251 3755 2548 3823 Augustine,
2582 3764 2636 3804 ut
2662 3755 2792 3805 sicut
2814 3754 2946 3806 beati
2972 3755 3071 3806 viri
3101 3752 3413 3823 Athanasius
3438 3766 3482 3805 et
3513 3753 3641 3823 Hie-

2064 3837 2310 3893 ronymus
2334 3819 2599 3893 presby'er
2625 3824 2758 3892 ston
2800 3824 3050 3892 persecuti
3094 3831 3213 3876 sunt
3252 3822 3395 3876 Vitas
3440 3819 3647 3877 sancto-

2065 3891 2180 3944 rum
2210 3891 2369 3947 Pauli
2399 3902 2443 3947 et
2476 3891 2687 3945 Antonii
2711 3894 2762 3945 in
2788 3891 2955 3947 eremo
2987 3895 3303 3960 positorum;
3332 3895 3462 3946 sicut
3490 3896 3645 3946 etiam

2069 3960 2287 4017 Martini
2343 3963 2648 4017 venerabilis
2680 3964 2905 4032 episcopi
2934 3963 3250 4016 Turonensis
3280 3961 3521 4032 Ecclesia:
3547 3964 3645 4019 Se-

2066 4050 2214 4087 verus
2245 4050 2418 4088 sort-us
2450 4034 2540 4086 Dei
2571 4031 2802 4087 sermone
2830 4036 3120 4098 conterruit;
3148 4035 3221 4087 sic
3248 4037 3401 4087 etiam
3429 4031 3495 4086 ll.
3522 4035 3647 4087 Am-

2069 4104 2225 4158 brosii
2250 4105 2478 4171 episcopi
2510 4104 2913 4157 Mediolauensis
2949 4104 3192 4157 Ecclesiae
3222 4120 3333 4157 meo
3364 4119 3643 4173 persequar

2066 4174 2224 4244 style,
2259 4183 2364 4229 etc.
2394 4173 2484 4230 Sic
2506 4175 2616 4228 ille.
2643 4177 2898 4237 Attamen,
2931 4175 3100 4240 inquit
3128 4174 3410 4239 Baronius,
3442 4179 3645 4229 brevius

2068 4261 2223 4317 quam
2251 4260 2346 4315 par
2363 4257 2498 4317 erat,
2530 4255 2576 4298 et
2602 4260 2705 4298 non
2747 4245 2840 4317 levi
2876 4247 3088 4317 jactura
3124 4254 3458 4317 posterorum,
3489 4261 3644 4317 quant

2070 4315 2297 4384 plurima
2319 4315 2382 4367 ab
2406 4332 2463 4368 eo
2507 4316 2850 4386 praetermissa
2876 4315 3410 4386 noscuntur;_'quibus
3439 4316 3645 4383 quidem

2070 4383 2273 4439 auctam
2341 4383 2573 4457 ejusdem
2618 4386 2926 4439 sanctissimi
2972 4383 3152 4438 Patris
3198 4383 3375 4438 Vitam
3417 4401 3449 4437 a
3497 4388 3646 4440 nobis

2071 4456 2431 4528 conscriptam,
2467 4456 2648 4528 Sixtus
2686 4457 2920 4525 pontifex
2965 4458 3248 4528 maximus,
3302 4458 3468 4528 cujus
3490 4457 3648 4528 jussu

2073 4543 2183 4597 eam
2212 4525 2411 4597 suscepi
2441 4527 2772 4597 provinciam,
2803 4525 3153 4579 sure‘editioui
3180 4526 3409 4597 ejusdem
3433 4525 3501 4579 δέ
3522 4529 3562 4578 Α
3574 4542 3650 4597 ινιτ

2074 4592 2227 4651 brosii
2278 4592 2489 4665 operum
2538 4595 2802 4665 praeﬁxum
2853 4596 3102 4648 edendam
3144 4592 3550 4664 cu’ravit;quam
3575 4595 3649 4649 ad

1302 4662 1436 4738 i_b_ros
1456 4660 1711 4738 inoﬁ'enso
1735 4665 1975 4738 decurrat
2000 4660 2049 4718 Ι)
2074 4669 2267 4738 scripta
2293 4660 2358 4721 de
2381 4660 2564 4738 eodem
2585 4660 2656 4718 ίιί
2668 4666 2975 4729 Annalibus,
3004 4682 3119 4718 cum
3156 4666 3278 4733 quid
3299 4660 3553 4738 diuersum
3582 4668 3643 4719 in

2077 4754 2134 4791 ea
2148 4798 2153 4808 ι
2165 4736 2386 4808 invenies
2408 4736 2565 4807 (quod
2589 4739 2894 4808 posteriores
2908 4807 2912 4808 ν
2924 4737 3036 4805 cogi
3043 4736 3517 4808 tationesmeliores
3542 4751 3654 4808 esse

2076 4798 2317 4879 soleant),
2352 4798 2710 4879 confirmanda
2760 4798 3066 4879 iintellig'es.
3100 4807 3223 4861 ΙΙπο
3262 4806 3555 4879 Batonius.
3586 4806 3655 4861 Et

2077 4876 2408 4933 eatlem'l‘ere
2438 4876 2491 4931 in
2521 4876 2662 4948 notis
2708 4878 2773 4929 ad
2806 4876 3078 4948 Martyrol.
3129 4878 3514 4948 adrseptiuum
3547 4878 3651 4929 De-

2076 4950 2327 5007 cembris.
2370 4964 2478 5016 quo
2506 4947 2594 5001 die
2622 4945 3077 5002 commemoratur
3121 4947 3380 4999 ordinatio
3432 4945 3493 5001 S.
3524 4948 3654 5000 Am-

2078 5020 2485 5090 brosiiepiscopi
2512 5029 2558 5073 et
2591 5017 2831 5090 Ecclesia:
2879 5018 3126 5090 doctoris,
3154 5018 3241 5090 ubi
3290 5018 3654 5090 latetur‘ejus-

2078 5090 2197 5144 dem
2228 5085 2404 5143 Vitam
2432 5085 2593 5142 etiam
2626 5104 2653 5140 a
2682 5089 2839 5144 Joan.
2868 5089 3114 5143 Costerio
3143 5086 3342 5141 editam
3369 5128 3385 5154 ,
3415 5085 3655 5143 editione

2079 5160 2330 5215 nimirum
2367 5159 2682 5224 Basileensi,
2714 5174 2854 5212 anno
2885 5158 3093 5212 Domini
3119 5156 3281 5212 1555.

2154 5229 2400 5285 tAlludit
2427 5230 2492 5283 ad
2540 5245 2744 5284 morem
2795 5237 3122 5297 magnatum,
3152 5227 3242 5297 qui
3287 5240 3572 5296 gemmam,
3602 5226 3659 5297 si

2080 5316 2237 5370 quam
2267 5301 2496 5354 habeant
2524 5299 2646 5353 aliis
2677 5292 3072 5368 pretiosiorem,
3105 5292 3397 5367 tat—egregie
3424 5292 3663 5370 rutila_u-‘

2082 5366 2187 5426 tein
2216 5386 2277 5425 ac
2301 5366 2726 5440 prmlulgentem,
2753 5384 2884 5424 auro
2917 5371 3175 5423 inclusam
3209 5366 3322 5440 non
3348 5378 3452 5420 tam
3484 5366 3655 5440 digito

2080 5456 2239 5512 quam
2262 5437 2433 5496 oculis
2461 5437 2694 5511 gestant,
2722 5455 2939 5512 summa
2969 5453 3097 5512 cura
3119 5438 3442 5512 custodiunt,
3474 5445 3528 5490 et
3560 5437 3655 5492 vix

2084 5508 2333 5580 diuquam
2366 5508 2660 5579 deponunt,
2684 5522 2738 5565 et
2779 5524 2877 5577 pro
2900 5509 3083 5577 sigillo
3106 5508 3361 5580 subinde
3387 5516 3609 5580 utuntur
3636 5523 3653 5580 ς

2086 5574 2227 5637 unde
2252 5574 2478 5636 annulus
2506 5574 2858 5649 signatorius,
2900 5574 2992 5634 aut
3019 5578 3508 5649 sigillarishdictus.
3552 5574 3656 5649 Ct_ti

2086 5652 2293 5708 accedit
2323 5645 2593 5721 vulgatum
2625 5652 2765 5720 apud
2812 5665 2910 5705 nos
2952 5645 3245 5721 adagium;
3271 5645 3657 5721 Garde_t.0_t_tﬁf

2089 5723 2200 5777 déle
2238 5717 2502 5787 serviteur,
2554 5717 2745 5776 cont—me
2773 5721 2826 5776 la
2871 5720 3011 5792 peric
3054 5717 3143 5775 sur
3186 5717 3395 5790 l'ongle.
3430 5717 3496 5773 Et
3521 5717 3656 5773 illud
