4016 6192
315 236 430 295 253

1321 243 1408 299 DE
1449 242 1956 300 INCARNATIONE
1993 241 2263 301 CHRISTI
2301 245 2428 300 LIB.
2472 245 2585 302 VII.

3399 317 3402 322 ,
3483 252 3592 308 25s

317 369 413 409 ma
443 354 716 421 rutilavit;
749 365 774 393 ι
804 354 856 410 in
888 353 1048 420 libro,
1079 355 1169 425 qui
1200 366 1279 410 est
1305 356 1370 410 ad
1395 355 1660 426 Virgines,
1696 357 1766 410 ita
1797 371 1912 411 me-
1936 359 1986 418 A
2012 358 2192 412 mundi
2221 359 2469 425 nascitur,
2495 368 2542 413 et
2566 357 2740 414 nullus
2777 368 2854 416 est
2908 363 3124 429 gemitus
3175 361 3427 434 parientis
3457 379 3478 419 .'
3504 381 3597 418 va-

316 456 492 499 niorat
522 444 660 510 (Lib.
687 445 731 515 ι)
754 465 766 500 :
791 445 819 484 δ
849 443 1041 500 Frater
1069 463 1208 500 meus
1235 447 1488 500 candidus
1511 457 1557 500 et
1572 446 1908 501 rubicundus.

315 533 612 602 Candidus,
643 537 766 606 quia
800 535 978 590 Patris
1004 535 1249 605 splendor
1274 549 1385 603 est;
1406 537 1611 603 rubens,
1641 539 1760 608 quia
1783 555 1906 606 par-

316 635 406 678 tus
434 634 510 678 est
549 624 796 697 Virginis.
844 625 1099 680 Memento
1126 635 1301 679 tamen
1329 627 1620 696 antiquiora
1665 629 1716 680 in
1742 643 1803 680 eo
1828 628 1910 682 di-

235 742 238 744 ν
317 717 553 770 trinitatis
581 718 808 788 insignia
836 733 990 788 quant
1017 719 1244 786 corporis
1265 730 1598 772 sacramenta.
1633 717 1752 772 Non
1773 721 1908 773 enim

321 807 472 874 sapit
521 823 584 860 ea:
628 805 874 880 Virgine;
915 811 1005 862 sed
1047 810 1133 876 qui
1181 819 1310 869 erat,
1344 809 1478 861 venit
1521 813 1573 861 in
1621 809 1903 879 Virginem.

321 898 454 953 Item
493 898 664 966 ipsius
707 901 758 952 in
797 909 820 938 ε
863 899 1038 954 Natali
1085 882 1298 953 Domini
1331 917 1344 953 :
1387 899 1565 954 Videte
1605 902 1934 954 miraculum.

318 986 346 1026 ιι
377 1002 502 1041 matr
516 991 563 1042 is
586 991 870 1045 Dominicte
890 1007 907 1043 .'
929 991 1071 1060 virgo
1089 994 1340 1058 concepit,
1359 993 1500 1062 t'irgo
1527 996 1744 1063 peperit,
1764 996 1905 1063 virgo

303 1080 436 1154 gcum
469 1083 715 1148 parturit,
750 1083 892 1154 virgo
921 1083 1158 1152 gravida,
1185 1085 1325 1154 virgo
1355 1097 1466 1151 post
1507 1095 1733 1153 partum.
1760 1086 1908 1140 Sicut

281 1143 373 1227 Jin
402 1171 672 1228 Ezechiele
698 1175 922 1228 dicitur:
961 1176 1027 1228 Et
1054 1187 1206 1246 porta
1233 1185 1342 1230 erat
1370 1177 1564 1239 clausa,
1608 1190 1653 1231 et
1684 1196 1785 1231 non
1829 1189 1904 1232 est

311 1279 523 1334 aperta.
553 1269 675 1335 quia
710 1265 960 1320 Dominus
986 1268 1219 1321 tramivit
1248 1284 1337 1339 per
1367 1286 1476 1321 eam
1501 1268 1712 1338 (Ezech.
1736 1272 1898 1341 sim).

309 1357 557 1412 Gloriosa
608 1358 894 1430 virginitas,
927 1370 973 1413 et
1003 1361 1254 1427 prwci'ara
1297 1361 1606 1430 fecunditas.
1649 1359 1902 1416 Dominus

2017 459 2199 501 cuatur
2226 457 2396 502 uterus
2427 459 2474 503 et
2502 465 2646 502 verus
2677 451 2846 518 infans
2875 452 3150 521 excipitur,
3176 469 3268 506 nec
3293 462 3459 521 tamen
3488 457 3595 508 vir-

2015 539 2205 608 ginitas
2241 540 2480 594 violatur.
2513 537 2624 595 Fas
2666 551 2794 604 erat,
2828 551 2882 595 ut
2932 543 3038 596 Deo
3094 557 3333 598 nascente
3362 547 3595 603 meritum

2014 644 2258 706 crescer_et
2288 635 2572 700 castitatis;
2601 651 2692 687 nec
2719 652 2808 705 per
2835 637 2946 704 ejus
2974 652 3234 706 egressum
3281 638 3595 692 violarentur

2013 724 2231 792 integra,
2262 723 2349 792 qui
2380 732 2581 777 venerat
2613 739 2795 776 sanare
2823 736 3084 792 corrupta.
3119 726 3248 780 Item
3279 726 3332 780 in
3363 736 3386 764 ε
3417 729 3596 798 Ειροο

2011 814 2208 867 sitione
2239 815 2508 882 Evangelii
2533 813 2825 867 secundum
2852 815 3046 869 Lucam
3081 833 3094 868 :
3131 817 3282 882 Quod
3308 835 3367 871 ea
3387 817 3593 886 potissi—

2017 921 2158 956 mum
2189 906 2318 956 lecta
2353 914 2426 958 est
2471 915 2522 956 ut
2559 903 2721 957 Deum
2767 916 2984 974 pareret,
3014 923 3125 974 quit
3153 917 3260 960 erat
3287 910 3592 978 desponsata

2011 998 2120 1048 viro
2149 995 2284 1065 (Lib.
2313 994 2396 1065 ιι).
2429 995 2619 1049 Natum
2653 1008 2802 1049 certe
2832 1013 2893 1049 ex
2943 996 3156 1064 Virgine
3203 1000 3366 1052 Deum
3399 1000 3592 1066 ιιι-αξἀί-

2011 1098 2120 1154 cat,
2153 1088 2370 1141 Mariam
2419 1087 2642 1139 Matrem
2700 1085 2791 1139 Dei
2846 1089 3108 1140 nominat.
3144 1089 3206 1140 Et
3251 1090 3338 1141 ubi
3380 1090 3464 1141 illa
3506 1097 3590 1147 est

2011 1181 2316 1250 prodigiosa
2342 1189 2504 1247 atque
2522 1177 2867 1231 exsecrabilis
2889 1194 2987 1230 vos
3017 1189 3126 1238 tua,
3147 1195 3247 1246 qua
3271 1177 3374 1242 ais,
3403 1178 3422 1214 τ
3447 1179 3589 1245 Quo-

2011 1273 2171 1325 modo
2203 1284 2371 1324 mater
2409 1278 2581 1336 potest
2614 1285 2733 1324 esse
2770 1270 2930 1322 alieni
2963 1286 2990 1322 a
3024 1279 3212 1322 natura
3253 1271 3383 1322 sua?
3414 1273 3456 1323 si
3490 1287 3588 1324 au-

2012 1371 2116 1416 tem
2151 1369 2322 1414 mater
2351 1363 2418 1414 ab
2444 1362 2572 1429 ipsis
2604 1371 2843 1427 vocatur,
2877 1362 3182 1415 humanitas
3213 1371 3294 1414 est
3321 1364 3461 1431 quod
3488 1377 3588 1416 na-

1383 1516 1635 1572 ALARDI
1675 1518 1908 1574 ΟΑΖᾸΞΙ
1947 1517 2507 1574 COMMENTARIUS.

308 1625 678 1680 Ecclesiastici
715 1641 880 1680 sunt
909 1644 920 1678 :
952 1626 1011 1680 Si
1037 1635 1110 1681 est
1136 1626 1228 1680 tibi
1258 1643 1427 1681 servus
1476 1629 1664 1693 ﬁdelis.
1696 1632 1762 1683 sit
1807 1630 1897 1682 tibi

307 1697 459 1763 quasi
491 1697 663 1766 anima
705 1707 810 1750 tua.
849 1696 1046 1766 Eodem
1105 1698 1291 1750 referri
1331 1709 1503 1765 potest
1553 1700 1680 1753 illud
1728 1701 1894 1753 Exodi

308 1782 410 1820 xm
439 1784 452 1816 :
493 1765 556 1818 Et
588 1767 682 1818 erit
712 1766 858 1834 quasi
886 1765 1087 1834 signum
1115 1768 1169 1820 in
1200 1784 1353 1820 manu
1385 1781 1492 1830 tua,
1527 1780 1570 1821 et
1605 1773 1757 1838 quasi
1784 1787 1900 1823 mo-

309 1847 613 1909 numentum
659 1846 777 1888 ante
807 1839 984 1890 oculos
1013 1848 1149 1905 tuos,
1180 1849 1230 1890 et
1255 1848 1309 1890 ut
1335 1839 1418 1892 lea:
1449 1839 1654 1893 Domini
1697 1856 1899 1909 semper

308 1909 377 1960 sit
403 1908 456 1957 in
487 1921 574 1957 ore
603 1914 707 1958 tuo.

386 1984 411 2011 ι
443 1975 688 2047 Quatuor
711 1977 878 2028 libros
899 1991 994 2029 seu
1019 1977 1190 2042 ponus
1220 1988 1497 2042 tractatus,
1517 1979 1757 2047 ejusdem
1779 1980 1894 2037 fere

2004 1631 2116 1684 rius
2143 1629 2193 1682 in
2225 1630 2484 1698 psalmum
2527 1630 2770 1694 quintum
2822 1631 3246 1696 prenitentialem
3275 1648 3288 1685 :
3319 1631 3585 1689 Candidus

2005 1716 2069 1753 ex
2112 1700 2395 1752 divinitatis
2426 1702 2612 1767 specie,
2657 1702 2972 1754 rubicundus
3003 1718 3064 1755 ex
3092 1705 3341 1766 passionis
3380 1719 3582 1758 cruore.

2011 1770 2050 1842 δ
2105 1770 2488 1842 Dernarilnsin
2532 1772 2671 1842 hunc
2705 1772 2879 1824 locum
2909 1771 3251 1824 Canticorum
3283 1772 3480 1842 (Serm.
3515 1774 3584 1829 48

2009 1841 2062 1892 in
2094 1840 2351 1912 Cantica).
2400 1841 2715 1912 Singularis.
2751 1843 2942 1908 inquit,
2977 1845 3198 1895 mixtura
3229 1840 3300 1896 est
3331 1845 3582 1907 colorum,

2009 1912 2097 1978 qui
2126 1913 2176 1962 iu
2217 1911 2327 1963 sola
2373 1911 2590 1972 persana
2637 1911 2844 1963 Domini
2871 1915 3163 1980 Operatione
3191 1913 3364 1965 divina
3401 1930 3581 1966 conve-

2006 1981 2149 2032 niunt
2185 1981 2237 2033 in
2266 1996 2438 2040 unum,
2475 1997 2564 2033 nec
2595 1989 2649 2032 ut
2675 1982 2774 2033 sint
2804 1998 2957 2042 unus,
2983 1984 3070 2033 sed
3093 1994 3144 2034 ut
3165 1983 3264 2034 sint
3294 1985 3344 2034 in
3374 2000 3494 2034 uno.
3536 1983 3582 2038 Ο

312 2046 620 2114 argumenti
651 2047 822 2130 edidit
851 2047 909 2099 S.
941 2045 1606 2130 Ait-ilirosius,.qui_omnes
1636 2052 1688 2103 in
1722 2053 1895 2117 primo
1927 2061 1972 2120 Β
2003 2053 2261 2130 gratiosus
2288 2067 2522 2130 sponsus,
2557 2061 2602 2130 et
2628 2053 2860 2130 amabilis
2904 2051 3070 2130 valde,
3114 2053 3167 2104 in
3195 2045 3579 2130 quo-generatio

311 2125 463 2188 tonio
495 2119 710 2188 veteris,
731 2118 982 2188 editionis
1011 2119 1332 2172 Parisiensis
1367 2121 1700 2188 aliarumque
1739 2133 1894 2175 velu-

309 2187 542 2258 Stiorum
571 2187 1106 2258 continebantur.,At
1140 2190 1190 2242 in
1220 2189 1320 2242 alia
1356 2187 1658 2258 poSteriore
1693 2193 1890 2245 editio-

310 2272 383 2311 ne
414 2255 708 2310 Parisiensi
761 2272 850 2310 au.
900 2256 1036 2311 1586
1068 2259 1281 2312 inverso
1325 2255 1512 2314 ordine
1547 2261 1597 2313 in
1646 2263 1889 2330 quintum

307 2335 369 2381 et
397 2339 729 2397 postremum
755 2338 954 2379 tomum
983 2330 1211 2397 conji-rti
1235 2341 1378 2383 sunt.
1409 2330 1616 2383 Primus
1635 2342 1892 2388 tractatus

308 2411 393 2452 est
416 2397 494 2450 De
525 2396 820 2464 Virginibus
846 2397 910 2450 ad
938 2396 1302 2452 Mareellinam
1327 2415 1566 2453 Sororem
1585 2417 1756 2464 suam,
1783 2414 1890 2457 tres

309 2469 484 2542 libros
504 2469 904 2542 complements;
930 2471 1232 2542 secundus:
1260 2470 1338 2522 Ad
1357 2471 1582 2542 (virgines
1609 2471 1891 2527 exhortatio

309 2537 408 2612 i_ib.
443 2539 633 2612 unicus
653 2554 674 2612 ;_
687 2540 919 2612 tertius:
945 2537 1209 2592 Institutio
1236 2537 1758 2612 virginis'inscriptus
1779 2584 1794 2607 ,
1825 2545 1890 2598 ad

310 2607 629 2683 Eu~e_bium,
651 2609 757 2683 liti.
805 2611 1029 2683 unicus;
1060 2623 1283 2683 qiiartus
1309 2607 1330 2664 ἶ
1353 2611 1436 2683 Ad
1464 2607 1704 2683 virginem
1732 2616 1888 2668 devo-

312 2686 420 2730 tam
449 2679 537 2753 lib.
574 2681 780 2753 unicus.
801 2679 1058 2753 Sequitur
1086 2681 1280 2734 deinde
1312 2679 1596 2753 liberalius
1627 2684 1706 2736 Ad
1737 2687 1891 2753 virgi-

309 2747 674 2824 nem-lapsam.
701 2751 766 2802 At
796 2747 908 2813 hic,
933 2752 1236 2824 Bellarmini
1280 2752 1482 2824 judicio
1510 2752 1644 2824 (Lib.
1677 2755 1741 2807 de
1769 2747 1888 2810 Scr.

309 2816 570 2890 εεειεεᾲ),
593 2836 694 2871 non
722 2826 929 2874 videtur
951 2837 1070 2876 esse
1095 2823 1152 2875 D.
1191 2816 1492 2890 Ambrosii,
1517 2816 1592 2876 ὀὶ)
1622 2828 1887 2879 rationein

307 2887 383 2942 ab
406 2891 522 2951 ipso
555 2891 836 2947 redditam.
869 2892 1034 2944 Porro
1065 2894 1296 2955 quze’liic
1324 2887 1555 2946 citantur
1578 2897 1736 2947 Verba
1763 2898 1890 2948 Ain-

310 2959 480 3036 bros_i:
517 2962 702 3036 nonin
737 2976 803 3014 eo
837 2962 973 3036 libro
1001 2962 1268 3036 habentur
1296 2966 1572 3036 quivulgo
1601 2965 1683 3018 Ad
1725 2966 1887 3036 Virgi-

309 3045 402 3081 nes
473 3032 760 3106 seribitur,
792 3031 885 3106 sed
920 3032 970 3084 in
1004 3032 1178 3100 primo
1208 3029 1345 3088 libro
1368 3034 1446 3106 De
1474 3029 1767 3106 Virginibus
1791 3029 1891 3090 :vet

313 3100 480 3172 paulo
508 3101 663 3172 alite_r
693 3103 829 3168 apud
867 3103 1038 3171 ipsum
1065 3113 1338 3158 auctorem
1372 3100 1638 3172 leguntur,
1673 3108 1722 3158 in
1751 3106 1890 3160 hunc

312 3171 568 3222 modum:
600 3168 902 3225 Fraternas
935 3189 1077 3227 meus
1125 3175 1372 3226 candidus
1403 3168 1450 3228 ei
1497 3176 1698 3229 rubens.
1732 3175 1890 3230 Decet

309 3241 452 3314 enim
485 3250 540 3292 ut
560 3241 704 3314 plene
730 3244 948 3314 noveris,
983 3245 1146 3314 virgo,
1170 3261 1317 3314 quem
1347 3245 1539 3311 diligis,
1567 3257 1719 3312 atque
1743 3263 1891 3299 omne

311 3309 365 3385 in
395 3326 455 3362 eo
482 3319 533 3362 et
571 3313 814 3378 ingenita:
854 3309 1136 3385 divinitatis
1181 3309 1233 3366 ἐι
1279 3309 1552 3384 assumpta:
1597 3309 1890 3385 mysterium

310 3378 742 3455 incorporationis
772 3399 1038 3455 agnocas.
1073 3381 1342 3438 Candidus
1372 3378 1580 3447 merito,
1609 3378 1729 3455 quia
1775 3386 1885 3439 Pa-

310 3452 405 3526 tris
435 3449 929 3526 splendor;_rubens
951 3495 964 3514 ,
993 3457 1113 3523 quia
1143 3467 1321 3522 partus
1354 3465 1426 3508 est
1463 3449 1707 3526 Virginis.
1734 3457 1888 3510 Color

309 3522 449 3573 enim
490 3523 545 3572 in
575 3538 633 3574 eo
655 3523 815 3592 fulget
835 3535 881 3575 et
914 3522 1089 3577 rutilat
1113 3526 1378 3591 utriusque
1397 3522 1608 3578 naturir.
1638 3525 1890 3580 Memento

309 3600 481 3643 tamen
498 3593 789 3660 antiquiora
805 3595 858 3646 in
880 3611 937 3647 eo
959 3595 1236 3648 divinitatis
1255 3597 1476 3664 insignia
1491 3612 1639 3664 quam
1663 3601 1889 3662 corporis

307 3673 665 3734 sacramenta;
693 3665 814 3733 quia
853 3680 953 3715 non
981 3667 1128 3734 erepit
1166 3681 1227 3718 ea:
1262 3664 1499 3734 Virgine,
1551 3667 1639 3718 sed
1668 3669 1754 3727 qui
1781 3676 1887 3721 erat

308 3733 444 3784 venit
475 3733 528 3783 in
561 3724 827 3802 uirginem.
875 3735 964 3788 Sic
993 3724 1326 3790 Ambrosius.
1355 3724 1431 3788 Ex
1461 3724 1528 3804 qu
1555 3736 1652 3789 bus
1677 3724 1889 3791 (Βηθὴλ-

311 3815 414 3854 nus
443 3804 670 3874 paucula
703 3806 868 3857 verba
899 3807 1152 3868 mutavit,
1199 3818 1250 3859 et
1288 3807 1512 3874 paucula
1545 3822 1647 3860 non
1698 3824 1888 3862 neces-

311 3875 452 3946 saria
481 3873 691 3938 omisit;
725 3883 784 3946 et,
811 3891 906 3939 pro
935 3875 1064 3928 libro
1093 3876 1178 3944 qui
1204 3873 1382 3930 est’Ad
1404 3877 1644 3946 virgines,
1689 3892 1886 3931 Secun-

311 3941 436 3994 dum
471 3956 742 4011 Vttzgulum
777 3945 936 4000 hodie
964 3941 1200 4009 titulum,
1222 3946 1405 4000 dicere
1439 3941 1888 4002 debueratzlibro

310 4013 477 4093 primo
508 4012 583 4066 De
615 4014 930 4093 Virginibus.
959 4016 1065 4071 Sed
1095 4032 1250 4071 error
1271 4027 1354 4072 est
1377 4019 1604 4071 fortasse
1625 4020 1884 4087 temporis

312 4087 488 4150 potius
519 4099 676 4150 quam
703 4087 956 4140 auctoris.

383 4152 408 4190 δ
443 4154 704 4216 Vulgattis
726 4164 939 4210 textus:
973 4157 1200 4211 Dilectus
1229 4175 1368 4211 meus
1399 4158 1646 4211 candidus
1673 4167 1720 4211 et
1744 4159 1887 4213 rubi-

310 4225 518 4295 cundus.
548 4226 608 4277 Ι).
633 4225 986 4295 Hieronymus
1006 4233 1199 4295 passim
1219 4229 1343 4293 legit
1369 4247 1381 4280 :
1407 4226 1699 4282 Fratruelis
1722 4245 1880 4283 meus.

313 4291 470 4367 quue
517 4298 663 4348 varie
694 4291 941 4365 exponit,
975 4291 1424 4367 quemadmodum
1457 4310 1511 4353 et
1553 4300 1642 4353 alii
1676 4301 1879 4353 Patres.

314 4363 613 4433 Altegorice
637 4367 704 4420 de
729 4363 963 4432 Christo,
994 4363 1049 4421 ut
1075 4369 1178 4427 hic.
1223 4373 1275 4422 in
1321 4368 1470 4422 Isaiae
1496 4385 1613 4434 cap.
1649 4385 1738 4422 LIII
1769 4391 1781 4424 :
1811 4371 1885 4424 De

310 4448 429 4495 (tuo,
457 4435 556 4496 ait,
587 4445 637 4488 et
668 4452 856 4504 sponsa
885 4439 934 4489 in
966 4437 1176 4492 Cantica
1203 4439 1520 4492 canticorum
1549 4455 1567 4492 :
1596 4439 1884 4494 Fratruelis

312 4519 445 4576 meus
470 4507 722 4559 candidus
749 4516 795 4558 et
816 4509 1152 4576 rubicundus,
1177 4509 1364 4562 electus
1393 4511 1455 4563 de
1481 4511 1726 4565 millibus.
1754 4510 1885 4564 Can-

312 4574 456 4628 didus
483 4576 804 4648 plenitudine
829 4594 892 4630 ac
913 4574 1147 4648 puritate
1171 4581 1452 4648 virtutum;
1487 4580 1800 4633 rubicundus
1830 4583 1882 4634 in

310 4649 562 4721 passione,
580 4645 644 4698 de
661 4664 771 4721 qua
792 4645 967 4721 postea
989 4648 1169 4721 lecturi
1197 4645 1534 4715 sumus:Quis
1562 4662 1634 4703 est
1663 4651 1774 4717 iste,
1796 4654 1882 4721 qui

309 4716 534 4790 ascenst
561 4723 625 4769 de
651 4716 840 4790 Edam,
871 4719 1067 4788 fulvida
1097 4722 1388 4774 vestimenta
1415 4721 1563 4790 ejus?
1593 4721 1658 4774 Et
1680 4722 1732 4774 in
1759 4716 1876 4790 cap.

2000 2122 2175 2172 divina
2203 2121 2405 2180 candet,
2438 2132 2485 2172 et
2514 2121 2653 2172 rubet
2690 2123 2913 2172 humana
2933 2121 2952 2172 .'
2984 2119 3100 2184 Ipse
3124 2134 3197 2174 est
3225 2119 3357 2174 enim
3385 2126 3578 2176 candor

1997 2191 2123 2242 lucis
2136 2192 2504 2259 wterntz(Sap.
2528 2191 2643 2256 vn),
2663 2199 2765 2245 etc.
2799 2194 2858 2243 fit
2884 2195 3013 2243 tttll‘a
3034 2209 3046 2242 :
3071 2192 3262 2255 Quidni
3289 2195 3577 2246 candidus?

1995 2261 2102 2329 ipse
2126 2261 2216 2312 lux
2241 2271 2333 2315 est.
2362 2268 2406 2311 et
2436 2261 2490 2312 in
2512 2277 2568 2311 eo
2593 2263 2810 2314 tenebrce
2835 2277 2936 2312 non
2963 2273 3078 2314 sunt
3101 2263 3238 2314 ultre.
3268 2262 3460 2328 Quidni
3491 2281 3576 2316 rue

1997 2329 2453 2384 bicundus70eus
2485 2332 2616 2382 enim
2665 2333 2796 2400 ignis
2847 2341 2942 2394 est,
2991 2344 3037 2383 et
3083 2334 3192 2400 ipse
3239 2334 3406 2399 ignem
3438 2337 3574 2394 venit

1995 2403 2196 2454 mittere
2224 2404 2276 2453 in
2307 2412 2520 2453 terram.
2569 2401 2629 2455 Si
2679 2403 2768 2454 tibi
2815 2405 3066 2455 ministrat
3099 2403 3454 2473 intelligentia;-
3491 2406 3575 2457 lu-

1995 2487 2122 2534 cem,
2151 2473 2405 2524 candidus
2454 2481 2564 2535 est;
2613 2474 2703 2524 sed
2753 2475 2797 2524 si
2845 2490 2944 2524 non
2990 2479 3214 2524 animum
3245 2475 3474 2525 accendit
3503 2476 3573 2527 ad

1993 2558 2241 2608 amorem,
2271 2559 2370 2594 non
2393 2557 2508 2614 eum
2533 2543 2688 2595 sentis
2714 2543 3078 2596 rubicundum.
3105 2542 3171 2595 1η
3195 2545 3360 2614 seipso
3384 2555 3575 2596 utrum-

1993 2629 2094 2682 que
2114 2623 2208 2678 est,
2236 2613 2324 2665 sed
2353 2611 2442 2664 tibi
2473 2629 2573 2664 non
2601 2623 2692 2672 est,
2719 2615 2820 2665 nisi
2861 2629 2978 2665 cum
3007 2629 3182 2665 eorum
3225 2611 3279 2665 in
3325 2624 3371 2666 te
3417 2618 3573 2668 sentis

1994 2682 2251 2747 e/fectum,
2295 2683 2400 2736 etc.
2446 2684 2636 2736 Plures
2667 2684 2801 2736 alias
2832 2685 3196 2750 expositionvs
3246 2685 3394 2751 leges
3432 2687 3572 2752 apud

1995 2753 2415 2812 Ttieodoretum.
2465 2764 2519 2806 et
2571 2753 2726 2818 alios,
2780 2753 2869 2819 qui
2914 2757 2963 2805 in
3017 2753 3235 2806 Cantica
3276 2754 3566 2816 scripsere.

1995 2822 2132 2877 Sunt
2163 2832 2340 2877 autem
2367 2823 2672 2888 fratrueles,
2699 2833 2754 2874 ut
2779 2825 2878 2876 lioc
2907 2823 3078 2876 obiter
3107 2823 3320 2883 addam,
3341 2824 3570 2879 duorum

1995 2891 2220 2946 fratrum
2254 2893 2385 2956 ﬁlii;
2416 2894 2503 2960 qui
2546 2901 2600 2945 et
2629 2896 2818 2946 fratres
2863 2895 3130 2960 patrueles
3158 2908 3186 2946 a
3211 2893 3571 2961 jurisconsul-

1994 2965 2065 3016 tis
2092 2964 2336 3017 dicuntur
2361 2963 2759 3030 quiafratribus
2785 2979 2849 3016 ex
2879 2964 3087 3016 duobus
3119 2975 3565 3030 progenerantur,

1993 3035 2131 3086 sicut
2162 3033 2468 3087 coosobrini
2500 3033 2589 3100 qui
2621 3047 2688 3085 ex
2724 3032 2934 3096 duabus
2966 3033 3264 3099 sororibus,
3306 3046 3364 3087 ut
3412 3036 3572 3091 docet

1992 3103 2326 3157 Justiniauus
2353 3103 2443 3155 lib.
2473 3117 2531 3155 m
2554 3101 2973 3158 Institutionum.

2075 3185 2096 3210 ε
2135 3175 2409 3228 Habentur
2458 3172 2573 3226 hzec
2602 3173 2762 3226 verba
2806 3190 2910 3226 non
2945 3176 2994 3227 in
3039 3173 3218 3242 aliquo
3258 3190 3568 3230 sermonum

1993 3243 2082 3310 qui
2117 3260 2258 3298 nunc
2296 3243 2542 3297 feruntur
2570 3244 2623 3296 S.
2660 3243 2931 3298 Ambrosii
2965 3249 3210 3310 nomine,
3240 3246 3332 3300 sed
3374 3246 3426 3298 in
3455 3261 3571 3300 Ser-

1995 3330 2152 3368 ΙΙΙοιιΘ
2179 3325 2334 3368 sexto
2379 3315 2437 3368 S.
2474 3315 2755 3382 Augustini
2800 3315 2867 3368 de
2900 3315 3067 3368 Natali
3099 3317 3340 3377 Domini,
3375 3317 3566 3371 saltem

1997 3386 2186 3450 majori
2235 3401 2298 3438 ex
2355 3393 2524 3452 parte.
2576 3384 2706 3438 Nam
2754 3387 2905 3438 multi
2957 3400 3234 3438 sermones
3285 3388 3570 3440 Ambrosio

1917 3430 1961 3493 (ἶ
1993 3430 2212 3522 asciipti
2252 3430 2597 3508 inveniuntur
2645 3457 2781 3510 inter
2812 3472 3094 3509 SCI'iIlOltP-S
3123 3456 3406 3519 Augustini
3433 3471 3446 3508 :
3477 3457 3569 3510 alii

1994 3522 2120 3578 item
2152 3528 2290 3578 inter
2321 3540 2601 3579 serntmn-s
2645 3525 2704 3580 S.
2742 3527 2976 3590 Maximi,
3003 3535 3057 3579 ut
3092 3527 3331 3578 oSIendit
3359 3525 3566 3578 Bellar-

1992 3596 2169 3649 mious
2217 3595 2364 3664 (Lib.
2411 3597 2474 3649 de
2505 3597 2699 3663 SCript.
2736 3595 2913 3648 Eccles
2948 3598 2998 3660 )2
3049 3594 3114 3648 Ut
3147 3595 3327 3662 plane,
3364 3595 3563 3661 inquit,

1980 3665 2218 3734 judicari
2237 3682 2337 3719 non
2367 3669 2546 3731 possit,
2569 3678 2741 3719 utrum
2763 3665 3026 3719 Ambrosio
3053 3666 3130 3717 vel
3162 3665 3392 3718 Maximo
3415 3666 3568 3718 tribui

1998 3736 2228 3788 debeant.
2263 3738 2368 3790 Sed
2399 3748 2452 3789 et.
2492 3752 2648 3802 quain
2703 3737 2963 3802 plurimos
3012 3749 3293 3788 sermones
3325 3736 3564 3795 eiusdem

1987 3805 2273 3859 'Ambrosii
2301 3815 2510 3858 constat
2531 3820 2651 3858 e~se
2678 3807 3005 3870 deperditus,
3033 3815 3084 3856 ut
3117 3805 3274 3858 docet
3307 3805 3566 3859 Duronius

1992 3874 2162 3943 (Tom.
2192 3891 2225 3928 v
2257 3874 2444 3928 Annal.
2479 3892 2566 3927 an.
2605 3875 2750 3941 597),
2787 3876 2874 3940 qui
2907 3883 3146 3942 tempore
3175 3875 3416 3928 Cassiani
3452 3875 3564 3927 for-

1992 3947 2149 3998 tassis
2186 3945 2498 4010 exsmbant;
2536 3948 2674 3998 inter
2712 3961 2843 4015 quos
2895 3961 3016 3999 esse
3062 3947 3233 4014 potuit
3261 3959 3440 3998 sermo
3475 3946 3566 3999 ille

1989 4016 2056 4068 de
2094 4015 2265 4069 Natali
2302 4017 2542 4081 Domini,
2585 4017 2726 4071 unde
2757 4019 2926 4072 vetba-
2958 4019 3056 4069 ista
3089 4017 3404 4085 deprompta
3445 4031 3566 4084 quin

1990 4085 2076 4139 hic
2104 4088 2358 4141 citantur.

2059 4155 2086 4193 τι
2122 4159 2184 4228 ln
2215 4173 2469 4211 sermone
2494 4156 2587 4210 illo
2615 4157 2756 4224 apud
2795 4157 3146 4226 Augusdnum
3178 4157 3373 4228 legitur
3407 4175 3420 4211 :
3453 4155 3580 4211 Μαν

1985 4229 2078 4281 tris
2109 4227 2362 4293 [)ontinici
2393 4228 2640 4297 corporis.

2065 4312 2086 4334 τ
2131 4297 2297 4366 Hujus
2325 4300 2677 4364 expositionis
2703 4299 2884 4366 (quam
2920 4297 3096 4351 nullus
3121 4297 3324 4350 dubitat
3358 4313 3477 4350 esse
3501 4297 3576 4349 D.-

1987 4368 2280 4437 Ambrosii)
2324 4369 2518 4421 librum
2572 4371 2864 4422 secundum
2905 4370 2981 4420 sic
3017 4370 3298 4420 e\0l'tiilllf‘
3337 4367 3584 4420 Ainln-o»

1987 4443 2100 4501 sius
2132 4457 2144 4492 :
2175 4438 2356 4492 Latent
2387 4439 2586 4507 quidem
2617 4440 2786 4490 divina
2819 4439 3080 4506 mysteria,
3111 4455 3198 4489 nec
3223 4438 3396 4507 facile,
3416 4437 3584 4502 juxta:

1987 4513 2338 4581 propheticum
2385 4505 2575 4581 dictum
2629 4508 2968 4581 (laniatum),
3007 4510 3266 4577 quisquam
3303 4505 3566 4581 hominum

1985 4575 2147 4649 potest
2179 4581 2308 4633 scire
2338 4577 2606 4632 consilium
2638 4575 2749 4631 Dei.
2793 4580 2896 4634 Sed
2921 4590 3085 4631 tmnen
3116 4575 3177 4630 ex
3203 4575 3572 4649 cadens-factis

1984 4647 2136 4719 atque
2152 4651 2420 4722 prccceptis
2447 4650 2648 4722 Domini
2673 4650 2956 4722 Saluatoris
2977 4666 3244 4718 possumus
3265 4647 3566 4722 intelligere,

1984 4732 2032 4773 et
2052 4718 2161 4774 γιοᾰ
2187 4718 2534 4792 propensioris
2565 4720 2722 4790 fuisse
2742 4719 2965 4783 consilii,
2996 4723 3129 4788 quod
3161 4735 3218 4771 ea
3249 4718 3566 4792 potissimum

310 4797 430 4868 Ιτῖιιξ
456 4785 768 4868 :Fratruelis
785 4785 924 4868 meus
947 4790 1264 4868 rubicundus
1282 4801 1329 4844 et
1345 4785 1885 4868 can'didusﬂttbicu'n-
1910 4810 1963 4868 ι)
1987 4793 2147 4868 electa
2174 4785 2259 4868 est
2283 4785 2354 4844 'ut
2385 4785 2660 4844 Dominum
2692 4802 2891 4861 pareret
2919 4834 2950 4868 ,.
2973 4785 3089 4858 qua:
3129 4799 3234 4842 erat
3252 4785 3567 4868 desponsata

308 4855 465 4929 dusin
471 4859 740 4929 passione,
765 4861 1019 4929 candidus
1039 4866 1090 4912 in
1106 4861 1488 4914 re..urrectione.
1514 4863 1651 4915 Alibi
1669 4861 1718 4929 (l
1726 4881 1757 4914 η
1771 4865 1880 4928 epi-

308 4927 733 5000 taph.Pau'lazep.
756 4927 849 5000 27)
875 4931 942 4994 de
969 4929 1184 4985 Christo
1209 4945 1260 4986 et
1285 4932 1519 4985 Ecclesia
1545 4927 1763 5000 ejusque
1787 4949 1882 4986 va.

307 4997 513 5069 rieiate,
538 4997 1012 5069 allegarice'simul
1035 5015 1088 5056 et
1132 5003 1457 5069 tropologice
1482 5019 1494 5053 :
1524 4997 1643 5054 Non
1681 4997 1878 5068 solum,

308 5066 494 5132 inquit,
523 5068 711 5135 effusio
736 5071 999 5139 sanguinis
1046 5073 1095 5124 in
1129 5066 1448 5140 confessione
1478 5080 1762 5143 reputatur.”
1792 5066 1882 5127 sed

307 5143 497 5190 devota
508 5155 709 5212 quoque
729 5143 908 5212 mentis
924 5143 1136 5195 servitus
1165 5143 1496 5195 immaculata
1521 5145 1881 5212 quotidianum

307 5211 604 5280 martyrium
635 5221 729 5280 est.
761 5209 867 5264 Illa
893 5229 1081 5264 corona
1107 5213 1170 5266 de
1203 5215 1332 5266 rasis
1361 5224 1407 5265 et
1445 5209 1588 5265 violis
1619 5216 1875 5280 plectitur,

306 5277 398 5328 ista
421 5277 486 5331 de
504 5279 652 5331 liliis.
683 5279 831 5334 Unde
871 5289 920 5334 et
957 5285 1010 5335 in
1031 5281 1239 5336 Cantica
1283 5284 1519 5337 scribitur
1549 5277 1879 5338 Canticorum

309 5345 458 5421 (Cap.
546 5350 604 5419 ν)
632 5367 646 5401 :
676 5347 968 5406 Fratruelis
1010 5370 1152 5406 meus
1179 5355 1430 5406 candidus
1461 5365 1506 5406 et
1543 5357 1890 5421 rubicundus,

305 5426 349 5489 et
374 5420 425 5472 in
452 5435 579 5488 pace
605 5430 653 5472 et
682 5423 734 5475 in
763 5422 896 5476 bello
938 5426 1114 5476 eadem
1164 5427 1378 5489 prcemia
1426 5425 1738 5478 vincentibus
1787 5420 1881 5477 tri;

307 5487 579 5566 buens._Et
671 5507 696 5566 1Δ
733 5495 997 5566 adversus
1022 5487 1361 5548 Jovinianum
1396 5493 1548 5566 (Cap.
1588 5498 1675 5564 17)
1703 5515 1713 5548 :
1746 5496 1881 5548 Can-

306 5561 454 5635 didus
483 5563 538 5615 in
567 5563 876 5631 virginitate,
916 5564 1226 5618 rubicundus
1270 5566 1324 5617 in
1371 5561 1733 5635 niartyrim'D.
1769 5566 1880 5618 Au-

305 5630 546 5706 gustinus
565 5630 725 5706 supra
757 5636 951 5706 citatus
975 5635 1168 5706 (Serm.
1199 5635 1232 5689 5
1253 5638 1316 5689 de
1342 5630 1675 5706 Asceniione)
1709 5635 1879 5689 :Can-

306 5703 451 5769 aidus
477 5718 544 5760 ea:
563 5705 778 5772 virgine,
807 5703 1120 5762 rubicundus
1146 5705 1198 5761 in
1229 5721 1397 5774 cruce,
1429 5718 1536 5764 etc.
1565 5705 1624 5763 S.
1658 5703 1871 5779 Grego-

1991 4864 2120 4915 viro.
2164 4863 2267 4915 Cur
2291 4875 2460 4914 autem
2490 4879 2589 4914 non
2615 4858 2887 4930 antequam
2918 4862 3330 4930 despatisaretur,
3360 4858 3569 4919 impleta

1990 4935 2107 4986 est?
2147 4943 2252 4986 etc.
2305 4932 2435 4998 Qus:
2465 4947 2594 4999 ergo
2624 4935 2698 4984 sic
2729 4929 3022 4996 Sequuntur
3057 4947 3072 4983 :
3107 4929 3301 4982 Natant
3342 4938 3474 4999 certe
3505 4941 3573 4979 ρει

2001 5002 2208 5071 Virgine
2239 4996 2404 5054 Deum
2430 4996 2697 5067 prwdicat,
2720 5015 2823 5053 etc.
2853 5000 2968 5055 Non
3001 5002 3313 5071 suntverba
3343 4996 3569 5071 Ambro-

1988 5074 2055 5126 sii
2085 5070 2100 5136 ,
2130 5075 2225 5127 sed
2259 5071 2496 5125 Cassiani
2529 5089 2590 5125 ex
2625 5072 2906 5125 Ambrosio
2935 5070 3239 5124 Nestorium
3270 5070 3569 5136 arguentis.

1991 5145 2180 5197 Natum
2219 5145 2360 5196 enim
2395 5158 2458 5195 ex
2502 5143 2715 5211 Virgine
2749 5143 2910 5194 Deum
2947 5143 3194 5203 praedicat
3232 5137 3568 5211 Auibr0~ius,

1989 5227 2042 5268 et
2091 5216 2306 5267 Mariam
2361 5214 2448 5266 Dei
2506 5209 2724 5265 Matri-ui
2777 5222 3054 5277 nominat.
3097 5227 3217 5264 cum
3252 5227 3371 5264 eam
3400 5226 3426 5260 ει
3460 5209 3568 5260 Deo

1989 5277 2448 5339 eici-latitasset“.
2481 5295 2531 5335 ut
2568 5283 2735 5335 Deum
2766 5297 2997 5345 timeret.
3047 5282 3183 5347 Quid
3230 5285 3371 5334 enim
3402 5281 3567 5353 Laiind

1988 5363 2074 5408 est
2118 5356 2211 5408 Dei
2261 5355 2525 5414 Matrem,
2572 5370 2666 5407 seu
2698 5353 2935 5409 Θιοτὸκον
2990 5367 3144 5414 csse,
3189 5367 3347 5422 quam
3400 5349 3569 5402 Deum

1988 5428 2166 5493 peperi
2183 5442 2257 5477 ssc
2273 5430 2295 5475 ’ἵ

2065 5490 2081 5532 ί
2129 5497 2238 5548 lluc
2263 5503 2376 5556 est,
2411 5494 2549 5559 quod
2586 5495 2706 5544 aliis
2750 5493 2925 5545 verbis
2953 5491 3200 5560 superius
3249 5490 3395 5558 (Lib.
3437 5506 3482 5540 Vt
3514 5505 3564 5544 c.

1988 5566 2076 5625 13.
2107 5577 2152 5619 et
2192 5567 2278 5618 lib.
2314 5581 2382 5617 \‘ll
2414 5581 2459 5616 c.
2489 5565 2543 5628 5)
2585 5565 2720 5617 dixit
2752 5565 3024 5616 Ne~toiius
3055 5581 3066 5614 :
3099 5562 3441 5616 Homomisios
3472 5578 3569 5623 pu-

1983 5638 2113 5688 rena'
2142 5638 2283 5692 debet
2313 5652 2414 5690 esse
2445 5635 2701 5688 ttatit'tfas.
2731 5635 2880 5702 Quod
2910 5635 2980 5690 ibi
3014 5636 3254 5704 pluribus
3279 5637 3566 5688 t’elutatum

1982 5719 2086 5763 est.
