4016 6192
377 314 482 371 257

1374 314 1461 369 DE
1503 313 2008 371 INCARNATIONE
2050 314 2315 371 CHRISTI
2357 314 2483 372 LIB.
2531 314 2641 373 VII.

3595 331 3611 347 Ι

3552 330 3662 387 Ωξιϐ

376 432 475 483 tius
499 445 593 501 pro
627 435 799 483 nostra
828 428 993 482 salute
1015 426 1231 481 hominis
1256 427 1420 494 factus
1445 438 1518 482 est
1543 426 1714 482 Filius
1747 445 1763 481 :
1796 430 1965 483 decem
1995 438 2039 492 Α
2070 429 2206 482 sium
2235 436 2456 483 creator
2476 435 2580 495 est,
2607 436 2660 482 et
2688 441 2795 483 non
2818 433 3086 485 mensium
3110 440 3318 501 partus.
3348 433 3495 492 Ecce
3513 440 3659 495 enim

374 520 634 574 mensibus
664 522 719 573 in
746 530 912 587 utero,
935 529 993 573 ut
1020 528 1280 587 nascatur,
1305 528 1601 585 exspectat;
1630 529 1676 573 et
1706 519 1794 573 ille
1824 520 1972 589 cujus

375 610 579 681 pugillo
607 611 828 665 mundus
858 612 1176 675 includitur,
1218 611 1456 681 prtzsepii
1484 612 1771 664 continetur
1810 628 1973 683 angu-

375 705 507 755 stiis.
540 702 672 757 Item
700 702 868 771 ipsius
892 702 944 755 in
962 702 1355 756 commentario
1379 702 1530 756 Isaia
1559 700 1645 772 (In
1667 701 1821 757 Isaia
1840 704 1969 772 vn):

375 792 633 847 Dominus
651 794 784 846 enim
802 794 1069 859 virtutum,
1091 794 1179 857 qui
1203 802 1274 847 est
1299 793 1407 847 Rex
1422 793 1621 863 glorite,
1641 795 1747 866 ipse
1767 794 1972 849 descen-

376 887 454 939 dit
501 886 557 939 in
604 898 803 939 uterum
834 886 1139 955 virginalem
1164 928 1179 951 ,
1214 894 1261 939 et
1287 885 1546 955 ingressus
1572 894 1645 938 est
1671 895 1718 938 et
1738 900 1971 955 egressus

377 981 684 1036 orientalem
703 992 927 1048 portam,
946 996 1058 1050 qua
1074 996 1271 1050 semper
1287 980 1461 1034 clausa
1480 990 1551 1033 est
1574 978 1784 1049 (Ezech.
1800 979 1943 1048 xuv)
1955 1018 1969 1032 .

380 1072 457 1127 De
483 1090 583 1142 quo
608 1072 813 1126 Gabriel
834 1073 957 1125 dicit
975 1073 1040 1125 ad
1062 1071 1325 1142 Virginem
1354 1087 1372 1124 :
1402 1070 1630 1141 Spiritus
1659 1082 1863 1124 sanctus
1885 1088 1972 1125 su-

375 1165 636 1236 perveniet
664 1165 717 1217 in
744 1174 791 1218 te
816 1174 864 1217 et
893 1165 1053 1217 uirtus
1076 1164 1328 1217 Altissimi
1357 1162 1676 1216 obumbrabit
1699 1162 1808 1216 tibi.
1836 1160 1973 1216 Pro-

377 1268 557 1327 pterea
580 1255 719 1324 quod
740 1264 972 1307 nascetur
1000 1256 1054 1307 in
1077 1264 1124 1306 te
1140 1264 1373 1307 sanctum
1402 1253 1663 1305 vocabitur
1688 1250 1855 1306 Filius
1881 1251 1974 1306 Dei

379 1348 537 1417 (Luc.
572 1347 637 1417 t).
671 1356 694 1383 ⁸
727 1345 793 1400 Et
816 1347 870 1401 in
896 1344 1208 1400 Proverbiis
1238 1361 1252 1399 :
1282 1344 1553 1415 Sapientia
1576 1343 1849 1412 wdiﬁcauit
1877 1342 1975 1397 sibi

378 1440 596 1491 domum
627 1436 809 1508 (Prov.
832 1438 935 1505 ix).
963 1435 1231 1505 Compara
1264 1435 1388 1502 hoc,
1414 1438 1457 1489 si
1483 1435 1684 1506 placet.
1715 1434 1977 1489 docti-inte

380 1541 516 1593 tusc,
543 1529 708 1582 immo
733 1527 1110 1597 blasphemia),
1135 1542 1239 1597 qua
1271 1528 1351 1583 ais
1382 1543 1397 1582 :
1429 1528 1570 1582 Deus
1602 1527 1745 1582 enim
1773 1525 1800 1564 ι)
1821 1541 1977 1582 men-

2076 522 2433 592 Hieronymus
2463 522 2544 575 vir
2574 520 2711 576 sicut
2734 522 2984 578 maximze
3005 525 3268 591 scientiae,
3296 527 3369 581 ita
3395 530 3658 599 probat‘s-

2073 614 2223 668 simae
2249 626 2503 683 puraeque
2534 611 2818 678 doctrinae,
2845 613 3036 669 iisdem
3063 630 3233 685 prope
3260 619 3445 675 verbis
3467 623 3662 693 quibus

2076 714 2130 761 tu
2164 706 2259 761 Dei
2286 706 2482 760 Filium
2515 706 2779 761 mensium
2806 714 3015 775 partum
3067 723 3263 779 negas,
3308 712 3401 768 ille
3448 724 3659 784 partum

2076 796 2344 852 mensium
2375 810 2495 851 esse
2520 803 2775 851 testatur.
2808 796 3003 852 Decem
3033 798 3199 865 enim,
3232 800 3427 873 inquit,
3458 809 3659 863 mensi-

2077 887 2177 942 bus
2205 889 2256 942 in
2285 895 2470 952 utero,
2503 895 2562 941 ut
2591 894 2878 953 nascatur,
2908 898 3207 958 exspectat.
3236 891 3342 948 Sed
3375 910 3536 964 parva
3559 898 3661 953 tibi

2076 976 2301 1032 forsitan
2344 978 2445 1031 viri
2484 976 2645 1047 hujus
2686 977 2901 1033 videtur
2931 980 3227 1035 auctoritas
3255 999 3269 1034 :
3300 983 3440 1039 idem
3471 1001 3665 1042 omnes

2078 1080 2240 1138 atque
2270 1068 2458 1123 iisdem
2488 1069 2668 1124 verbis
2710 1078 2897 1138 putato
2938 1070 3147 1137 dicere;
3189 1072 3309 1143 quia
3339 1076 3664 1149 quicumque

2080 1161 2176 1217 Dei
2201 1161 2395 1216 Filium
2429 1170 2642 1232 partum
2669 1176 2793 1218 esse
2822 1162 3058 1234 Virginis
3086 1179 3193 1220 non
3224 1176 3384 1237 negat
3406 1209 3422 1235 ,
3452 1182 3662 1240 partum

2080 1267 2203 1309 esse
2232 1252 2501 1309 mensium
2528 1253 2835 1309 conﬁtetur.

2649 1344 2876 1402 CAPUT
2914 1346 3129 1405 XXVII.

2083 1436 2453 1507 Superioribus
2472 1437 2713 1510 odjungit
2738 1438 2984 1508 Ruﬁnum
3008 1452 3054 1494 et
3075 1440 3277 1495 beatum
3303 1443 3664 1513 Augustinum.

2154 1538 2178 1566 ο
2221 1527 2449 1583 Ruﬁnus
2495 1545 2741 1600 quoque,
2785 1529 3104 1587 Christiana:
3157 1533 3513 1605 philosOpliiae
3561 1539 3664 1605 vir,

1447 1640 1700 1697 ALARDI
1737 1640 1971 1699 GAZ/El
2006 1640 2575 1701 COMMENTARIUS.

381 1756 716 1831 terreetribus
738 1755 911 1808 diebus
931 1761 979 1809 et
1001 1754 1159 1808 tribus
1177 1754 1403 1831 noctibus
1424 1752 1637 1831 (Matth.
1657 1754 1777 1831 xu).
1799 1754 1978 1831 ipsum
2009 1757 2055 1817 Β
2084 1753 2338 1831 Cyrinus.
2373 1754 2781 1831 Eﬂutiit‘autem
2813 1760 2911 1831 ista
2944 1761 3183 1818 nefarius
3214 1764 3511 1831 Nestorius.
3542 1785 3665 1825 cum

383 1838 562 1880 autem
613 1826 838 1878 triduum
875 1841 977 1878 non
1014 1835 1174 1877 totum
1203 1834 1249 1879 et
1279 1825 1485 1893 plenum
1515 1826 1674 1895 fuisse
1704 1825 1976 1894 Scriptura

384 1898 533 1950 testis
559 1908 663 1961 est;
694 1896 780 1949 sed
805 1897 997 1962 primus
1027 1895 1135 1947 dies
1166 1911 1198 1947 α
1230 1904 1373 1964 parte
1402 1903 1625 1950 extrema
1653 1904 1787 1948 totus
1811 1912 1980 1948 annu-

384 1976 615 2019 meratns
649 1974 740 2033 est,
770 1967 879 2018 dies
907 1981 1024 2019 vero
1054 1966 1231 2019 tertius
1257 1981 1287 2017 a
1314 1974 1458 2035 parte
1485 1967 1671 2035 prima,
1706 1975 1751 2018 et
1774 1966 1880 2035 ipse
1900 1975 1977 2019 to-

387 2047 473 2090 tus
495 2054 514 2097 ;
541 2038 734 2090 medius
754 2045 921 2089 autem
949 2036 1079 2088 inter
1098 2051 1202 2100 eos,
1231 2035 1285 2088 id
1306 2034 1401 2097 est,
1425 2034 1675 2088 secundus
1698 2036 1803 2089 dies
1823 2034 1977 2088 abso-

390 2107 503 2159 lute
530 2118 661 2159 totus
688 2108 865 2176 viginti
896 2115 1115 2167 quatuor
1135 2105 1277 2176 horis
1305 2107 1409 2159 suis
1425 2105 1738 2176 ,_dttodecim
1773 2114 1979 2159 nartur-

387 2179 470 2231 nis
500 2189 547 2231 et
580 2174 847 2230 duodecim
878 2176 1097 2230 diurnis.
1144 2175 1412 2229 llactenus
1440 2174 1502 2228 D.
1535 2175 1893 2244 Augustinus;
1925 2184 1979 2228 et

390 2249 479 2300 his
512 2246 703 2301 similia
735 2247 897 2301 habet
924 2246 1016 2301 lib.
1044 2260 1245 2299 Lxxxnt
1268 2245 1659 2313 Quaestionum,
1688 2256 1878 2314 quaest.
1908 2244 1978 2300 56

389 2317 488 2386 (Et
522 2317 692 2371 Tract.
726 2319 780 2370 in
808 2314 993 2385 psaLn.
1022 2316 1260 2384 cxxxn).
1301 2317 1377 2369 Ex
1405 2315 1595 2381 quibus
1624 2314 1977 2384 intelligimus

392 2403 593 2443 novem
625 2401 837 2443 menses
867 2396 925 2440 et
952 2402 1048 2440 sex
1077 2386 1193 2439 dies
1224 2386 1598 2440 intercessisse
1624 2386 1766 2439 inter
1785 2401 1980 2440 conce-

392 2459 636 2526 ptiunem
660 2470 713 2513 et
739 2456 1069 2511 nativitatem
1090 2455 1313 2520 Christi,
1336 2455 1475 2523 quod
1495 2464 1715 2526 tempus
1740 2456 1983 2510 continet

390 2525 506 2583 276
536 2530 685 2595 dies;
726 2543 791 2583 ex
825 2540 930 2596 quo
960 2526 1217 2584 numero.‘
1240 2526 1285 2580 si
1316 2525 1756 2596 singulisnovem
1783 2526 1982 2580 mensi-

396 2601 504 2654 bns
552 2595 857 2653 tribuantur
904 2596 1115 2667 triginta
1161 2596 1278 2652 dies
1306 2639 1322 2664 ,
1364 2595 1656 2651 secundum
1700 2596 1979 2666 antiquum

394 2684 633 2734 morem,
660 2669 963 2724 efﬁciuntur
989 2667 1206 2722 ducenti
1237 2667 1595 2736 septuaginta,
1619 2676 1672 2721 et
1697 2675 1983 2721 remanent

395 2755 499 2795 sex
526 2739 665 2805 dies,
695 2739 785 2806 qui
813 2737 879 2792 ad
908 2743 1149 2792 mensem
1177 2736 1440 2806 decimum
1474 2737 1765 2803 pertinent,
1797 2744 1982 2806 etpro

398 2824 591 2865 mense
616 2805 829 2865 decimo
856 2815 1235 2877 computantur
1263 2805 1420 2877 (Vide
1444 2806 1592 2877 Oros.
1621 2809 1659 2861 l.
1688 2821 1759 2860 vn
1780 2822 1825 2860 c.
1850 2805 1907 2871 2,
1933 2816 1983 2861 et

402 2879 621 2934 Petrum
648 2880 886 2933 Damiani
914 2876 1079 2946 Epist.
1110 2879 1145 2929 l.
1176 2892 1212 2930 ιι
1242 2876 1385 2946 epist.
1414 2876 1526 2945 21).
1555 2876 1731 2943 Quare
1758 2877 1982 2931 verissi-

398 2966 550 3005 mum
581 2960 663 3004 est
691 2949 833 3016 quod
858 2947 1071 3003 tradidit
1100 2947 1464 3002 Damascenus
1493 2947 1583 3000 lib.
1611 2962 1663 3001 1v
1691 2947 1759 3002 de
1788 2947 1983 3002 Ortho-

398 3022 531 3075 dox.
559 3019 689 3075 Fide
716 3034 835 3087 cap.
864 3016 930 3072 15
955 3034 970 3071 :
994 3020 1263 3071 Christum
1292 3017 1593 3086 explevisse
1616 3032 1805 3071 novem
1833 3033 1983 3071 men-

397 3105 492 3146 ses
514 3095 738 3179 in_utt;ro
754 3090 961 3156 matris,
980 3087 1317 3179 tit-decimum
1335 3087 1444 3179 jam
1468 3088 1768 3179 ingressum
1794 3087 1979 3169 fuisse,
2010 3116 2055 3179 C

401 3177 527 3215 cum
566 3163 617 3215 in
661 3160 836 3215 lucem
880 3159 1098 3227 prodiit.
1150 3158 1276 3224 Ejus
1308 3159 1466 3212 verba
1496 3167 1619 3211 sunt
1651 3174 1663 3209 :
1701 3159 1978 3223 Quoniam,

400 3232 596 3299 inquit,
630 3239 869 3284 consueto
898 3239 1122 3297 tempore
1154 3228 1293 3297 (nam
1317 3243 1491 3299 norem
1514 3244 1702 3281 menses
1727 3228 1984 3299 complens

401 3313 451 3355 et
478 3297 727 3355 decimum
753 3301 1002 3369 attingens
1028 3300 1272 3356 nascitur}
1306 3297 1361 3350 id
1390 3298 1445 3366 fit
1470 3298 1577 3365 lege
1596 3307 1771 3369 partus
1796 3314 1815 3362 ;
1843 3297 1984 3369 quod

399 3383 569 3425 autem
599 3374 707 3426 sine
738 3367 931 3435 dolore,
959 3385 1116 3437 supra
1145 3369 1305 3438 legem
1334 3376 1512 3438 partus
1541 3378 1634 3422 est.
1666 3367 1809 3421 Idem
1833 3367 1984 3423 colli-

402 3444 547 3510 gitur
589 3458 656 3497 ex
700 3441 927 3510 epistola
977 3437 1255 3510 Volusiani
1288 3438 1353 3510 ad
1404 3437 1897 3510 D.»Aﬁugustinum,
1928 3446 1985 3491 et

402 3508 685 3581 Augustini
715 3508 1066 3580 responsione
1092 3509 1158 3562 ad
1184 3508 1431 3581 eumdem
1466 3508 1658 3581 (Epist.
1681 3508 1714 3560 2
1735 3518 1780 3562 et
1801 3510 1834 3563 5
1855 3508 1985 3581 inter

403 3578 551 3647 epiit.
583 3578 829 3652 August.)
855 3623 869 3644 .
928 3582 1013 3635 ubi
1056 3580 1302 3652 similiter
1343 3578 1656 3652 liaecjerba
1684 3618 1698 3639 ,
1738 3578 1985 3652 qnasi_ex

404 3645 732 3724 Hieronymo
758 3645 1093 3724 deprompta,
1123 3650 1385 3724 habentur
1417 3666 1429 3701 :
1467 3645 1657 3703 verum
1679 3649 1854 3724 mundi
1878 3645 1987 3724 Do-

404 3725 571 3777 minus
599 3718 647 3776 Et
676 3718 843 3777 rector
870 3718 1184 3775 intemerata:
1225 3720 1429 3790 femini:
1466 3735 1651 3786 corpus
1682 3718 1985 3786 impleverit,

406 3793 670 3861 pertulerit
712 3795 884 3847 decem
927 3792 1175 3861 mensium
1220 3790 1428 3861 [astidia
1467 3798 1660 3855 mater,
1711 3797 1759 3842 et
1816 3797 1985 3861 tamen

404 3860 544 3937 uirgo
573 3866 724 3937 enisa
754 3865 837 3927 sit,
872 3869 975 3917 etc.
1010 3860 1307 3930 Utrumque
1338 3860 1493 3930 igitur
1523 3874 1716 3937 verunt
1734 3867 1839 3926 est,
1871 3860 1985 3937 sive

406 3929 615 3989 dic'atur
658 3934 906 3988 Christus
935 3929 1276 4001 exspectasSe
1307 3929 1498 3985 navem
1531 3929 1842 4001 mensibus,
1871 3930 1985 4001 sive

408 4005 615 4068 decem,
643 4006 687 4059 si
710 4005 1003 4058 secundum
1032 3997 1288 4071 praedicta
1319 4000 1666 4069 intelligatur.
1698 3997 1985 4071 Sed'hujus

411 4076 769 4145 ambiguitatis
799 4069 1216 4145 vitandie’causa
1240 4115 1255 4140 ,
1287 4072 1592 4140 expressius
1631 4072 1683 4145 in
1715 4069 1986 4145 Martyro-

412 4140 742 4213 logio'ltom.
776 4145 891 4197 ἱππ
920 4142 1081 4213 verba
1114 4143 1390 4213 majestate
1428 4149 1484 4197 et
1509 4142 1797 4213 sanctitate
1828 4140 1985 4206 plena

410 4210 653 4287 leguntur
686 4215 741 4287 (8
759 4214 963 4287 calend.
1000 4211 1250 4287 J‘annar.)
1287 4230 1298 4265 :
1325 4210 1478 4287 Iesus
1513 4210 1746 4287 Christus
1770 4220 1988 4287 aeternus

412 4280 567 4350 Delta,
590 4280 867 4353 eternique
896 4282 1067 4337 Patris
1083 4280 1274 4340 Filius.
1293 4282 1539 4334 mundum
1569 4280 1740 4334 volens
1766 4280 1986 4333 aduentu

412 4371 503 4407 suo
533 4357 762 4422 piissimo
799 4369 1094 4407 consecrare
1118 4397 1132 4420 ,
1173 4353 1236 4405 de
1264 4353 1468 4419 Spiritu
1495 4362 1667 4405 sancto
1689 4358 1984 4422 conceptus,

412 4419 681 4495 nouemque
709 4432 818 4493 post
845 4419 1218 4495 conceptionem
1248 4423 1472 4495 decursis
1498 4422 1773 4495 mensibus,
1803 4421 1855 4473 in
1884 4419 1984 4473 Be-

412 4491 772 4550 thleent'ludar
801 4494 1023 4547 nascitur
1042 4509 1104 4546 ea:
1127 4491 1297 4545 Maria
1322 4494 1518 4563 virgine
1545 4495 1710 4563 [actus
1742 4494 1912 4544 homo.

483 4575 508 4602 ι
552 4568 835 4632 llueusque
858 4564 1017 4617 verba
1046 4563 1354 4633 Hieronymi
1387 4560 1436 4633 i'n
1469 4563 1560 4633 illo
1588 4560 1988 4615 Commentario

417 4633 582 4689 Isair.
616 4630 902 4701 Qute'vero
935 4630 1262 4702 sequuntur,
1276 4630 1515 4702 Cassiani
1545 4641 1690 4702 sunt,
1714 4646 1833 4685 cum
1862 4644 1990 4700 apo-

415 4700 725 4770 strophe’ad
750 4700 1079 4763 Nestorium.
1111 4713 1167 4756 ut
1198 4704 1248 4756 in
1278 4700 1729 4771 pra-cedentibus.

482 4776 507 4813 δ
535 4769 697 4829 Hanc
735 4773 966 4828 Nestorii
1008 4769 1391 4839 blaSphem'iam
1418 4812 1433 4833 .
1479 4771 1701 4841 ejusque
1727 4769 1987 4840 originem

414 4846 602 4899 clarius
643 4846 912 4914 expressit
952 4843 1210 4912 Evagrius
1246 4844 1337 4897 lib.
1367 4856 1525 4914 tcap.
1556 4840 1627 4907 2,
1649 4840 1738 4914 ubi
1767 4855 1877 4894 rem
1898 4856 1994 4910 ge-

414 4928 544 4969 stam
578 4911 789 4979 narrat;
822 4928 887 4966 ex
918 4927 1024 4980 quo
1053 4911 1294 4981 superius
1321 4911 1509 4966 eadem
1538 4912 1842 4974 retulimus,
1869 4926 1990 4978 qua

415 4986 540 5040 nihil
571 4986 765 5039 attinet
809 4984 892 5036 hic
929 4994 1196 5051 repetere.
1247 4982 1480 5052 Cyrillus
1505 4982 1637 5052 item
1669 4981 1895 5052 epistola
1923 4982 1995 5035 20

417 5057 524 5109 ba-c
569 5056 636 5109 de
678 5056 925 5122 Nestorio
971 5053 1156 5107 scribit
1203 5073 1216 5107 :
1260 5051 1661 5106 Obstinationem
1698 5051 1795 5104 uiri
1831 5051 1995 5122 hujus

413 5127 651 5179 admirati
674 5141 867 5178 sumus.
898 5121 1020 5177 Non
1044 5125 1179 5177 enim
1197 5124 1429 5193 resipuit,
1450 5138 1608 5193 neque
1626 5138 1780 5187 super
1802 5121 1998 5193 iisque:

412 5208 588 5251 contra
617 5196 847 5248 omnium
892 5203 1118 5247 nostrum
1161 5190 1484 5247 Servatorem
1519 5190 1777 5245 Christum
1828 5190 1997 5243 dicere

414 5276 483 5319 est
506 5283 664 5320 ausus
689 5266 835 5332 plora
864 5265 921 5325 it,
953 5265 1106 5316 immo
1136 5262 1329 5331 Ephesi
1355 5278 1525 5315 coram
1552 5261 1877 5325 constitutus,
1906 5261 1999 5332 iis-

413 5337 524 5388 dem
547 5353 667 5389 usus
691 5331 767 5388 est
794 5334 1137 5395 sermonibus,
1165 5335 1446 5402 iterumque
1473 5347 1527 5385 se
1554 5347 1784 5397 perversa
1812 5331 1998 5402 sentire

412 5407 708 5467 declaravit,
736 5404 810 5456 ita
830 5413 884 5457 ut
905 5418 1018 5456 cum
1044 5403 1269 5472 insignes
1294 5399 1669 5472 metrOpolitani
1690 5399 1996 5469 pientissimi

414 5476 638 5545 episcopi
654 5474 733 5527 illi
753 5473 1100 5545 loquerentur,
1122 5470 1181 5545 a_c
1202 5488 1315 5525 cum
1340 5488 1366 5524 e
1385 5472 1557 5545 divina
1583 5470 1851 5540 Scriptura
1871 5485 1997 5545 gon-

412 5538 670 5599 eluderent
717 5560 779 5596 ac
821 5538 1100 5614 probarent
1129 5541 1295 5594 Deum
1336 5556 1444 5614 esse
1469 5542 1555 5611 qui
1589 5538 1736 5593 sacra
1768 5550 1838 5614 e_s_t
1880 5538 1996 5614 Vir-

446 5619 524 5670 ine
542 5610 838 5668 secundum
848 5629 1049 5665 carnem
1068 5627 1239 5675 natus,
1262 5610 1611 5665 scelestauoce
1630 5627 1751 5663 usus
1772 5610 1993 5662 dixerit:

446 5634 524 5670 ine
542 5630 825 5668 secundum
848 5630 1049 5665 carnem
1068 5630 1239 5675 natus,
1262 5630 1472 5665 scelesta
1492 5630 1611 5664 uoce
1630 5630 1751 5663 usus
1772 5630 1959 5662 arum
1973 5630 1991 5662 .-

411 5630 706 5738 ilimestrem
753 5700 844 5753 ego
885 5691 931 5753 et
978 5684 1279 5753 trimestrem
1318 5679 1478 5735 Deum
1512 5697 1609 5733 non
1634 5682 1785 5753 dico;
1814 5680 1991 5753 etalio

413 5766 653 5825 peterea
672 5750 853 5817 quibus
882 5752 1139 5821 Unigeniti
1164 5750 1577 5804 lncarnationem
1607 5750 1833 5805 tollebat.
1865 5750 1990 5806 Haec

2083 1825 2223 1908 inter
2251 1826 2640 1908 aliosncontulit
2666 1844 2786 1908 cum
2814 1830 3096 1908 Theodoto
3124 1834 3353 1908 Ancyra:
3379 1825 3664 1908 episcopo,

2081 1904 2139 1978 et
2161 1894 2364 1978 acacia.
2379 1896 2770 1978 Meliteno,_qui
2800 1911 2984 1978 postea
3010 1902 3125 1978 lucc
3149 1894 3333 1978 eadem
3356 1894 3668 1978 de'tuleriini

2080 1963 2329 2046 Patribns
2351 1965 2402 2046 i_n
2424 1968 2629 2037 synodo
2650 1963 2913 2046 Ephesius
2937 1974 3364 2045 considentibus,
3389 1987 3442 2032 ut
3465 1977 3665 2035 habent

2080 2046 2199 2088 aeta
2218 2036 2472 2106 ejusdem
2501 2040 2716 2106 synodi.
2788 2076 2791 2079 -

2154 2113 2176 2141 ο
2218 2103 2470 2187 Daunus.
2496 2103 2577 2161 vel
2629 2108 2878 2187 Bullinus
2917 2111 3211 2187 presbyter
3258 2116 3621 2187 Aquileiensis
3645 2160 3663 2184 ,

2080 2174 2384 2256 sancti_l_'uit
2410 2176 2719 2247 Hieronymi
2752 2174 3432 2256 quondam;amicissimus,
3467 2201 3522 2240 nt
3551 2174 3665 2256 ipse

2080 2242 2237 2321 divus
2266 2242 2846 2321 Hieronymuiscribit
2874 2253 2925 2305 in
2955 2253 3181 2319 epistola
3212 2254 3397 2321 quinta
3420 2242 3497 2311 ’θα
3544 2242 3666 2312 ΕἿοξ

2078 2315 2315 2400 rentiutn
2339 2332 2352 2369 :
2390 2313 2852 2400 raterARu/inus,
2883 2313 3372 2400 inquit,_indiuidua
3403 2328 3529 2400 mihi
3549 2346 3667 2400 gg-

2080 2385 2341 2465 manitatis
2366 2384 2621 2465 charitate
2650 2384 2907 2465 connexus
2937 2384 3031 2465 est.
3062 2384 3209 2446 ’Νοιὶ
3252 2410 3345 2448 nos
3372 2396 3483 2465 eius
3523 2384 3663 2451 (ἔεδ-

2080 2470 2221 2529 mare
2245 2455 2553 2529 uirtutibus:
2577 2457 2631 2511 in
2658 2459 2750 2512 illo
2779 2460 3061 2529 conspicies
3086 2477 3333 2529 expressa
3379 2455 3665 2524 sanctitatis

2079 2525 2317 2605 uestigia,
2347 2533 2456 2580 etc.
2488 2526 2728 2605 Itemque
2755 2525 2979 2605 epistola
3011 2532 3077 2585 41
3111 2525 3177 2587 ad
3209 2534 3380 2601 ipsum
3414 2537 3664 2593 llutiuum

2079 2595 2349 2672 scribens,
2387 2609 2544 2672 suum
2577 2595 2896 2672 in‘eum'sic
2934 2616 3176 2672 amorem
3220 2595 3513 2672 exprimit:
3550 2608 3594 2660 0
3621 2611 3668 2660 si

2083 2666 2207 2737 mihi
2251 2681 2386 2737 nunc
2417 2666 2634 2737 (inquit)
2677 2667 2934 2724 Dominus
2975 2670 3127 2725 Iesus
3167 2666 3399 2728 Christus
3427 2678 3504 2729 vel
3531 2676 3665 2731 Phi-

2080 2734 2208 2811 lippi
2218 2736 2302 2811 _a_d
2326 2734 2621 2811 eunuchum
2646 2736 2780 2811 (Act.
2842 2738 2983 2811 vui),
3007 2742 3085 2795 uel
3116 2740 3360 2796 Habacuc
3381 2746 3449 2797 ad
3472 2745 3668 2800 Danie-

2081 2803 2181 2857 lem
2209 2803 2499 2886 (Dan.x1v)
2530 2803 2920 2886 translationem
2939 2803 3147 2886 repente
3171 2816 3486 2886 concederet,
3509 2833 3663 2886 quam

2082 2890 2175 2954 ego
2197 2891 2333 2954 nunc
2354 2883 2446 2929 tua
2465 2878 2621 2954 arctis
2641 2883 2944 2954 stringerent
2961 2882 3096 2954 colla
3106 2883 3455 2954 complexibus
3466 2878 3486 2949 ζ
3510 2878 3663 2954 quam

2083 2945 2218 3024 illud
2238 2961 2317 3024 os,
2338 2946 2478 3024 quod
2507 2962 2712 3024 mecum
2724 2945 3013 3024 celerravit
3039 2945 3345 3024 aliquando,
3370 2957 3445 3024 vel
3466 2945 3659 3024 sapuit,

2081 3014 2580 3094 impressisﬁgerem
2606 3017 2787 3094 labiis.
2815 3019 2882 3072 Et
2912 3020 3047 3074 infra
3075 3038 3088 3074 :
3122 3014 3496 3088 Credas'mihi,
3527 3014 3665 3079 'Fra;

2086 3093 2185 3166 ter,
2217 3100 2318 3138 non
2344 3092 2417 3166 sic
2442 3092 2990 3166 tempestatejactatus
3019 3102 3223 3166 portum
3245 3102 3407 3166 nauta
3449 3112 3664 3164 prospe-

2085 3164 2205 3219 ctat,
2240 3170 2342 3208 non
2369 3158 2443 3227 sic
2482 3158 2705 3211 sitientia
2734 3158 2920 3213 imbres
2945 3177 3069 3216 arva
3108 3162 3424 3227 desiderant,
3450 3158 3665 3220 non-sic

2084 3241 2242 3279 curvo
2283 3225 2514 3279 assidens
2563 3227 2723 3303 littori
2767 3231 3339 3303 anxia/iliumrmater
3380 3225 3662 3303 eicspecrat,

2087 3307 2357 3374 postquam
2376 3312 2462 3374 _me
2484 3312 2517 3374 a_
2544 3305 2632 3374 tuo
2662 3298 2817 3374 latere
2836 3301 3031 3354 subitus
3054 3302 3203 3374 turbo
3224 3298 3493 3369 convulsit,
3525 3298 3667 3374 post;

2084 3381 2236 3446 quam
2256 3366 2453 3446 glutino
2470 3369 3039 3446 cliaritatishcerentem
3064 3373 3224 3443 impia
3253 3366 3495 3446 distraxit
3517 3366 3665 3428 avul—

2085 3435 2541 3512 s_io,‘_el;c.-Poslea
2575 3453 2701 3512 vero
2742 3435 3147 3512 inimicissimus
3188 3444 3378 3511 evasit,
3414 3453 3470 3500 ut
3499 3446 3666 3512 ipsius

2086 3503 2629 3594 ξῖιξςξιξί.ἡξεινιεξςιξνξιξΔ
2663 3508 2957 3594 inAdivurn
3008 3503 3393 3594 Hieronymum
3452 3503 3667 3594 abunde

2089 3585 2373 3654 testantur.
2408 3575 2646 3654 Scripsit
2675 3580 2815 3654 inter
2852 3575 3390 3654 aliaexpositinnem
3436 3585 3666 3654 symboli

2086 3645 2393 3713 apostolici,
2412 3645 2576 3723 cujus
2605 3650 2844 3723 singulos
2874 3645 3132 3723 articulos
3180 3654 3439 3723 latissime
3464 3645 3662 3723 'expli-

2085 3728 2191 3778 cat,
2219 3727 2280 3790 et
2320 3718 2616 3790 utriusque
2641 3718 2971 3773 Testamenti
3013 3721 3304 3790 Scripturis
3340 3718 3665 3779 conﬁrmat:

2087 3787 2230 3855 quod
2256 3800 2410 3853 opus,
2441 3787 2617 3841 Rufini
2644 3790 2807 3841 etiam
2839 3790 2992 3844 titulo
3014 3787 3278 3856 jam—olim
3301 3793 3503 3846 editum
3530 3796 3668 3847 inter

2087 3871 2250 3930 opera
2290 3856 2396 3930 divi
2432 3857 2777 3930 Hieronymi,
2801 3873 2941 3930 nunc
2975 3868 3153 3930 exstat
3194 3862 3332 3914 inter
3360 3878 3525 3930 opera
3556 3865 3667 3916 divi

2086 3925 2366 3995 Cypriani,
2394 3940 2459 3979 ex
2486 3925 2722 3980 editione
2750 3928 2994 3983 Pamelii.
3028 3929 3101 3984 De
3128 3929 3320 3984 Ruﬁno
3348 3925 3527 3985 autem
3554 3934 3670 3987 haec

2090 3993 2251 4050 habet
2279 3993 2590 4049 Gennadius
2618 3997 2967 4054 Massiliensis
2988 3999 3227 4054 Cassiani
3249 4002 3409 4055 dictis
3435 4017 3667 4057 consen-

2088 4074 2268 4129 tanea,
2307 4065 2456 4141 _lib_ro
2501 4066 2570 4121 de
2623 4066 2939 4141 Illustribus
2976 4070 3233 4125 Ecclesia:
3278 4072 3666 4141 Scriptorilius,

2088 4141 2266 4211 capite
2290 4134 2501 4191 decimo
2521 4140 2751 4211 septimo
2777 4156 2789 4190 :
2820 4136 3043 4207 Ruﬁnus
3066 4134 3414 4211 Aquileiensis'
3430 4134 3672 4197 autem

2090 4206 2366 4275 presbyter,
2398 4223 2501 4278 non
2529 4209 2742 4261 minima
2772 4206 2915 4277 pars
2942 4213 3041 4278 fuit
3086 4206 3353 4265 doctorum
3398 4211 3669 4275 Ecclesia.

2087 4286 2143 4353 et
2163 4278 2216 4330 in
2245 4276 2603 4353 transferendo
2629 4279 2693 4353 de
2723 4276 2902 4333 Grc-co
2928 4276 2989 4353 in
3024 4279 3268 4334 Latinum
3295 4281 3505 4353 elegans
3533 4284 3673 4353 inge-

2089 4349 2232 4400 nium
2271 4348 2465 4401 habuit.
2507 4347 2753 4416 :Deniquc
2797 4350 3023 4403 maxima
3068 4366 3133 4403 ea:
3179 4358 3324 4415 parte
3374 4347 3673 4405 Graecorum

2090 4416 2463 4490 Bibliothecam
2494 4415 2693 4470 Latinis
2721 4417 2969 4490 exhibuit.
3004 4418 3071 4472 Et
3113 4418 3251 4490 infra
3281 4436 3295 4471 :
3330 4419 3549 4490 Propria
3579 4438 3674 4474 au-

2011 4488 2066 4548 D
2091 4487 2409 4559 tgmlabore,
2442 4486 2599 4559 immo
2642 4488 2811 4559 gratia
2852 4487 2951 4542 Dei
2997 4498 3042 4543 et
3090 4488 3246 4554 dono,
3278 4486 3512 4559 exposuit
3540 4492 3674 4543 idem

2092 4557 2319 4626 Ruﬁnus
2347 4555 2662 4626 symbolum,
2698 4565 2752 4609 ut
2790 4558 2844 4611 in
2881 4561 2995 4628 ejus
3041 4555 3423 4627 comparatione
3458 4560 3550 4611 alii
3578 4576 3675 4614 nec

2094 4629 2390 4699 exposuisse
2415 4628 2708 4699 credantur.
2745 4628 2868 4699 Iliec
2897 4627 3207 4699 Gennadius
3235 4630 3509 4699 hucusque
3537 4631 3674 4683 tole-

2094 4696 2327 4767 randus;
2357 4706 2412 4751 at
2443 4696 2543 4751 sub
2572 4696 2731 4752 linem
2762 4697 3003 4766 ejusdem
3034 4699 3224 4767 capitis
3255 4696 3453 4753 merito
3483 4699 3674 4753 redar-

2132 4766 2361 4831 ucndus,
2394 4774 2455 4822 ut
2484 4782 2599 4837 non
2619 4770 2837 4836 optima:
2866 4767 2987 4823 ﬁdei
3019 4766 3229 4837 auctor,
3263 4768 3387 4822 dum
3422 4768 3672 4822 Rufinum

2092 4836 2165 4893 ita
2204 4837 2430 4903 extollit,
2464 4844 2524 4891 ut
2551 4836 2731 4892 divum
2765 4838 3149 4908 Hieronymum
3196 4836 3481 4905 deprimat,
3526 4853 3684 4892 eum-

2094 4923 2198 4977 que
2230 4910 2372 4963 velut
2400 4908 2651 4963 aemulum
2682 4919 2735 4963 et
2763 4908 3189 4963 obtrectatorem
3232 4908 3411 4961 Ruﬁni
3441 4910 3681 4977 graviter

2098 4978 2424 5049 insimulet;
2448 4977 2637 5032 eadem
2681 4978 2892 5033 scilicet
2938 4980 3243 5035 temeritate
3275 4978 3427 5049 (Cap.
3461 4978 3551 5042 38,
3583 4980 3675 5041 ει,

2100 5046 2189 5113 19,
2220 5046 2310 5114 '52,
2344 5046 2435 5116 42)
2468 5062 2569 5116 qua
2612 5049 2793 5102 divum
2824 5048 3202 5116 Augustinum,
3237 5046 3381 5101 aliud
3422 5049 3680 5103 Ecclesiae

2096 5116 2300 5188 lumen,
2330 5117 2786 5188 demultiloquio,
2819 5118 2983 5173 immo
3009 5133 3190 5172 errore
3218 5118 3548 5188 perstringit,
3573 5132 3680 5186 qua

2098 5186 2353 5256 Prosperi
2402 5186 2595 5241 librum
2625 5186 2900 5243 Adversus
2930 5188 3249 5241 collatorem
3299 5186 3543 5250 damnat,
3576 5202 3681 5256 qua

2098 5256 2591 5328 PelagiiEulogias
2629 5258 2993 5328 commendat,
3031 5271 3165 5328 quas
3205 5256 3368 5328 divus
3412 5257 3683 5327 Hierony-

2100 5342 2241 5392 mus,
2276 5327 2417 5381 libro
2444 5328 2619 5395 primo
2649 5338 2838 5383 contra
2868 5327 3187 5397 Pelagianos
3215 5327 3395 5395 capite
3424 5338 3682 5395 octuage-

2098 5396 2239 5452 simo
2285 5398 2493 5466 quinto,
2544 5398 2732 5465 plenas
2778 5396 3079 5467 haeresibus
3129 5397 3323 5451 asserit
3343 5412 3369 5467 ;7
3406 5412 3507 5467 qna
3546 5398 3683 5467 duos

2098 5467 2285 5522 Fausti
2312 5466 2733 5537 Semipelagiani
2766 5468 2930 5537 libros
2959 5466 3027 5521 de
3055 5467 3238 5537 Gratia
3271 5478 3323 5520 et
3354 5466 3551 5537 Libero
3580 5466 3683 5521 Ar-

2096 5537 2260 5591 bitrio
2290 5538 2439 5592 miris
2480 5539 2725 5592 laudibus
2773 5536 2949 5601 ell‘ert,
2984 5552 3119 5605 quos
3169 5536 3362 5591 Petrus
3413 5536 3681 5590 Diaconos

2096 5618 2150 5661 et
2198 5623 2386 5661 omnes
2431 5608 2738 5661 Orientales
2786 5606 3278 5675 anatltctnatiaant;
3330 5622 3432 5675 qna
3492 5607 3682 5660 Severi

2098 5677 2375 5746 Dialogum
2410 5678 2683 5745 prmdicat,
2715 5692 2877 5746 quem
2910 5678 3063 5730 divus
3098 5666 3474 5744 lIzcronymns,
3510 5676 3561 5727 in
3592 5690 3682 5746 ga-

2096 5756 2190 5818 put
2222 5743 2554 5819 trigesimum
2588 5743 2799 5802 sextum
2835 5747 3154 5815 Ezechielis,
3188 5758 3236 5801 et
3271 5743 3390 5817 post
3422 5761 3547 5801 eum
3577 5743 3679 5799 Ge-
