4016 6192
326 384 425 442 £73

1570 397 1852 456 REGUL'A'
1885 399 1943 456 S.
1988 397 2326 455 PACIIOMII.

3479 397 3602 453 ετξ

321 518 492 572 dorem
527 512 741 585 priStini
780 511 997 567 decoris
1041 510 1260 566 amittit.
1289 509 1442 566 Unde
1472 526 1570 580 ego
1602 518 1625 547 ι
1652 525 1759 566 mm
1774 526 1896 564 rcus
1926 514 1974 574 Α
2003 522 2091 565 sos
2135 518 2466 581 susceperat,
2527 519 2583 565 ut
2629 508 2758 565 mihi
2801 509 3106 580 injungeret
3157 509 3580 595 transferendos.

319 622 472 677 super
494 603 831 660 dormitione
855 600 1103 658 “sancta:
1129 613 1184 657 et
1211 602 1538 657 venerabilis
1562 603 1737 656 Paqu
1757 604 1889 672 (non

319 714 418 766 quo
437 705 634 750 contra
662 704 685 732 ο
703 692 1056 766 [praeceptum
1083 694 1327 762 Apostuli
1359 693 1615 766 facerem]
1646 695 1689 763 (I
1715 693 1890 750 Thess.

308 785 908 855 insedquomultornm
963 783 1129 838 incisi
1165 785 1313 838 illitis
1363 795 1537 840 morte
1565 783 1593 822 ά
1622 785 1894 856 refrigeria

314 873 665 944 suspirarem)
717 873 902 943 accepi
942 875 1108 930 libros
1154 876 1222 930 ab
1269 873 1483 932 homine
1536 877 1630 931 Dei
1681 877 1898 932 Silvano

315 965 638 1036 presbytero
663 964 795 1020 mihi
817 963 1077 1030 directos,
1102 980 1245 1034 quos
1269 965 1362 1022 ille
1383 975 1407 1004 ο
1426 967 1748 1023 Alexandria
1773 969 1900 1023 mis-

2002 603 2190 660 Aiebat
2240 603 2382 658 enim
2435 604 2574 675 quod
2623 603 2674 658 in
2723 602 3034 670 Thebaide,
3064 611 3117 658 et
3155 603 3207 658 in
3260 601 3584 659 monasterio

2007 693 2027 731 ί
2051 693 2330 750 Metanmte
2348 695 2489 764 quod
2509 695 2576 750 de
2593 694 2813 750 Tanobo
2833 696 2885 751 in
2916 695 3284 766 pcenitentiam
3315 694 3458 751 felici
3487 710 3583 750 no-

2005 783 2166 839 minis
2211 787 2573 841 conversione
2603 794 2862 841 mutatum
2891 795 2990 853 est,
3022 786 3328 842 habitarent
3365 787 3582 858 plurimi

2008 876 2350 945 Latinorum,
2381 878 2472 947 qui
2501 877 2811 948 ignorarent
2836 877 3209 948 Egyptiacum
3232 876 3585 945 Grmcumque

2009 982 2339 1035 sermonem,
2357 982 2466 1039 quo
2492 977 2515 1017 Β
2539 966 2812 1022 Pachomii
2835 976 2888 1022 et
2906 964 2933 1003 ιι
2954 967 3258 1035 Theodori,
3276 977 3327 1022 et
3361 965 3375 1005 ί
3409 967 3588 1022 Orsic-

1377 1148 1634 1205 ALARDI
1671 1146 1902 1204 ΟΑΖΑΕΙ
1940 1145 2530 1206 COMMENTARIUS.

378 1299 406 1327 ι
435 1287 518 1343 Ita
550 1288 755 1357 passim
782 1287 844 1342 D.
874 1282 1468 1356 Hieronymuswpist.
1496 1283 1590 1357 29)
1622 1284 1908 1357 dormitio-

316 1375 434 1413 nem
467 1354 570 1428 pro
602 1359 925 1428 decessore:
962 1357 1060 1410 hac
1085 1354 1196 1428 vita
1224 1354 1503 1428 nuncupat
1551 1354 1719 1424 Cujus
1741 1357 1905 1428 etiam

319 1425 594 1484 rationem
622 1428 801 1483 reddit
833 1427 919 1482 his
959 1427 1139 1482 verbis
1173 1443 1186 1478 :
1218 1427 1516 1479 Adversum
1543 1428 1738 1480 mortis
1768 1425 1908 1479 duri-

315 1501 442 1554 tiem
471 1510 524 1553 et
557 1499 994 1553 crudelissimam
1025 1497 1400 1552 necessitatem
1442 1496 1543 1550 hoc
1573 1496 1765 1551 solatio
1796 1497 1909 1551 eri-

315 1585 522 1636 guntur,
547 1568 888 1636 quodbrevi
913 1569 1080 1623 visuri
1128 1582 1314 1620 sumus
1343 1581 1437 1621 eos
1478 1581 1618 1634 quos
1661 1565 1908 1622 dolemus

316 1642 598 1694 absentes.
629 1640 817 1708 Neque
840 1639 981 1693 enim
1007 1654 1189 1708 mors,
1206 1636 1303 1691 sed
1325 1636 1584 1708 dormitio
1611 1645 1664 1690 et
1685 1651 1909 1708 somnus

319 1705 843 1779 appellatur._U'nde
869 1716 923 1764 et
951 1711 1138 1779 beatus
1166 1706 1472 1779 Apostolus
1493 1717 1638 1760 vetat
1681 1706 1748 1779 de
1777 1705 1907 1779 dor-

321 1775 626 1834 mientibus
658 1775 971 1834 contristari
1003 1779 1045 1848 (l
1075 1777 1260 1832 Thess.
1291 1778 1386 1847 tv);
1414 1788 1469 1830 ut
1496 1791 1634 1845 quos
1672 1775 1909 1848 dormire

323 1852 626 1915 novimus,
655 1851 904 1904 suscitari
944 1846 1104 1919 posse
1148 1846 1453 1907 credamus.
1495 1856 1577 1919 et_
1596 1855 1718 1919 post
1755 1846 1906 1915 dige-

322 1932 471 1974 stum
499 1935 752 1990 snporem
777 1917 998 1990 vigilare
1021 1934 1142 1974 cum
1173 1921 1392 1983 sanctis,
1409 1927 1513 1990 etc.
1540 1917 1608 1972 Et
1635 1918 1758 1990 alibi
1789 1933 1909 1990 rur-

324 2007 446 2044 sum
479 1988 621 2059 (Lib.
648 1987 894 2045 adversus
944 1990 1196 2062 Vigilum.
1216 2005 1323 2062 cup
1354 1990 1408 2056 5)
1445 2006 1458 2039 :
1486 1988 1689 2051 Sancti,
1716 1987 1908 2062 inquit,

325 2076 438 2114 non
490 2062 834 2129 appellantur
877 2059 1094 2123 mortui,
1136 2059 1230 2114 sed
1280 2062 1611 2112 dormientes
1643 2075 1656 2111 :
1687 2059 1836 2129 unde
1855 2067 1910 2112 et

330 2126 598 2190 Lazarus.
639 2131 732 2198 qui
781 2138 1186 2186 resurrecturus
1238 2139 1374 2191 erat,
1401 2128 1685 2182 dormiisse
1725 2126 1878 2196 perhi

327 2206 494 2273 betur
527 2201 710 2273 (.lorm.
742 2206 844 2273 xi),
878 2211 933 2258 et
963 2201 1431 2273 Apostolusrvetat
1459 2198 1907 2254 Thessalonicen-

328 2287 423 2327 scs
454 2271 523 2323 de
540 2271 950 2326 dormientibus
973 2272 1302 2326 contristari.

402 2341 433 2379 δ
467 2343 590 2396 llrec
616 2352 700 2396 est
746 2342 906 2396 Paula
952 2341 1284 2395 nobilissima
1328 2351 1382 2394 et
1418 2339 1756 2394 sanctissima
1807 2355 1914 2394 ma-

332 2423 492 2467 trona
529 2413 767 2466 Romana
799 2412 1070 2466 Eustochii
1101 2423 1293 2475 mater,
1325 2422 1396 2462 tot
1429 2411 1678 2466 laudibus
1713 2415 1909 2478 passim

334 2499 364 2535 a
397 2483 461 2554 D.
495 2482 824 2553 Hieronymo
851 2483 1117 2537 celebrata
1143 2481 1338 2554 (Epist.
1361 2483 1481 2554 27),
1511 2491 1711 2554 qua:_et
1737 2482 1910 2554 ipsum

337 2553 455 2607 sitis
504 2551 849 2609 facultatibus
888 2554 1042 2620 aluit,
1091 2551 1166 2618 et,
1204 2553 1492 2606 exstructis
1543 2555 1593 2604 in
1635 2551 1910 2606 Bethleem

338 2623 555 2677 duobus
582 2624 947 2689 monasteriis,
978 2639 1086 2677 uno
1117 2624 1166 2675 in
1201 2637 1306 2692 quo
1332 2624 1452 2687 viri,
1488 2622 1658 2679 altero
1701 2623 1754 2675 in
1804 2639 1913 2690 quo

341 2692 560 2747 femina:
591 2694 827 2763 virgines
848 2694 962 2749 Deo
992 2695 1338 2757 inservirent,
1362 2705 1415 2747 et
1445 2695 1600 2748 tertio
1630 2706 1725 2762 pro
1765 2693 1915 2747 exci-

345 2764 560 2831 piendis
591 2765 891 2834 peregrinis
923 2763 1015 2834 qui
1044 2778 1110 2817 eo
1157 2764 1221 2816 ad
1255 2763 1535 2818 invisenda
1568 2763 1683 2816 loca
1727 2773 1910 2818 sancta

343 2835 581 2903 undique
617 2833 1329 2904 confluebant,perpetuam
1367 2835 1697 2904 Hieronymo
1729 2834 1910 2888 sedem

345 2902 547 2958 locavit
573 2903 735 2972 (Vide
763 2904 854 2958 lib.
877 2921 934 2960 ιιι
973 2903 1147 2958 Instit.
1189 2921 1235 2958 c.
1287 2902 1363 2975 4).
1399 2902 1600 2972 Quibus
1639 2904 1914 2960 beneﬁciis

341 2975 462 3042 ipse
499 2989 604 3029 non
634 2975 876 3044 ingratus
902 2976 1020 3044 ejus
1058 2977 1243 3040 vitam,
1273 2985 1498 3030 mortem
1541 2983 1594 3030 et
1625 2990 1712 3029 res
1736 2987 1913 3044 gestas

343 3045 538 3111 insigni
580 3044 858 3114 epitapbio
905 3045 1218 3112 c0mplexus
1260 3056 1381 3107 est,
1412 3060 1570 3114 quam
1622 3058 1673 3097 et
1715 3047 1915 3102 obiissc

346 3125 580 3170 testatur
610 3113 840 3187 (Baron.
871 3119 925 3170 in
962 3114 1234 3187 Martyrol.
1266 3113 1509 3170 Januarii
1541 3113 1642 3184 ιϐ)
1677 3116 1914 3172 llonorio

347 3190 413 3242 Α.
438 3186 648 3240 sextum
672 3198 722 3241 et
744 3186 1075 3244 Aristenctio
1097 3186 1262 3248 coss.,
1289 3187 1378 3254 qui
1399 3201 1591 3249 annus,
1619 3187 1912 3240 secundum

345 3256 710 3324 Onuphrium,
743 3266 1056 3312 numeratur
1083 3276 1108 3309 ιι
1134 3257 1346 3311 ΟΙιτιειιι
1378 3256 1502 3321 404,
1527 3256 1834 3314 S.lunm-en
1864 3257 1915 3312 io

349 3326 505 3380 Rom.
534 3327 796 3382 Ecclesia:
825 3328 1169 3396 praasidente.
1190 3327 1376 3382 Fuitct
1397 3327 1498 3379 alia
1533 3329 1715 3393 Paula,
1735 3328 1916 3395 junior

347 3396 512 3466 dicta,
535 3398 764 3452 senioris
789 3399 898 3467 jam
931 3399 1090 3452 dictae
1117 3414 1185 3452 ex
1227 3397 1454 3452 Toxeiio
1481 3399 1817 3465 Iilioucptis,
1837 3401 1912 3460 de

2013 1292 2120 1347 ret,
2151 1294 2203 1339 et
2233 1283 2411 1339 omnis
2439 1283 2725 1340 multitudo
2752 1283 2975 1354 inopum
3000 1295 3312 1341 sematrem
3341 1295 3394 1340 et
3419 1288 3592 1340 nutri-

2016 1357 2139 1425 tiam
2197 1354 2512 1425 perdidisse
2549 1355 2828 1410 clamaret.
2867 1355 3076 1411 Rursus
3132 1356 3186 1410 in
3240 1356 3468 1425 epistola
3525 1357 3589 1411 ad

2013 1424 2394 1497 Theophilum,
2430 1424 2741 1497 episcopum
2765 1425 3212 1489 Alexandrinum,
3245 1424 3509 1497 excusans
3532 1443 3589 1479 se

2012 1496 2155 1564 quod
2203 1495 2402 1550 librum
2451 1494 2570 1565 ejus
2617 1494 2936 1551 'Pascltalem
2992 1498 3197 1551 tardius
3251 1498 3301 1550 in
3343 1496 3592 1550 Latinum

2020 1567 2410 1630 transtulisset,
2446 1568 2734 1622 occasione
2781 1568 2958 1620 obltus
3004 1567 3060 1621 S.
3095 1567 3273 1622 Paula:
3305 1583 3320 1619 :
3352 1566 3593 1623 Obsecro

2017 1646 2089 1701 te,
2115 1635 2308 1705 inquit,
2335 1637 2582 1704 ignoscas
2609 1636 2847 1692 tarditati
2879 1651 3038 1692 mete.
3072 1636 3147 1692 ita
3199 1638 3342 1691 enim
3392 1648 3594 1693 sanctae

2015 1721 2076 1760 ac
2110 1706 2435 1761 venerabilis
2472 1707 2653 1763 Paula;
2687 1707 2969 1762 confectus
3007 1724 3124 1762 sum
3160 1708 3507 1773 dormitione,
3539 1721 3593 1760 ιιι

2015 1775 2217 1846 absque
2245 1777 2600 1848 translatione
2643 1778 2803 1846 hujus
2844 1777 2967 1832 libri
3000 1792 3169 1848 usque
3203 1779 3593 1843 imprwsentia-

2017 1862 2133 1920 rum
2169 1847 2311 1920 nihil
2327 1848 2474 1902 aliud
2499 1848 2665 1920 divini
2689 1850 2870 1920 operis
2900 1847 3234 1920 scripserim.
3255 1848 3592 1920 Perdidimus

2014 1919 2156 1990 enim
2191 1917 2272 1989 (ut
2300 1918 2418 1987 ipse
2451 1918 2614 1990 nosti)
2644 1917 2870 1988 repente
2900 1918 3175 1990 solatium,
3198 1919 3340 1990 quod
3376 1929 3434 1972 ut
3461 1935 3592 1974 con-

2015 1988 2254 2058 scientia:
2286 1999 2483 2042 nostrai
2517 1988 2672 2045 testis
2687 2001 2767 2043 est
2797 1989 3077 2054 Dominus,
3107 1988 3309 2043 nonad
3337 1990 3588 2058 preprias

2015 2057 2246 2129 dicimus
2287 2058 2657 2119 necessitates,
2690 2058 2782 2112 sed
2833 2060 2899 2114 ad
2939 2068 3248 2113 sanctorum
3279 2057 3586 2129 refrigeria,

2016 2128 2212 2198 quibus
2236 2129 2325 2182 illa
2357 2129 2590 2184 sollicite
2619 2130 2909 2184 serviebat.

2093 2208 2116 2234 ι’
2143 2198 2347 2266 Nempe
2383 2198 2657 2270 (Egyptia,
2689 2206 2816 2254 sunt
2855 2199 2998 2255 enim
3030 2201 3215 2270 plures
3248 2200 3592 2256 Alexandria:

2014 2269 2082 2321 ab
2131 2269 2470 2324 Alexandro
2500 2271 2692 2339 Magno
2737 2271 2998 2338 conditis;
3035 2269 3135 2327 sed
3187 2271 3303 2327 ba-c
3348 2273 3589 2327 omnium

2015 2339 2393 2413 celeberrima,
2435 2341 2673 2395 Ηιιιιιηυὶς
2719 2340 2799 2398 No
2841 2351 3165 2413 nuncupata,
3228 2343 3369 2396 inter
3417 2341 3588 2413 Egy-

2015 2417 2189 2478 ptum,
2216 2411 2480 2482 Africam,
2506 2421 2560 2466 et
2617 2425 2786 2478 mare,
2837 2411 2989 2481 quasi
3037 2412 3334 2482 claustrum
3391 2411 3586 2482 posita,

2010 2483 2160 2550 juxta
2186 2480 2672 2538 Mamotinlaeum.
2705 2480 2912 2536 Plinius
2941 2482 3035 2536 lib.
3066 2496 3085 2535 ι
3123 2496 3243 2550 cap.
3281 2480 3366 2535 10.

2093 2547 2410 2622 'Metantea
2459 2553 2649 2608 Latine
2697 2553 3008 2622 pu‘nitentia
3054 2547 3274 2607 dicitur.
3322 2553 3591 2608 Monaste-

2017 2621 2152 2676 rium
2204 2621 2384 2688 itaque
2425 2621 2704 2678 Metanma’
2738 2622 3020 2678 dicebatur
3068 2623 3122 2678 in
3183 2637 3291 2693 quo
3343 2624 3591 2679 monachi

2016 2694 2369 2763 asperrimam
2417 2695 2647 2763 agebant
2677 2694 3087 2762 paenitentiam;
3135 2693 3368 2763 ideoque
3418 2705 3592 2748 muta-

2019 2771 2127 2834 tum
2171 2762 2292 2832 ejus
2339 2762 2557 2826 nomen,
2591 2763 2733 2834 quod
2768 2773 2947 2818 antea.
2976 2763 3228 2819 Tanobus
3271 2762 3587 2820 vocabatur.

2018 2831 2094 2887 De
2142 2831 2451 2904 hujusmodi
2495 2831 2826 2889 monasterio
2877 2835 3278 2904 paenitentiam,
3337 2835 3481 2904 quod
3537 2847 3592 2890 et

2017 2918 2207 2958 carcer
2251 2904 2647 2973 appellabatur,
2681 2913 2735 2959 et
2789 2904 3070 2959 monachis
3119 2903 3226 2958 illic
3273 2905 3498 2958 inclusis
3532 2913 3588 2960 et

2020 2974 2433 3044 paenitentibus,
2467 2976 2599 3029 mira
2631 2973 2824 3032 scribit.
2849 2974 3085 3031 Joannes
3119 2975 3392 3030 Climacus
3419 2974 3589 3044 gradu

2017 3046 2204 3112 quinto
2225 3060 2338 3100 sua:
2357 3043 2549 3100 Scalas.

2093 3125 2116 3162 κ
2146 3115 2486 3178 Pachumins,
2515 3117 2650 3170 alias
2695 3115 3039 3177 Pachumins,
3069 3131 3131 3171 ex
3181 3115 3354 3172 milite
3399 3113 3588 3186 gentili

2020 3186 2318 3244 monachus
2377 3187 2786 3256 probatissimos
2838 3186 3096 3249 eli‘ectus,
3152 3187 3325 3242 sancti
3367 3187 3591 3242 Antonii

2018 3257 2262 3329 aequalis,
2294 3266 2353 3312 et
2397 3258 2536 3329 forte
2575 3257 2894 3329 discipulus,
2919 3259 2986 3312 de
3008 3274 3113 3329 quo
3145 3258 3586 3329 Martyrologium

2021 3327 2322 3382 Romanum
2392 3328 2529 3399 haec
2569 3331 2740 3384 habet
2787 3328 2805 3399 (
2843 3327 3035 3382 Pridie
3061 3329 3180 3383 idm
3241 3327 3367 3384 Maii
3399 3327 3418 3399 )
3451 3327 3486 3382 7:
3525 3328 3593 3383 1η

2022 3399 2077 3470 xl}
2099 3407 2277 3469 ggpto-
2300 3399 2362 3455 S.
2403 3398 2672 3452 Pachomii
2699 3398 3036 3470 abbatis,iqni
3084 3401 3311 3470 plurima
3338 3398 3405 3452 ἱιι
3421 3415 3484 3453 ea
3511 3416 3593 3452 re-

350 3467 506 3534 cnjus
537 3469 874 3523 inStitutione
905 3469 1046 3523 idem
1080 3469 1436 3538 Hieronymus
1466 3471 1532 3522 ad
1569 3469 1765 3522 laetam
1798 3471 1916 3538 ejus
1947 3472 1990 3532 ς
2022 3467 2174 3539 gioiie
2224 3473 2533 3526 monasteria
2581 3471 2773 3533 erexit,
2817 3479 2863 3523 et
2919 3467 3174 3539 Regulam
3221 3470 3592 3524 monachorum

352 3547 577 3591 matrem
622 3540 902 3607 epistolam
932 3539 1219 3606 septimam
1259 3539 1496 3607 scripsit,
1531 3556 1634 3606 quo
1677 3551 1918 3608 tempore

354 3609 522 3662 multo
547 3616 675 3662 ante
705 3611 760 3664 S.
802 3611 958 3662 l‘aula
988 3624 1019 3664 e
1061 3609 1194 3664 vivis
1225 3623 1552 3675 excesserat,
1583 3620 1635 3663 ut
1681 3611 1919 3664 ostcntbt

354 3676 614 3751 Barcinus
644 3679 694 3732 in
729 3681 1024 3751 Annalibus
1046 3679 1217 3751 (Tom.
1244 3679 1334 3751 γ).

425 3760 447 3786 σ
479 3748 816 3818 Praeceptum
859 3748 1106 3820 Apostoli
1154 3753 1206 3804 in
1250 3748 1427 3819 priore
1459 3749 1524 3804 ad
1571 3748 1920 3804 Tlu-ssalmxi-

353 3833 541 3891 coimus
571 3835 781 3890 cup.tv,
809 3823 898 3875 ubi
929 3821 1004 3876 ait
1031 3837 1046 3875 :
1077 3820 1336 3875 Nolumus
1362 3831 1530 3874 autem
1559 3837 1643 3874 ros
1663 3823 1917 3891 ignorare,

355 3889 562 3957 fratres,
587 3889 653 3942 de
678 3891 1139 3950 dormientibusmt
1167 3909 1269 3944 non
1300 3889 1698 3958 conti-istemiui,
1713 3891 1842 3944 sicut
1873 3901 1920 3944 et

355 3962 549 4025 rw'eri,
572 3963 662 4028 qui
701 3978 839 4026 spem
880 3979 978 4015 non
1007 3962 1212 4018 lubeat.
1249 3961 1342 4017 Ubi
1377 3978 1480 4015 non
1509 3963 1749 4016 absolute
1779 3969 1924 4016 vetat

356 4030 650 4094 Αῃοειυιιιε
681 4035 987 4086 ροιιινίειιιιι
1035 4033 1103 4088 de
1135 4044 1307 4087 morte
1347 4034 1669 4097 amicorum,
1703 4034 1796 4085 sed
1839 4034 1921 4086 in-

358 4101 602 4172 ordinate
619 4116 713 4172 scu
734 4103 1087 4158 immoderate
1117 4104 1339 4168 tristari,
1375 4119 1525 4157 more
1557 4102 1764 4155 scilicet
1791 4117 1922 4172 gett-

359 4169 394 4240 ti
417 4170 544 4238 ium,
567 4171 660 4240 qui
687 4173 842 4228 [idem
874 4187 928 4228 et
950 4188 1100 4240 Spem
1132 4175 1540 4228 resurrectionis
1567 4190 1672 4226 non
1699 4169 1916 4228 habent.

361 4239 509 4294 Unde
561 4239 728 4296 Eccli.
815 4259 924 4298 ιλιι
977 4239 1171 4316 dicitur
1215 4243 1525 4298 :Modicum
1570 4244 1721 4315 plora
1770 4261 1921 4316 super

358 4322 630 4384 mortuum,
661 4317 898 4382 quaniam
926 4315 1190 4384 requievit.

426 4380 452 4454 fi
485 4380 839 4452 ltefriget'ium
871 4400 967 4454 pro
991 4380 1360 4454 electuosyna,
1393 4384 1634 4436 subsulio
1660 4383 1772 4438 sive
1794 4385 1922 4440 sub-

362 4451 756 4508 tuiuistralione
789 4451 1023 4510 sumitur
1059 4451 1286 4509 etiam—3
1331 4455 1664 4510 Tertulliano
1697 4456 1748 4508 in
1779 4460 1924 4524 Apo-

357 4524 585 4588 logetico
619 4524 796 4596 (Cap,
840 4526 932 4595 59)
960 4566 975 4592 ,
1023 4527 1112 4581 ubi
1157 4524 1224 4580 de
1267 4541 1435 4595 agape
1491 4526 1919 4581 Christianorum

353 4606 516 4666 agens
548 4611 562 4646 :
605 4594 1083 4666 Quantiscurnqne,
1129 4594 1322 4664 inquit,
1350 4597 1650 4665 sumptibus
1684 4606 1919 4662 coastet,

357 4662 561 4736 lucrum
600 4674 680 4718 est
718 4666 933 4735 pietatis
971 4662 1396 4721 nominefacere
1422 4662 1717 4734 sumptum.
1745 4669 1924 4736 Siqui-

354 4733 474 4805 dem
505 4736 692 4804 innpcs
714 4733 957 4805 Quosque
988 4737 1266 4805 refrigerio
1309 4737 1410 4791 isto
1445 4733 1717 4805 jnvaiuus.
1751 4733 1841 4793 Sic
1871 4749 1924 4792 ct

356 4754 471 4786 nem
505 4754 692 4804 mnpcs
714 4754 957 4805 quosque
988 4754 1266 4805 reti-igerto
1309 4754 1410 4791 isto
1475 4754 1717 4792 uvamus.
1751 4754 1841 4793 me
1871 4754 1920 4792 t't

356 4804 672 4881 refrigerare
695 4807 837 4881 apud
863 4807 1108 4862 eumdem
1139 4806 1413 4881 (Adversus
1442 4754 1602 4881 ξηαπ.
1635 4824 1680 4861 c.
1715 4808 1802 4879 ιϐ)
1826 4825 1920 4877 pro

352 4875 556 4944 intrare.
581 4875 773 4944 solari.
804 4892 1076 4939 recreare,
1099 4877 1238 4944 quod
1263 4879 1401 4944 apud
1431 4877 1670 4943 Graecos,
1700 4875 1922 4934 auctore

353 4942 710 5020 Cellio_(Coll.
737 4945 898 5020 Nocl.
943 4942 1240 5001 Attio/lib.
1284 4942 1374 5002 iiut
1402 4965 1515 5017 cap.
1553 4942 1702 5020 ulc),
1727 4949 1923 5004 dicitur

352 5015 626 5086 ἀνάφυξάιι,
656 5017 810 5085 quasi
841 5021 1165 5084 reanimare,
1196 5028 1288 5072 aut
1331 5015 1563 5073 animam
1613 5015 1918 5076 restituere.

351 5087 628 5158 ngtnodo
672 5089 837 5158 etiam
885 5089 1046 5142 vertit
1098 5090 1362 5156 interpres
1393 5090 1533 5156 apud
1576 5090 1918 5158 Apostolttm,

353 5153 392 5206 II
421 5154 606 5229 Tim.t
650 5157 850 5226 :Swpe
899 5175 978 5212 me
1018 5153 1355 5229 refiigeravit.
1405 5153 1471 5213 Et
1523 5153 1659 5214 intra
1719 5163 1769 5215 in
1821 5153 1922 5218 hac

353 5225 662 5302 prgfatjone
688 5228 754 5286 Ι).
787 5225 1368 5302 Ηῇειοιιγιῐιιιέωρὶει.
1402 5230 1496 5302 27)
1529 5248 1542 5283 :
1574 5231 1806 5294 Sauctm,
1838 5236 1921 5286 in-

351 5297 480 5363 quit,
513 5296 733 5369 femina:
764 5296 1092 5369 refrigeratis
1118 5296 1373 5356 animam.
1405 5301 1689 5368 Quomodo
1737 5313 1918 5358 autem

353 5378 518 5438 morte
549 5368 735 5424 Paula:
782 5368 976 5434 incisa,
1001 5372 1051 5424 id
1084 5381 1187 5438 est,
1213 5374 1490 5426 subtracta
1536 5383 1584 5426 et
1633 5373 1916 5426 iunuinnta

351 5435 563 5494 fuerunt
595 5441 888 5496 multorum
923 5435 1223 5511 refrigeria,
1249 5442 1491 5497 declarat
1532 5442 1674 5496 idem
1731 5444 1918 5497 lliero-

347 5522 536 5579 nymus
579 5511 631 5564 in
664 5511 781 5577 ejus
823 5512 1117 5580 epitaphio,
1147 5512 1334 5568 dicens
1379 5528 1447 5568 ne
1488 5528 1654 5567 unum
1700 5513 1918 5582 quidem

348 5594 624 5636 nummum
649 5582 718 5635 ab
745 5597 807 5636 ea
827 5583 952 5654 liiia:
981 5583 1319 5645 derelictum.
1351 5583 1448 5638 sed
1483 5585 1652 5654 magis
1695 5599 1769 5638 ωε
1791 5584 1925 5639 alie-

346 5664 490 5726 num,
514 5660 570 5706 et
599 5666 787 5707 curam
825 5652 1049 5726 fratrum
1093 5669 1156 5707 ac
1190 5668 1468 5726 Sororum,
1507 5652 1703 5726 nempe
1735 5669 1920 5709 mona-

342 5721 569 5776 chorum
630 5733 684 5775 et
742 5725 1155 5789 monachorum,
1215 5725 1407 5792 quibus
1451 5727 1542 5780 illa
1581 5721 1923 5781 cistruxerat

348 5793 696 5869 Iuouastcria,
731 5803 786 5847 et
822 5795 1102 5869 tantaftde
1131 5805 1188 5849 ct
1225 5797 1514 5851 devotione
1546 5797 1722 5852 omnia
1759 5796 1922 5869 dilar-

336 5864 444 5928 gita
469 5864 668 5926 fuerat,
711 5877 766 5918 ut
797 5866 860 5919 ad
897 5867 1136 5920 ultimam
1171 5875 1468 5933 egestatem
1503 5881 1638 5936 pene
1677 5865 1922 5936 pervenis

2023 3541 2248 3612 scripsit,
2279 3557 2433 3609 quam
2479 3541 2914 3612 angelodictante
2943 3539 3212 3595 didicerat.
3256 3540 3384 3609 Ejus
3425 3541 3590 3595 vitam

2026 3615 2231 3677 primus
2251 3615 2487 3666 omnium
2509 3611 2787 3674 descripsit
2812 3611 3033 3664 Graecus
3050 3621 3238 3665 auctor
3263 3625 3591 3677 anonymus,

2026 3625 2231 3677 prunus
2251 3627 2487 3666 nmmum
2509 3625 2787 3674 descripsn
2812 3625 3033 3664 uraecus
3050 3625 3238 3665 auctor
3263 3625 3589 3734 attondymus,

2024 3697 2250 3752 eamque
2290 3682 2480 3737 Latine
2517 3681 2752 3752 reddidit
2787 3680 3074 3752 Dionysius
3111 3680 3393 3752 Exiguus,
3433 3683 3589 3752 ietus,

2024 3765 2145 3819 qua
2174 3751 2403 3807 habetur
2434 3754 2486 3805 in
2521 3751 2655 3805 Vitis
2692 3752 2908 3805 Patrum
2933 3750 3035 3804 tib.
3067 3766 3084 3804 ι
3126 3766 3280 3806 nova:
3315 3751 3590 3806 editiOnis.

2026 3825 2203 3890 Agunt
2235 3822 2304 3876 de
2343 3821 2531 3875 eodem
2573 3823 2909 3875 Sozomenus
2933 3821 3026 3874 lib.
3052 3836 3109 3874 ιιι
3138 3835 3257 3889 cap.
3291 3823 3376 3885 l5,
3412 3821 3591 3876 Palla-

2022 3891 2141 3945 dius
2169 3890 2222 3944 in
2253 3891 2526 3945 Lausiacis
2550 3890 2677 3959 (Cap
2724 3890 2840 3958 58),
2869 3890 3221 3946 Cassiodorus
3248 3892 3298 3946 in
3330 3891 3593 3961 tripartita

2024 3961 2190 4029 (Hist.
2226 3961 2466 4034 ⁸Τνξραιζι.
2507 3963 2545 4014 l.
2579 3977 2692 4034 vin,
2715 3978 2829 4032 rap.
2878 3961 2993 4034 ll),
3026 3961 3384 4034 liicephorns
3410 3963 3593 4034 tib.“

2027 4048 2144 4099 cap.
2180 4031 2534 4103 Madenique
2573 4030 2887 4104 Gennadius
2937 4030 2989 4087 in
3038 4030 3295 4102 Catalogo
3324 4032 3478 4104 (Cap.
3511 4033 3594 4102 7),

2028 4105 2288 4157 ubietiam
2319 4111 2546 4158 testatur
2576 4104 2644 4158 ab
2665 4103 2854 4159 eodem
2887 4106 3116 4174 scriptas
3146 4119 3267 4159 esse
3302 4103 3595 4160 nonnullas

2024 4175 2302 4241 epistolas,
2335 4189 2559 4244 quarum
2611 4175 2900 4231 indiculum
2949 4187 3216 4231 recenset.
3261 4175 3596 4231 Trithemius

2024 4245 2125 4318 (De
2157 4247 2411 4318 Scriptor.
2443 4244 2667 4318 Eccles.)
2701 4247 2960 4301 claruisse
2991 4249 3182 4302 scribit
3208 4249 3308 4301 sub
3348 4247 3594 4318 Valenti-

2025 4316 2190 4369 niano
2218 4316 2283 4371 et
2317 4316 2655 4387 Theodosio
2683 4318 3037 4387 principibus,
3071 4334 3215 4370 anno
3264 4318 3386 4373 590.
3423 4317 3593 4371 Porro

2022 4387 2268 4442 diversus
2296 4402 2325 4440 a
2357 4386 2650 4441 Pacbomio
2682 4385 2781 4440 fuit
2813 4385 3025 4440 [’{icbon
3051 4388 3240 4452 abl-as,
3267 4389 3401 4441 alias
3429 4391 3594 4441 etiam

2025 4457 2344 4512 l’achotnius
2374 4458 2573 4522 dictus,
2616 4457 2683 4518 de
2705 4472 2814 4525 quo
2844 4455 3115 4511 Palladius
3137 4455 3400 4512 Lausiaca
3428 4455 3520 4512 ‘29.

2095 4525 2122 4564 ιι
2153 4530 2224 4582 De
2254 4527 2540 4583 Theodoro
2589 4527 2786 4582 abbate
2844 4526 3121 4581 Pachumii
3173 4541 3488 4581 successore
3543 4529 3594 4584 in

2025 4601 2350 4653 monasterio
2372 4597 2712 4652 Tabeuneusi
2737 4599 2846 4668 agit
2870 4597 3159 4652 Cassianus
3183 4599 3277 4652 lib.
3299 4614 3328 4650 v
3359 4597 3592 4651 institnt.

2023 4685 2140 4733 cap.
2166 4670 2257 4734 53,
2287 4679 2340 4724 et
2365 4670 2654 4724 collatione
2695 4682 2849 4724 sexta
2879 4669 2995 4738 ejus
3035 4669 3252 4724 nomine
3294 4669 3592 4736 inscripta;

2024 4741 2222 4808 quibus
2247 4751 2407 4794 etiam
2452 4740 2587 4794 locis
2629 4739 2780 4808 plura
2829 4741 2897 4792 de.
2953 4739 3144 4795 eodem
3193 4741 3590 4794 annotavitnus.

1949 4838 2001 4897 Β
2029 4809 2645 4897 νιιξθηίῆειιιιειιιίοιιιιιιιιιιί
2670 4826 2830 4893 supra
2855 4808 3014 4897 (Grip.

2106 4878 2124 4954 ῖλ
2143 4880 2368 4954 Qriesis,
2391 4883 2506 4954 sive
2530 4878 2817 4954 Qiesiesis,
2852 4878 2931 4954 rel
2955 4878 3226 4954 Ursiesius
3253 4881 3421 4954 (varie
3448 4880 3590 4936 enim

2024 4951 2300 5022 srribitm)
2322 4952 2596 5022 [{acbomii
2618 4952 2862 5022 aequalis,
2893 4951 3072 5022 ﬂoruit
3097 4967 3240 5006 anno
3260 4950 3386 5022 Ξᾲυ,
3407 4965 3462 5022 ιιι
3499 4969 3592 5022 no-

2028 5033 2101 5075 tat
2140 5020 2295 5076 card.
2344 5021 2704 5078 Bellarminus
2736 5020 2872 5093 (Lib.
2923 5022 2986 5074 de
3034 5021 3234 5090 Script.
3286 5021 3481 5092 Eccl).
3516 5021 3594 5078 De

2010 5096 2203 5151 eodem
2234 5095 2550 5150 Gennadius
2573 5096 2688 5151 ltzec
2715 5097 2881 5152 habet
2908 5103 2958 5150 in
2993 5113 3092 5149 soo
3121 5095 3396 5161 Catalogo.
3430 5094 3590 5150 Oric-

2014 5165 2089 5219 sis
2119 5165 2418 5220 monachus
2452 5166 2764 5223 amborum,
2787 5167 2840 5218 id
2869 5176 2971 5222 est.
3009 5165 3288 5220 Pachumii
3325 5174 3378 5216 et
3409 5165 3590 5220 Then-

2013 5235 2131 5289 dori
2166 5235 2394 5302 collega,
2426 5235 2510 5290 vir
2535 5235 2589 5289 in
2617 5237 2822 5290 Sanctis
2847 5236 2961 5297 Serj
2990 5239 3146 5288 ituris
3171 5235 3235 5288 ad
3284 5235 3590 5297 perfectum

2015 5305 2335 5368 instructus,
2364 5307 2671 5375 composuit
2699 5305 2895 5375 librum
2928 5306 3114 5359 divino
3137 5305 3418 5375 Conditum
3454 5310 3589 5365 sale.

2016 5385 2303 5441 totumque
2348 5374 2662 5430 monasticae
2699 5374 2998 5443 discipline
3037 5374 3418 5428 instrumentis
3457 5391 3591 5429 con~

2011 5455 2304 5506 structum,
2356 5456 2430 5510 et,
2462 5457 2521 5500 ut
2571 5446 2892 5510 Sitltplit'ili't‘
2943 5446 3149 5509 dicam,
3187 5446 3240 5501 in
3265 5461 3374 5513 quo
3410 5455 3586 5501 totum

2013 5530 2150 5584 pene
2170 5525 2397 5569 vetusac
2412 5531 2610 5569 novum
2630 5515 3038 5570 Testamentum
3056 5517 3461 5584 compendiosis
3477 5517 3546 5570 (ιι.
3565 5549 3591 5559 -

2010 5585 2436 5647 sertationibus,
2478 5584 3062 5654 juxtamonarborum
3099 5586 3366 5640 duntaxat
3399 5602 3592 5643 neces-

2011 5653 2250 5718 sitatem,
2275 5653 2876 5722 inveniturexpos‘itum
2903 5673 2917 5709 :
2948 5673 3109 5725 quem
3142 5668 3321 5712 t2nnen
3345 5657 3463 5713 vice
3479 5657 3586 5717 Tc-

2010 5725 2266 5778 stamenti
2299 5740 2464 5794 prope
2488 5725 2836 5794 diemobitus
2862 5729 2946 5780 sui
2973 5727 3236 5780 fratribus
3256 5729 3474 5782 obtulit.
3507 5729 3520 5778 Ι
3551 5747 3582 5784 a
3647 5752 3650 5756 -

2009 5793 2341 5868 Gennadius.
2386 5796 2452 5850 At
2487 5793 2762 5868 Selii-idus
2788 5795 2981 5851 Petrus
3003 5799 3152 5852 addit
3188 5799 3330 5868 till-c
3352 5802 3612 5868 scriptor.

2013 5880 2068 5919 ιιι
2099 5867 2317 5923 excusis
2353 5865 2781 5937 exemplaribus,
2819 5875 2874 5922 ut
2908 5877 2959 5924 ct
2994 5869 3138 5940 apud
3193 5865 3494 5926 lionoriuin
3528 5881 3584 5924 ct
