4016 6192
381 355 495 418 Η

1413 363 1505 418 AD
1545 361 1771 418 OPERA
1809 362 1860 418 .l.
1902 361 2213 418 CASSIANI
2255 361 2618 420 Al'PENDlX.

3541 358 3646 424 975

389 473 454 525 sii
485 482 750 544 praecepta
781 473 1088 545 conscripta
1117 486 1264 540 sunt,
1291 475 1380 543 qui
1415 476 1571 548 primi
1602 491 1696 545 per
1731 475 1772 531 Τ
1779 475 1964 530 behai-
1993 479 2036 534 Δ
2069 450 2308 544 draginta
2343 479 2462 545 plus
2485 479 2730 532 minusve
2755 476 2948 543 fratres
2972 476 3236 546 habitent,
3270 481 3358 546 qui
3389 477 3647 538 obediant

391 563 508 617 tiam
546 579 600 618 et
626 562 918 635 Egyptum
946 563 1316 620 cciiobiornm
1349 565 1689 622 fundamenta
1715 566 1964 635 iecerunt

391 656 531 720 iuxta
565 664 888 723 pra-ceptum
925 652 1014 709 Dei
1055 664 1108 710 ct
1137 656 1314 725 angeli
1358 656 1448 724 qui
1480 671 1508 708 a
1542 657 1650 712 Deo
1687 657 1788 712 sub
1823 657 1966 712 hanc

391 760 556 808 «psam
609 745 997 802 institutionem
1031 749 1226 802 missus
1257 749 1436 802 fuerit.
1488 747 1670 819 Itaque
1717 751 1839 819 quia
1873 749 1964 806 diu

389 848 677 904 tat-iteram,
709 844 766 890 et
792 835 1035 891 dolorem
1060 853 1235 892 meum
1265 839 1479 894 silentio
1500 839 1848 908 devoraram;
1877 857 1963 896 ur-

386 927 579 988 uellant
627 939 804 983 autem
857 931 1003 984 missi
1031 931 1095 986 ad
1129 947 1214 985 me
1265 933 1332 985 ob
1365 933 1503 988 hanc
1529 933 1699 1004 ipsam
1745 949 1960 990 causam

391 1020 648 1073 Leontius
692 1023 975 1095 presbyter
996 1033 1045 1077 et
1075 1025 1260 1079 caeteri
1284 1042 1408 1080 rum
1440 1041 1507 1080 eo
1551 1026 1768 1090 fratres,
1792 1027 1962 1081 accito

386 1123 407 1146 ·
435 1115 742 1176 notario,ut
759 1127 911 1169 erant
941 1115 1007 1169 de
1027 1115 1342 1188 Egyptiaca
1373 1118 1424 1172 in
1453 1116 1692 1174 Graecam
1723 1118 1958 1190 linguam

382 1222 560 1274 versa,
597 1223 780 1263 θηεῖτο
808 1225 1058 1288 sermone
1088 1211 1282 1264 dictavi
1312 1229 1324 1264 :
1351 1219 1409 1264 ut
1435 1222 1489 1266 et
1517 1197 1676 1265 tantis
1709 1212 1840 1265 viris
1862 1213 1961 1266 im~

383 1298 719 1367 uorantibus,
749 1314 818 1353 ne
842 1299 1016 1354 dicam
1046 1301 1364 1370 rogantibus
1390 1301 1688 1368 obedirem;
1712 1315 1766 1358 et
1795 1303 1958 1368 bono,

382 1399 432 1438 ut
466 1387 635 1452 alunt,
666 1389 909 1458 auspicio
936 1391 1150 1462 longum
1175 1392 1451 1448 silentium
1483 1409 1816 1462 rumperem,
1839 1395 1962 1450 red-

2066 570 2378 638 praeposito,
2403 571 2616 638 sintque
2640 586 2734 638 pro
2757 585 2984 628 numero
3011 568 3242 626 fratrum
3275 573 3492 641 triginta
3511 614 3526 637 ,
3559 574 3642 627 vel

2065 660 2412 730 quadraginta
2439 660 2633 717 domus
2659 660 2710 715 in
2739 675 2851 715 uno
2880 663 3232 729 monasterio,
3260 675 3312 716 et
3339 673 3526 729 tenue,
3555 666 3643 720 vel

2065 760 2339 822 quaterna:
2371 751 2562 805 domus
2593 755 2644 805 in
2676 767 2835 806 unam
2859 753 3054 808 tribum
3085 752 3440 819 fmderetttur,
3473 767 3529 810 nt
3560 759 3645 811 vel

2064 841 2129 893 ad
2163 857 2326 910 opera
2359 842 2517 897 simul
2559 844 2794 909 vadaut;
2828 843 2913 899 vel
2963 844 3016 898 in
3056 843 3512 901 hebdomadarum
3543 847 3647 900 mi-

2066 933 2288 988 nisterio
2331 935 2431 989 sibi
2471 936 2762 990 succedant
2801 951 2896 1004 per
2933 935 3200 991 ordinem.
3257 935 3276 974 τ
3308 937 3644 1006 Quicumque

2063 1033 2240 1079 autem
2280 1024 2664 1078 monasterium
2711 1027 2916 1094 primus
2957 1026 3279 1095 ingreditur.
3315 1026 3518 1094 primus
3553 1041 3642 1082 se-

2063 1114 2176 1180 det,
2211 1115 2412 1184 primus
2436 1116 2701 1180 ambulat,
2730 1117 2932 1184 primus
2962 1116 3226 1184 psalmum
3255 1115 3406 1181 dicit,
3438 1117 3643 1186 primus

2063 1212 2121 1264 in
2143 1224 2326 1264 mensa
2349 1226 2565 1266 manum
2591 1208 2857 1275 extendit,
2881 1211 3028 1278 prior
3051 1209 3105 1264 in
3134 1208 3372 1264 Ecclesia
3400 1224 3644 1263 commu-

2065 1302 2235 1366 nicat;
2286 1315 2385 1356 nec
2425 1311 2556 1355 retas
2587 1300 2728 1355 inter
2757 1313 2852 1355 eos
2889 1301 3169 1370 quaeritur,
3216 1299 3315 1356 sed
3358 1298 3640 1369 professio.

2065 1394 2202 1448 Nihil
2247 1393 2443 1448 habent
2476 1393 2528 1446 in
2560 1401 2585 1439 ε
2615 1391 2826 1447 cellulis
2855 1401 3050 1460 praeter
3070 1387 3098 1428 ιι
3129 1391 3416 1461 psiatltium
3455 1399 3514 1446 et
3538 1389 3646 1447 duo

380 1483 514 1532 deus
552 1494 638 1536 me
683 1483 920 1550 pristinis
947 1483 1159 1548 Sllldiis,
1193 1497 1246 1538 et
1275 1483 1305 1523 δ
1331 1493 1532 1540 sanctae
1562 1485 1774 1544 feminae
1796 1487 1957 1542 refri-
2009 1527 2034 1540 -
2064 1486 2386 1540 lebitenaria
2429 1484 2596 1554 (quod
2646 1482 2916 1554 Egyptiis
2945 1481 3225 1538 monachis
3275 1497 3445 1553 genus
3482 1484 3646 1538 vesti-

380 1585 573 1631 uerans
602 1572 861 1636 animam,
893 1589 1013 1644 quas
1043 1576 1490 1630 monasteriorum
1523 1590 1745 1644 semper
1771 1596 1960 1633 amore

381 1667 412 1714 ll
434 1665 651 1732 igravit,
687 1673 739 1720 et
777 1666 918 1736 quod
963 1667 1137 1721 visura
1165 1668 1272 1722 erit
1295 1669 1345 1721 in
1376 1672 1539 1736 cm‘o,
1585 1669 1686 1724 hoc
1720 1672 1769 1723 in
1804 1670 1963 1725 terris

381 1753 634 1808 meditata
663 1765 764 1810 e~t.
800 1753 1133 1812 Venerabilis
1159 1773 1371 1828 quoque
1395 1768 1418 1797 ⁸
1451 1759 1601 1830 virgo
1626 1758 1828 1815 Christi
1859 1760 1964 1815 Ett-

2065 1577 2230 1632 mentl
2261 1587 2344 1632 est
2391 1577 2510 1632 sine
2538 1574 2809 1644 manicis),
2857 1583 2914 1630 et
2960 1590 3122 1629 unum
3155 1575 3268 1645 jam
3303 1576 3544 1630 attritum
3575 1576 3644 1630 ad

2064 1668 2461 1734 dormiendum,
2492 1670 2572 1722 vel
2597 1666 2963 1740 operandum;
2996 1673 3052 1721 et
3083 1663 3100 1705 ί
3129 1665 3384 1720 amictum
3415 1667 3640 1734 lineum,

2069 1761 2084 1813 i
2125 1763 2468 1832 cut-ullasque
2493 1761 2658 1826 duas,
2689 1771 2744 1815 et
2781 1760 3057 1828 caprinam
3105 1759 3439 1828 pelliculam,
3483 1775 3642 1830 quam

379 1847 642 1901 stncbinm
677 1846 925 1914 haberet,
957 1849 1100 1917 quod
1133 1850 1412 1906 sororibus
1445 1850 1726 1920 legendum
1759 1853 1960 1907 tribne-
1993 1853 2032 1909 Β
2064 1853 2314 1908 melotem
2363 1861 2569 1907 vorant.
2622 1851 2913 1905 balteolum
2958 1851 3152 1904 lineum
3203 1860 3259 1905 et
3303 1850 3526 1919 caligas,
3577 1866 3641 1904 ac

327 1999 334 2005 θ
381 1949 481 2006 ret,
504 1941 780 2010 nostrique
809 1941 1002 1996 intres
1021 1940 1423 2013 Egyptiorum,
1450 1941 1554 1997 hoc
1579 1953 1683 2008 est,
1707 1939 1735 1980 ιι
1755 1943 1961 1998 'l‘aben-

379 2035 624 2087 t'ettsittm
663 2017 1050 2089 monachoer
1098 2035 1347 2104 exempla
1396 2046 1776 2106 sequerentur,
1818 2046 1840 2074 ⁸
1869 2041 1959 2107 qui

380 2124 579 2178 habent
608 2140 702 2193 per
729 2127 941 2194 singula
972 2128 1299 2180 monasteria
1330 2125 1540 2185 Patres.
1594 2135 1650 2181 et
1677 2127 1959 2196 dispensa-

381 2227 544 2277 tores,
589 2228 636 2269 et
673 2213 1146 2285 hebdomadarios,
1189 2229 1253 2270 ac
1287 2215 1583 2281 ministros,
1627 2226 1682 2272 et
1724 2216 1960 2287 singula—

380 2324 496 2362 rum
527 2309 808 2364 domorum
833 2308 1188 2378 prmpositos;
1222 2309 1292 2363 ita
1325 2319 1380 2364 ut
1404 2309 1456 2364 in
1492 2324 1596 2363 una
1639 2307 1802 2363 domo
1831 2325 1961 2379 qua-

2064 1943 2309 1998 baculum
2339 1941 2550 1997 itineris
2575 1943 2802 1996 socium.
2855 1941 3203 2012 Egrotantes
3245 1941 3396 1996 miris
3429 1949 3642 1994 susten-

2065 2045 2243 2089 tantur
2293 2035 2585 2104 obsequiis,
2619 2044 2673 2088 et
2726 2033 2791 2090 ad
2834 2048 3048 2087 omnem
3097 2033 3303 2103 copiam
3333 2033 3647 2100 prmparatis

2063 2125 2198 2180 cibis
2225 2141 2242 2180 :
2273 2125 2390 2178 sani
2421 2123 2611 2192 majori
2642 2121 2843 2193 pollent
2865 2123 3214 2179 abstinentia.
3241 2120 3329 2176 Bis
3355 2123 3406 2175 in
3431 2121 3640 2176 hebdo-

2068 2215 2246 2281 mada,
2279 2216 2364 2270 die
2395 2227 2608 2286 quarta,
2637 2224 2692 2270 et
2719 2225 2868 2270 sexta
2897 2214 3136 2283 sabbati,
3179 2214 3247 2268 ab
3276 2216 3525 2268 omnilms
3562 2217 3648 2284 je-

2060 2310 2300 2381 junatur,
2328 2319 2556 2379 excepta
2586 2309 2926 2365 PentecoSte.
2958 2307 3098 2366 Aliis
3117 2308 3304 2363 diebus
3329 2309 3646 2377 comedunt,

1439 2421 1694 2477 ALARDI
1731 2420 1963 2476 GAZEI
2000 2421 2563 2478 COMMENTARIUS.

382 2517 760 2578 Trithemium,
792 2515 1029 2581 Oriesis;
1053 2515 1106 2569 in
1139 2516 1336 2570 nostris
1367 2531 1502 2570 mss.
1533 2515 1698 2578 God.,
1721 2516 1947 2570 Oreste-

381 2605 453 2640 με
483 2598 586 2640 est.
607 2587 700 2641 Sic
723 2587 830 2641 ille.
867 2587 1050 2641 Εχςιιιι
1073 2601 1234 2654 porro
1263 2587 1350 2641 hic
1377 2588 1516 2642 liber
1538 2586 1592 2640 in
1618 2586 1952 2644 Bibliotheca

379 2658 481 2713 SS.
509 2657 724 2711 Patrum
755 2656 1008 2712 editionis
1033 2656 1290 2711 secunda:
1319 2667 1465 2711 tomo
1495 2666 1708 2727 quarto.

448 2737 475 2765 ⁸
508 2727 714 2782 Notarii
745 2729 882 2797 apud
917 2737 1129 2783 veteres
1153 2727 1491 2793 dicebantur,
1514 2725 1616 2796 qui
1640 2729 1708 2781 ab
1735 2725 1844 2782 alio
1870 2727 1956 2782 di-

376 2807 513 2851 rtata
550 2799 743 2853 litteris
787 2809 882 2853 aut
923 2799 1065 2852 notis
1113 2799 1458 2868 excipiebant
1486 2808 1538 2853 ct
1568 2798 1958 2867 consignabant

377 2869 539 2928 (Vide
568 2868 771 2940 Baron.
809 2879 947 2923 tomo
988 2868 1062 2934 ll,
1111 2867 1251 2922 anno
1294 2867 1447 2940 220),
1481 2870 1550 2922 ita
1598 2869 1858 2940 expedite
1907 2877 1961 2922 rt

381 2949 643 3008 prompte,
673 2951 729 2994 ut
763 2939 1034 3008 loquentis
1064 2940 1394 2995 celeritatem
1428 2939 1750 3005 compendio
1781 2955 1955 3008 :Pquav

382 3020 523 3083 rent,
546 3020 601 3064 et
630 3011 1087 3083 quemadmodum
1130 3011 1207 3064 ait
1250 3009 1312 3083 D.
1350 3010 1711 3081 Hieronymus
1740 3011 1757 3080 (
1791 3009 1958 3083 Epist.

378 3081 445 3137 54
475 3092 522 3134 et
555 3082 703 3152 140),
733 3081 1164 3152 νειοεὶιρνίόίοια
1198 3082 1352 3136 velos
1385 3091 1812 3152 consequeretur
1839 3081 1959 3134 ina-

380 3167 500 3218 nus,
521 3160 587 3205 ct
613 3151 807 3218 lingua:
851 3151 1188 3204 celeritatem
1220 3153 1545 3216 prenderent
1576 3151 1727 3221 signa
1753 3152 1958 3208 verbo-

381 3237 520 3275 rum.
549 3222 702 3275 Unde
733 3221 992 3275 Martialis
1026 3221 1296 3290 Epigram.
1329 3221 1469 3276 libro
1499 3234 1694 3292 quarto
1724 3239 1737 3273 :

474 3332 678 3382 Currant
703 3332 856 3381 verba
877 3331 1017 3392 licet,
1041 3344 1213 3380 manus
1233 3337 1312 3381 est
1334 3332 1549 3382 velocior
1575 3331 1672 3381 illis
1696 3346 1709 3381 :

535 3393 760 3444 Nondum
785 3394 952 3456 lingua
974 3407 1136 3454 suum,
1161 3393 1338 3442 dextra
1360 3397 1559 3457 peregit
1581 3407 1723 3456 opus.

382 3497 546 3552 li-lem
596 3497 790 3553 scribat
836 3507 892 3552 et
931 3513 1288 3553 amanuenses
1328 3498 1479 3554 dicti.
1525 3499 1754 3554 Librarii
1809 3516 1958 3565 vero,

382 3570 470 3639 qui
497 3585 522 3621 a
549 3570 786 3641 notariis
817 3579 1038 3639 excepta
1069 3569 1123 3623 in
1157 3569 1309 3623 libris
1336 3569 1588 3625 distincte
1609 3581 1661 3625 et
1691 3571 1963 3641 explicate

382 3640 782 3694 describebant.

455 3711 480 3748 b
519 3711 695 3765 Paulze
726 3710 956 3773 scilicet,
989 3709 1059 3764 de
1085 3723 1187 3779 qua
1220 3721 1380 3779 supra
1407 3726 1421 3772 ;
1448 3710 1598 3780 cujus
1621 3709 1732 3777 jam
1763 3719 1873 3764 tum
1908 3711 1966 3764 in

383 3781 524 3837 rmlo
569 3781 777 3834 beatam
826 3780 1058 3833 animatn
1115 3783 1214 3834 bac
1264 3781 1558 3848 scriptione
1589 3780 1965 3850 refrigeratum

385 3855 562 3916 ducet,
599 3852 702 3906 hoc
722 3859 825 3909 est.
850 3850 1230 3914 exltilaratam,
1262 3861 1316 3904 et
1356 3851 1551 3921 gaudio
1591 3852 1823 3920 quodam
1867 3867 1960 3921 aco

386 3924 650 3986 ecssorio,
684 3923 800 3976 sive
836 3922 1176 3987 accidentali,
1212 3933 1269 3974 ut
1306 3920 1498 3975 vocant
1540 3922 1798 3991 theologi,
1827 3920 1958 3978 ιδπε-

385 4005 522 4050 ctain
541 4005 586 4045 et
605 3993 964 4053 cumulatam;
989 3993 1127 4061 quod
1161 3995 1298 4045 hunc
1323 3991 1557 4046 laborem
1585 3992 1702 4060 ejus
1728 4002 1963 4059 causaet

389 4063 764 4117 record..tiune
791 4064 1114 4132 susceperit,
1147 4061 1305 4128 idque
1337 4062 1388 4114 in
1422 4063 1645 4131 gratiam
1674 4074 1728 4116 et
1759 4064 1964 4118 utilita-

388 4144 494 4186 tem
540 4131 963 4191 monachorum,
987 4147 1123 4199 quos
1167 4132 1254 4184 illa
1305 4139 1589 4202 tantopere
1625 4133 1676 4184 in
1724 4135 1830 4185 vita
1865 4147 1960 4188 sua

387 4203 629 4256 coluerat
649 4212 704 4255 et
725 4203 934 4256 foverat
955 4214 974 4265 ;
996 4215 1101 4271 qua
1127 4201 1194 4254 de
1216 4216 1273 4254 re
1303 4201 1424 4256 vide
1449 4203 1736 4271 epistolam
1759 4202 1818 4256 υ.
1837 4203 1966 4262 llie.

392 4275 600 4339 ronymi
627 4272 719 4326 Ἦ.

464 4353 486 4380 ε
519 4342 694 4397 Paulae
728 4341 837 4411 jam
870 4343 1029 4397 dicta:
1061 4341 1191 4404 tilia,
1222 4357 1345 4413 qua:
1379 4355 1498 4395 cum
1530 4352 1700 4396 matre
1730 4343 1796 4395 ad
1826 4359 1964 4410 prm-

389 4427 519 4483 sepe
551 4414 760 4469 Domini
805 4415 921 4470 sive
963 4414 1016 4467 in
1065 4416 1393 4466 monasterio
1425 4413 1826 4467 Bethleemitico
1856 4430 1959 4468 una

389 4500 510 4538 cum
539 4485 660 4539 aliis
689 4485 981 4555 virginibus
1018 4485 1271 4545 contrita,
1303 4486 1546 4555 etintatri
1577 4485 1665 4537 ditt
1685 4495 1962 4554 superstes

390 4556 672 4626 praeclaris
701 4553 968 4626 virtutum
988 4555 1250 4622 exemplis
1297 4553 1518 4609 ell'nlsit.
1553 4555 1675 4626 llaec
1713 4553 1768 4608 et
1819 4555 1957 4609 Julia

390 4625 532 4680 uicta
555 4637 658 4690 est,
687 4625 826 4695 quod
852 4642 914 4680 ex
946 4625 1148 4695 Jnloiet
1188 4636 1348 4694 gente
1379 4626 1520 4678 Julia
1563 4625 1827 4694 originem
1861 4627 1960 4679 dn-

2056 2515 2256 2584 Regula
2291 2515 2560 2570 Pacbomii
2589 2514 2845 2570 dicuntur
2874 2515 3146 2585 principes
3169 2515 3504 2585 mittastcrii.
3535 2517 3636 2574 Se-

2055 2586 2214 2640 cundi
2261 2585 2582 2640 dicebantur
2645 2584 3070 2652 dispensatores.
3127 2587 3212 2640 vel
3262 2584 3445 2642 Graaca
3498 2603 3639 2646 voce

2059 2654 2466 2726 (nconomi.qui
2516 2656 2771 2710 fratribus
2819 2659 3121 2712 necessaria
3150 2657 3531 2726 providebant
3586 2671 3643 2714 et

2059 2725 2468 2795 dispenSabant.
2501 2725 2669 2783 Tertii
2722 2726 2978 2788 ministri.
3003 2736 3058 2780 et
3107 2725 3160 2780 lii
3207 2726 3420 2796 quidem
3454 2728 3591 2782 varii
3627 2749 3638 2783 :

2061 2812 2183 2852 nam
2222 2796 2310 2868 alii
2342 2797 2638 2868 SCI‘VllOl'GS
2671 2797 3101 2868 ltebdumadarii,
3132 2799 3222 2865 qui
3266 2797 3520 2852 fratribus
3551 2815 3646 2868 per

2062 2870 2209 2922 vices
2254 2867 2692 2922 hebdomadatim
2739 2867 2803 2920 ad
2845 2882 3086 2922 mensam
3135 2868 3526 2935 inserviebam,
3551 2867 3647 2928 alii

2067 2938 2299 2992 ministri
2331 2937 2625 3005 liOSpitum,
2655 2938 2745 2992 alii
2771 2936 3130 3002 inﬁrmorum,
3160 2937 3250 2992 alii
3282 2938 3498 3003 culinis,
3531 2951 3636 2995 etc.

2066 3009 2274 3074 Quarto
2317 3009 2434 3063 loco
2483 3008 2758 3076 pra‘positi
2817 3009 3130 3075 domorum;
3171 3008 3642 3077 distinguebantur

2065 3080 2207 3134 enim
2245 3078 2436 3133 domus
2466 3094 2494 3132 a
2516 3080 2859 3147 monasteriis-
2891 3095 2902 3129 :
2940 3093 3061 3132 nam
3112 3080 3164 3131 in
3199 3079 3421 3147 singulis
3453 3095 3643 3134 mona~

2066 3151 2246 3205 stertis
2276 3158 2432 3204 erant
2460 3145 2672 3218 triginta
2699 3149 2782 3202 vel
2809 3149 3165 3218 quadraginta
3199 3145 3391 3204 domus
3415 3149 3640 3216 singulis

2068 3221 2373 3288 prtepositis
2405 3217 2683 3288 subjecta,
2711 3220 2800 3288 qui
2840 3217 2941 3274 sub
2983 3217 3089 3272 uno
3135 3221 3407 3273 communi
3455 3220 3637 3283 Patre,

2067 3305 2159 3344 seu
2189 3290 2431 3359 principe
2469 3289 2809 3360 monasterii,
2835 3289 2948 3343 sive
2980 3288 3144 3360 totius
3179 3292 3639 3360 congregationis.

2069 3362 2243 3414 dictas
2273 3361 2462 3414 domos
2488 3361 2591 3414 sibi
2619 3359 2957 3425 commiscas,
2985 3358 3533 3426 velutpraeposiiuras
3547 3373 3637 3414 aut

2070 3431 2342 3498 prioratus
2382 3430 2790 3497 conventualcs,
2821 3429 3290 3484 administrabant.
3326 3427 3381 3500 In
3412 3432 3640 3500 singulis

2067 3509 2245 3556 autem
2275 3500 2523 3555 domibus
2570 3502 2812 3570 triginta,
2843 3507 2902 3570 nt
2951 3500 3256 3563 minimum,
3285 3499 3368 3555 vel
3407 3499 3640 3569 quadra-

2066 3572 2212 3640 ginta
2250 3572 2499 3626 monachi
2527 3569 2814 3641 degebant.
2851 3569 3006 3625 Unde
3034 3571 3288 3639 colligere
3316 3572 3440 3625 lieet
3465 3587 3637 3641 quan-

2067 3650 2152 3696 tus
2185 3643 2340 3696 fuerit
2365 3645 2750 3695 monachorum
2777 3656 3032 3695 numerus
3078 3643 3128 3694 in
3173 3656 3492 3711 unoquoque
3522 3659 3640 3696 mo-

2069 3712 2489 3781 nasterioLNam
2529 3711 2574 3781 si
2605 3712 2822 3781 quidem
2855 3711 3049 3781 fuerint
3074 3711 3305 3781 triginta
3337 3711 3550 3768 domus.
3578 3721 3635 3768 et

2057 3783 2112 3834 in
2157 3777 2382 3843 singulis
2434 3772 2788 3846 quadraginta
2841 3772 3110 3846 Irllogllalllli,
3157 3772 3409 3846 cillentur.
3441 3783 3633 3846 nume-

2061 3865 2153 3903 rus
2185 3837 2312 3902 iﬁlli}
2339 3837 2744 3908 mon-achort‘t’tu,
2771 3845 2859 3910 qui
2893 3843 2976 3895 bic
3003 3850 3315 3894 t‘ecensctur
3343 3837 3632 3910 minimus;

2059 3921 2102 3974 si
2149 3933 2275 3971 vero
2311 3917 2666 3984 quadraginta
2708 3906 2934 3976 domus,
2969 3921 3020 3963 et
3055 3911 3104 3984 in
3137 3911 3362 3984 singulis
3399 3906 3638 3984 quadra-

2059 3989 2206 4059 ginta
2231 3977 2504 4050 monachi,
2522 3977 2753 4059 emcitttr
2779 3982 3194 4059 nunterus‘ltillll
3224 3977 3635 4059 monachorum,

2060 4045 2151 4126 qui
2197 4057 2293 4126 hic!
2339 4045 2559 4110 notatur
2601 4055 2889 4126 maximus.
2927 4053 3132 4120 Quibus
3177 4049 3479 4104 intermedii
3522 4045 3642 4099 fue-

2065 4123 2170 4182 rint
2205 4124 2361 4186 1500,
2394 4126 2549 4184 1400,
2582 4123 2739 4177 ἱὲἱοίι.

2143 4198 2161 4236 τ
2196 4203 2303 4253 lloe
2336 4201 2575 4254 imitatus
2599 4200 2661 4251 D.
2693 4197 3018 4253 Benedictus
3060 4197 3112 4248 in
3154 4193 3355 4264 lingula
3386 4193 3637 4264 similiter

2065 4272 2253 4324 statuit
2274 4279 2330 4324 ut
2351 4271 2642 4325 secundum
2669 4269 2888 4323 ordines
2916 4280 3050 4336 quos
3079 4265 3420 4336 constituerit
3443 4263 3634 4327 abbas,

2067 4342 2150 4395 vel
2195 4357 2328 4410 quos
2379 4340 2666 4394 habuerint
2714 4337 2818 4409 ipsi
2865 4341 3078 4410 fratres,
3128 4335 3206 4410 sic
3258 4335 3516 4410 accedant
3564 4336 3632 4386 ad

2069 4405 2276 4480 pacem,
2309 4411 2376 4466 ad
2423 4405 2886 4473 communionem,
2911 4407 2977 4460 ad
3029 4406 3295 4480 psalmum
3346 4405 3632 4480 imponen-

2066 4474 2214 4546 ilum,
2247 4483 2300 4536 in
2338 4481 2508 4537 choro
2536 4482 2808 4542 standum.
2839 4489 2890 4533 et
2920 4481 2972 4532 in
3020 4474 3272 4530 omnibus
3303 4475 3522 4546 omnino
3552 4474 3637 4529 lo-

2065 4559 2143 4608 cis
2173 4543 2302 4606 :t-tas
2336 4568 2442 4607 non
2470 4551 2812 4606 discernatur
2841 4550 2892 4603 in
2923 4547 3133 4606 ordine.
3167 4562 3266 4600 nec
3300 4543 3636 4612 prsrjudicet,

2066 4625 2189 4691 quia
2221 4622 2444 4678 Samuel
2473 4633 2527 4675 et
2566 4621 2749 4677 Daniel
2798 4620 2945 4688 pueri
2991 4618 3349 4691 presbyteros
3360 4617 3633 4691 indicave-

391 4706 558 4760 ceret,
591 4687 653 4750 ut
678 4687 868 4750 a'nctor
897 4696 960 4750 D.
983 4687 1342 4766 llieronimns
1373 4698 1427 4749 itt
1451 4687 1727 4765 epitapliio
1758 4697 1956 4760 P.iul:i-;
1993 4700 2036 4758 ο
2067 4687 2210 4748 runt.
2244 4695 2385 4766 lirgo
2423 4687 2951 4766 eseeptisltis’qnos
2991 4687 3170 4766 altiori
3206 4689 3435 4766 consilio
3465 4687 3635 4766 abbas

392 4769 482 4836 qui
531 4767 692 4821 etiam
725 4767 900 4822 eidem
929 4766 1168 4836 integros
1209 4767 1637 4822 Commentarios
1670 4768 1721 4818 in
1773 4769 1959 4820 Isaiam

393 4849 447 4892 et
474 4837 838 4902 Ezecliielem,
870 4837 1114 4906 aliosque
1149 4837 1492 4906 peculiariter
1536 4846 1590 4891 et
1645 4837 1960 4892 nominatim

394 4908 688 4975 inscripsit.
734 4918 791 4962 ct
837 4907 904 4961 ad
947 4907 1351 4962 Pammachinm
1403 4908 1650 4962 scribens
1698 4909 1960 4973 ejusmodi

395 4996 510 5033 eam
536 4979 882 5035 commendat
901 4979 1076 5047 elogio
1095 4998 1106 5030 -.
1125 4977 1260 5046 Quid
1289 4977 1580 5032 Eustochio
1607 4979 1816 5036 fortius,
1845 4995 1965 5047 qua:

397 5051 688 5105 nobilitatis
721 5061 902 5117 portas
932 5059 986 5104 et
1011 5050 1374 5116 arrogantiam
1424 5050 1636 5117 generis
1663 5052 1967 5102 consularis

395 5123 636 5190 virginali
661 5123 939 5189 proposito
962 5121 1196 5188 (regem,
1228 5130 1280 5174 et
1304 5118 1547 5189 inprima
1573 5123 1704 5174 urbe
1734 5135 1962 5189 primum

392 5209 560 5259 genus
589 5191 956 5260 sttbjngavt-rit
986 5190 1292 5259 pudicitizt'?

461 5261 487 5298 δ
521 5262 598 5317 De
623 5262 880 5316 Tabcttna
913 5261 1086 5315 insula
1115 5271 1170 5315 et
1206 5259 1651 5315 Taltcnnensibns
1688 5261 1965 5316 monachis

396 5333 517 5386 vide
549 5346 729 5386 notata
761 5335 826 5386 ad
856 5335 948 5387 lib.
978 5346 1030 5384 tv
1062 5331 1237 5384 lnstit.
1265 5346 1382 5399 cap.
1420 5333 1467 5384 l.

465 5413 486 5438 ο
523 5405 636 5456 Duo
665 5415 791 5457 sunt
821 5403 905 5458 hic
929 5401 1321 5458 observatione
1347 5405 1522 5466 digna.
1551 5411 1604 5455 et
1633 5401 1699 5454 ad
1729 5403 1965 5464 antiqui—

394 5485 531 5526 lates
572 5476 901 5529 monastieas
951 5472 1276 5542 spectantia.
1331 5474 1567 5527 l‘rimnm
1617 5473 1970 5540 designantur

394 5547 424 5594 ll
453 5557 484 5597 e
513 5556 744 5614 quatuor
774 5553 865 5599 aut
901 5547 1136 5615 quinque
1176 5543 1430 5598 distincta
1460 5546 1656 5609 ollicia,
1687 5545 1797 5615 sive
1823 5546 1968 5615 ordi-

395 5632 488 5668 nes
535 5613 932 5669 ol’liciariornm'
971 5615 1110 5686 apud
1155 5615 1622 5686 monacltosillos
1663 5613 1965 5686 Egyptios.

398 5686 562 5743 Primi
613 5686 940 5740 vorabantur
980 5683 1202 5750 Patres,
1235 5687 1370 5740 alias
1400 5685 1556 5739 ablue
1595 5686 1680 5740 vel
1723 5683 1967 5750 abbates,

395 5757 850 5814 r-rbimanduitm.
883 5757 1308 5816 ctf'nobiarcha',
1364 5757 1415 5808 id
1469 5765 1573 5818 est,
1621 5767 1865 5811 ret-torus
1917 5768 1971 5808 et

407 5828 661 5902 praesules
699 5830 1032 5889 simularunt
1076 5831 1661 5897 tttottastcriorttnt,qui
1707 5830 1866 5882 etiam
1919 5830 1972 5887 in

2068 4757 2365 4832 pra-tulerit
2387 4763 2473 4818 vel
2494 4757 2892 4832 degradaverit,
2922 4759 3178 4832 rertis_cr
3213 4758 3411 4832 causis,
3438 4757 3634 4832 reliqui

2065 4829 2276 4900 omnes,
2305 4846 2364 4888 ut
2410 4829 2797 4904 coiivtirtnntur
2827 4831 2840 4904 [
2867 4830 2931 4884 Id
2966 4839 3063 4904 est,
3086 4829 3421 4904 Religionem
3455 4829 3633 4904 ingre-

2066 4907 2305 4970 diuntur,
2330 4905 2408 4959 uel
2448 4899 2911 4974 profitentur],ita
2962 4903 3074 4956 sint
3113 4915 3130 4954 :
3158 4911 3210 4953 nt
3231 4947 3247 4970 ,
3269 4899 3420 4974 verbi
3448 4899 3645 4974 gratia,

2066 4979 2153 5047 qui
2184 4968 2414 5030 secunda
2446 4976 2577 5047 hora
2620 4975 2726 5028 diei
2773 4968 2980 5047 i-enerit
3029 4975 3080 5047 in
3115 4968 3525 5047 uteti'asterium,
3551 4969 3646 5047 jn-

2069 5041 2272 5100 tiiorcm
2303 5062 2360 5100 se
2392 5046 2531 5099 illius
2562 5047 2771 5100 noverit
2799 5059 2938 5106 esse,
2961 5042 3053 5111 qui
3075 5042 3244 5112 prima
3272 5042 3401 5112 liora
3435 5041 3649 5112 venerit

2069 5119 2194 5175 dmi.
2223 5117 2507 5183 cujuslibet
2536 5119 2733 5179 aetatis,
2764 5127 2853 5168 aut
2884 5113 3160 5185 dignitatis
3186 5113 3279 5166 sit.
3316 5111 3440 5165 llaec
3471 5112 3530 5164 ι).
3554 5111 3646 5164 Be-

2069 5191 2333 5244 tte-dictus.

2141 5274 2166 5308 ς
2199 5261 2273 5315 De
2300 5257 2450 5314 cellis
2479 5267 2535 5313 et
2560 5255 2771 5312 cellulis
2801 5254 3187 5311 monachorum
3229 5253 3354 5308 vide
3396 5251 3450 5307 ln
3499 5255 3644 5305 notis

2071 5331 2135 5385 ad
2164 5333 2256 5385 lib.
2289 5350 2317 5386 ν
2349 5331 2519 5384 lttstil.
2547 5343 2669 5398 Cap.
2703 5325 2793 5380 57.

2148 5399 2174 5440 ἰ
2201 5403 2268 5459 ὓς
2324 5401 2556 5470 psiatltio
2605 5392 2912 5470 actumiest
2954 5397 3047 5451 lib.
3075 5412 3126 5451 tv
3151 5411 3268 5470 cap.
3309 5396 3376 5470 1.3
3421 5401 3477 5470 et
3517 5392 3648 5470 alibi

2073 5473 2087 5527 l
2114 5472 2169 5530 ὸ.
2198 5488 2217 5528 ι
2243 5485 2275 5529 e
2326 5463 2380 5526 Ἴ.
2415 5470 2692 5526 Βιιειίιιαηι
2725 5468 2974 5525 sellulam
3006 5479 3158 5522 vocat
3193 5465 3395 5536 Regula
3427 5463 3649 5520 Pachu-

2077 5561 2108 5596 n
2134 5541 2168 5599 ii
2197 5552 2302 5599 art.
2340 5539 2422 5598 ΞΟ.
2457 5540 2532 5595 De
2559 5541 2886 5596 Iebitonat-io
2913 5539 3006 5594 lib.
3031 5555 3047 5594 t
3071 5553 3190 5608 cap.
3215 5539 3271 5594 5.

2150 5609 2169 5654 ³
2201 5613 2492 5671 Mavortem
2534 5621 2588 5666 et
2622 5621 2912 5681 angustum
2941 5604 3220 5681 palliolum
3251 5613 3404 5662 vocat
3438 5604 3658 5681 cassia-

2049 5700 2120 5738 «nt
2151 5697 2175 5742 s
2210 5685 2426 5743 ibidem.
2451 5698 2558 5752 quo
2585 5677 2745 5752 colla,
2774 5677 2975 5748 pariter
3005 5689 3055 5736 et
3085 5679 3340 5752 humeros
3367 5677 3657 5752 tegebant!

2149 5754 2168 5808 3
2204 5757 2278 5811 De
2311 5753 2395 5812 ωδ
2427 5747 2677 5809 omnibus
2707 5747 3067 5823 sigillatim'et
3090 5751 3343 5812 distincte
3377 5749 3469 5807 Ιιι).
3505 5761 3520 5799 t
3553 5747 3658 5817 per

2079 5829 2140 5885 ali
2156 5838 2279 5882 :uot
2301 5828 2497 5899 capita.
