4016 6192
326 361 427 416 277

1571 372 1745 428 RLGL
1762 373 1850 428 LA
1888 375 1944 429 8.
1989 375 2336 431 PACllOMll.

3488 381 3595 437 276

322 476 411 545 qui
468 477 677 545 volunt,
730 490 853 546 post
901 482 1216 550 meridiem;
1267 493 1322 538 et
1363 483 1412 537 in
1453 498 1606 539 caena
1656 486 1904 541 similiter
1931 510 1975 567 Α
2008 503 2069 544 ac
2116 490 2191 542 sal
2223 490 2438 557 accipit,
2494 491 2610 546 sive
2668 507 2773 545 uno
2810 493 2895 547 die
2940 493 3188 551 voluerit.
3251 495 3368 552 sive
3409 495 3593 553 biduo.

322 580 501 619 mensa
533 568 749 635 ponitur
781 579 1003 639 propter
1032 571 1359 637 laborantes,
1389 588 1568 640 senes,
1602 585 1657 630 et
1678 591 1898 644 pueros,

317 667 590 727 astusque
614 660 985 727 gravissimos.
1005 662 1143 717 Sunt
1164 666 1255 733 qui
1286 666 1525 719 secundo
1553 681 1739 735 parum
1761 681 1907 721 com-

312 748 509 813 edunt,
538 750 634 805 alii
662 752 752 821 qui
782 753 996 823 prandii
1026 753 1142 809 sive
1181 770 1354 811 ciente
1390 772 1498 811 uno
1542 766 1747 811 tantum
1787 758 1909 813 cibo

310 843 551 896 contenti
580 854 747 897 sunt:
777 846 1022 900 nonnulli
1052 858 1264 917 gustato
1293 850 1568 915 paululum
1595 866 1731 922 pane
1751 867 1907 921 egre-

313 932 553 991 diuntur.
587 933 794 991 Omnes
821 938 1026 1007 pariter
1045 940 1337 995 comedunt
1368 958 1381 994 :
1428 942 1519 1011 qui
1548 942 1614 997 ad
1660 958 1901 998 mensam

306 1023 387 1076 ire
413 1024 685 1088 noluerit,
718 1028 916 1082 cellula
957 1043 1049 1082 sua
1090 1046 1285 1100 panem
1325 1040 1553 1099 tantum,
1594 1042 1649 1088 et
1684 1049 1900 1104 aquam,

2010 582 2252 653 Cumque
2281 583 2473 651 major,
2503 586 2582 638 vel
2611 595 2762 640 stans
2797 584 2938 653 prior
2966 586 3015 639 in
3044 586 3235 657 gradu,
3266 604 3427 644 manu
3473 604 3594 660 per-

2009 673 2264 735 cusserit,
2298 672 2365 728 de
2392 673 2691 744 Scripturis
2716 676 2987 746 quidpiam
3020 677 3302 734 revolvens
3330 684 3588 737 memori-

2012 773 2116 828 ter,
2148 772 2203 818 ut
2242 765 2417 818 oratio
2457 765 2661 832 linitur,
2711 767 2889 821 nullus
2916 770 3190 839 Consurgit
3221 769 3446 837 tardius,
3495 774 3596 829 sed

2010 870 2200 909 omnes
2230 856 2430 926 pariter
2453 857 2760 924 elevantur;
2794 874 2954 915 nemo
2984 862 3175 929 aspicit
3195 862 3431 919 alterum
3458 878 3593 934 0pc-

2011 954 2242 1012 rantetn,
2293 947 2389 1002 sed
2431 947 2622 1003 deﬁxis
2670 949 2962 1005 luminibus
3005 952 3369 1024 unusquisque
3402 952 3457 1009 in
3491 971 3591 1011 suo

2006 1049 2172 1105 opere
2203 1037 2439 1092 intentus
2468 1047 2572 1102 est,
2602 1048 2712 1095 etc.

1303 1233 1597 1298 lNCll‘lT
1645 1236 1964 1299 REGULA
2018 1240 2081 1299 S.
2126 1188 2521 1302 PACHOMII

375 1348 505 1403 Hac
529 1360 658 1405 sunt
690 1358 716 1387 ⁸
744 1362 1015 1423 ρι’ωοεριτι
1046 1353 1251 1419 vitalia,
1280 1351 1309 1393 δ
1333 1355 1508 1410 tribus
1528 1371 1557 1410 a
1587 1356 1890 1427 majoribus

307 1441 503 1495 tradita
538 1458 555 1497 :

374 1533 411 1587 l.
449 1543 474 1573 ε
496 1534 556 1589 Si
584 1535 849 1591 acciderit
882 1545 939 1592 ut
967 1538 1242 1608 psallendi
1272 1542 1639 1610 tempore,vel
1673 1545 1892 1611 orandi,

303 1634 395 1677 aut
427 1624 483 1678 in
531 1627 713 1681 medio
742 1628 994 1684 lectionis
1023 1631 1222 1700 aliquis
1249 1634 1525 1703 loquatur,
1555 1644 1648 1691 aut
1688 1637 1887 1707 rideat,

300 1718 478 1772 solvet
497 1717 795 1789 cingulum,
825 1731 901 1786 et,
927 1717 955 1760 ἀ
988 1722 1242 1778 inclinata
1270 1726 1506 1794 cervice,
1534 1728 1786 1784 manibus
1820 1731 1886 1785 ad

303 1806 561 1861 inferiora
586 1809 884 1879 depressis,
912 1814 1078 1868 stabit
1108 1799 1233 1869 ante
1264 1816 1456 1879 altare,
1487 1830 1539 1873 et
1562 1836 1589 1872 a
1626 1830 1649 1858 ε
1686 1822 1889 1890 princi-

303 1913 368 1964 pe
401 1900 718 1955 monasterii
768 1902 1157 1969 increpabitur.
1192 1906 1301 1961 lloc
1344 1908 1486 1963 idem
1539 1909 1701 1964 faciet
1736 1920 1789 1965 et
1834 1912 1886 1966 in

297 2002 571 2045 conventu
616 1993 867 2062 fratrum,
895 2011 1018 2051 cum
1048 1997 1117 2053 ad
1145 2000 1475 2055 vescendum
1520 2004 1723 2073 pariter
1757 2020 1887 2060 con-

297 2086 571 2138 venerint.

2074 1360 2161 1415 Ill.
2195 1361 2421 1427 Quando
2452 1362 2505 1417 in
2536 1364 2759 1421 collecta
2790 1376 2951 1421 orant
2988 1366 3206 1436 fratres,
3239 1384 3400 1428 nemo
3426 1388 3584 1444 egxe-

1999 1452 2223 1507 diatur'l
2264 1454 2469 1527 absque
2506 1455 2755 1526 jussione
2803 1457 3105 1530 majorum;
3125 1461 3229 1517 nisi
3278 1464 3591 1535 interroga-

2002 1544 2160 1610 verit,
2194 1560 2621 1616 concessumque
2650 1550 2699 1603 ei
2738 1546 2899 1604 fuerit
2929 1551 3079 1606 exire
3107 1567 3201 1621 pro
3230 1564 3436 1611 natum:
3474 1572 3577 1611 ue-

1998 1638 2272 1694 cessitate.

2069 1729 2157 1783 ιν.
2190 1725 2216 1766 ιι
2248 1729 2451 1785 Omnes
2479 1732 2799 1787 memoriter
2822 1743 3065 1790 retexent
3089 1752 3211 1807 quae
3240 1737 3339 1793 sibi
3374 1737 3575 1795 fuerint

1993 1821 2279 1890 imperata,
2303 1821 2372 1877 de
2393 1824 2589 1893 quibus
2612 1824 2655 1877 si
2679 1824 2799 1893 quis
2829 1824 3027 1881 oblitus
3048 1827 3248 1897 aliquid
3278 1826 3463 1892 fuerit,
3482 1843 3576 1885 aut

1992 1913 2321 1969 ltmsitaverit
2364 1914 2418 1970 in
2477 1916 2728 1983 dicendo,
2772 1917 3112 1989 negligentia:
3161 1928 3216 1975 et
3280 1921 3574 1977 oblivionis
3632 1982 3645 1991 ,

1999 2003 2382 2072 increpabitur.

2066 2096 2128 2148 V.
2166 2091 2183 2132 ι
2211 2093 2266 2149 lu
2291 2095 2379 2151 die
2405 2094 2696 2162 dominica,
2723 2096 2774 2151 in
2794 2098 3041 2167 collecta,
3075 2098 3127 2153 in
3156 2115 3261 2170 qua
3287 2098 3567 2156 offerenda

369 2175 436 2229 11.
484 2175 711 2244 Quando
736 2176 757 2215 ί
783 2178 848 2233 ad
897 2181 1177 2235 collectam
1222 2192 1247 2231 Β
1278 2183 1401 2237 tuba
1442 2184 1745 2240 insonuerit
1794 2201 1887 2256 per
1919 2190 1963 2250 Β
1990 2196 2073 2241 est
2112 2185 2335 2248 oblatio,
2368 2186 2570 2255 absque
2609 2188 2902 2256 praeposito
2948 2189 3141 2244 domus
3171 2200 3227 2245 et
3270 2193 3569 2262 majoribus

294 2266 463 2333 diem,
496 2270 585 2336 qui
630 2285 736 2323 una
771 2271 1020 2326 oratione
1071 2272 1277 2328 tardius
1323 2276 1554 2340 venerit,
1584 2278 1882 2344 superioris

294 2359 687 2428 increpationis
734 2364 925 2419 ordine
973 2364 1361 2435 increpabitur,
1390 2378 1445 2423 et
1476 2369 1639 2423 stabit
1679 2370 1730 2423 in
1760 2369 1881 2424 loco

291 2454 553 2509 convivii.
578 2454 752 2511 Noctu
782 2471 913 2513 vero
952 2458 1075 2528 quia
1127 2461 1375 2527 corporis
1427 2461 1729 2516 infirmitati
1764 2463 1882 2531 plus

296 2546 500 2614 aliquid
529 2547 868 2617 conceditur,
889 2546 921 2587 δ
941 2553 1029 2620 qui
1055 2561 1172 2621 post
1198 2562 1308 2608 tres
1335 2554 1608 2609 orationes
1640 2556 1875 2621 venerit,

292 2640 488 2694 eodem
518 2640 571 2694 in
601 2640 826 2697 collecta
858 2652 912 2699 et
943 2638 959 2680 ί
994 2641 1047 2697 in
1076 2644 1327 2700 vescendi
1363 2647 1482 2701 loco
1521 2645 1711 2703 ordine
1750 2663 1873 2703 cor-

288 2733 334 2788 ri
341 2733 537 2802 pietur.

1991 2277 2302 2332 monasterii
2330 2277 2417 2347 qui
2447 2277 2677 2345 alicujus
2707 2279 2941 2333 nominis
2967 2290 3112 2347 sunt,
3144 2297 3306 2337 nemo
3339 2285 3570 2349 psallen-

1987 2370 2039 2424 di
2079 2370 2271 2425 habeat
2316 2379 2661 2440 potestatem.
2690 2371 2969 2427 Psallente
2995 2382 3175 2428 autem
3215 2376 3456 2444 quolibet
3500 2378 3570 2432 de

1986 2461 2300 2530 majoribus,
2331 2460 2386 2517 id
2418 2470 2522 2526 est,
2553 2460 2769 2516 dicente
2798 2464 3227 2531 responsorium,
3255 2464 3300 2518 si
3328 2467 3451 2536 quis
3477 2466 3573 2522 (le-

1987 2554 2167 2624 fuerit,
2202 2555 2384 2609 statim
2428 2562 2553 2608 ante
2582 2553 2754 2609 altare
2794 2556 3154 2626 pmnitentiaa,
3178 2557 3569 2628 increpationis

1983 2647 2229 2701 ordinem
2253 2646 2559 2701 sustinebit.

2060 2741 2143 2795 Vl.
2191 2741 2265 2794 De
2287 2738 2534 2802 collecta,
2568 2738 2623 2792 in
2657 2751 2763 2808 qua
2794 2736 3069 2793 offerenda
3108 2748 3191 2794 est
3220 2740 3444 2811 oblatio,
3476 2744 3567 2813 qui

1372 2893 1629 2951 ΑιΑιωι
1668 2893 1896 2951 ϐΑΖᾸΞΙ
1937 2891 2498 2951 COMMENTARIUS.

358 3015 384 3044 ⁸
426 3005 775 3080 Spiritualia,
800 3023 895 3065 seu
923 3008 1119 3080 quibus
1159 3009 1264 3064 vita
1314 3010 1613 3080 spiritualis
1644 3020 1711 3080 _et
1755 3010 1883 3065 reli-

282 3078 436 3144 giosa
476 3078 564 3132 hic
604 3079 833 3145 ducitur,
881 3078 957 3135 et'
981 3089 1185 3136 interna
1224 3078 1594 3151 comparatur.
1628 3078 1877 3136 Cassian.

287 3149 474 3200 co'lat.
506 3148 578 3203 ‘25
602 3163 723 3203 can.
757 3153 806 3203 ι.

287 3153 474 3200 co'lat.
506 3153 578 3203 25
602 3163 723 3204 cap.
757 3153 806 3204 s.

352 3163 723 3273 δ”ῗτὶῖιῗοῗὲἐὶ
757 3163 1006 3285 :cilicet,
1056 3219 1341 3275 Theodoro
1384 3230 1438 3275 et
1488 3220 1760 3287 Orsiesio,
1813 3219 1880 3275 de

282 3288 484 3356 quibus
514 3303 675 3357 supra
705 3290 756 3343 in
790 3288 1133 3360 praefatione.

358 3368 382 3397 ε
428 3360 713 3413 Silentium
758 3360 811 3414 in
855 3362 1131 3421 oratorio,
1164 3360 1277 3415 sive
1310 3362 1361 3415 in
1394 3361 1621 3417 ecclesia
1650 3375 1873 3415 servan-

280 3427 431 3502 dum.
464 3428 546 3502 pe
572 3444 681 3502 quo
709 3430 829 3483 vide
858 3428 1171 3502 Cassianum
1206 3432 1299 3487 1ι1).
1333 3447 1370 3486 ιι
1403 3431 1577 3488 Instit.
1608 3447 1730 3502 cap.
1764 3432 1831 3487 ll)
1855 3472 1869 3495 ,

282 3508 334 3550 et
366 3497 431 3551 1).
464 3496 811 3554 Benedictum
840 3514 962 3567 cap.
988 3500 1078 3555 52.

352 3566 380 3604 δ
424 3568 612 3643 Modus
655 3566 1009 3643 correctionis
1048 3570 1188 3640 apud
1220 3568 1506 3643 Egyptios
1550 3574 1868 3627 monachos.

284 3640 430 3694 Idem
463 3638 599 3693 infra
631 3650 732 3693 art.
765 3642 801 3696 5
829 3649 883 3694 et
910 3640 996 3694 78.

355 3720 381 3777 ἐ
410 3710 560 3762 Alias
587 3707 747 3765 Patre
776 3709 1129 3777 monasterii,
1162 3726 1257 3765 seu
1291 3711 1513 3768 abbate.

357 3776 465 3851 "Id
492 3790 611 3843 est,
631 3780 707 3851 ad
737 3790 1064 3851 conventum
1094 3776 1191 3836 seu
1235 3782 1710 3851 congregationem
1757 3798 1870 3838 mo-

285 3849 578 3903 nachorum
629 3849 679 3904 in
721 3850 981 3914 ecclesia,
1029 3852 1141 3905 sive
1181 3852 1247 3905 ad
1295 3849 1589 3916 orandum,
1635 3854 1753 3907 sive
1800 3855 1867 3909 ad

284 3921 508 3973 verbum
541 3917 639 3974 Dei
669 3919 1013 3974 audiendum.
1049 3921 1266 3977 Missam
1301 3924 1500 3990 passim
1543 3933 1695 3977 vocat
1736 3922 1871 3977 Cas-

285 3992 463 4063 sianus
508 4001 563 4045 et
602 3991 877 4063 synaxim.
922 3991 1282 4047 Similiterl).
1310 3992 1674 4063 llicronymus
1700 3997 1865 4061 epist.

284 4058 371 4114 ιο.
402 4060 529 4113 Cum
557 4058 922 4126 celebraretur,
964 4063 1168 4126 inquit,
1212 4062 1427 4116 collecta
1453 4064 1502 4116 in
1520 4058 1766 4116 'ecclesia'.
1805 4064 1870 4115 Et

284 4129 417 4183 infra
464 4130 663 4184 ibidem
692 4148 705 4183 :
733 4129 801 4186 Ut
842 4133 913 4185 ibi
951 4134 1215 4187 collectam
1260 4144 1427 4187 tecum
1452 4150 1515 4187 ex
1545 4150 1684 4186 more
1708 4132 1868 4187 eccle-

281 4202 487 4272 siastico
518 4201 762 4272 facerem.
1182 4252 1201 4263 ,

349 4279 375 4318 ι
407 4270 591 4336 Tuba,
625 4283 679 4325 ut
710 4272 925 4340 Opinor,
969 4286 1196 4339 cornea,
1246 4287 1344 4341 pro
1386 4273 1543 4339 uola,
1587 4284 1677 4326 aut
1721 4287 1867 4326 cam-

283 4355 450 4405 uana,
495 4343 624 4396 olim
670 4342 721 4395 in
753 4356 865 4413 usu
907 4342 1045 4413 apud
1077 4343 1396 4413 t-remicolus
1426 4343 1755 4413 monachos,
1786 4355 1870 4395 nt-

280 4421 403 4477 pote
434 4413 561 4465 :rris
593 4421 648 4466 et
678 4411 921 4481 cujusvis
949 4411 1157 4468 metalli
1189 4414 1397 4478 inopes.
1434 4413 1545 4479 Qua
1577 4412 1868 4468 occasione

281 4482 581 4535 notandum
613 4480 808 4548 triplici
844 4480 1202 4538 instrumento
1243 4484 1422 4537 solere
1468 4483 1685 4550 ﬁdeles,
1733 4498 1869 4546 prte-

278 4555 461 4605 scrtim
497 4553 832 4617 monachos,
864 4554 929 4606 ad
971 4553 1251 4608 ecclesiam
1292 4553 1614 4619 convocari,
1651 4552 1777 4608 tuba
1809 4562 1868 4607 ut

278 4623 363 4676 bic
412 4620 673 4685 habetur.
726 4622 903 4677 tabula
948 4624 1159 4689 lignea,
1210 4631 1266 4677 et
1310 4622 1705 4686 titttinnabttlo,
1752 4623 1866 4679 sive

276 4707 560 4762 campana.
622 4693 698 4746 De
744 4693 868 4746 tuba
920 4693 1126 4747 nullum
1171 4692 1312 4746 aliud
1351 4695 1670 4762 exemplum
1720 4693 1863 4747 inter

273 4760 618 4815 Christianos
644 4773 957 4824 usurpatum
987 4764 1244 4818 hactenus
1268 4761 1399 4817 mihi
1423 4760 1679 4818 occurrit.
1710 4762 1865 4830 Apud

275 4831 536 4887 llcbrtnos
559 4834 901 4887 sacerdotem
926 4848 990 4887 es
1015 4834 1273 4887 eminenti
1301 4832 1434 4889 turri
1451 4874 1466 4895 .
1493 4834 1675 4887 sonitu
1699 4833 1865 4899 tubas,

276 4903 477 4970 populo
507 4912 688 4957 certas
714 4903 817 4957 diei
852 4904 1011 4957 horas
1037 4912 1087 4957 et
1118 4902 1337 4959 sabbata
1368 4902 1607 4958 indicare
1638 4918 1867 4959 consue-

271 4974 416 5026 visse
442 4984 634 5027 auctor
654 4972 923 5041 Iosephus
950 4973 1018 5028 de
1049 4972 1202 5027 Bello
1227 4972 1349 5027 lnd.
1384 4973 1478 5028 lib.
1515 4989 1545 5025 v
1576 4989 1696 5040 cap.
1723 4973 1777 5041 9,
1811 4983 1867 5029 et

271 5044 408 5105 satis
441 5054 630 5113 notum
660 5052 743 5097 est
771 5058 801 5098 e
828 5044 1101 5113 Scriptura
1138 5046 1386 5098 tubarum
1420 5059 1575 5097 usum
1608 5044 1660 5098 in
1689 5044 1862 5099 sacris

276 5112 472 5167 ritibus
498 5112 669 5167 fuisse
698 5112 1017 5168 solemnem.
1052 5114 1208 5180 Quod
1238 5113 1303 5168 ad
1346 5113 1583 5167 tabulam
1628 5114 1860 5183 ligneam

1991 3009 2183 3062 mirum
2217 3017 2273 3061 ut
2302 3008 2384 3062 vel
2426 3022 2617 3061 omnes
2646 3022 2801 3077 a-que
2829 3022 2930 3062 una
2962 3010 3268 3076 pulsatione
3296 3026 3563 3070 convoca-

1987 3087 2199 3145 rentur,
2232 3080 2314 3132 vel
2341 3078 2616 3145 sigillatim
2650 3077 2795 3132 fores
2824 3078 3157 3148 singulorum
3193 3082 3558 3148 pulsarentur.

1984 3147 2149 3221 Cgujus
2188 3150 2495 3221 exemplum
2527 3158 2705 3221 exstat
2749 3149 2889 3221 apud
2922 3147 3136 3221 ’l‘allad.
3165 3147 3409 3208 Lausiac.
3435 3154 3559 3221 104,

1983 3218 2074 3274 ubi
2103 3220 2212 3297 ait:
2242 3216 2525 3297 Postquam
2550 3216 2649 3272 hoc
2688 3220 2839 3273 modo
2872 3219 3080 3297 solitum
3118 3230 3334 3297 tempus
3357 3216 3565 3297 imples;

1981 3300 2089 3363 set,
2119 3290 2266 3359 signo
2306 3287 2481 3343 mallei
2502 3329 2520 3363 ,_
2546 3304 2646 3355 quo
2684 3298 2891 3363 crateras
2933 3290 3122 3362 fratres
3148 3287 3565 3363 excitabat,'per-

1982 3362 2175 3435 cutiens
2204 3360 2609 3435 foresontnium
2655 3358 2944 3435 cellarum,
2986 3377 3072 3435 eos
3118 3358 3459 3435 congregabat
3495 3368 3564 3419 ad

1976 3429 2257 3502 oratorium
2282 3429 2442 3502 (Vide
2460 3439 2607 3502 notas
2624 3429 2693 3502 ad
2714 3430 2799 3484 lib.
2823 3444 2882 3486 ιιι
2906 3429 3077 3502 Instit.
3100 3429 3269 3501 capfi
3285 3429 3367 3499 ,ἐι
3390 3434 3481 3491 lib.
3507 3452 3587 3492 tv.

1976 3499 2453 3575 cap._l2)._A_tque_
2491 3499 2616 3575 hinc
2663 3501 2892 3575 fortasse
2940 3499 3413 3575 tnalleiettabulee
3434 3521 3562 3575 pcr-

1974 3571 2154 3626 cussio
2182 3571 2249 3625 ad
2280 3570 2518 3639 singulas
2544 3571 2761 3625 claustri
2796 3570 2941 3625 fores
2986 3580 3041 3626 et
3081 3572 3358 3637 officinas,
3407 3570 3560 3631 velut

1975 3641 2041 3711 ad
2080 3640 2468 3697 monachorum
2496 3642 2692 3705 cellas,
2723 3641 2883 3694 etiam
2917 3641 2968 3711 in
3014 3642 3285 3711 exsequiis
3331 3643 3558 3700 fratrum

1974 3710 2383 3772 defunctorum.
2437 3710 2757 3775 quibusdam
2807 3711 2859 3763 in
2914 3709 3052 3765 locis
3099 3709 3176 3765 ac
3217 3715 3559 3771 monasteriis

1978 3782 2215 3835 inolevit.
2252 3781 2416 3834 Porro
2447 3779 2924 3834 tintinnabulorum
2958 3795 3088 3834 usus
3118 3782 3324 3836 reddita
3360 3784 3549 3840 Eccle-

1974 3853 2069 3905 sia:
2098 3866 2227 3918 pace
2256 3860 2375 3917 post
2397 3861 2745 3920 tyrannorum
2778 3852 3184 3916 persecutiones
3216 3852 3554 3910 introductus

1973 3920 2071 3995 fuit
2100 3938 2111 3973 :
2145 3937 2263 3995 qua:
2291 3919 2651 3995 si‘gréattdiora
2699 3926 2903 3995 erant,
2929 3934 3240 3995 campanae,
3272 3938 3302 3976 a
3331 3924 3555 3995 Campa-

1973 3993 2062 4044 nia
2088 3992 2312 4060 regione
2334 3989 2537 4060 ltalia‘,
2558 3988 2651 4060 ubi
2677 3989 2853 4060 primo
2881 3988 3134 4060 fabricata
3162 4001 3285 4046 sunt
3308 4007 3325 4058 ;
3351 3994 3394 4047 si
3426 3988 3558 4049 vero

1971 4058 2210 4123 minora,
2254 4059 2377 4113 uola
2401 4102 2415 4125 ,
2459 4073 2491 4111 a
2528 4058 2661 4113 Nola
2698 4059 2942 4126 ejusdem
2985 4059 3295 4126 Campaniae
3333 4064 3556 4121 civitate

1970 4143 2097 4185 sunt
2144 4130 2447 4199 appellata,
2502 4140 2560 4185 ut
2610 4140 2760 4184 notat
2804 4130 3085 4185 Durandus
3130 4131 3224 4186 lib.
3274 4149 3291 4188 ι
3337 4133 3551 4192 Ration.

1968 4216 2089 4273 cap.
2121 4200 2342 4273 Lglllud
2374 4217 2502 4255 vero
2532 4200 2820 4273 admodum
2846 4201 3120 4273 singulare
3151 4204 3386 4268 videtur,
3412 4206 3553 4273 quod

1969 4272 2136 4343 refert
2166 4270 2224 4327 S.
2259 4271 2617 4343 Hieronymus
2647 4272 2808 4343 epist.
2844 4270 2949 4343 27.
2983 4278 3032 4324 in
3065 4277 3394 4327 munasterio
3426 4270 3548 4329 san-

1968 4352 2069 4394 etne
2102 4342 2281 4395 Paula:
2302 4383 2317 4403 ,
2354 4341 2619 4395 uua‘voee
2647 4341 2809 4394 altius
2838 4341 3157 4405 decantata,
3192 4346 3443 4398 nimirum
3477 4348 3557 4397 al-

1968 4412 2166 4475 leluia,
2199 4426 2387 4465 omnes
2416 4411 2481 4463 ad
2514 4410 2759 4478 synaxint
2808 4411 2988 4463 voeari
3030 4413 3219 4464 solitas
3262 4413 3545 4469 moniales.

1968 4481 2057 4535 Sic
2087 4484 2228 4535 enim
2253 4483 2357 4535 ait:
2385 4480 2511 4552 Post
2532 4479 3093 4552 alleluia__t_lecanl_atuttt
3115 4521 3129 4545 ,
3161 4498 3259 4550 quo
3290 4485 3434 4552 signa
3461 4500 3551 4536 νο-

1965 4551 2213 4605 cabantar
2242 4555 2309 4603 ad
2338 4550 2601 4605 collectam
2619 4593 2632 4614 ,
2663 4548 2794 4603 nulli
2820 4550 3040 4604 residere
3064 4548 3256 4605 licitum
3283 4548 3391 4606 erat
3414 4569 3434 4618 ;
3462 4555 3552 4607 sed

1968 4624 2133 4690 prima
2153 4664 2166 4685 ,
2197 4639 2284 4675 seu
2316 4622 2447 4675 inter
2476 4622 2667 4693 primas
2692 4620 2925 4693 ueniens,
2973 4631 3272 4677 ctetcrarum
3313 4628 3545 4693 opperie-

1968 4694 2115 4745 batur
2146 4693 2440 4746 adventum.
2484 4691 2610 4747 11ωο
2640 4690 2735 4745 ibi.

2039 4760 2064 4799 ιι
2094 4762 2377 4817 Ciaconins
2409 4763 2586 4828 posuit
2612 4762 2664 4815 in
2694 4760 2981 4830 margine:
3013 4761 3056 4829 Ῑ.
3088 4762 3243 4817 duas.

2045 4830 2061 4870 ί
2110 4833 2370 4901 Superius
2401 4834 2595 4887 inloco
2632 4832 2883 4901 convivii,
2928 4832 3072 4902 quod
3116 4837 3277 4901 vulgo
3320 4832 3550 4888 relecto-

1965 4903 2104 4956 rium
2140 4914 2381 4960 vocatur.
2413 4904 2527 4969 Qua
2567 4915 2703 4957 voce
2740 4916 2869 4956 usus
2908 4903 3070 4957 etiam
3111 4903 3455 4959 Innocentius
3485 4903 3548 4958 111

1968 4974 2204 5042 puntil'es
2239 4974 2290 5028 in
2321 4988 2438 5042 cap.
2473 4971 2602 5042 Cttm
2628 4972 2698 5024 ad
2728 4973 3118 5037 monasterium,
3157 4973 3227 5028 de
3262 4983 3391 5029 stat.
3427 4990 3546 5026 mo-

1967 5042 2152 5109 naclt.,
2183 5041 2468 5097 concilium
2498 5041 2820 5113 Turonensc
2844 5057 2965 5106 cap.
2990 5041 3089 5105 εδ,
3117 5042 3551 5113 Aquisgranense

1965 5128 2088 5183 cap.
2119 5113 2243 5178 H7,
2277 5125 2331 5168 et
2362 5113 2470 5169 Leo
2498 5111 2573 5169 lX
2598 5112 2739 5182 apud
2772 5112 3114 5180 Gratianum,
3146 5113 3233 5181 12,
3260 5111 3318 5183 (ιζ
3352 5116 3399 5177 l,
3424 5129 3547 5183 cap.

274 5184 466 5236 attinet
492 5224 509 5247 ,
541 5197 605 5235 ea
639 5198 783 5237 nunc
814 5184 979 5238 utitur
1006 5185 1239 5239 ecclesia
1274 5184 1649 5239 tantummodo
1676 5182 1862 5239 tribus
1891 5182 1939 5241 D
1968 5182 2300 5239 Necessaria.

276 5253 573 5315 postremis
628 5253 819 5307 diebus
868 5253 1089 5323 majoris
1137 5253 1531 5320 hebdomadas,
1581 5254 1867 5309 silentibus

275 5334 403 5376 tunc
429 5325 742 5389 campanis,
770 5324 822 5376 in
848 5325 1060 5391 signum
1090 5326 1382 5379 maestitiae.
1410 5323 1503 5380 Usi
1527 5335 1652 5377 sunt
1682 5336 1864 5378 tamen

276 5394 443 5445 etiam
473 5393 607 5448 olim
646 5393 901 5464 monachi
941 5394 1170 5449 subinde
1209 5396 1261 5448 in
1301 5394 1517 5464 signum
1557 5393 1867 5449 festivitatis

270 5471 328 5514 et
360 5464 607 5537 lavtitite.
633 5463 733 5537 Sic
752 5463 895 5519 enim
929 5465 1129 5537 legitur
1152 5466 1206 5537 in
1235 5463 1479 5537 secunda
1517 5464 1732 5519 Nicaena
1770 5480 1862 5537 sy-

276 5534 421 5606 nodo
444 5545 550 5587 art.
581 5534 618 5591 ι
643 5551 658 5589 :
691 5534 821 5589 Cum
854 5544 1048 5590 sancite
1083 5535 1274 5606 civitati
1300 5535 1531 5606 reliquiae
1555 5548 1747 5590 sancite
1773 5534 1867 5601 ap-

276 5605 702 5677 propinquassent
722 5646 738 5667 ,
762 5616 1029 5677 surgentes
1053 5604 1222 5661 subiit:
1242 5644 1258 5671 ,
1301 5604 1535 5676 lignaque
1573 5622 1721 5659 sacra
1753 5608 1870 5677 pul-

276 5684 445 5745 santes
474 5676 693 5728 invicem
722 5674 921 5729 obviam
948 5676 1077 5739 facti
1105 5684 1223 5729 sunt
1251 5679 1302 5729 in
1331 5674 1620 5731 ueneranda
1658 5674 1865 5745 virginis

280 5744 519 5810 ueiparc
538 5746 682 5809 ede,
710 5757 816 5801 etc.
852 5746 974 5800 Haec
999 5746 1092 5799 ibi.
1124 5746 1332 5813 Duplici
1362 5755 1537 5801 autem
1565 5749 1723 5801 modo
1739 5744 1864 5801 utc-

280 5813 467 5869 bamur
502 5816 569 5872 ad
602 5816 987 5872 convocandos
1024 5818 1072 5870 in
1107 5819 1389 5872 ecclesiam
1425 5819 1751 5884 monachos,
1786 5819 1864 5873 ui-

2038 5252 2053 5305 i
2090 5254 2317 5323 llajores
2339 5253 2655 5308 dicebantur
2676 5267 2865 5308 omnes
2891 5252 3152 5308 seniores.
3177 5254 3397 5309 Priores
3420 5256 3547 5308 item

1966 5332 2022 5379 et
2048 5324 2283 5377 deettttus
2316 5334 2470 5377 vocat
2497 5325 2563 5378 D.
2598 5324 2875 5378 Benedict.
2911 5337 3031 5391 Cap.
3061 5324 3127 5378 21
3160 5337 3214 5377 et
3246 5323 3332 5379 70.

2041 5393 2067 5432 ι
2097 5393 2474 5449 Conlerendus
2501 5394 2587 5449 hic
2617 5396 2873 5447 articulus
2895 5408 3016 5446 cum
3041 5402 3143 5447 art.
3171 5395 3240 5448 26
3265 5407 3319 5449 et
3340 5395 3431 5459 80,
3460 5397 3549 5450 ubi

1972 5464 2270 5535 explicatur
2316 5479 2562 5535 quaenam
2607 5465 2813 5519 luerint
2851 5465 3169 5520 memoriter
3218 5470 3448 5521 tenenda
3496 5477 3550 5521 et

2063 5553 2283 5588 SOCIIGI.

2063 5553 2082 5586 ς
2269 5572 2283 5588 ο

1971 5533 2068 5643 edll
2090 5534 2346 5659 gettli'glanﬂe
2369 5605 2687 5660 sacrillciuni
2712 5605 2764 5658 in
2786 5603 2977 5658 diebus
3004 5604 3311 5660 dominicis.
3336 5603 3549 5659 Missam

1973 5676 2268 5729 solemnem
2299 5685 2355 5731 et
2382 5676 2792 5731 conventualctn
2823 5688 3113 5743 vocamus,
3146 5677 3200 5731 in
3234 5690 3335 5744 qua
3368 5692 3545 5728 mon».

1972 5747 2057 5799 chi
2089 5761 2275 5800 OlllllcS
2315 5745 2806 5801 cnmznuuicabant.
2853 5745 3096 5803 Cassian.
3142 5750 3234 5803 lib.
3280 5760 3337 5800 ttt
3383 5745 3561 5807 lasttt.

1973 5832 2093 5889 cap.
2130 5818 2223 5885 ll,
2255 5828 2307 5873 ct
2337 5816 2461 5871 alibi
2491 5830 2658 5887 saepe.
