4016 6192
377 362 483 416 9&3

1394 362 1480 419 AI)
1518 362 1746 418 OPERA
1786 361 1836 417 J.
1878 361 2183 417 CASSHNI
2228 360 2590 417 APPENDIX.

3524 327 3632 419 sui:

450 473 614 527 XXV.
660 473 716 530 Si
742 492 903 530 ttnum
934 490 999 530 ex
1022 473 1106 528 his
1128 476 1194 529 ab
1225 475 1409 544 aliquo
1437 474 1594 529 fuerit
1622 478 1953 546 prtetermis-
1984 480 2029 537 Α
2062 492 2208 530 more
2241 478 2351 539 Dei,
2377 487 2428 531 et
2462 476 2638 530 locum
2680 482 2987 544 separatum
3015 477 3082 529 ab
3114 475 3260 530 omni
3287 475 3523 531 virorum
3556 479 3638 529 vi-

379 580 496 617 sntn
548 575 710 635 atque
744 566 1068 635 neglectum,
1103 566 1471 636 increpatione
1514 565 1671 620 solita
1703 567 1957 622 emenda-

379 655 540 709 bitur.

452 746 639 801 XXVI.
682 750 707 777 ⁸
736 749 790 803 Si
819 749 937 818 quis
970 748 1269 804 accesserit
1299 749 1364 803 ad
1398 752 1597 804 ostium
1646 750 1953 804 monasterii

380 823 564 891 volt-ns
617 840 817 893 smculo
870 841 1205 908 renuntiare,
1254 852 1310 896 et
1360 841 1584 895 fratrum
1637 842 1997 912 congregari'

379 944 628 991 munero,
663 945 765 982 non
803 930 1021 985 habebit
1051 932 1285 985 intrandi
1312 940 1654 1000 potestatem,
1683 933 1779 987 sed
1806 934 1955 1002 prius

377 1022 706 1078 uuntiabitur
736 1025 873 1092 putri
906 1027 1248 1092 monasterii,
1283 1038 1335 1082 et
1360 1029 1597 1083 manebit
1628 1031 1810 1094 paucis
1834 1030 1955 1084 die-

379 1116 478 1166 bus
504 1113 635 1168 foris
685 1127 811 1170 ante
841 1116 1082 1186 januam,
1129 1126 1183 1173 et
1210 1118 1491 1173 docebitur
1529 1121 1825 1175 orationem
1861 1120 1957 1174 Do-

378 1205 651 1271 minicam,
699 1219 749 1260 et
798 1209 1034 1275 psalmos
1082 1222 1312 1279 quantos
1344 1214 1579 1280 potuerit
1614 1213 1848 1277 discere,
1899 1222 1956 1268 et

377 1297 659 1366 diligenter
689 1299 770 1353 sui
807 1302 1236 1369 experimentum
1268 1303 1438 1372 dabit,
1478 1319 1545 1359 ne
1574 1305 1713 1359 forte
1753 1306 1953 1375 aliquid

377 1389 593 1457 fet-erit,
635 1404 684 1446 et
721 1394 962 1449 turbatus
990 1395 1055 1448 ad
1091 1395 1277 1450 horam
1309 1396 1649 1461 discesserit,
1681 1396 1707 1435 δ
1735 1410 1827 1451 aut
1855 1398 1957 1452 sub

378 1484 550 1551 aliqua
587 1497 852 1553 potestate
877 1485 971 1553 sit,
1003 1495 1057 1541 et
1099 1497 1277 1541 utrum
1313 1489 1484 1556 possit
1523 1488 1834 1542 renuntiare
1863 1504 1953 1556 pa-

378 1576 624 1630 r-‘ntibus
652 1577 784 1639 suis,
836 1588 889 1632 et
931 1582 1201 1648 propriam
1242 1580 1547 1635 facultatem
1576 1591 1950 1635 contemnere.

374 1668 429 1721 Si
458 1686 577 1723 tum
605 1669 835 1725 viderint
878 1685 1058 1741 aptum
1091 1674 1156 1727 ad
1201 1677 1403 1741 omnia,
1438 1686 1563 1730 tunc
1590 1675 1871 1730 docebitur
1900 1685 1955 1729 et

375 1761 605 1829 rel'quas
650 1766 965 1818 monasterii
998 1765 1312 1834 disciplinas
1341 1783 1473 1835 quas
1504 1767 1679 1821 facere
1716 1767 1949 1835 debeat‘,

2059 571 2192 624 cinia
2236 570 2314 623 eis
2357 569 2634 623 tribuent:
2697 566 2803 623 ῐιιι
2841 568 2999 631 nulla,
3029 569 3099 623 sit
3128 569 3343 623 occasio
3387 567 3635 636 blasphe-

2059 663 2260 716 tnandi.
2310 663 2463 728 Quod
2504 672 2530 710 s
2574 663 2617 717 si
2668 662 2733 716 ad
2777 676 3029 731 vesperas
3082 662 3355 727 venerint,
3399 662 3637 729 abjicero

2056 768 2149 807 eas
2177 752 2325 807 nefas
2363 764 2477 818 Cal;
2508 753 2600 807 sed
2630 753 2915 822 accipient,
2946 762 3003 806 ut
3043 752 3301 819 diximus,
3328 763 3640 822 separatum

2057 847 2258 910 locum,
2284 856 2337 900 et
2365 846 2607 900 clausum
2644 861 2766 900 cum
2804 846 2949 899 omni
2992 845 3273 915 disciplina
3304 855 3464 915 atque
3504 862 3635 901 cau-

2056 938 2188 1007 tela,
2230 948 2287 992 ut
2316 954 2445 1008 grex
2494 937 2720 992 fratrum
2764 938 2932 993 libere
2978 952 3081 991 suo
3110 936 3290 993 ofﬁcio
3326 938 3543 1001 serviat,
3582 948 3639 991 et

2058 1032 2184 1085 nulli
2214 1031 2370 1085 detur
2399 1030 2781 1085 offendiculum
2810 1031 3148 1086 detrahendi.

2127 1120 2296 1176 XXX.
2339 1122 2395 1177 Si
2428 1122 2547 1193 quis
2575 1131 2701 1177 ante
2730 1123 2927 1177 ostium
2954 1123 3165 1177 Steterit
3187 1121 3520 1189 monasterii,
3554 1125 3627 1178 di-

2055 1228 2183 1267 cens
2212 1228 2271 1268 se
2298 1214 2436 1268 velle
2465 1214 2654 1269 videre
2687 1215 2911 1268 fratrem
2950 1228 3103 1269 suum
3131 1214 3219 1270 vel
3253 1218 3635 1285 prepinquum,

2051 1304 2253 1374 janitor
2293 1305 2558 1360 uuntiabit
2602 1306 2745 1359 Patri
2790 1303 3125 1372 monasterii,
3180 1316 3235 1361 et
3275 1307 3364 1362 ille
3403 1307 3643 1362 accitum

2059 1398 2412 1468 interrogabit
2444 1395 2793 1467 prrepositutn
2819 1397 3032 1464 domus,
3067 1396 3113 1452 si
3143 1398 3282 1467 apud
3312 1414 3433 1453 cum
3465 1399 3553 1464 sit,
3581 1408 3640 1453 et

2054 1488 2403 1558 permittente
2446 1502 2547 1552 eo,
2574 1486 2803 1555 accipiet
2842 1488 3091 1541 comitem
3129 1488 3457 1557 egres~ionis
3500 1498 3657 1553 stne,

2054 1579 2207 1647 cujus
2233 1577 2366 1632 fides
2407 1578 2623 1645 probata
2650 1586 2773 1641 est;
2802 1584 2858 1631 et
2902 1576 2982 1631 sic
3028 1576 3267 1631 mittetur
3306 1577 3373 1630 ad
3412 1576 3634 1631 fratrem

2056 1667 2341 1721 videndum
2374 1668 2457 1720 vel
2485 1667 2551 1721 ad
2588 1667 2913 1736 proximum.
2946 1666 3005 1722 Si
3047 1665 3183 1720 forte
3217 1665 3417 1734 aliquid
3443 1671 3633 1721 attule-

2056 1759 2124 1813 rit
2163 1759 2405 1813 eiborum
2433 1758 2628 1828 quibus
2659 1759 2712 1811 in
2758 1758 3088 1812 monasterio
3123 1759 3264 1812 vesci
3294 1756 3497 1811 licitum
3529 1771 3633 1817 esr,

373 1869 443 1917 qu
471 1854 672 1921 bttsque
698 1857 925 1923 servire,
961 1858 1075 1911 sive
1100 1859 1150 1911 in
1183 1859 1408 1912 collecta
1438 1858 1677 1912 omnium
1707 1860 1951 1921 fratrum,
1990 1853 2032 1910 Β
2058 1850 2335 1917 suscipere
2362 1849 2478 1918 ipse
2505 1865 2611 1902 non
2645 1850 2858 1916 poterit,
2891 1848 2987 1903 sed
3013 1848 3222 1902 vocabit
3245 1848 3557 1917 janitorem,
3580 1860 3633 1902 et

373 1946 487 1996 sive
535 1944 586 1996 ltt
619 1945 779 1999 domo
822 1948 906 2000 cui
958 1948 1249 2001 tradendus
1290 1960 1394 2013 est,
1442 1951 1556 2003 sive
1613 1950 1664 2002 in
1701 1950 1952 2003 vescendi

373 2032 593 2097 ordine;
626 2042 679 2089 et
709 2036 1003 2091 instructus
1030 2048 1190 2108 atque
1224 2040 1490 2107 perfectus
1524 2040 1575 2092 in
1608 2039 1755 2093 omni
1784 2055 1952 2107 Opere

373 2124 515 2178 bono
542 2125 795 2182 fratribus
826 2131 1129 2198 copuletur.
1165 2141 1188 2169 θ
1228 2131 1377 2185 Tunc
1405 2132 1682 2184 nudabunt
1712 2149 1833 2185 eum
1863 2148 1953 2188 ve-

372 2215 640 2271 Slitllcnlis
684 2220 1057 2287 szrculartbus,
1106 2231 1162 2276 et
1201 2221 1428 2276 indueut
1477 2222 1720 2275 habitum
1776 2239 1955 2278 mona-

372 2306 632 2372 chorum;
666 2309 905 2363 tradetur
930 2311 1177 2377 ostiario,
1218 2321 1274 2365 ut
1306 2312 1561 2366 orati0nis
1588 2322 1831 2380 tempore
1859 2312 1954 2366 ad-

372 2398 530 2447 ducat
562 2411 685 2450 eum
717 2399 768 2450 III
801 2412 1150 2468 conspectum
1193 2403 1431 2455 omnium
1464 2402 1713 2468 fratrum,
1742 2404 1954 2458 sedebit

373 2486 427 2539 itt
460 2502 525 2540 eo
554 2487 676 2541 loco
707 2489 758 2543 in
802 2505 908 2560 quo
956 2492 1005 2547 ei
1051 2505 1377 2562 praeceptum
1409 2496 1587 2549 fuerit.
1625 2496 1950 2551 Vestimenta

372 2592 495 2646 qua:
518 2593 697 2634 secum
726 2581 993 2637 detulerat
1036 2586 1319 2655 accipient,
1355 2588 1440 2657 qui
1472 2588 1597 2644 huic
1624 2591 1701 2644 rei
1735 2605 1949 2661 praepo-

373 2670 462 2723 siti
507 2683 653 2737 sunt,
688 2682 743 2728 et
783 2674 1079 2731 inferentur
1126 2679 1179 2732 in
1232 2680 1579 2747 repositorio,
1615 2693 1667 2734 et
1710 2698 1862 2737 erunt
1901 2682 1950 2736 iu

378 2772 648 2831 potestate
677 2767 932 2836 principis
958 2774 1290 2824 monasterii.

446 2853 660 2910 XXVII.
700 2857 870 2915 Nemo
895 2874 1118 2915 manens
1164 2862 1217 2915 itt
1253 2866 1584 2918 tnonaSIerio
1625 2865 1953 2934 suscipiendi

371 2947 674 3015 quempiam
718 2951 786 3003 ad
833 2952 1158 3006 vescendum
1211 2952 1404 3008 haheat
1444 2964 1762 3023 potestatem
1792 2997 1807 3021 ,
1861 2958 1954 3011 Sed

371 3034 398 3070 ἀ
440 3038 613 3091 mittet
645 3055 767 3093 eum
798 3041 866 3095 ad
903 3043 1098 3097 ostium
1143 3047 1491 3111 xcnodoehii,
1537 3057 1593 3101 et
1629 3050 1956 3118 suscipiatur

372 3130 438 3180 ab
469 3129 534 3183 iis
560 3133 647 3197 qui
674 3131 798 3186 huic
823 3135 898 3187 rei
934 3139 1201 3204 pra'positi
1234 3149 1380 3191 sunt.

2055 1942 2147 1997 ille
2175 1942 2332 1995 allata
2383 1942 2673 2011 suscipiet;
2708 1956 2827 2010 qua:
2870 1940 2916 1995 si
2960 1941 3083 1994 talia
3128 1940 3326 1995 fuerint
3355 1956 3472 2010 quae
3511 1957 3633 1995 cum

2056 2049 2190 2101 pane
2212 2033 2478 2088 vescenda
2512 2035 2640 2095 sint,
2669 2034 2797 2088 nihil
2830 2034 3020 2088 horum
3049 2033 3082 2086 ii
3106 2035 3298 2102 quibus
3329 2035 3485 2087 allata
3512 2043 3633 2087 sunt

2054 2126 2348 2194 accipient,
2401 2126 2494 2180 sed
2540 2137 2733 2180 cuneta
2780 2125 2846 2180 ad
2906 2127 3021 2180 loca
3067 2127 3440 2195 a-grotantium
3487 2126 3653 2179 defes

2055 2227 2242 2271 rentur
3248 2261 3262 2275 ο
3573 2266 3578 2271 .

2127 2306 2320 2362 XXXI.
2360 2307 2417 2362 Si
2459 2307 2618 2361 fuerit
2661 2307 2961 2361 nuntiatum
3008 2307 3150 2378 quod
3203 2306 3272 2363 de
3320 2308 3633 2376 propinquis

2054 2398 2175 2466 quis
2203 2409 2448 2469 aegrotet,
2480 2399 2683 2468 janitor
2726 2400 2929 2468 primus
2968 2397 3229 2452 nuntiahit
3261 2397 3403 2452 Patri
3451 2415 3627 2452 mona-

2056 2492 2228 2555 sterii,
2264 2502 2317 2545 et
2368 2492 2459 2546 ille
2491 2492 2724 2545 accitum
2772 2488 3125 2558 interrogabit
3157 2490 3503 2559 praepositum
3530 2490 3637 2543 do-

2057 2598 2197 2638 mus.
2231 2584 2495 2638 Videbunt
2525 2587 2697 2638 virum
2738 2584 2890 2652 cujus
2937 2583 3069 2637 fides
3106 2591 3161 2637 et
3185 2582 3463 2651 disciplina
3512 2598 3637 2650 pro-

2056 2674 2177 2728 bata
2205 2675 2294 2738 sit,
2348 2685 2401 2727 et
2429 2675 2644 2729 mittent
2679 2690 2800 2730 eum
2830 2689 2896 2728 eo
2927 2683 2982 2727 ttt
3021 2671 3203 2727 visitet
3248 2684 3636 2742 aegrotantem;

2060 2777 2262 2822 tantum
2302 2768 2532 2837 accipiet
2569 2769 2742 2823 viatici
2788 2776 3043 2838 quantum
3082 2766 3402 2836 prtepositus
3441 2766 3641 2820 domus

2058 2874 2174 2926 e,us
2200 2858 2524 2913 decreverit.

2130 2948 2346 3003 XXXII.
2389 2949 2540 3016 Quod
2573 2949 2617 3003 si
2659 2948 2954 3003 necessitas
2980 2947 3251 3017 impulerit
3278 2958 3333 3000 ut
3360 2946 3493 3000 foris
3520 2962 3645 2999 ma-

2061 3052 2202 3105 neat,
2233 3049 2287 3095 et
2308 3052 2555 3095 vescatur
2578 3040 2628 3094 in
2652 3048 2873 3109 paterna
2898 3048 2989 3092 aut
3012 3039 3429 3109 propinquorum
3452 3038 3636 3101 domo,

2059 3134 2164 3188 hoc
2208 3150 2313 3188 non
2348 3133 2535 3196 faciet,
2589 3131 2737 3188 sedh
2764 3132 3000 3187 manebit
3036 3133 3089 3185 in
3139 3130 3413 3184 dominico
3458 3129 3540 3183 vel
3583 3128 3639 3180 in

445 3219 677 3277 XXVIII.
720 3223 946 3289 Quando
975 3227 1041 3279 ad
1073 3230 1271 3282 ostium
1306 3231 1618 3284 monasterii
1662 3234 1823 3301 aliqui
1858 3249 1933 3285 vel
1978 3221 2023 3282 C
2059 3226 2388 3280 ItmaSlerio
2419 3221 2437 3263 ί
2490 3223 2731 3295 ejusdem
2777 3222 2919 3277 fidei.
2969 3220 3123 3289 Quod
3161 3222 3203 3275 si
3244 3220 3295 3274 ei
3334 3219 3522 3274 affines
3554 3219 3640 3272 vel

375 3310 578 3377 nerint,
631 3312 676 3364 si
724 3315 909 3367 clerici
942 3315 1144 3370 fuerint
1192 3330 1281 3371 aut
1315 3321 1582 3386 monachi,
1627 3325 1814 3391 majori
1858 3325 1954 3376 ho-

374 3411 507 3452 nore
557 3402 954 3469 suscipiantur;
1003 3405 1258 3461 Iavabunt
1304 3410 1468 3474 pedes
1512 3426 1721 3471 eorum.
1770 3429 1951 3467 serva-

373 3485 506 3542 bunt
533 3489 804 3559 I'Itangelii
837 3506 1121 3565 pra-cepta,
1154 3508 1206 3552 et
1244 3500 1510 3554 deducent
1549 3502 1613 3555 ad
1645 3504 1819 3558 locum
1863 3522 1954 3560 xe-

375 3580 658 3646 ιιιεώοειιιὶς
692 3584 1000 3649 pra-bobuut
1029 3590 1208 3643 omnia
1239 3607 1354 3659 quae
1385 3604 1508 3659 apta
1540 3606 1662 3647 sunt
1698 3598 1814 3650 usui
1845 3612 1954 3651 mo-

376 3671 694 3727 naehorum.
746 3670 896 3741 Quod
947 3678 992 3730 si
1055 3680 1322 3735 voluerint
1386 3685 1648 3737 orationis
1710 3697 1952 3757 tempore

374 3770 537 3827 atque
587 3766 828 3821 collecta:
881 3770 1069 3825 venire
1127 3773 1193 3826 ad
1234 3784 1559 3829 conventuin
1613 3776 1857 3847 fratrum,
1907 3780 1953 3835 si

378 3852 621 3920 ejusdem
657 3858 781 3913 fidei
813 3858 1031 3926 fuerint,
1065 3864 1310 3919 minister
1338 3868 1662 3922 xenodoeltii
1689 3870 1958 3926 uuntiabit

380 3946 524 3999 I’atri
581 3954 912 4015 mooasterii,
966 3965 1018 4007 et
1065 3956 1145 4010 sic
1184 3958 1519 4013 deducentur
1566 3962 1630 4015 ad
1668 3963 1951 4019 orandum.

446 4037 640 4093 XXIX.
683 4044 737 4096 Si
788 4047 1077 4100 szecttlares
1131 4048 1377 4103 homines
1426 4061 1519 4105 aut
1572 4054 1809 4117 debiles,
1862 4066 1956 4109 aut

360 4138 405 4165 ὀ
449 4144 570 4182 vasa
619 4132 935 4200 infirmiora,
987 4137 1038 4190 id
1085 4150 1186 4198 est.
1241 4141 1581 4196 muliercula:
1609 4146 1852 4200 venerint
1887 4148 1953 4202 ad

376 4222 595 4282 ostium.
642 4225 941 4292 suscipient
990 4229 1230 4299 singulos
1281 4232 1330 4284 itt
1361 4233 1587 4289 diversis
1633 4237 1764 4291 locis
1803 4238 1956 4305 juxta

377 4311 623 4365 ordinem
656 4318 928 4386 μηνοειιί
983 4330 1035 4373 et
1083 4322 1384 4385 sexusvsul,
1415 4325 1682 4394 praecipue
1730 4326 1957 4384 feminas

377 4405 568 4476 majori
602 4410 808 4465 hunore
843 4423 896 4466 et
928 4413 1201 4484 diligentia
1248 4417 1536 4485 curabunt,
1570 4434 1691 4473 cum
1720 4420 1865 4474 omni
1892 4421 1958 4475 ti-

2054 3318 2266 3386 Cognati
2293 3314 2719 3385 prreparaverint
2751 3315 2902 3368 cibos
2931 3322 2984 3368 et
3013 3315 3383 3383 apposuerint,
3424 3326 3522 3365 nec
3548 3326 3641 3367 ac-

2053 3408 2257 3477 cipient
2288 3406 2570 3471 -0mnino,
2615 3420 2717 3460 nec
2769 3415 3076 3469 Vesceutur,
3116 3404 3218 3458 nisi
3275 3404 3361 3457 his
3417 3421 3536 3471 qua:
3589 3406 3643 3456 in

2056 3507 2384 3562 monasterio
2424 3506 2587 3561 edere
2631 3514 3054 3568 consueverunt,
3091 3520 3196 3558 non
3243 3506 3539 3572 gustabunt
3580 3503 3647 3556 li-

2054 3624 2320 3680 quamen,
2372 3621 2470 3663 nec
2516 3607 2695 3661 vinum
2749 3604 2959 3671 bibent,
3007 3618 3107 3658 nec
3151 3602 3294 3658 aliud
3340 3603 3649 3672 quidpiam,

2059 3724 2288 3781 quorum
2334 3707 2529 3764 edendi
2577 3722 2683 3760 non
2738 3704 2939 3759 habent
2984 3703 3450 3759 consuetudinem.
3499 3702 3558 3757 Si
3610 3718 3643 3753 a

2061 3808 2370 3879 parentibus
2421 3806 2695 3878 quidpiam
2740 3804 3071 3874 acceperint,
3122 3814 3326 3858 tantum
3356 3803 3651 3857 comedent

2057 3917 2316 3980 quantum
2358 3908 2410 3962 iu
2459 3907 2549 3960 via
2592 3904 2827 3970 sulficit;
2875 3914 3073 3958 caetera
3105 3918 3227 3973 quae
3282 3903 3649 3957 remanserint

2058 4010 2261 4065 dabunt
2306 4008 2594 4079 praeposito
2636 4007 2829 4060 domus
2872 3990 3017 4065 suae,
3064 4014 3123 4059 et
3159 4003 3252 4059 ille
3306 4004 3532 4073 portabit
3587 4005 3645 4057 in

2059 4114 2248 4170 cellam
2292 4111 2679 4181 languentium.

2135 4212 2374 4268 XXXIII.
2425 4211 2482 4266 Si
2528 4210 2856 4280 propinquus
2906 4206 3134 4277 alicujus
3184 4215 3273 4259 aut
3317 4208 3657 4274 consangui-

2065 4329 2199 4370 neus
2225 4321 2468 4367 mortuus
2492 4310 2674 4372 fuerit,
2711 4306 3070 4378 prosequendi
3099 4306 3258 4360 funus
3288 4324 3391 4360 non
3427 4306 3661 4363 habebit

2066 4424 2387 4488 potestatem
2419 4413 2522 4468 nisi
2556 4411 2715 4467 Pater
2749 4408 3062 4464 monasterii
3093 4409 3433 4478 prisceperit.

1454 4577 1703 4635 ALARDI
1745 4578 1972 4636 GAZAZI
2012 4571 2567 4633 COMMENTARIUS.

454 4694 477 4723 ³
519 4687 707 4742 Modus
738 4690 1064 4756 suscipiendi
1113 4691 1371 4756 novitios,
1405 4693 1510 4756 vel,
1545 4702 1599 4745 ut
1624 4693 1689 4746 D.
1726 4692 1952 4747 Benetli—
1982 4696 2033 4755 D
2061 4688 2282 4758 pellare,
2312 4687 2334 4758 l
2354 4685 2547 4739 Thess.
2572 4698 2660 4739 tv:
2691 4680 2760 4739 Ut
2788 4681 3283 4758 sciatunusqu‘isque
3312 4687 3661 4758 vestrm-iuvas.

376 4758 790 4834 (ιιιιειοιιιιιιιινἱ
820 4761 1095 4834 disciplina
1130 4762 1569 4834 suscipiendorum
1599 4767 1856 4834 fratrum;
1886 4762 1955 4817 de

376 4844 479 4909 qn‘a
513 4828 616 4882 late
643 4828 932 4909 Cassianus
952 4828 1053 4888 lib.
1086 4848 1135 4889 tv
1167 4828 1761 4890 Insiitutionutn.'Vide
1789 4835 1953 4889 etiam

375 4896 511 4955 infra
534 4911 637 4954 art.
667 4901 761 4957 80.

450 4968 476 5007 δ
498 4968 634 5026 Puta
684 4986 906 5038 servus,
938 4974 1023 5030 vel
1061 4990 1227 5045 puer,
1270 4976 1383 5031 sive
1410 4976 1680 5039 impubes.
1712 4974 1774 5030 Ili
1804 4974 1948 5029 enim

381 5055 484 5094 non
513 5053 739 5117 possunt
758 5045 967 5114 ingredi
986 5062 1083 5100 nec
1106 5046 1314 5101 admitti
1334 5047 1388 5101 in
1416 5047 1726 5117 religionem
1748 5049 1951 5114 absque

376 5127 645 5187 consensu
681 5115 1023 5171 dominorum
1073 5128 1167 5172 aut
1221 5115 1539 5187 parentum,
1569 5125 1626 5171 ut
1671 5120 1842 5171 sacris
1867 5124 1951 5171 est

375 5184 675 5245 gannitibus
696 5201 1033 5254 expressum.

452 5263 475 5292 ο
514 5254 736 5308 Mutatio
766 5257 981 5311 habitus
1004 5266 1059 5311 et
1098 5257 1188 5311 alii
1218 5258 1423 5325 antiqui
1465 5260 1601 5313 ritus
1643 5259 1957 5312 monasticae

380 5325 764 5393 professionis;
794 5328 862 5381 de
883 5329 1075 5394 quibus
1100 5327 1220 5381 vide
1241 5329 1557 5384 Cassianum
1590 5329 1680 5381 Iih.
1709 5343 1759 5382 tv
1782 5341 1901 5394 cap.
1921 5325 1956 5380 3

376 5405 430 5447 ⁸⁸
459 5411 579 5477 "P‘I-
606 5396 653 5453 Δ
680 5400 872 5468 quibus
903 5401 1065 5454 etiam
1092 5400 1401 5456 auctoribus
1430 5400 1492 5454 Ι).
1520 5400 1842 5454 Benedictus
1866 5412 1959 5451 ac-

377 5476 538 5533 cepit.

447 5534 473 5573 ἀ
506 5538 762 5609 Exceptio
805 5539 1078 5605 hospitum
1118 5540 1185 5594 ad
1237 5555 1370 5608 quos
1420 5540 1706 5609 pertineat,
1738 5537 1955 5609 Cassia:

378 5622 482 5680 nus
512 5610 606 5680 lib.
637 5606 667 5660 v
693 5625 813 5676 cap.
841 5611 914 5667 9.3
947 5622 1001 5664 et
1028 5606 1273 5680 sequenti
1301 5651 1315 5671 .
1364 5606 1631 5665 ctvcollat.
1671 5610 1705 5662 ὲ
1736 5624 1855 5676 cap.
1883 5606 1955 5662 25

379 5690 425 5727 ιιι
454 5676 543 5731 26.
567 5679 635 5734 Ει
661 5684 760 5735 hoc
790 5686 949 5734 etiam
982 5676 1281 5735 institutum
1309 5681 1548 5735 imitatus
1574 5693 1657 5735 est
1688 5680 1751 5735 Ι).
1783 5681 1956 5734 Bent:-

381 5750 551 5801 tlit'tsts
579 5767 696 5819 cap.
731 5750 827 5815 43,
860 5753 929 5803 lie
961 5754 1238 5818 hospitibus
1266 5753 1623 5821 suscipiendis.

454 5830 476 5857 ε
504 5822 655 5878 Solet
684 5839 821 5879 Cltltt.
853 5824 1133 5885 Scriptura
1162 5825 1299 5877 vasis
1332 5823 1546 5879 nomine
1587 5821 1843 5877 feminam
1868 5837 1961 5890 ap-

2058 4750 2208 4815 suum
2252 4750 2339 4828 (rid
2371 4767 2477 4821 est,
2515 4750 3234 4828 uxoretusuatanossitferf
3263 4752 3325 4828 itt_
3355 4753 3661 4828 structi/iur.

2059 4832 2195 4884 tione
2223 4820 2272 4883 ei
2298 4820 2535 4888 honore;
2567 4824 2586 4879 I
2621 4826 2758 4879 Petri
2793 4837 2886 4877 ut:
2922 4820 3106 4889 Quasi
3134 4820 3408 4890 inﬁrmiori
3434 4820 3666 4874 vasculo-

2058 4901 2296 4954 muliebri
2326 4898 2665 4968 impertientes
2690 4896 2953 4968 honorent.

2131 4970 2151 5010 ί
2184 4970 2318 5024 Aliis
2358 4960 2536 5022 verbis
2562 4967 2861 5032 esplicatur
2905 4965 2956 5017 in
2986 4963 3095 5017 fine
3117 4960 3358 5032 ejusdem
3388 4960 3602 5013 articuli
3636 4977 3652 5013 :

2056 5041 2111 5097 Ν
2116 5042 2212 5096 uili
2242 5040 2389 5093 detur
2418 5036 2788 5104 oﬂ'endiculum
2811 5032 3136 5104 detrahendi.

2126 5122 2152 5160 8
2181 5112 2263 5165 Ad
2292 5103 2565 5178 vesperas,
2600 5108 2813 5178 ponitur
2846 5120 2960 5178 pro,
2986 5103 3053 5178 ad
3080 5115 3380 5178 vesperam.

2133 5179 2163 5220 δ
2204 5181 2259 5236 IlI
2290 5170 2415 5244 esl',
2476 5179 2528 5232 in
2553 5170 2801 5231 ecclesiis
2829 5170 2855 5241 ,⁷
2877 5177 2957 5228 vel
3002 5176 3053 5227 in
3100 5170 3491 5244 locisVDomino
3516 5187 3653 5221 (‘ﬂll-

2062 5253 2312 5309 secratis.
2377 5242 2452 5305 De
2498 5248 2778 5303 Dominico
2833 5245 3040 5315 egimus
3086 5242 3154 5297 ad
3207 5242 3298 5295 lib.
3355 5255 3412 5295 ιιι
3466 5242 3596 5294 Ιιιςιι
3636 5280 3649 5292 .

2060 5338 2177 5380 can.
2211 5322 2266 5377 7.

2127 5338 2177 5434 [ἰ.
2192 5338 2303 5447 line
2324 5401 2429 5453 est,
2447 5387 2729 5445 catholicae
2755 5396 2809 5440 et
2836 5384 3158 5440 orthodoxa:
3181 5382 3303 5436 fidei
3326 5390 3381 5453 et
3400 5395 3651 5435 contum-

2061 5465 2259 5520 nionis.
2287 5452 2459 5515 Fuere
2486 5460 2627 5513 enim
2675 5456 2778 5510 illis
2818 5456 3148 5521 temporibus
3188 5452 3343 5506 multi
3395 5454 3651 5504 Iltonaclti

2063 5534 2301 5591 hieretici
2331 5532 2413 5586 vel
2439 5529 2768 5583 schismatici
2801 5526 3085 5580 catholicis
3111 5524 3335 5586 vitandi,
3360 5522 3427 5575 de
3449 5527 3652 5590 quibus

2063 5608 2355 5661 Cassianus
2374 5602 2558 5657 bullat.
2588 5602 2610 5652 I
2643 5598 2869 5668 ωηιξη).
2902 5598 3033 5650 Hinc
3063 5596 3124 5649 Ι).
3161 5596 3518 5668 Ilieronytntts
3551 5594 3650 5648 Ιιιι,

2066 5692 2123 5731 ιιι
2168 5676 2394 5743 Apolog.
2421 5673 2691 5743 adversus
2715 5666 2997 5721 ‘Itntfinum
3028 5708 3041 5732 ,
3072 5666 3258 5743 scribit
3286 5666 3421 5743 sein
3454 5677 3652 5718 nio-ta..-

2064 5736 2231 5801 sterio
2273 5736 2933 5807 Bethleetniticoagenti-tn
2954 5752 3141 5792 omnes
3190 5736 3432 5805 hospites
3480 5748 3647 5787 caci;-

2062 5820 2228 5887 pisse,
2259 5826 2615 5886 praeterquam
2647 5810 2951 5867 ltxteticos.
3086 5808 3090 5819 '
