4016 6192
253 351 352 409 ω

1498 353 1777 413 ηεαυιΑ
1814 359 1871 413 8.
1913 357 2260 415 PACIIOMII.

3424 363 3533 417 986

317 456 563 514 XXXIV.
610 462 635 491 ⁸
697 460 889 517 Nullus
935 463 1085 517 solus
1151 462 1392 516 mittatur
1443 465 1585 517 foras
1633 464 1698 518 ad
1739 464 1838 519 aIi-
1871 470 1911 525 Λ
1942 480 2011 522 eo
2051 465 2240 530 alium,
2282 474 2356 531 et,
2410 467 2519 522 lota
2551 475 2720 533 veste,
2772 475 3114 523 revertentur
3161 469 3424 530 domum;
3477 483 3530 526 et

248 554 387 621 quod
415 554 720 622 negotium,
749 554 849 608 nisi
883 554 1065 623 iuncto
1091 555 1139 609 ei
1181 555 1372 621 altero.
1401 554 1629 622 Quando
1656 564 1834 611 autem

248 645 456 700 reversi
510 646 713 701 fuerint
756 648 807 702 in
853 648 1267 712 monasterium,
1323 646 1370 701 si
1429 646 1663 701 viderint
1712 658 1837 704 ante

247 739 447 792 ostium
482 751 820 808 quaerentem
848 741 1083 810 aliquem
1131 754 1352 794 suorum
1382 739 1624 795 affinium
1651 740 1720 797 de
1754 741 1837 797 bis

246 831 332 897 qui
367 831 425 884 in
469 831 803 886 monasterio
841 841 1265 893 commorantur,
1315 846 1423 885 non
1454 832 1729 886 audebunt
1758 833 1837 888 ire

245 920 304 975 ad
334 936 489 987 eum,
514 930 571 975 et
590 922 862 986 nuntiare,
888 922 973 976 vel
1002 935 1220 985 vocare,
1249 929 1303 976 et
1327 922 1548 976 omnino
1577 922 1835 990 quidquid

247 1012 379 1067 foris
408 1016 706 1084 gesserint,
739 1024 829 1068 aut
878 1013 1183 1081 audierint,
1213 1012 1242 1053 δ
1270 1015 1326 1069 in
1355 1015 1686 1070 monasterio
1715 1030 1841 1069 nar-

248 1120 370 1158 rare
399 1122 508 1158 non
534 1115 809 1175 poterunt.

317 1197 547 1253 XXXV.
594 1209 616 1238 ε
671 1199 729 1254 Si
753 1199 966 1269 signum
997 1199 1183 1254 datum
1219 1198 1381 1255 fuerit
1408 1209 1465 1255 ut
1495 1200 1841 1271 egrediantur

250 1289 311 1342 ad
340 1303 504 1358 opus,
540 1292 860 1359 praepositus
888 1290 1174 1345 antecedat
1198 1305 1311 1356 eos,
1347 1299 1403 1345 et
1429 1291 1608 1347 nullus
1640 1293 1691 1344 in
1724 1306 1841 1344 mo-

253 1382 497 1434 nasterio
529 1380 851 1445 remanebit,
887 1381 988 1436 nisi
1021 1382 1067 1437 is
1106 1380 1193 1436 eui
1222 1380 1383 1436 Pater
1414 1382 1752 1451 prteceperit.
1785 1391 1841 1437 et

252 1470 302 1525 hi
330 1471 427 1542 qui
476 1471 679 1526 vadunt
724 1487 832 1540 quo
862 1482 1090 1543 pergunt
1120 1488 1225 1527 non
1273 1472 1703 1543 interrogabant,
1744 1475 1837 1526 sz-d

252 1563 631 1633 unusquisque
679 1562 746 1618 de
788 1562 1081 1632 Scripturis
1122 1562 1322 1633 aliquid
1372 1563 1736 1618 meditabitur.
1785 1566 1837 1619 Si

250 1655 389 1708 torte
419 1653 620 1723 aliquis
644 1654 723 1708 eis
750 1655 1071 1722 occurrerit,
1108 1656 1195 1709 vel
1236 1654 1471 1709 voluerit
1509 1669 1629 1709 cum
1658 1656 1840 1724 aliquo

251 1759 439 1798 eorum
485 1744 654 1811 loqui,
703 1746 1025 1815 pra'positus
1071 1746 1155 1800 cui
1200 1746 1304 1801 hoc
1347 1746 1644 1815 injunctttm
1681 1746 1841 1809 fuerit

1944 560 2200 614 siccatam
2231 571 2454 629 reponet
2498 560 2591 615 ille
2631 563 2715 615 cui
2758 562 2860 616 hoc
2890 560 3188 629 injunetum
3220 572 3323 618 est.

2014 650 2303 706 XXXVIII.
2342 652 2530 707 Nullus
2570 652 2639 707 de
2687 654 2842 708 horto
2888 654 3042 709 tollat
3081 654 3230 708 olera
3256 694 3271 719 ,
3320 654 3424 710 nisi
3457 656 3526 710 ab

1945 741 2234 795 hortulano
2273 743 2567 809 acceperit.
3460 742 3463 745 ’

2013 831 2259 888 XXXIX.
2300 829 2328 870 ἀ
2367 833 2674 888 Palmarum
2711 832 2871 897 folia,
2905 834 3048 890 unde
3089 844 3344 891 texuntur
3372 850 3529 902 spor-

1944 933 2033 991 tze,
2067 942 2226 980 nemo
2254 940 2354 981 suo
2377 926 2500 996 jure
2532 926 2710 991 tollat,
2738 926 2941 996 absque
2968 942 3035 983 eo
3060 928 3145 983 cui
3181 927 3371 997 palmae
3398 937 3524 983 sunt

1943 1017 2186 1072 creditae.

2017 1109 2127 1163 XL.
2171 1119 2195 1147 ο
2237 1108 2428 1163 Nullus
2476 1125 2608 1164 uvas
2648 1117 2741 1163 aut
2786 1109 2960 1178 spicas
3004 1108 3182 1163 adhuc
3209 1108 3528 1163 immaturas

1942 1202 2229 1257 comedere
2288 1203 2481 1257 audeat
2549 1211 2749 1271 praeter
2799 1201 3044 1256 ordinem
3098 1201 3432 1270 disciplinae;
3472 1212 3528 1255 et

1944 1294 2168 1348 omnino
2194 1293 2261 1347 de
2287 1293 2540 1348 omnibus
2583 1310 2705 1361 quae
2736 1293 2790 1347 in
2815 1308 2950 1362 agro
2979 1301 3107 1348 sunt
3133 1292 3216 1347 Vel
3257 1292 3307 1346 iu
3339 1306 3528 1361 poma-

1946 1384 2067 1447 rio,
2115 1398 2273 1436 nemo
2318 1384 2564 1437 comedet
2606 1384 2944 1453 separatim,
2994 1393 3279 1448 antequam
3317 1382 3528 1438 cunctis

1940 1472 2198 1527 fratribus
2228 1474 2387 1529 Pater
2413 1476 2688 1530 exhibeat.

2014 1564 2152 1620 XLI.
2195 1566 2293 1633 Qui
2337 1576 2604 1636 coquent,
2645 1576 2936 1638 antequam
2979 1568 3170 1623 fratres
3200 1566 3525 1632 romedaut,

1948 1658 1969 1698 ί
1999 1675 2105 1714 non
2125 1660 2403 1715 audebunt
2429 1660 2612 1716 edere.

2020 1752 2178 1808 XLII.
2221 1753 2320 1821 Qui
2370 1769 2532 1822 super
2557 1754 2778 1809 arbores
2811 1753 3082 1828 pomarias
3106 1793 3124 1819 ,
3162 1762 3218 1808 et
3255 1768 3417 1822 super
3448 1752 3530 1805 vi-

252 1835 670 1891 oceurrcutibns
712 1836 1081 1907 respondebit.
1111 1837 1413 1908 Operantes
1458 1836 1593 1893 nihil
1621 1840 1839 1906 quuan-
1875 1849 1914 1906 Β
1947 1860 2077 1899 neas
2108 1855 2256 1905 sunt.
2290 1862 2397 1898 non
2423 1846 2711 1900 comedent
2741 1845 2807 1899 de
2842 1844 3103 1898 fructibus
3135 1859 3321 1899 earum
3351 1887 3366 1912 ,
3423 1843 3529 1898 nisi

254 1940 343 1983 tur
366 1928 655 1995 saeculare,
688 1929 921 1984 sedeant
960 1929 1292 1985 meditantur
1319 1944 1439 1999 quae
1474 1938 1657 1985 sancta
1690 1939 1833 1995 sunt,

252 2031 344 2074 aut
378 2031 531 2074 certe
569 2021 822 2075 silcbuul.
852 2020 1022 2078 Nemo
1052 2022 1326 2091 palliolum
1357 2020 1507 2073 tollat
1536 2036 1718 2075 secum
1749 2035 1838 2074 va-

253 2112 391 2166 dens
420 2112 488 2166 ad
523 2114 879 2183 operandum,
914 2115 1016 2170 nisi
1043 2115 1396 2170 concessione
1426 2113 1667 2183 majoris.
1697 2113 1837 2181 Ope-

252 2219 379 2259 rans
433 2221 543 2259 non
585 2205 792 2260 sedebit
822 2205 939 2262 sine
977 2204 1195 2275 majoris
1226 2206 1474 2274 imperio.
1517 2204 1704 2259 Omnia
1736 2220 1836 2258 att-

254 2306 358 2348 teut
388 2293 713 2348 ferramenta
737 2304 863 2365 post
894 2300 1264 2365 operationem
1296 2296 1365 2349 ad
1398 2295 1618 2349 domum
1651 2310 1837 2364 repor-

254 2384 528 2439 tabuntttr.

322 2479 569 2535 XXXVI.
609 2481 826 2551 Absque
846 2480 1114 2550 przepositi
1134 2481 1380 2551 jussione
1404 2495 1562 2534 nemo
1586 2480 1830 2546 fratrum,

254 2572 297 2623 si
339 2573 706 2625 necessarium
750 2572 1042 2637 habuerit,
1085 2574 1319 2640 aliquem
1354 2574 1566 2627 mittere
1596 2573 1830 2642 poterit;

254 2662 395 2729 quod
423 2662 469 2715 si
500 2664 617 2729 ipse
645 2664 735 2731 qui
767 2664 938 2732 major
965 2672 1048 2718 est
1076 2664 1288 2734 cogitur
1314 2666 1636 2720 necessitate
1663 2666 1739 2720 ire
1766 2666 1830 2719 ad

253 2756 484 2821 aliquem
514 2756 695 2810 Ineunt
724 2795 740 2819 ,
784 2757 1023 2813 officium
1051 2774 1205 2812 suum
1236 2758 1284 2813 ei
1313 2759 1403 2828 qui
1436 2767 1554 2829 post
1579 2775 1638 2814 se
1668 2767 1751 2814 est
1779 2760 1830 2814 in

254 2847 443 2899 unline
467 2847 753 2916 delegabit.

325 2937 586 2993 XXXVII.
627 2938 682 2993 Si
731 2940 853 3005 quis
896 2940 1080 2993 lavare
1130 2939 1362 2994 voluerit
1408 2941 1787 2996 vestimentum
1815 2984 1830 3007 ,

257 3030 611 3084 Contmttttcbit
659 3030 1002 3098 pra‘positum
1046 3044 1199 3085 suum
1226 3070 1241 3096 ,
1293 3040 1345 3084 et
1389 3030 1478 3085 ille
1509 3031 1678 3086 mittet
1709 3047 1831 3086 eum

1941 1938 2132 1994 fratres
2168 1938 2315 2008 prius
2343 1937 2704 1995 comederint.
2751 1937 2808 1993 Si
2848 1936 2985 2006 jussi
3018 1936 3217 1992 fuerint
3250 1950 3526 2003 pomorum

1942 2030 2027 2083 vel
2059 2032 2336 2085 vinearum
2371 2029 2575 2087 fructus
2600 2029 2860 2097 colligere
2880 2071 2897 2093 ,
2928 2027 3246 2097 pratpositus
3272 2025 3530 2094 colligen-

1942 2130 2278 2186 tium‘dabit
2331 2133 2383 2187 in
2434 2131 2623 2186 eodem
2675 2130 2796 2185 loco
2841 2128 3066 2197 singulis
3097 2128 3162 2181 ad
3202 2126 3527 2180 vescendum

1943 2232 2185 2297 modica;
2232 2243 2282 2287 et
2331 2248 2450 2287 cum
2505 2232 2570 2286 ad
2622 2230 3006 2285 monasterium
3055 2229 3337 2291 venerint,
3389 2228 3530 2279 inter
3606 2271 3618 2281 .

1942 2339 2170 2387 exteros
2202 2330 2396 2387 fratres
2425 2342 2606 2400 partes
2646 2344 2773 2385 suas
2812 2329 3097 2396 accipient.
3130 2329 3184 2382 Si
3228 2335 3406 2380 autem
3448 2325 3530 2378 iu-

1944 2434 2198 2487 veneriut
2236 2433 2336 2487 sub
2383 2429 2669 2485 arboribus
2698 2444 2853 2499 poma
2887 2427 3149 2484 cecidisse
3174 2471 3189 2496 ,
3241 2426 3530 2481 comedere

1942 2546 2049 2587 non
2078 2508 2373 2598 audebunt,
2408 2530 2503 2585 sed
2532 2531 2749 2585 inventa
2781 2528 2834 2583 in
2879 2528 3106 2582 transitu
3138 2527 3284 2593 quta
3318 2527 3529 2580 radices

1939 2632 2193 2687 arborum
2221 2631 2586 2685 collocabunt.
2612 2628 2732 2697 Ipse
2762 2642 2976 2699 quoque
3007 2628 3095 2694 qui
3129 2625 3343 2681 cmtcris
3371 2625 3527 2680 euIli-

1942 2731 2195 2801 gentibus
2238 2728 2536 2793 distribuit,
2583 2737 2801 2798 gustare
2845 2741 2952 2780 non
2995 2726 3228 2795 peterit;
3275 2724 3367 2777 sed
3404 2740 3529 2791 por-

1944 2832 2076 2886 tabit
2103 2831 2168 2885 ad
2197 2831 2625 2899 dispensatorem
2644 2868 2661 2894 ,
2689 2828 2777 2897 qui
2811 2842 2930 2881 cum
2959 2826 3170 2880 cmteris
3199 2824 3440 2892 dederit,
3473 2832 3529 2877 et

1943 2932 2046 3004 ipsi
2082 2932 2281 2985 tribuat
2318 2937 2523 2999 partem
2556 2942 2732 2983 suam.

2020 3030 2201 3086 XLIII.
2245 3039 2270 3077 ες
2300 3028 2500 3103 Nullus
2537 3026 2591 3081 in
2633 3026 2773 3081 cclIa
2831 3040 2926 3081 sua
2971 3033 3198 3093 reponat
3229 3021 3430 3093 aliquid
3460 3021 3547 3095 ad.

1313 3166 1566 3221 ALARDI
1607 3165 1831 3221 GAZIEI
1871 3162 2431 3221 COMMENTARIUS.

325 3290 348 3315 ⁸·
379 3278 486 3331 )lo-
526 3278 571 3332 is
598 3294 661 3338 e,
696 3290 749 3331 ut
775 3278 1019 3333 monachi
1054 3293 1159 3330 non
1185 3276 1316 3340 soli,
1349 3276 1442 3332 sed
1467 3275 1576 3330 bisti
1596 3319 1608 3341 ,
1638 3276 1688 3330 id
1721 3284 1832 3339 est,
1863 3278 1907 3337 C
1942 3276 2118 3328 riderit
2153 3282 2248 3327 aut
2292 3272 2533 3337 audierit,
2563 3272 2685 3339 quia
2708 3271 2930 3336 plurima
2958 3269 3231 3325 destructio
3254 3281 3343 3324 est.
3378 3271 3528 3334 Quae

261 3366 393 3401 umis
428 3365 548 3400 tum
578 3350 730 3403 socio
769 3360 826 3403 et
868 3347 1067 3402 comite
1098 3347 1241 3400 foras
1285 3348 1571 3417 prodeant,
1604 3352 1839 3400 manavit

263 3422 480 3486 primum
505 3419 575 3472 ab
600 3422 853 3487 exemplo
891 3419 1108 3480 Christi,
1138 3418 1225 3483 qui
1258 3417 1557 3482 discipulos
1580 3432 1704 3470 suos
1734 3432 1837 3471 non

262 3493 403 3571 solos
432 3528 447 3550 .
498 3489 595 3543 sed
641 3491 784 3571 binos
814 3489 952 3542 misit
997 3498 1116 3542 ante
1141 3488 1330 3571 faciem
1360 3504 1508 3541 suam
1552 3489 1605 3571 in
1642 3503 1840 3542 omnem

264 3562 506 3613 civitatem
541 3568 589 3613 et
645 3558 813 3613 locum
856 3576 957 3625 quo
989 3568 1095 3613 erat
1134 3557 1244 3626 ipse
1270 3568 1540 3622 venturus,
1585 3557 1716 3612 Luc.
1771 3574 1836 3621 x,

267 3629 395 3699 t'liﬂd
413 3628 714 3699 parandum
734 3644 943 3682 coenam
970 3630 1307 3695 paschalem,
1332 3630 1620 3693 Lttc.'xxrt,
1646 3647 1837 3699 quem-

268 3698 551 3750 admodum
581 3705 635 3750 et
661 3699 1045 3768 activisendum
1077 3700 1541 3768 ejussepulcruen,
1563 3698 1720 3754 Joan.
1744 3718 1831 3767 xx,

272 3777 317 3816 rt
349 3768 399 3819 in
426 3768 701 3820 civitatem
728 3767 985 3823 Samaria
1007 3768 1202 3824 Petrus
1223 3767 1556 3828 etJuauues.
1592 3771 1693 3824 hoc
1725 3779 1829 3833 est,

270 3837 369 3885 duo
394 3835 552 3888 simul
585 3837 853 3894 abierunt.
886 3838 1004 3892 Act.
1037 3854 1154 3892 VIII.
1190 3837 1445 3892 Secundo
1480 3840 1543 3891 ab
1579 3840 1836 3893 instituto

270 3916 574 3959 sanctorum
602 3907 846 3969 Patrum,
873 3908 1146 3961 Pachumii
1170 3908 1271 3961 hoc
1291 3909 1431 3969 loco,
1457 3909 1641 4015 Bzgilii
1670 3926 1838 3962 serm.

274 3979 372 4015 4ι1ιι
407 3975 560 4015 lnalil
607 3978 995 4015 ntnnnnhnrnrn
1056 3978 1308 4015 “nr-ntllni
1334 3994 1475 4015 ειη-η.
1565 3980 1597 4015 η
1652 3991 1701 4015 nl
1732 3980 1836 4015 Λιι-

274 3980 292 4023 1
317 3979 372 4023 de
407 3975 583 4028 lnstit.
607 3978 1019 4035 monachorum.
1056 3978 1308 4029 Dnrothei
1334 3994 1498 4030 Sl‘l'ﬂt.
1525 3975 1618 4036 9.0.
1652 3991 1706 4032 et
1726 3980 1836 4030 Att-

273 4045 460 4116 gustini
494 4046 545 4116 in
580 4046 829 4113 Regula;
862 4048 1018 4116 cujus
1052 4048 1219 4101 solius
1256 4049 1419 4100 verba
1457 4049 1541 4101 hic
1574 4049 1838 4102 recitasse

273 4114 814 4180 suﬂtaccrit.0uando,
836 4114 1031 4182 inquit,
1046 4118 1341 4182 proceditis.
1359 4117 1518 4169 simul
1535 4118 1802 4170 ambulate
1818 4159 1833 4181 ,

272 4198 375 4234 cum
394 4188 734 4250 perveneritis
751 4203 853 4254 quo
872 4188 979 4249 itis,
999 4186 1160 4239 simul
1184 4198 1341 4241 state.
1366 4187 1553 4240 Tertio
1575 4189 1640 4242 ab
1661 4203 1841 4240 exem-

276 4253 351 4312 plu
378 4255 715 4309 eorumdcm.
744 4253 868 4309 Ptor
903 4257 1087 4317 abbas,
1123 4265 1181 4309 ttt
1206 4269 1279 4310 eSI
1310 4259 1451 4323 apud
1475 4257 1836 4310 Sozomcnum

274 4330 358 4381 lib.
391 4344 439 4381 rt
469 4343 591 4393 cap.
619 4326 720 4391 29,
764 4345 870 4381 non
901 4329 1001 4381 nisi
1029 4343 1306 4397 assunp'u
1331 4332 1479 4381 socio
1504 4329 1567 4379 ad
1599 4343 1839 4382 sororem

274 4413 483 4467 [urgere
517 4398 711 4451 Voluit.
757 4400 813 4453 S.
862 4399 1098 4453 Thomas
1127 4399 1370 4466 Aquinas
1402 4401 1713 4466 religiosum
1751 4402 1838 4465 qtti

273 4471 405 4519 solus
431 4467 745 4535 procederet
762 4470 985 4523 vocabat
1009 4469 1282 4522 diabolum
1309 4471 1624 4523 solitarium.
1646 4470 1840 4523 Etcum

272 4540 330 4590 ab
357 4553 645 4592 meononto
686 4541 776 4605 qui
817 4556 938 4593 cum
969 4552 1394 4609 nonagnnvcrat
1422 4550 1639 4592 vocatus
1671 4549 1837 4603 esset,

274 4616 323 4661 nt
346 4626 400 4662 se
425 4610 492 4663 ad
522 4610 803 4665 macellum
849 4612 1215 4673 comitaretur,
1243 4611 1472 4663 libenter
1511 4620 1561 4663 ct
1594 4620 1839 4678 prompte

273 4692 478 4734 secutus
501 4691 605 4743 est,
639 4688 747 4736 nte
784 4682 878 4735 tiu
909 4680 1179 4735 ChrOniCu
1206 4680 1837 4736 Dominicaum'um.Vide

212 4758 217 4761 '
272 4748 577 4804 Cassianum
610 4752 700 4803 lib.
731 4767 759 4800 ν
789 4767 906 4819 cap.
938 4751 1029 4813 40,
1058 4761 1113 4804 et
1142 4750 1204 4804 D.
1230 4749 1549 4820 Gregorium
1584 4751 1634 4802 in
1671 4749 1835 4813 Regi-

273 4832 378 4873 slro
410 4822 503 4878 Itb.
532 4836 564 4876 ι
592 4836 677 4888 ep.
706 4820 796 4887 22,
828 4823 914 4876 ubi
946 4823 1332 4875 monachorum
1382 4821 1666 4889 quemdam
1693 4822 1835 4874 Con-

273 4895 552 4945 stantinum
584 4895 802 4946 nomine
838 4907 865 4944 a
897 4892 1150 4947 fratribus
1181 4891 1472 4957 expetitum
1504 4891 1554 4944 in
1586 4890 1833 4945 abbatem

273 4960 459 5016 idcirco
490 4962 688 5031 repulit
716 4975 771 5015 et
812 4963 1086 5032 indignum
1113 4962 1369 5030 jUtIICM'iI
1426 4961 1567 5031 quod
1626 4962 1690 5014 ad
1725 4977 1836 5014 mo-

273 5035 554 5086 nasterium
584 5032 850 5100 quoddam
873 5043 1019 5087 solus
1048 5048 1269 5103 pergere
1283 5034 1400 5086 sine
1415 5035 1595 5100 aliquo
1611 5032 1830 5085 fratrum

273 5117 480 5158 suorum
513 5104 969 5171 pl’J'SIImpSlSSCI.
996 5103 1078 5161 Ea:
1106 5120 1230 5170 qua,
1262 5104 1355 5173 ait,
1387 5106 1498 5173 ejus
1524 5104 1722 5155 actione
1751 5119 1835 5155 co-

272 5176 554 5242 gnoscimus
582 5176 704 5244 quia
738 5175 783 5227 si
810 5176 922 5227 sine
959 5185 1080 5228 terte
1122 5172 1373 5233 ambulat.
1403 5172 1534 5225 recte
1556 5190 1653 5244 non
1682 5173 1835 5228 virat.

273 5249 331 5295 At
350 5246 602 5314 quomodo
629 5245 748 5298 aliis
775 5245 1008 5314 regulum
1038 5254 1221 5303 teneat.
1254 5262 1405 5313 quam
1432 5244 1525 5296 sibi
1554 5243 1653 5311 ipsi
1683 5244 1838 5295 nescit

272 5316 466 5368 laete?
505 5313 587 5371 Ita
615 5313 930 5384 Gregorius.
963 5315 1202 5382 Dunique
1248 5316 1316 5367 ab
1348 5314 1574 5366 Itone-tu
1604 5322 1655 5365 ct
1683 5314 1795 5365 lllllt
1824 5331 1838 5377 ;

274 5398 385 5437 nam
414 5386 669 5441 huttestas
698 5385 979 5455 religionis
1007 5397 1061 5439 et
1088 5386 1437 5438 monachatus
1467 5384 1517 5437 id
1545 5386 1843 5455 suam-une

276 5458 365 5509 ro'i
394 5457 645 5511 incedant
676 5454 945 5521 Inuum-Ir,
977 5459 1130 5524 quasi
1160 5457 1406 5524 ayrovagi
1438 5464 1491 5508 et
1519 5455 1700 5508 soluti.
1729 5454 1844 5524 Utt-

276 5525 465 5583 Inatem
497 5528 846 5583 commendat
897 5523 1297 5583 licc’tesiastieus
1349 5528 1453 5578 ills
1488 5525 1705 5580 verbis:
1755 5523 1845 5578 Va:

276 5598 363 5649 rei
386 5639 401 5662 ,
451 5601 541 5667 qui
586 5615 704 5652 cum
750 5592 1029 5662 ceciderit,
1064 5612 1164 5650 non
1201 5594 1347 5650 liabet
1384 5597 1724 5649 sublevantem
1748 5613 1802 5650 sc
1830 5636 1843 5658 ,

277 5682 385 5731 up.
411 5670 459 5723 4.

343 5737 365 5775 δ
400 5740 459 5793 υ.
495 5739 821 5795 Βρηρόίροιις
852 5753 969 5807 cap.
1007 5738 1107 5792 67:
1147 5735 1254 5790 Nec
1301 5747 1596 5807 ρςίθειιηιαῑ,
1648 5735 1846 5800 inqu‘t,

283 5812 534 5877 mussitant
562 5814 676 5865 aliis
724 5811 913 5873 referre
959 5824 1283 5876 qutz'cumquc
1313 5810 1439 5873 foris
1489 5808 1851 5862 monasterium

1942 3348 1987 3400 si
2008 3347 2121 3408 quis
2150 3344 2529 3413 pra’sumpserit
2558 3342 2794 3413 uindicta:
2815 3341 3039 3409 regulari
3065 3342 3343 3413 subjuceat.
3380 3342 3526 3396 Idem

1945 3416 2080 3471 infra
2116 3410 2379 3484 repetitur
2408 3422 2514 3484 art.
2544 3410 2636 3484 49.

2019 3498 2040 3525 ο
2090 3480 2280 3541 Modus
2328 3483 2648 3552 pret-edendi
2693 3481 2837 3536 foras
2891 3480 2953 3535 ad
3000 3481 3356 3536 exercetnlnm
3387 3497 3527 3545 opus

1944 3571 2237 3620 manuum,
2275 3555 2379 3608 hoc
2406 3563 2523 3622 est,
2557 3552 2621 3608 ad
2672 3552 2928 3605 eolendos
2955 3566 3116 3615 aeros
3138 3594 3152 3618 ,
3187 3552 3268 3603 Vt‘l
3306 3552 3525 3622 hortos.

1946 3626 2226 3681 nteteudas
2274 3636 2483 3689 segetes
2511 3620 2528 3686 ,
2561 3622 2893 3691 colligendas
2936 3622 3116 3691 fruges
3137 3666 3152 3687 ,
3184 3624 3262 3676 vel
3296 3620 3523 3684 fructus,

3041 3694 3191 3745 nstit.
3232 3707 3351 3759 cap.
3379 3690 3449 3743 22
3475 3704 3530 3746 et

1942 3707 2050 3753 etc.
2080 3698 2154 3750 De
2185 3710 2292 3765 quo
2319 3695 2432 3747 fuse
2463 3693 2751 3746 Cassianus
2795 3692 2885 3765 Itlt.
2938 3707 2968 3744 Χ

1890 3812 1894 3815 ς
1944 3764 2218 3836 deinceps.
2250 3767 2313 3819 ΕΙ.
2345 3767 2404 3836 ι).
2434 3765 2789 3836 Hieronymus
2815 3764 2879 3814 ad
2914 3765 3014 3814 huc
3035 3764 3345 3836 Δἰιιδιίιυιιὲυ
3397 3778 3522 3836 spe-

1872 4648 1914 4708 D

1943 3849 2094 3894 ctans
2138 3830 2303 3903 'epist.
2351 3835 2385 3886 4
2417 3835 2481 3884 ad
2516 3830 2790 3903 Rusticum
2836 3832 3156 3884 monachum
3194 3850 3207 3884 :
3243 3830 3528 3903 Egyptia-

1942 3924 2079 3971 rum,
2115 3900 2304 3970 iniuit,
2335 3902 2640 3955 monasteria
2662 3900 2794 3953 [tunc
2816 3916 3003 3953 morem
3031 3912 3216 3967 tenent,
3247 3913 3299 3953 ut
3322 3900 3527 3954 nullum

1943 3979 2129 4045 absque
2161 3976 2325 4040 operis
2354 3974 2522 4025 labore
2549 3972 2852 4042 suscipiunt.
2889 3972 3032 4045 Ideni
3072 3974 3400 4041 Augustinus
3430 3972 3525 4025 Ιώ.

1944 4050 2012 4102 de
2043 4043 2280 4101 Moribus
2334 4045 2499 4107 Iiccl.,
2533 4045 2620 4095 ubi
2672 4056 2852 4110 Supra.
2883 4043 3171 4096 Cassianus
3205 4045 3329 4097 item
3366 4046 3459 4095 Itb.
3491 4058 3528 4097 tt

1944 4132 2062 4183 cap.
2095 4118 2146 4179 5,
2176 4116 2236 4169 υ.
2264 4114 2587 4168 Benedictus
2617 4112 2793 4183 capite
2825 4113 2892 4166 48
2924 4123 2979 4167 et
3010 4113 3098 4167 57.

2012 4182 2037 4223 δ
2072 4187 2147 4241 De
2201 4188 2371 4254 palma
2404 4186 2598 4238 arbore
2638 4182 2861 4251 ejusque
2896 4182 3180 4254 multiplici
3233 4199 3331 4240 usu
3385 4183 3525 4252 apud

1944 4268 2154 4314 veteres
2189 4252 2482 4309 monachos
2510 4256 2717 4320 egimus
2758 4256 2851 4307 Ith.
2879 4270 2908 4307 χ
2931 4270 3048 4319 cap.
3081 4252 3173 4308 24.

2018 4339 2041 4366 ε
2069 4327 2360 4382 Cassianus
2385 4329 2474 4378 lllI.
2524 4340 2575 4378 tv
2602 4339 2723 4389 cap.
2755 4325 2842 4388 18,
2872 4326 3012 4377 hunc
3036 4323 3210 4378 locum
3235 4337 3524 4390 spectans:

1944 4399 2248 4469 Antequam,
2274 4396 2467 4463 inquit,
2493 4396 2575 4469 uel
2601 4405 2866 4469 postquam
2893 4394 3169 4469 legitimam
3190 4410 3532 4447 communem-

1942 4487 2040 4539 que
2083 4463 2403 4539 refectionem
2439 4464 2741 4539 percipiant,
2782 4480 2977 4539 summa
3016 4463 3251 4539 cautione
3297 4475 3530 4539 seruatur

1945 4532 2007 4591 ne
2033 4532 2178 4593 extra
2210 4532 2449 4589 meusam'
2477 4532 2751 4601 quidquam
2793 4532 2889 4585 cibi
2919 4535 3117 4599 penitus
3157 4534 3233 4586 ori
3263 4550 3356 4587 suo
3384 4536 3528 4602 quis-

1945 4626 2047 4677 qua
2068 4627 2097 4659 .‘l
2128 4607 2393 4674 indulgere
2428 4616 2746 4677 primumut;
2778 4616 2826 4654 ut
2848 4604 3199 4677 incedentibus
3229 4619 3317 4672 per
3355 4604 3528 4657 [tortos

1941 4673 1989 4733 et
2028 4673 2288 4749 pomaria,
2317 4673 2435 4728 cum
2464 4673 2981 4749 ipas~imhbtaudeque
3025 4692 3112 4735 per
3138 4679 3345 4749 arbores
3377 4690 3529 4738 poma

1943 4745 2237 4817 pendentia,
2266 4764 2367 4801 non
2392 4748 2559 4799 solum
2589 4745 2830 4815 objiciunt
2877 4761 2930 4798 se
2956 4748 3240 4815 pectoribus
3263 4756 3531 4817 transeun-

1942 4815 2091 4873 tium.
2124 4835 2294 4871 rerum
2324 4828 2471 4870 etiam
2499 4827 2660 4868 strata
2692 4833 2779 4884 per
2806 4827 2993 4867 terram
3013 4816 3361 4869 conculcunda
3388 4815 3532 4883 pedi-

1941 4890 2034 4943 bus
2060 4889 2299 4954 o/I'rrant,
2316 4898 2462 4957 atque
2475 4886 2543 4937 ad
2557 4886 2897 4955 colligendum
2916 4898 3129 4957 parata,
3149 4886 3380 4956 facilead
3407 4903 3532 4939 con-

1939 4976 2146 5013 sensum
2184 4956 2608 5022 concnpisceutiw
2630 4958 2817 5009 illicere
2844 4956 3046 5010 valeant
3074 4958 3344 5021 intuentes,
3366 4966 3411 5010 et
3437 4972 3532 5017 op.

1939 5032 2269 5099 portuuitate,
2300 5028 2375 5081 vel
2402 5030 2566 5099 captu,
2614 5030 2839 5099 quamvis
2869 5027 3148 5089 districtos,
3181 5026 3497 5099 atqueabsti
3524 5059 3530 5064 -

1939 5096 2258 5153 neutissimos
2286 5101 2351 5149 ad
2376 5097 2455 5150 sui
2494 5098 2801 5150 desiderium
2842 5111 3157 5162 provocare;
3201 5096 3531 5165 sacrilegium

1941 5173 2141 5223 dicatur
2183 5186 2281 5222 non
2334 5168 2485 5220 modo
2514 5170 2787 5235 quidquam
2819 5182 2881 5220 ea:
2906 5166 2987 5219 his
3029 5168 3323 5238 degustare,
3354 5182 3531 5221 verum

1941 5243 2091 5294 etiam
2123 5257 2274 5292 manu
2305 5238 2618 5305 contingere,
2642 5240 2831 5305 absque
2873 5252 2932 5289 eo
2955 5237 3290 5305 quod’palant
3332 5240 3528 5289 (tinctis

1942 5310 2285 5380 reﬁcieutibus
2306 5310 2356 5361 iu
2378 5311 2941 5370 communeextnbetur,
2957 5317 3008 5380 et
3029 5307 3098 5360 ad
3119 5306 3526 5380 percipiendum.

1943 5376 2188 5436 meonomi
2202 5381 2598 5443 dispensatione,
2621 5394 2710 5448 per
2728 5376 3191 5447 fratrumobsequia
3217 5376 3418 5446 publice
3439 5380 3528 5431 mi-

1949 5452 2232 5502 nistratur.
2286 5448 2412 5502 lla-e
2469 5450 2566 5513 ibi,
2595 5466 2715 5520 quae
2752 5450 2915 5504 etiam
2952 5460 3199 5517 spectant
3231 5450 3522 5503 articulum

1952 5521 2023 5573 4‘2
2055 5527 2397 5586 sequentem.

2029 5596 2043 5628 ⁸
2078 5594 2217 5644 Itleut
2243 5600 2404 5653 supra
2430 5595 2532 5640 art.
2555 5587 2646 5638 21.

2019 5666 2050 5708 's
2085 5660 2227 5714 Idem
2256 5652 2390 5712 ittl't'u
2439 5665 2545 5710 art.
2575 5658 2663 5711 (53.
2717 5652 2848 5710 Vide
2876 5653 3179 5725 exemplum
3209 5655 3518 5726 Serapionis

1958 5732 2135 5789 C-‘Jllaf.
2159 5730 2191 5783 ‘2
2223 5745 2339 5799 cup.
2381 5730 2464 5783 ll.
