4016 6192
270 286 364 340 ἓεθ

1534 272 1810 330 BEGULA
1850 276 1907 331 S.
1952 271 2296 329 PACIIOMII.

3434 276 3545 336 390

335 395 472 450 LXI.
516 403 540 429 ι
573 392 654 447 Ad
702 389 927 444 alterius
975 382 1227 444 cellulam
1282 386 1481 441 intrare
1534 386 1710 440 nullus
1761 402 1853 440 au-
1882 390 1927 445 Α
1958 385 2044 453 qui
2081 385 2261 440 riserit
2293 386 2342 437 iu
2375 384 2594 453 reiiquts
2617 384 2982 455 orationibus,
3018 386 3314 445 constituto
3354 392 3546 447 ordine

268 490 431 541 dub".

336 576 493 632 LXII.
534 571 985 629 Commendatum
1026 566 1265 638 aliquid,
1318 566 1484 621 etiam
1528 581 1556 620 a
1601 582 1858 636 germano

268 668 427 722 fratre
451 706 466 729 ,
503 664 686 718 nullus
719 661 971 730 accipiat.

337 757 525 813 LXIII.
567 756 597 795 δ
627 756 766 810 Nihil
801 755 852 807 in
886 752 1023 807 cella
1075 766 1169 806 sua
1215 751 1418 820 absque
1452 749 1722 821 pra-positi
1751 749 1865 818 jus-

260 854 418 904 sione
448 848 729 918 quidpiam
756 844 955 901 eoudet
976 885 991 910 ,
1026 836 1128 898 nec
1151 857 1311 912 poma
1338 843 1577 913 quidem.

337 940 529 996 LXIV.
574 938 633 993 Si
667 937 989 1009 praepositus
1029 934 1303 1005 proiectus
1344 933 1505 989 luerit
1533 974 1549 999 ,
1597 944 1685 986 aut
1727 931 1866 987 alter

264 1031 623 1101 praepositus,
652 1037 743 1083 aut
767 1028 856 1099 qui
889 1026 1160 1082 secundus
1182 1033 1287 1091 est,
1314 1040 1495 1080 curam
1526 1022 1867 1095 proﬁciscen—

275 1122 337 1176 tis
366 1129 668 1186 exerceat,
710 1120 795 1173 vel
827 1131 986 1188 quem
1031 1116 1150 1186 ipse
1188 1114 1508 1186 praepositus
1547 1114 1774 1185 elegerit
1801 1113 1869 1169 de

274 1212 561 1276 fratribus,
594 1220 647 1267 et
670 1224 854 1263 curam
885 1208 931 1264 ei
963 1221 1115 1263 suam
1143 1206 1457 1276 injunserit.

344 1304 510 1360 LXV.
559 1315 580 1342 ε
615 1300 844 1370 Quando
900 1300 1129 1355 farinam
1193 1306 1557 1369 conspergunt
1614 1312 1750 1367 aqua
1818 1305 1871 1350 et

280 1412 511 1451 massam
546 1396 844 1465 subigunt,
878 1406 1037 1447 nemo
1064 1391 1217 1446 alteri
1256 1390 1529 1458 loquatur.
1566 1388 1633 1443 Et
1658 1387 1871 1457 quando

278 1490 478 1543 tabulis
507 1488 577 1541 ad
606 1486 822 1540 furnum
846 1483 1142 1553 deportant
1169 1495 1363 1551 panes,
1399 1480 1574 1535 simile
1600 1479 1869 1534 silentium

283 1580 604 1643 habebunt;
655 1585 862 1632 tantum
908 1576 977 1630 de
1032 1573 1257 1645 psalmis
1302 1582 1394 1628 aut
1419 1573 1487 1628 de
1514 1571 1541 1608 ἀ
1582 1572 1872 1642 Scripturis

274 1671 489 1741 aliquid
521 1669 948 1734 meditabantur,
977 1666 1154 1722 donec
1183 1681 1319 1736 opus
1346 1665 1627 1735 impleant.
1659 1664 1714 1720 Si
1746 1662 1871 1734 quid

1963 487 2084 544 aget
2127 474 2523 543 penitentiam.

2037 564 2214 619 LXIX.
2260 565 2487 633 Quando
2538 566 2679 618 domi
2723 564 3000 635 resident,
3049 577 3076 615 ε
3104 584 3210 623 non
3256 568 3335 624 cis
3386 571 3542 627 Iireal

1966 657 2107 724 loqui
2158 658 2356 727 aliquid
2407 656 2666 711 smculare
2693 698 2709 722 ,
2757 659 2851 711 sed
2894 658 2937 711 si
2970 660 3090 729 quis
3136 662 3451 730 praepositus
3480 665 3548 717 de

1965 747 2255 817 Swipturis
2303 748 2590 812 docuerit,
2637 749 2872 803 vicissim
2932 749 3070 805 inter
3119 765 3179 807 se
3236 756 3545 818 rumineut,

1967 848 2023 892 et
2076 838 2314 895 rt-I'crent
2363 856 2483 907 quae
2535 839 2844 905 audierint,
2917 840 3002 895 vel
3052 857 3184 910 quas
3230 847 3543 901 memoriter

1969 942 2172 986 tenent.
3040 950 3043 951 ⁷

2042 1023 2205 1078 LXX.
2252 1020 2275 1058 ι’
2329 1022 2429 1089 Qui
2483 1038 2574 1076 vas
2632 1022 2794 1077 ﬁctile
2859 1022 3120 1093 fregerit,
3178 1025 3261 1079 vel
3315 1026 3549 1093 aliquam

1971 1116 2157 1169 utilem
2204 1130 2320 1169 rem
2351 1114 2415 1168 ad
2451 1130 2577 1168 usus
2609 1114 2919 1169 monasterii
2947 1158 2962 1182 ,
3008 1124 3129 1185 aget
3158 1100 3551 1183 paenitentiam.

2042 1204 2230 1259 LXXI.
2281 1202 2297 1242 ί
2330 1205 2384 1261 Si
2419 1204 2587 1260 frater
2611 1204 2934 1271 dormierit,
2972 1206 3155 1260 omnis
3198 1220 3323 1260 eum
3365 1207 3556 1262 frater-

1976 1299 2114 1351 nitas
2143 1305 2518 1366 prosequatur.

2047 1386 2260 1443 LXXII.
2301 1386 2471 1442 Nemo
2515 1396 2668 1442 exeat
2698 1386 2863 1453 I'oras,
2894 1401 3051 1441 nemo
3078 1386 3327 1457 loquatur
3349 1430 3363 1455 ,
3396 1402 3555 1442 nemo

1978 1491 2277 1544 remaneat,
2306 1490 2530 1549 excepto
2559 1481 2780 1548 majoris
2812 1481 3056 1549 imperio.

2048 1571 2278 1627 LXXIII.
2324 1573 2519 1626 Audito
2546 1573 2697 1642 signo
2724 1571 3048 1637 excitantis,
3100 1580 3191 1625 aut
3235 1586 3367 1626 voce
3417 1573 3556 1641 psal-

1978 1661 2178 1732 lentis,
2230 1678 2417 1717 omues
2469 1674 2737 1733 surgant,
2812 1672 3094 1717 currentes
3141 1662 3207 1716 ad
3261 1663 3552 1721 orationum.

280 1763 653 1819 necessarium
682 1762 871 1825 fuerit,
906 1773 1012 1814 non
1042 1756 1351 1829 loquantur,
1384 1758 1477 1813 sed
1510 1758 1637 1812 dent
1663 1757 1872 1826 signum
1908 1768 1949 1826 Β
1978 1750 2169 1807 Nullus
2196 1764 2319 1806 ante
2352 1752 2540 1821 psaliat
2588 1754 2687 1808 nisi
2716 1752 2763 1808 ei
2794 1752 3002 1822 iussum
3046 1753 3203 1807 fuerit
3228 1794 3242 1816 ,
3278 1767 3379 1807 nec
3407 1768 3557 1806 Cont-

278 1854 367 1907 his
391 1853 488 1923 qui
518 1861 749 1922 possunt
777 1850 974 1906 all'erre
998 1866 1118 1920 qua:
1143 1849 1445 1923 necessaria
1475 1858 1621 1903 sunt.
1650 1847 1875 1914 Quando

284 1945 351 1997 ad
380 1920 716 1998 miscendam
740 1940 967 1995 farinam
988 1940 1165 1995 vocati
1189 1920 1412 2003 fuerint,
1442 1937 1619 1993 nullus
1644 1935 1879 1991 resideat

283 2041 338 2090 in
373 2037 493 2091 loco
522 2050 691 2104 paues
718 2033 1069 2103 coquentium
1093 2072 1108 2096 ,
1144 2030 1397 2101 exceptis
1427 2029 1493 2084 iis
1522 2029 1611 2100 qui
1644 2029 1874 2084 coetioni

281 2129 586 2189 sufﬁcient,
615 2134 672 2180 et
698 2126 893 2195 quibus
915 2124 1125 2194 jussum
1156 2122 1339 2178 fuerit.

360 2217 547 2273 LXVI.
590 2216 643 2270 In
681 2216 906 2271 navibus
950 2214 1145 2270 similis
1182 2213 1465 2284 disciplina
1510 2221 1616 2270 est.
1653 2212 1818 2268 Nemo
1846 2226 1877 2267 a

283 2322 431 2365 terra
461 2307 625 2362 solvit
661 2306 857 2378 navigii
904 2305 1200 2361 funiculum
1220 2346 1237 2373 ,
1266 2319 1369 2361 nec
1398 2315 1582 2359 movet
1609 2302 1875 2374 navigium

275 2403 495 2469 absque
515 2398 767 2469 jussione
795 2398 990 2452 Patris.
1022 2398 1080 2451 In
1110 2396 1374 2459 interiore
1402 2404 1556 2466 parte
1594 2397 1746 2450 navis
1773 2409 1879 2450 ca:-

280 2495 419 2546 teris
460 2490 719 2544 fratribus
760 2503 921 2557 super
963 2496 1198 2542 transtra
1227 2496 1281 2542 et
1322 2487 1557 2542 tabulata
1595 2486 1880 2557 quiescen-

279 2585 459 2649 tibus,
488 2583 669 2638 nullus
692 2580 954 2649 dormiat;
989 2588 1045 2635 et
1064 2580 1352 2635 steculares
1379 2579 1621 2634 homines
1641 2578 1880 2634 dormire

276 2692 476 2731 secum
528 2674 711 2729 nullus
762 2674 1017 2743 patiatur.
1053 2681 1076 2710 ο
1109 2671 1251 2727 Vasa
1295 2671 1591 2726 inﬁrmiora
1632 2687 1753 2726 cttm
1800 2666 1919 2726 eis'

276 2785 396 2821 mm
431 2766 798 2836 navigabant,
833 2763 935 2818 nisi
965 2763 1105 2819 forte
1132 2762 1295 2818 Pater
1331 2762 1645 2818 monasterii
1677 2777 1881 2832 praece-

276 2858 454 2926 perit.

362 2946 579 3002 LXVII.
620 2945 808 3002 Nullus
836 2944 891 3000 in
920 2946 1085 3000 domo
1111 2958 1208 3000 sua
1230 2944 1451 3000 audebit
1476 2943 1652 3000 locum
1678 2944 1877 3013 facere,

275 3041 394 3093 nisi
432 3040 487 3092 in
520 3052 810 3093 commune
838 3036 1091 3092 omnibus
1120 3037 1502 3093 succendatur.

1982 1845 2123 1911 pleto
2151 1844 2380 1911 psalmo,
2408 1843 2635 1898 alterum
2663 1844 2780 1897 sine
2805 1842 3077 1913 praepositi
3097 1843 3335 1911 jussione
3365 1844 3559 1897 audeat

1970 1933 2221 2003 iungere.
3222 1928 3229 1935 ’

2052 2024 2288 2080 LXXIV.
2331 2024 2500 2079 Nemo
2542 2036 2666 2079 ante
2695 2025 3038 2094 pra-pOsitum
3072 2038 3226 2080 suum
3271 2034 3328 2080 et
3365 2026 3556 2081 ducem

1979 2132 2136 2172 suum
2168 2118 2425 2175 ambulet.
2462 2118 2476 2168 I
2516 2117 2706 2172 Nullus
2748 2126 3023 2172 remaneat
3050 2116 3117 2172 de
3147 2117 3335 2173 ordine
3366 2132 3483 2173 suo.

2051 2207 2262 2264 LXXV.
2306 2208 2361 2263 Si
2405 2209 2524 2276 quis
2567 2206 2768 2278 aliquid
2819 2206 3164 2279 perdiderit,
3215 2218 3339 2263 ante
3388 2210 3561 2264 altato

1981 2301 2193 2370 publice
2237 2301 2581 2369 corripietur.
2632 2300 2687 2355 Si
2728 2315 2855 2355 vero
2899 2299 2966 2353 de
3009 2300 3244 2369 propriis
3287 2303 3562 2355 vesticulis

1981 2392 2137 2445 luerit
2187 2392 2327 2461 quod
2385 2391 2653 2461 perditum
2723 2400 2847 2455 est,
2901 2391 3071 2445 tribus
3133 2390 3561 2445 hebdomadibus

1981 2499 2088 2539 non
2116 2483 2365 2554 accipiet,
2397 2493 2450 2537 et
2481 2484 2533 2537 in
2564 2490 2750 2554 quarta
2772 2522 2789 2551 ,
2821 2494 2938 2537 acta
2972 2483 3317 2552 poenitentia,
3346 2484 3563 2539 dabitur

1982 2578 2030 2633 ei
2061 2572 2202 2647 quod
2229 2576 2432 2631 amisit.

2055 2668 2290 2723 LXXVI.
2330 2668 2433 2735 Qui
2488 2667 2751 2721 invenerit
2803 2667 3002 2737 aliquid
3033 2708 3049 2732 ,
3120 2683 3215 2738 per
3264 2677 3372 2723 tres
3444 2668 3562 2723 dies

1983 2761 2160 2816 llante
2198 2759 2481 2816 collectam
2526 2759 2748 2814 fratrum
2781 2758 3115 2829 suspendat,
3166 2770 3223 2815 ut
3274 2761 3424 2816 tollat
3473 2760 3563 2829 qui

1983 2856 2318 2927 cognoverit.

2054 2944 2311 3003 LXXVII.
2360 2943 2378 2983 ι
2414 2946 2606 3000 Lotum
2648 2945 2698 3000 itt
2740 2946 2904 3001 domo
2950 2960 3113 3001 nemo
3158 2945 3317 3001 faciat
3360 2947 3567 3015 absque

1984 3040 2276 3111 praepesito
2304 3054 2318 3104 ;
2352 3048 2406 3093 et
2431 3052 2593 3093 omne
2618 3036 2764 3109 quod
2800 3053 2996 3093 novum
3026 3047 3109 3094 est
3134 3037 3277 3093 illius
3302 3042 3563 3093 sententia

362 3132 603 3187 LXVIII.
651 3130 670 3170 ί
695 3132 813 3204 ,Ουὶ
846 3146 948 3187 una
978 3131 1225 3187 oratione
1264 3133 1470 3189 tardius
1499 3131 1746 3197 venerit,
1797 3132 1881 3187 vel
1910 3146 1958 3209 ς
1988 3133 2325 3201 disponetur.

273 3228 380 3299 qui
410 3227 779 3282 mussitaverit
806 3236 894 3280 aut
933 3224 1145 3291 locutus
1187 3224 1351 3281 fuerit
1388 3225 1455 3281 ad
1486 3226 1753 3290 alterum,
1800 3224 1883 3279 vel

2066 3222 2349 3279 LXXVIII.
2380 3230 2419 3259 ω
2449 3221 2638 3277 Omnis
2690 3224 2959 3292 correptio
2999 3222 3070 3276 ita
3116 3222 3208 3277 ﬁet
3236 3232 3293 3277 ut
3320 3222 3565 3279 discincti

1367 3361 1619 3418 ALAIIDI
1660 3360 1889 3419 cum
1928 3344 2486 3416 COMMENTARIUS.

355 3493 383 3519 ι
417 3480 559 3534 Aliis
584 3479 763 3532 verbis
795 3478 857 3531 D.
893 3476 1213 3531 Benedictus
1252 3476 1429 3545 capite
1459 3476 1872 3543 quadragesimo

278 3565 524 3606 octavo:
568 3546 619 3602 Ν
626 3564 752 3616 eque
788 3547 951 3615 frater
993 3546 1060 3600 ad
1092 3546 1303 3616 fratrem
1323 3549 1599 3617 jungatur,
1634 3547 1772 3599 horis
1798 3547 1877 3599 in-

276 3621 712 3686 competentibus.

351 3694 379 3729 II
412 3693 561 3744 Idem
590 3705 749 3755 supra
781 3688 1011 3743 articqu
1036 3687 1447 3758 quadragesimo
1479 3686 1657 3741 tertio.

355 3774 380 3801 ε
415 3758 696 3815 Consonat
740 3760 804 3813 iis
831 3774 950 3827 quae
979 3756 1235 3827 superius
1270 3757 1411 3812 dicta
1443 3768 1569 3811 sunt
1608 3758 1674 3811 de
1706 3756 1874 3811 offici-

278 3836 369 3886 nis
392 3830 675 3898 opiﬁcum,
712 3830 762 3882 in
795 3828 989 3895 quibus
1021 3829 1292 3882 silentium
1322 3830 1660 3882 servabatur.

352 3902 381 3939 ά
423 3900 589 3954 Vides
640 3900 1007 3953 meditationis
1050 3898 1394 3963 exercitium,
1426 3899 1494 3951 de
1532 3912 1638 3967 quo
1669 3912 1829 3967 supra
1858 3938 1874 3960 ,

280 3972 489 4042 priscis
517 3969 994 4042 monachisluisse
1038 3968 1532 4042 frequentissimum
1559 3982 1623 4021 ac
1650 3968 1879 4042 Iamilia-

288 4039 601 4099 rissimum.
649 4039 817 4093 immo
840 4054 979 4107 pene
1022 4039 1327 4102 assiduum;
1374 4039 1446 4091 ita
1479 4044 1537 4091 ιιι
1565 4052 1670 4091 non
1704 4040 1879 4091 solum

278 4116 334 4169 in
366 4111 639 4175 oratorio,
672 4110 755 4163 vel
787 4110 1029 4177 privatim
1058 4107 1112 4162 in
1139 4108 1368 4171 cellulis,
1395 4110 1487 4162 sed
1512 4109 1565 4161 in
1593 4108 1736 4161 omni
1769 4109 1880 4161 lere

277 4186 412 4239 loco
437 4190 497 4235 et
520 4190 787 4243 tempore,
819 4194 882 4233 ac
909 4193 1046 4247 pene
1072 4179 1138 4233 ad
1170 4193 1359 4233 omnes
1388 4186 1539 4231 actus
1565 4188 1618 4232 et
1642 4177 1877 4231 functio-

281 4270 387 4309 nes
422 4266 493 4306 eo
516 4266 578 4303 se
602 4260 947 4315 occuparent,
978 4264 1039 4302 ac
1071 4264 1168 4317 per
1216 4249 1319 4303 hoc
1358 4262 1385 4300 a
1416 4249 1571 4301 vanis
1598 4247 1882 4316 cogitatio-

280 4326 463 4379 nibus
510 4332 570 4374 et
614 4320 899 4387 colloquiis
946 4329 1274 4386 avocarent,
1319 4318 1501 4387 sicque
1548 4319 1785 4371 animum
1814 4318 1880 4370 ad

278 4393 546 4450 wlestia
569 4400 622 4443 et
645 4390 897 4443 sa!utaria
944 4391 1302 4458 suapirantem
1329 4399 1386 4443 et
1413 4400 1653 4456 erectum
1685 4391 1881 4442 retine-

279 4474 435 4521 rent.
469 4460 603 4516 Vide
629 4469 732 4514 art.
764 4459 826 4513 l6
854 4472 907 4513 et
939 4459 1024 4512 I7.
1104 4497 1109 4501 ρ

360 4546 389 4573 ο
445 4532 502 4586 Id
543 4540 658 4596 est,
706 4530 997 4595 mulieres,
1027 4539 1085 4583 ut
1132 4542 1294 4597 supra
1343 4528 1571 4582 articulo
1622 4528 1883 4598 vigesimo

280 4618 714 4729 mrodassianus
742 4671 838 4725 lib.
864 4686 915 4725 tv
938 4684 1059 4737 cap.
1085 4669 1172 4733 to,
1198 4670 1261 4723 D.
1294 4668 1618 4722 Benedictus
1645 4682 1763 4736 cap.
1787 4666 1877 4720 ιδ.

1981 3473 2173 3548 timum
2202 3473 2573 3548 secolloquiis
2594 3474 2949 3548 oblectantes.
2976 3476 3109 3530 Cum
3134 3487 3334 3537 autem.
3371 3478 3565 3548 inquit,

1982 3544 2123 3597 a'iud
2155 3546 2366 3614 quidvis
2395 3547 2760 3614 loquerentur,
2794 3546 2973 3599 statim
2998 3548 3166 3600 sancti
3208 3548 3385 3614 angeli
3414 3544 3565 3607 recc;

1980 3615 2182 3669 debant
2218 3616 2456 3685 longius;
2486 3616 2774 3670 veniebant
2804 3625 2981 3669 autem
3011 3618 3155 3684 porci
3180 3615 3565 3685 sordidissimi,

1980 3698 2034 3739 et
2058 3687 2366 3740 volutuliant
2395 3701 2453 3738 se
2485 3686 2622 3757 inter
2653 3700 2767 3739 eos.
2801 3687 3080 3740 Dmmones
3111 3686 3254 3741 enim
3288 3689 3339 3743 in
3374 3693 3561 3757 specie

1981 3770 2235 3824 pecorum
2283 3756 2687 3809 delectabantur
2740 3770 2925 3809 eorum
2970 3756 3316 3825 vaniloquiis.
3369 3756 3567 3815 Beatus

1980 3836 2159 3879 autem
2195 3841 2268 3880 se:
2296 3826 2374 3878 ior
2397 3826 2509 3878 haec
2535 3825 2743 3895 videns,
2772 3826 3150 3879 commonebat
3172 3842 3263 3895 per
3292 3842 3567 3885 monasto-

1981 3896 2058 3949 ria
2115 3896 2312 3948 fratres
2357 3895 2584 3949 dicens:
2624 3894 2884 3949 Cohibete
2913 3911 2941 3948 a
2984 3894 3318 3965 multiloquio
3402 3909 3452 3952 et
3498 3902 3566 3953 ab

1983 3965 2546 4047 otiosissermonibns
2578 3964 2833 4036 linguam,
2864 3982 2960 4034 per
2988 3982 3145 4037 quam
3192 3969 3363 4023 malus
3396 3970 3566 4026 inter-

1984 4045 2091 4104 ttus
2122 4045 2316 4104 anima:
2347 4045 2657 4104 generatur.

2054 4102 2081 4141 h
2122 4102 2415 4159 Cassianus
2456 4104 2550 4167 lib,
2591 4120 2641 4159 tv
2674 4106 2843 4161 Instit.
2878 4123 2996 4176 cap.
3028 4107 3241 4163 decimo
3283 4119 3467 4173 sexto,
3502 4111 3565 4169 D.

1983 4177 2306 4231 Benedictus
2323 4179 2499 4245 capite
2524 4176 2798 4245 trigesimo
2815 4178 3054 4233 secundo
3078 4190 3131 4234 et
3155 4179 3569 4251 quadragesimo

1983 4257 2156 4301 εειιιο.

2062 4316 2076 4353 ί
2123 4317 2184 4371 Si
2212 4316 2369 4383 frater
2399 4315 2685 4379 dormierit,
2716 4316 2765 4368 id
2810 4316 3191 4387 rst,iobierit,
3241 4320 3407 4373 omnis
3455 4337 3569 4376 eum

1983 4388 2311 4459 fraternitas,
2344 4387 2393 4439 id
2420 4397 2523 4449 est,
2551 4388 2900 4459 congregatio
2921 4386 3566 4459 fratrutn,prqsequatur,

1984 4456 2193 4511 scilicet
2219 4456 2282 4509 ad
2317 4458 2604 4515 tumulum,
2638 4466 2690 4507 et
2716 4456 3011 4511 lianoriﬁce
3043 4458 3287 4525 sepeliat.
3340 4456 3569 4514 Sanctus

1985 4527 2401 4596 Chrysostotnus
2448 4525 2667 4596 humilia
2720 4526 2888 4593 prima
2937 4527 2987 4580 in
3038 4528 3141 4582 .IttIl
3181 4532 3567 4583 monachorum

1983 4595 2184 4649 obitum
2239 4595 2501 4668 funusque
2545 4595 2856 4668 describens
2902 4598 3077 4668 :Cum
3121 4598 3321 4664 ultimo,
3374 4603 3569 4668 inquit,

1983 4667 2169 4735 spiritu
2220 4666 2532 4719 laborantem
2577 4666 2868 4738 (fratrem)
2934 4667 3234 4733 habuerint,
3292 4666 3566 4723 circumse-

354 4759 387 4796 ε
424 4742 816 4819 Colloquiande
846 4741 1007 4794 rebus
1039 4740 1210 4819 vanis,
1245 4738 1485 4819 profanis
1515 4750 1568 4792 et
1607 4740 1882 4819 articulari,-
1910 4761 1959 4819 ι)
1987 4740 2104 4788 dent
2129 4777 2142 4800 ,
2188 4738 2478 4819 illim-taque
2519 4740 2629 4819 ejus
2673 4739 3133 4819 artdiunlut'erba;
3191 4740 3570 4796 adhortationes

283 4823 393 4875 bus
431 4809 672 4869 vitanda.
704 4811 1049 4877 Corrumpunt
1069 4810 1202 4862 enim
1247 4811 1405 4862 bonos
1434 4823 1598 4862 mores
1626 4809 1880 4871 colloquia

290 4904 491 4961 prm,
535 4884 554 4937 I
595 4882 838 4937 Corinth.
866 4880 1273 4961 xv.__Cassianus
1316 4880 1463 4961 lihzv
1486 4894 1602 4961 cap.
1634 4879 1702 4933 9:
1741 4878 1881 4961 Vidi-

284 4948 433 5019 mus.
470 4948 670 5023 inquit,
702 4968 909 5016 senem,
959 4949 1250 5006 Machetehn
1284 4951 1520 5023 nomine,
1555 4951 1692 5003 hanc
1717 4964 1743 4999 a
1778 4948 1883 5003 Ilo-

282 5033 440 5085 mino
495 5022 728 5097 gratiam
790 5022 1356 5097 diuturnis__preeibus
1413 5022 1775 5097 impetrasse,
1827 5028 1884 5097 ut

281 5091 574 5169 ιιυοιῳιὶιι
596 5096 787 5149 diebus
816 5107 878 5146 ac
926 5092 1174 5169 noctibus
1200 5094 1497 5169 agitaretur
1524 5091 1740 5169 eollatio
1769 5091 1882 5159 spi-

282 5160 538 5234 ritual'is,
571 5179 857 5232 numquam
885 5163 1061 5234 somni
1101 5170 1317 5229 torpore
1349 5164 1561 5234 penitus
1586 5160 1877 5213 laxaretur.

284 5243 340 5295 Si
370 5242 503 5308 quis
524 5232 667 5308 vere
713 5232 1069 5308 detractionis
1100 5236 1320 5308 verbum
1355 5232 1436 5285 vel
1485 5234 1717 5308 otiosum
1766 5242 1879 5283 ten-

283 5302 466 5364 tasset
499 5307 725 5368 inferre,
762 5306 814 5358 in
859 5318 1107 5355 somnum
1154 5305 1396 5367 protinus
1440 5302 1789 5363 concidebat;
1826 5316 1887 5355 ac

280 5386 365 5435 sic
401 5385 526 5434 προ·
565 5390 734 5443 usque
775 5375 845 5428 ad
888 5374 1101 5425 aurium
1150 5373 1272 5443 ejus
1322 5374 1680 5443 pollutionem
1710 5377 1885 5443 Virus

278 5451 541 5516 ubi-nquii
572 5439 779 5512 [atterat
806 5444 1109 5516 pervenire.
1146 5442 1198 5495 In
1234 5443 1364 5516 \’_itis
1389 5444 1602 5516 Patrum
1633 5439 1765 5512 (Lib.
1806 5458 1885 5507 Ill,

279 5542 333 5575 η,
370 5512 490 5583 56;
521 5530 566 5570 et
598 5520 637 5570 ι.
678 5533 768 5579 vt,
814 5513 991 5567 libello
1026 5514 1223 5577 I,nnm.
1257 5512 1311 5579 ὅ)
1362 5514 1585 5582 legimus
1636 5527 1885 5579 magnum

280 5593 587 5655 qui-undam
617 5588 792 5641 virum
826 5590 960 5635 hanc
990 5594 1211 5649 gratiam
1240 5599 1268 5634 a
1314 5583 1420 5637 Deo
1466 5583 1788 5655 obtinuisse,
1833 5591 1888 5633 ut

280 5682 334 5714 η.
370 5660 670 5726 οοιῑιισιιιίίηι
702 5656 807 5721 piis
852 5656 1075 5705 Iratutm
1096 5695 1109 5717 ,
1140 5668 1258 5721 qua:
1307 5656 1374 5704 de
1401 5655 1567 5705 saetis
1600 5654 1888 5726 Scripturis

280 5725 668 5793 habebantur,
698 5730 903 5779 videret
931 5736 1147 5777 sanctos
1173 5727 1391 5786 angelos
1418 5734 1655 5779 astantes
1687 5734 1738 5776 et
1770 5725 1883 5797 plu-

1986 4818 2032 4859 et
2061 4808 2252 4860 monita
2282 4808 2386 4859 alia
2431 4810 2492 4860 de
2539 4808 2797 4861 industria
2844 4809 3113 4873 adhibent,
3164 4826 3218 4862 as
3266 4814 3568 4863 deosculato-

1988 4888 2071 4930 tur
2128 4878 2310 4929 ultimo
2361 4879 2565 4941 osculo;
2620 4878 2801 4931 exinde
2840 4894 2955 4931 cum
3001 4881 3278 4933 reddiderit
3307 4884 3570 4945 animant,

1986 4957 2516 5017 manuscomponunt,
2548 4950 2721 5001 oculos
2757 4947 3024 5007 claudunt.
3053 4960 3160 5003 etc.
3193 4948 3319 5004 Vide
3352 4949 3416 5004 D.
3452 4953 3569 5003 llic-

1989 5033 2271 5141 r0n§mum
2330 5018 2380 5071 in
2435 5019 2707 5086 epitaphio
2753 5017 2953 5085 Paulae,
3013 5019 3299 5077 Sulnitium
3346 5023 3396 5072 in
3452 5020 3567 5074 Vita

1989 5089 2053 5141 D.
2139 5087 2329 5141 artini.
2370 5098 2424 5141 et
2472 5088 2708 5141 omnium
2762 5088 3194 5141 antiuuis~itnum
3253 5090 3567 5141 Dinuvsmm

1989 5089 2053 5142 D.
2085 5087 2329 5152 Martini,
2370 5098 2424 5142 et
2472 5088 2708 5159 omnium
2762 5088 3194 5156 antiquis~ituum
3253 5090 3568 5159 Dionysium

1991 5159 2366 5227 Areopagitam
2405 5159 2552 5211 Eccl.
2589 5158 2794 5213 Ilii-rar.
2827 5174 2945 5226 cap.
2981 5161 3032 5212 7.

2066 5240 2078 5277 ι
2119 5230 2169 5280 td
2200 5240 2310 5294 est,
2358 5241 2509 5281 extra
2535 5229 2778 5283 ordinem
2809 5245 2962 5283 suum
2984 5272 3000 5296 ,
3029 5230 3153 5284 dum
3194 5231 3349 5284 simul
3381 5231 3573 5286 ambu-

1997 5300 2127 5361 lant,
2154 5310 2428 5368 evagetur.

2064 5368 2089 5405 ιι
2129 5369 2178 5422 Id
2210 5379 2313 5433 est,
2350 5380 2474 5423 ante
2497 5370 2637 5424 fores
2666 5370 2933 5435 ecclesirr,
2968 5371 3051 5424 vel
3078 5371 3318 5425 oratorii.

2072 5438 2087 5477 ι
2142 5440 2422 5493 Lotionem
2452 5440 2917 5506 vestimentorum,
2950 5450 3041 5495 aut
3068 5443 3237 5511 ipsius
3287 5445 3481 5496 domus
3517 5456 3574 5500 et

1996 5523 2243 5562 vasorum
2255 5549 2267 5561 .

2068 5590 2104 5615 ω
2139 5581 2267 5632 Vide
2298 5596 2480 5647 supra,
2514 5590 2616 5633 art.
2656 5582 2707 5641 I,
2740 5590 2792 5633 et
2816 5595 2938 5649 qum
2967 5581 3272 5636 notavimus
3302 5585 3364 5635 au
3397 5586 3485 5637 lib.
3516 5604 3562 5639 iv

1996 5664 2113 5718 cap.
2154 5652 2214 5703 I6
2244 5653 2311 5704 de
2344 5652 2691 5706 Currectione
2723 5664 2776 5705 et
2810 5652 3101 5724 Discip'ina
3143 5655 3395 5723 rcgttlati.
