  <div class='ocr_page' id='page_1' title='image "/cluster/home/n/w/nwhite01/storage/ocr_20150623/50/hvd.32044096580717/184.png"; bbox 0 0 4016 6192; ppageno 0'>
   <div class='ocr_carea' id='block_1_1' title="bbox 669 198 875 226">
    <p class='ocr_par' dir='ltr' id='par_1_1' title="bbox 669 198 875 226">
     <span class='ocr_line' id='line_1_1' title="bbox 669 198 875 226; baseline 0 0"><span class='ocrx_word' id='word_1_1' title='bbox 669 198 875 226; x_wconf 46' lang='grc' dir='ltr'><strong>κέν-ην</strong></span> 
     </span>
    </p>
   </div>
   <div class='ocr_carea' id='block_1_2' title="bbox 292 269 393 333">
    <p class='ocr_par' dir='ltr' id='par_1_2' title="bbox 292 269 393 333">
     <span class='ocr_line' id='line_1_2' title="bbox 292 269 393 333; baseline 0 -3"><span class='ocrx_word' id='word_1_2' title='bbox 292 269 393 333; x_wconf 71' lang='lat'><strong>293</strong></span> 
     </span>
    </p>
   </div>
   <div class='ocr_carea' id='block_1_3' title="bbox 1539 272 2305 331">
    <p class='ocr_par' dir='ltr' id='par_1_3' title="bbox 1539 272 2305 331">
     <span class='ocr_line' id='line_1_3' title="bbox 1539 272 2305 331; baseline 0.007 -5"><span class='ocrx_word' id='word_1_3' title='bbox 1539 272 1672 329; x_wconf 39' lang='lat' dir='ltr'><strong>RI’LG</strong></span> <span class='ocrx_word' id='word_1_4' title='bbox 1686 274 1720 326; x_wconf 64' lang='grc' dir='ltr'><strong>ιζ</strong></span> <span class='ocrx_word' id='word_1_5' title='bbox 1734 274 1814 326; x_wconf 60' lang='lat' dir='ltr'><strong>LA</strong></span> <span class='ocrx_word' id='word_1_6' title='bbox 1858 275 1912 328; x_wconf 87' lang='lat' dir='ltr'><strong>S.</strong></span> <span class='ocrx_word' id='word_1_7' title='bbox 1957 273 2305 331; x_wconf 71' lang='lat' dir='ltr'><strong>PACIIUMII.</strong></span> 
     </span>
    </p>
   </div>
   <div class='ocr_carea' id='block_1_4' title="bbox 3461 287 3565 342">
    <p class='ocr_par' dir='ltr' id='par_1_4' title="bbox 3461 287 3565 342">
     <span class='ocr_line' id='line_1_4' title="bbox 3461 287 3565 342; baseline 0.019 -2"><span class='ocrx_word' id='word_1_8' title='bbox 3461 287 3565 342; x_wconf 64' lang='lat'><strong>29$</strong></span> 
     </span>
    </p>
   </div>
   <div class='ocr_carea' id='block_1_5' title="bbox 293 389 3567 469">
    <p class='ocr_par' dir='ltr' id='par_1_5' title="bbox 293 389 3567 469">
     <span class='ocr_line' id='line_1_5' title="bbox 293 389 3567 469; baseline 0.002 -20"><span class='ocrx_word' id='word_1_9' title='bbox 293 390 663 449; x_wconf 65' lang='lat' dir='ltr'><strong>consobrinus.</strong></span> <span class='ocrx_word' id='word_1_10' title='bbox 692 404 793 447; x_wconf 87' lang='lat' dir='ltr'><strong>seu</strong></span> <span class='ocrx_word' id='word_1_11' title='bbox 821 398 1048 446; x_wconf 84' lang='lat' dir='ltr'><strong>matrem</strong></span> <span class='ocrx_word' id='word_1_12' title='bbox 1076 389 1311 447; x_wconf 80' lang='lat' dir='ltr'><strong>ttliorum</strong></span> <span class='ocrx_word' id='word_1_13' title='bbox 1342 402 1594 455; x_wconf 88' lang='lat' dir='ltr'><strong>suorum;</strong></span> <span class='ocrx_word' id='word_1_14' title='bbox 1623 389 1666 443; x_wconf 93' lang='lat' dir='ltr'><strong>si</strong></span> <span class='ocrx_word' id='word_1_15' title='bbox 1694 398 1872 443; x_wconf 88' lang='lat' dir='ltr'><strong>autem</strong></span> <span class='ocrx_word' id='word_1_16' title='bbox 1904 393 1951 452; x_wconf 72' lang='grc' dir='ltr'><strong>Α</strong></span> <span class='ocrx_word' id='word_1_17' title='bbox 1980 402 2132 443; x_wconf 88' lang='lat' dir='ltr'><strong>cuam</strong></span> <span class='ocrx_word' id='word_1_18' title='bbox 2154 431 2169 453; x_wconf 90' lang='lat'><strong>,</strong></span> <span class='ocrx_word' id='word_1_19' title='bbox 2202 405 2295 459; x_wconf 90' lang='lat' dir='ltr'><strong>per</strong></span> <span class='ocrx_word' id='word_1_20' title='bbox 2328 404 2420 447; x_wconf 89' lang='lat' dir='ltr'><strong>sex</strong></span> <span class='ocrx_word' id='word_1_21' title='bbox 2453 393 2596 448; x_wconf 88' lang='lat' dir='ltr'><strong>vices</strong></span> <span class='ocrx_word' id='word_1_22' title='bbox 2627 396 3060 452; x_wconf 84' lang='lat' dir='ltr'><strong>commoncbitur</strong></span> <span class='ocrx_word' id='word_1_23' title='bbox 3086 437 3101 462; x_wconf 86' lang='lat'><strong>,</strong></span> <span class='ocrx_word' id='word_1_24' title='bbox 3151 406 3206 453; x_wconf 90' lang='lat' dir='ltr'><strong>et</strong></span> <span class='ocrx_word' id='word_1_25' title='bbox 3255 396 3310 455; x_wconf 86' lang='lat' dir='ltr'><strong>in</strong></span> <span class='ocrx_word' id='word_1_26' title='bbox 3338 401 3567 469; x_wconf 75' lang='lat' dir='ltr'><strong>septima</strong></span> 
     </span>
    </p>
   </div>
   <div class='ocr_carea' id='block_1_6' title="bbox 292 477 1873 549">
    <p class='ocr_par' dir='ltr' id='par_1_6' title="bbox 292 477 1873 549">
     <span class='ocr_line' id='line_1_6' title="bbox 292 477 1873 549; baseline -0.004 -12"><span class='ocrx_word' id='word_1_27' title='bbox 292 496 341 539; x_wconf 88' lang='lat' dir='ltr'><strong>et</strong></span> <span class='ocrx_word' id='word_1_28' title='bbox 369 491 497 539; x_wconf 87' lang='lat' dir='ltr'><strong>ante</strong></span> <span class='ocrx_word' id='word_1_29' title='bbox 525 481 942 539; x_wconf 75' lang='lat' dir='ltr'><strong>conversionem</strong></span> <span class='ocrx_word' id='word_1_30' title='bbox 971 490 1188 549; x_wconf 88' lang='lat' dir='ltr'><strong>paterna</strong></span> <span class='ocrx_word' id='word_1_31' title='bbox 1213 480 1291 534; x_wconf 90' lang='lat' dir='ltr'><strong>eis</strong></span> <span class='ocrx_word' id='word_1_32' title='bbox 1317 477 1545 535; x_wconf 90' lang='lat' dir='ltr'><strong>debetur</strong></span> <span class='ocrx_word' id='word_1_33' title='bbox 1568 478 1873 544; x_wconf 72' lang='lat' dir='ltr'><strong>ltrereditas,</strong></span> 
     </span>
    </p>
   </div>
   <div class='ocr_carea' id='block_1_7' title="bbox 290 571 1880 643">
    <p class='ocr_par' dir='ltr' id='par_1_7' title="bbox 290 571 1880 643">
     <span class='ocr_line' id='line_1_7' title="bbox 290 571 1880 643; baseline 0 -16"><span class='ocrx_word' id='word_1_34' title='bbox 290 586 375 628; x_wconf 84' lang='lat' dir='ltr'><strong>aut</strong></span> <span class='ocrx_word' id='word_1_35' title='bbox 403 576 585 642; x_wconf 86' lang='lat' dir='ltr'><strong>aliqua</strong></span> <span class='ocrx_word' id='word_1_36' title='bbox 615 588 780 628; x_wconf 86' lang='lat' dir='ltr'><strong>causa</strong></span> <span class='ocrx_word' id='word_1_37' title='bbox 808 571 1091 628; x_wconf 87' lang='lat' dir='ltr'><strong>manifesta</strong></span> <span class='ocrx_word' id='word_1_38' title='bbox 1123 580 1228 639; x_wconf 89' lang='lat' dir='ltr'><strong>est,</strong></span> <span class='ocrx_word' id='word_1_39' title='bbox 1261 573 1475 627; x_wconf 90' lang='lat' dir='ltr'><strong>mittent</strong></span> <span class='ocrx_word' id='word_1_40' title='bbox 1502 588 1624 628; x_wconf 87' lang='lat' dir='ltr'><strong>cum</strong></span> <span class='ocrx_word' id='word_1_41' title='bbox 1652 572 1733 627; x_wconf 90' lang='lat' dir='ltr'><strong>bis</strong></span> <span class='ocrx_word' id='word_1_42' title='bbox 1758 589 1880 643; x_wconf 86' lang='lat' dir='ltr'><strong>pru-</strong></span> 
     </span>
    </p>
   </div>
   <div class='ocr_carea' id='block_1_8' title="bbox 290 662 1881 737">
    <p class='ocr_par' dir='ltr' id='par_1_8' title="bbox 290 662 1881 737">
     <span class='ocr_line' id='line_1_8' title="bbox 290 662 1881 737; baseline 0.001 -18"><span class='ocrx_word' id='word_1_43' title='bbox 290 667 420 719; x_wconf 68' lang='lat' dir='ltr'><strong>baue</strong></span> <span class='ocrx_word' id='word_1_44' title='bbox 452 665 633 720; x_wconf 63' lang='lat' dir='ltr'><strong>artatis</strong></span> <span class='ocrx_word' id='word_1_45' title='bbox 660 666 863 732; x_wconf 91' lang='lat' dir='ltr'><strong>virum,</strong></span> <span class='ocrx_word' id='word_1_46' title='bbox 895 679 958 720; x_wconf 91' lang='lat' dir='ltr'><strong>ac</strong></span> <span class='ocrx_word' id='word_1_47' title='bbox 984 662 1137 726; x_wconf 68' lang='lat' dir='ltr'><strong>vitae.</strong></span> <span class='ocrx_word' id='word_1_48' title='bbox 1172 674 1227 720; x_wconf 91' lang='lat' dir='ltr'><strong>et</strong></span> <span class='ocrx_word' id='word_1_49' title='bbox 1249 664 1510 719; x_wconf 89' lang='lat' dir='ltr'><strong>videbunt</strong></span> <span class='ocrx_word' id='word_1_50' title='bbox 1539 680 1633 720; x_wconf 89' lang='lat' dir='ltr'><strong>eas</strong></span> <span class='ocrx_word' id='word_1_51' title='bbox 1655 707 1671 732; x_wconf 88' lang='lat'><strong>,</strong></span> <span class='ocrx_word' id='word_1_52' title='bbox 1705 678 1760 720; x_wconf 94' lang='lat' dir='ltr'><strong>et</strong></span> <span class='ocrx_word' id='word_1_53' title='bbox 1785 681 1881 737; x_wconf 87' lang='lat' dir='ltr'><strong>pa-</strong></span> 
     </span>
    </p>
   </div>
   <div class='ocr_carea' id='block_1_9' title="bbox 288 755 1881 830">
    <p class='ocr_par' dir='ltr' id='par_1_9' title="bbox 288 755 1881 830">
     <span class='ocr_line' id='line_1_9' title="bbox 288 755 1881 830; baseline 0.004 -23"><span class='ocrx_word' id='word_1_54' title='bbox 288 758 415 810; x_wconf 84' lang='lat' dir='ltr'><strong>riter</strong></span> <span class='ocrx_word' id='word_1_55' title='bbox 445 765 816 811; x_wconf 85' lang='lat' dir='ltr'><strong>revertentur.</strong></span> <span class='ocrx_word' id='word_1_56' title='bbox 850 755 1020 810; x_wconf 87' lang='lat' dir='ltr'><strong>Nemo</strong></span> <span class='ocrx_word' id='word_1_57' title='bbox 1049 756 1207 810; x_wconf 82' lang='lat' dir='ltr'><strong>vadat</strong></span> <span class='ocrx_word' id='word_1_58' title='bbox 1232 757 1299 811; x_wconf 89' lang='lat' dir='ltr'><strong>ad</strong></span> <span class='ocrx_word' id='word_1_59' title='bbox 1332 757 1455 812; x_wconf 74' lang='lat' dir='ltr'><strong>illas</strong></span> <span class='ocrx_word' id='word_1_60' title='bbox 1481 799 1495 823; x_wconf 90' lang='lat'><strong>,</strong></span> <span class='ocrx_word' id='word_1_61' title='bbox 1526 756 1629 813; x_wconf 89' lang='lat' dir='ltr'><strong>nisi</strong></span> <span class='ocrx_word' id='word_1_62' title='bbox 1663 758 1713 811; x_wconf 89' lang='lat' dir='ltr'><strong>hi</strong></span> <span class='ocrx_word' id='word_1_63' title='bbox 1744 773 1881 830; x_wconf 86' lang='lat' dir='ltr'><strong>quos</strong></span> 
     </span>
    </p>
   </div>
   <div class='ocr_carea' id='block_1_10' title="bbox 286 848 1876 919">
    <p class='ocr_par' dir='ltr' id='par_1_10' title="bbox 286 848 1876 919">
     <span class='ocr_line' id='line_1_10' title="bbox 286 848 1876 919; baseline 0.002 -18"><span class='ocrx_word' id='word_1_64' title='bbox 286 863 443 916; x_wconf 85' lang='lat' dir='ltr'><strong>supra</strong></span> <span class='ocrx_word' id='word_1_65' title='bbox 487 848 760 914; x_wconf 79' lang='lat' dir='ltr'><strong>diximus;</strong></span> <span class='ocrx_word' id='word_1_66' title='bbox 815 848 884 901; x_wconf 88' lang='lat' dir='ltr'><strong>ita</strong></span> <span class='ocrx_word' id='word_1_67' title='bbox 933 858 987 901; x_wconf 90' lang='lat' dir='ltr'><strong>ut</strong></span> <span class='ocrx_word' id='word_1_68' title='bbox 1037 849 1269 919; x_wconf 89' lang='lat' dir='ltr'><strong>primum</strong></span> <span class='ocrx_word' id='word_1_69' title='bbox 1328 849 1527 905; x_wconf 78' lang='lat' dir='ltr'><strong>faciant</strong></span> <span class='ocrx_word' id='word_1_70' title='bbox 1578 851 1876 906; x_wconf 85' lang='lat' dir='ltr'><strong>renuntiari</strong></span> 
     </span>
    </p>
   </div>
   <div class='ocr_carea' id='block_1_11' title="bbox 288 939 1877 1013">
    <p class='ocr_par' dir='ltr' id='par_1_11' title="bbox 288 939 1877 1013">
     <span class='ocr_line' id='line_1_11' title="bbox 288 939 1877 1013; baseline 0.004 -20"><span class='ocrx_word' id='word_1_71' title='bbox 288 939 424 1003; x_wconf 81' lang='lat' dir='ltr'><strong>patri</strong></span> <span class='ocrx_word' id='word_1_72' title='bbox 454 940 818 1007; x_wconf 82' lang='lat' dir='ltr'><strong>monasterii,</strong></span> <span class='ocrx_word' id='word_1_73' title='bbox 860 950 915 995; x_wconf 83' lang='lat' dir='ltr'><strong>et</strong></span> <span class='ocrx_word' id='word_1_74' title='bbox 944 941 1035 997; x_wconf 91' lang='lat' dir='ltr'><strong>ille</strong></span> <span class='ocrx_word' id='word_1_75' title='bbox 1076 945 1256 996; x_wconf 83' lang='lat' dir='ltr'><strong>mittet</strong></span> <span class='ocrx_word' id='word_1_76' title='bbox 1287 942 1355 997; x_wconf 89' lang='lat' dir='ltr'><strong>ad</strong></span> <span class='ocrx_word' id='word_1_77' title='bbox 1399 953 1421 978; x_wconf 69' lang='grc' dir='ltr'><strong>ί·</strong></span> <span class='ocrx_word' id='word_1_78' title='bbox 1467 945 1748 1007; x_wconf 80' lang='lat' dir='ltr'><strong>seniores,</strong></span> <span class='ocrx_word' id='word_1_79' title='bbox 1774 945 1877 1013; x_wconf 85' lang='lat' dir='ltr'><strong>.qui</strong></span> 
     </span>
    </p>
   </div>
   <div class='ocr_carea' id='block_1_12' title="bbox 287 1033 1879 1107">
    <p class='ocr_par' dir='ltr' id='par_1_12' title="bbox 287 1033 1879 1107">
     <span class='ocr_line' id='line_1_12' title="bbox 287 1033 1879 1107; baseline 0.005 -23"><span class='ocrx_word' id='word_1_80' title='bbox 287 1034 620 1088; x_wconf 86' lang='lat' dir='ltr'><strong>monasterio</strong></span> <span class='ocrx_word' id='word_1_81' title='bbox 665 1033 929 1104; x_wconf 77' lang='lat' dir='ltr'><strong>virginum</strong></span> <span class='ocrx_word' id='word_1_82' title='bbox 977 1035 1207 1106; x_wconf 75' lang='lat' dir='ltr'><strong>delegati</strong></span> <span class='ocrx_word' id='word_1_83' title='bbox 1248 1044 1416 1103; x_wconf 83' lang='lat' dir='ltr'><strong>sunt,</strong></span> <span class='ocrx_word' id='word_1_84' title='bbox 1457 1039 1546 1107; x_wconf 90' lang='lat' dir='ltr'><strong>qui</strong></span> <span class='ocrx_word' id='word_1_85' title='bbox 1592 1048 1879 1092; x_wconf 85' lang='lat' dir='ltr'><strong>occurrent</strong></span> 
     </span>
    </p>
   </div>
   <div class='ocr_carea' id='block_1_13' title="bbox 287 1127 1877 1196">
    <p class='ocr_par' dir='ltr' id='par_1_13' title="bbox 287 1127 1877 1196">
     <span class='ocr_line' id='line_1_13' title="bbox 287 1127 1877 1196; baseline 0.002 -17"><span class='ocrx_word' id='word_1_86' title='bbox 287 1127 385 1192; x_wconf 85' lang='lat' dir='ltr'><strong>eis,</strong></span> <span class='ocrx_word' id='word_1_87' title='bbox 410 1138 462 1180; x_wconf 91' lang='lat' dir='ltr'><strong>et</strong></span> <span class='ocrx_word' id='word_1_88' title='bbox 486 1141 613 1180; x_wconf 89' lang='lat' dir='ltr'><strong>cum</strong></span> <span class='ocrx_word' id='word_1_89' title='bbox 641 1127 773 1195; x_wconf 55' lang='lat' dir='ltr'><strong>ipsis</strong></span> <span class='ocrx_word' id='word_1_90' title='bbox 794 1127 1047 1183; x_wconf 85' lang='lat' dir='ltr'><strong>videbunt</strong></span> <span class='ocrx_word' id='word_1_91' title='bbox 1070 1144 1161 1182; x_wconf 90' lang='lat' dir='ltr'><strong>eas</strong></span> <span class='ocrx_word' id='word_1_92' title='bbox 1183 1144 1310 1196; x_wconf 87' lang='lat' dir='ltr'><strong>quas</strong></span> <span class='ocrx_word' id='word_1_93' title='bbox 1334 1144 1555 1184; x_wconf 88' lang='lat' dir='ltr'><strong>necesse</strong></span> <span class='ocrx_word' id='word_1_94' title='bbox 1580 1129 1877 1196; x_wconf 87' lang='lat' dir='ltr'><strong>habebunt,</strong></span> 
     </span>
    </p>
   </div>
   <div class='ocr_carea' id='block_1_14' title="bbox 285 1217 1879 1292">
    <p class='ocr_par' dir='ltr' id='par_1_14' title="bbox 285 1217 1879 1292">
     <span class='ocr_line' id='line_1_14' title="bbox 285 1217 1879 1292; baseline 0.004 -22"><span class='ocrx_word' id='word_1_95' title='bbox 285 1232 403 1271; x_wconf 85' lang='lat' dir='ltr'><strong>cum</strong></span> <span class='ocrx_word' id='word_1_96' title='bbox 430 1219 583 1271; x_wconf 92' lang='lat' dir='ltr'><strong>omni</strong></span> <span class='ocrx_word' id='word_1_97' title='bbox 607 1217 889 1286; x_wconf 63' lang='lat' dir='ltr'><strong>disciplina</strong></span> <span class='ocrx_word' id='word_1_98' title='bbox 914 1228 969 1273; x_wconf 89' lang='lat' dir='ltr'><strong>et</strong></span> <span class='ocrx_word' id='word_1_99' title='bbox 991 1220 1183 1274; x_wconf 84' lang='lat' dir='ltr'><strong>timore</strong></span> <span class='ocrx_word' id='word_1_100' title='bbox 1206 1220 1321 1275; x_wconf 89' lang='lat' dir='ltr'><strong>Dei.</strong></span> <span class='ocrx_word' id='word_1_101' title='bbox 1346 1219 1466 1274; x_wconf 85' lang='lat' dir='ltr'><strong>Non</strong></span> <span class='ocrx_word' id='word_1_102' title='bbox 1492 1220 1570 1275; x_wconf 85' lang='lat' dir='ltr'><strong>eis</strong></span> <span class='ocrx_word' id='word_1_103' title='bbox 1594 1221 1879 1292; x_wconf 88' lang='lat' dir='ltr'><strong>loquentur</strong></span> 
     </span>
    </p>
   </div>
   <div class='ocr_carea' id='block_1_15' title="bbox 286 1309 951 1366">
    <p class='ocr_par' dir='ltr' id='par_1_15' title="bbox 286 1309 951 1366">
     <span class='ocr_line' id='line_1_15' title="bbox 286 1309 951 1366; baseline -0.002 -3"><span class='ocrx_word' id='word_1_104' title='bbox 286 1309 351 1364; x_wconf 88' lang='lat' dir='ltr'><strong>de</strong></span> <span class='ocrx_word' id='word_1_105' title='bbox 381 1310 549 1363; x_wconf 85' lang='lat' dir='ltr'><strong>rebus</strong></span> <span class='ocrx_word' id='word_1_106' title='bbox 578 1310 951 1366; x_wconf 47' lang='lat' dir='ltr'><strong>saecularibus.</strong></span> 
     </span>
    </p>
   </div>
   <div class='ocr_carea' id='block_1_16' title="bbox 354 1400 1875 1476">
    <p class='ocr_par' dir='ltr' id='par_1_16' title="bbox 354 1400 1875 1476">
     <span class='ocr_line' id='line_1_16' title="bbox 354 1400 1875 1476; baseline 0.003 -20"><span class='ocrx_word' id='word_1_107' title='bbox 354 1400 647 1457; x_wconf 71' lang='lat' dir='ltr'><strong>LXXXIII.</strong></span> <span class='ocrx_word' id='word_1_108' title='bbox 721 1402 1053 1473; x_wconf 77' lang='lat' dir='ltr'><strong>Quicumque</strong></span> <span class='ocrx_word' id='word_1_109' title='bbox 1102 1403 1169 1457; x_wconf 89' lang='lat' dir='ltr'><strong>de</strong></span> <span class='ocrx_word' id='word_1_110' title='bbox 1218 1402 1301 1457; x_wconf 84' lang='lat' dir='ltr'><strong>his</strong></span> <span class='ocrx_word' id='word_1_111' title='bbox 1352 1403 1622 1459; x_wconf 75' lang='lat' dir='ltr'><strong>mandatis</strong></span> <span class='ocrx_word' id='word_1_112' title='bbox 1671 1404 1875 1476; x_wconf 78' lang='lat' dir='ltr'><strong>aliqttid</strong></span> 
     </span>
    </p>
   </div>
   <div class='ocr_carea' id='block_1_17' title="bbox 297 1494 1878 1565">
    <p class='ocr_par' dir='ltr' id='par_1_17' title="bbox 297 1494 1878 1565">
     <span class='ocr_line' id='line_1_17' title="bbox 297 1494 1878 1565; baseline 0.003 -19"><span class='ocrx_word' id='word_1_113' title='bbox 297 1494 623 1561; x_wconf 65' lang='lat' dir='ltr'><strong>praeterierit</strong></span> <span class='ocrx_word' id='word_1_114' title='bbox 669 1494 869 1563; x_wconf 48' lang='lat' dir='ltr'><strong>absque</strong></span> <span class='ocrx_word' id='word_1_115' title='bbox 903 1494 1007 1548; x_wconf 90' lang='lat' dir='ltr'><strong>ulla</strong></span> <span class='ocrx_word' id='word_1_116' title='bbox 1038 1494 1390 1561; x_wconf 83' lang='lat' dir='ltr'><strong>dubitatione,</strong></span> <span class='ocrx_word' id='word_1_117' title='bbox 1425 1496 1765 1565; x_wconf 69' lang='lat' dir='ltr'><strong>neglige-otiae</strong></span> <span class='ocrx_word' id='word_1_118' title='bbox 1797 1506 1878 1551; x_wconf 89' lang='lat' dir='ltr'><strong>at-</strong></span> 
     </span>
    </p>
   </div>
   <div class='ocr_carea' id='block_1_18' title="bbox 291 1587 1877 1657">
    <p class='ocr_par' dir='ltr' id='par_1_18' title="bbox 291 1587 1877 1657">
     <span class='ocr_line' id='line_1_18' title="bbox 291 1587 1877 1657; baseline 0.001 -20"><span class='ocrx_word' id='word_1_119' title='bbox 291 1600 390 1654; x_wconf 88' lang='lat' dir='ltr'><strong>que</strong></span> <span class='ocrx_word' id='word_1_120' title='bbox 416 1595 767 1655; x_wconf 80' lang='lat' dir='ltr'><strong>contemptus</strong></span> <span class='ocrx_word' id='word_1_121' title='bbox 791 1594 915 1654; x_wconf 92' lang='lat' dir='ltr'><strong>aget</strong></span> <span class='ocrx_word' id='word_1_122' title='bbox 950 1587 1319 1654; x_wconf 72' lang='lat' dir='ltr'><strong>pmnitentiam</strong></span> <span class='ocrx_word' id='word_1_123' title='bbox 1348 1627 1363 1652; x_wconf 90' lang='lat'><strong>,</strong></span> <span class='ocrx_word' id='word_1_124' title='bbox 1394 1598 1454 1642; x_wconf 94' lang='lat' dir='ltr'><strong>ut</strong></span> <span class='ocrx_word' id='word_1_125' title='bbox 1479 1588 1758 1657; x_wconf 83' lang='lat' dir='ltr'><strong>possidere</strong></span> <span class='ocrx_word' id='word_1_126' title='bbox 1786 1604 1877 1639; x_wconf 86' lang='lat' dir='ltr'><strong>va-</strong></span> 
     </span>
    </p>
   </div>
   <div class='ocr_carea' id='block_1_19' title="bbox 290 1674 994 1745">
    <p class='ocr_par' dir='ltr' id='par_1_19' title="bbox 290 1674 994 1745">
     <span class='ocr_line' id='line_1_19' title="bbox 290 1674 994 1745; baseline 0 -18"><span class='ocrx_word' id='word_1_127' title='bbox 290 1676 494 1730; x_wconf 79' lang='lat' dir='ltr'><strong>leamus</strong></span> <span class='ocrx_word' id='word_1_128' title='bbox 517 1692 683 1745; x_wconf 84' lang='lat' dir='ltr'><strong>regna</strong></span> <span class='ocrx_word' id='word_1_129' title='bbox 713 1674 994 1729; x_wconf 74' lang='lat' dir='ltr'><strong>cmlorum.</strong></span> 
     </span>
    </p>
   </div>
   <div class='ocr_carea' id='block_1_20' title="bbox 1985 480 3570 559">
    <p class='ocr_par' dir='ltr' id='par_1_20' title="bbox 1985 480 3570 559">
     <span class='ocr_line' id='line_1_20' title="bbox 1985 480 3570 559; baseline 0.008 -25"><span class='ocrx_word' id='word_1_130' title='bbox 1985 480 2184 536; x_wconf 76' lang='lat' dir='ltr'><strong>facient</strong></span> <span class='ocrx_word' id='word_1_131' title='bbox 2211 497 2334 536; x_wconf 92' lang='lat' dir='ltr'><strong>eum</strong></span> <span class='ocrx_word' id='word_1_132' title='bbox 2367 499 2587 554; x_wconf 78' lang='lat' dir='ltr'><strong>surgere</strong></span> <span class='ocrx_word' id='word_1_133' title='bbox 2614 485 2682 542; x_wconf 90' lang='lat' dir='ltr'><strong>de</strong></span> <span class='ocrx_word' id='word_1_134' title='bbox 2708 488 2898 543; x_wconf 85' lang='lat' dir='ltr'><strong>ordine</strong></span> <span class='ocrx_word' id='word_1_135' title='bbox 2921 491 3182 547; x_wconf 75' lang='lat' dir='ltr'><strong>sessionis</strong></span> <span class='ocrx_word' id='word_1_136' title='bbox 3201 505 3335 559; x_wconf 68' lang='lat' dir='ltr'><strong>suae,</strong></span> <span class='ocrx_word' id='word_1_137' title='bbox 3353 502 3408 546; x_wconf 93' lang='lat' dir='ltr'><strong>et</strong></span> <span class='ocrx_word' id='word_1_138' title='bbox 3428 493 3570 547; x_wconf 82' lang='lat' dir='ltr'><strong>inter</strong></span> 
     </span>
    </p>
   </div>
   <div class='ocr_carea' id='block_1_21' title="bbox 1984 573 3568 652">
    <p class='ocr_par' dir='ltr' id='par_1_21' title="bbox 1984 573 3568 652">
     <span class='ocr_line' id='line_1_21' title="bbox 1984 573 3568 652; baseline 0.008 -26"><span class='ocrx_word' id='word_1_139' title='bbox 1984 573 2201 628; x_wconf 88' lang='lat' dir='ltr'><strong>ultimos</strong></span> <span class='ocrx_word' id='word_1_140' title='bbox 2230 575 2617 643; x_wconf 76' lang='lat' dir='ltr'><strong>collocabitur,</strong></span> <span class='ocrx_word' id='word_1_141' title='bbox 2666 578 3042 652; x_wconf 88' lang='lat' dir='ltr'><strong>doceluntqne</strong></span> <span class='ocrx_word' id='word_1_142' title='bbox 3089 598 3211 639; x_wconf 88' lang='lat' dir='ltr'><strong>eum</strong></span> <span class='ocrx_word' id='word_1_143' title='bbox 3265 595 3323 638; x_wconf 89' lang='lat' dir='ltr'><strong>ut</strong></span> <span class='ocrx_word' id='word_1_144' title='bbox 3367 584 3437 639; x_wconf 85' lang='lat' dir='ltr'><strong>ab</strong></span> <span class='ocrx_word' id='word_1_145' title='bbox 3466 585 3568 639; x_wconf 77' lang='lat' dir='ltr'><strong>hac</strong></span> 
     </span>
    </p>
   </div>
   <div class='ocr_carea' id='block_1_22' title="bbox 1984 665 3568 744">
    <p class='ocr_par' dir='ltr' id='par_1_22' title="bbox 1984 665 3568 744">
     <span class='ocr_line' id='line_1_22' title="bbox 1984 665 3568 744; baseline 0.007 -26"><span class='ocrx_word' id='word_1_146' title='bbox 1984 665 2180 720; x_wconf 87' lang='lat' dir='ltr'><strong>mentis</strong></span> <span class='ocrx_word' id='word_1_147' title='bbox 2210 667 2612 736; x_wconf 85' lang='lat' dir='ltr'><strong>perturbatione</strong></span> <span class='ocrx_word' id='word_1_148' title='bbox 2644 670 2949 726; x_wconf 90' lang='lat' dir='ltr'><strong>mundetur.</strong></span> <span class='ocrx_word' id='word_1_149' title='bbox 2991 673 3233 744; x_wconf 83' lang='lat' dir='ltr'><strong>Cumque</strong></span> <span class='ocrx_word' id='word_1_150' title='bbox 3264 683 3373 728; x_wconf 88' lang='lat' dir='ltr'><strong>tres</strong></span> <span class='ocrx_word' id='word_1_151' title='bbox 3403 685 3568 729; x_wconf 77' lang='lat' dir='ltr'><strong>testes</strong></span> 
     </span>
    </p>
   </div>
   <div class='ocr_carea' id='block_1_23' title="bbox 1983 756 3567 832">
    <p class='ocr_par' dir='ltr' id='par_1_23' title="bbox 1983 756 3567 832">
     <span class='ocr_line' id='line_1_23' title="bbox 1983 756 3567 832; baseline 0.004 -21"><span class='ocrx_word' id='word_1_152' title='bbox 1983 756 2176 825; x_wconf 75' lang='lat' dir='ltr'><strong>dignus</strong></span> <span class='ocrx_word' id='word_1_153' title='bbox 2207 756 2515 811; x_wconf 80' lang='lat' dir='ltr'><strong>testimonio</strong></span> <span class='ocrx_word' id='word_1_154' title='bbox 2543 757 2828 814; x_wconf 80' lang='lat' dir='ltr'><strong>adduxerit</strong></span> <span class='ocrx_word' id='word_1_155' title='bbox 2872 761 2961 830; x_wconf 87' lang='lat' dir='ltr'><strong>qui</strong></span> <span class='ocrx_word' id='word_1_156' title='bbox 2990 777 3084 830; x_wconf 89' lang='lat' dir='ltr'><strong>pro</strong></span> <span class='ocrx_word' id='word_1_157' title='bbox 3112 778 3179 816; x_wconf 90' lang='lat' dir='ltr'><strong>eo</strong></span> <span class='ocrx_word' id='word_1_158' title='bbox 3211 765 3567 832; x_wconf 79' lang='lat' dir='ltr'><strong>polliceantur</strong></span> 
     </span>
    </p>
   </div>
   <div class='ocr_carea' id='block_1_24' title="bbox 1982 848 3565 921">
    <p class='ocr_par' dir='ltr' id='par_1_24' title="bbox 1982 848 3565 921">
     <span class='ocr_line' id='line_1_24' title="bbox 1982 848 3565 921; baseline 0.004 -19"><span class='ocrx_word' id='word_1_159' title='bbox 1982 862 2315 917; x_wconf 69' lang='lat' dir='ltr'><strong>nequaquam</strong></span> <span class='ocrx_word' id='word_1_160' title='bbox 2347 848 2519 901; x_wconf 67' lang='lat' dir='ltr'><strong>simile</strong></span> <span class='ocrx_word' id='word_1_161' title='bbox 2550 848 2679 917; x_wconf 90' lang='lat' dir='ltr'><strong>quid</strong></span> <span class='ocrx_word' id='word_1_162' title='bbox 2711 865 2831 904; x_wconf 88' lang='lat' dir='ltr'><strong>esse</strong></span> <span class='ocrx_word' id='word_1_163' title='bbox 2862 852 3122 907; x_wconf 87' lang='lat' dir='ltr'><strong>facturum</strong></span> <span class='ocrx_word' id='word_1_164' title='bbox 3149 893 3163 917; x_wconf 89' lang='lat'><strong>,</strong></span> <span class='ocrx_word' id='word_1_165' title='bbox 3193 855 3414 921; x_wconf 82' lang='lat' dir='ltr'><strong>recipiet</strong></span> <span class='ocrx_word' id='word_1_166' title='bbox 3442 870 3565 910; x_wconf 61' lang='lat' dir='ltr'><strong>sesc</strong></span> 
     </span>
    </p>
   </div>
   <div class='ocr_carea' id='block_1_25' title="bbox 1980 938 3565 1012">
    <p class='ocr_par' dir='ltr' id='par_1_25' title="bbox 1980 938 3565 1012">
     <span class='ocr_line' id='line_1_25' title="bbox 1980 938 3565 1012; baseline 0.006 -20"><span class='ocrx_word' id='word_1_167' title='bbox 1980 939 2190 992; x_wconf 74' lang='lat' dir='ltr'><strong>sionem</strong></span> <span class='ocrx_word' id='word_1_168' title='bbox 2221 954 2371 991; x_wconf 87' lang='lat' dir='ltr'><strong>suam</strong></span> <span class='ocrx_word' id='word_1_169' title='bbox 2401 938 2640 1008; x_wconf 83' lang='lat' dir='ltr'><strong>;alinqui</strong></span> <span class='ocrx_word' id='word_1_170' title='bbox 2672 940 2715 995; x_wconf 79' lang='lat' dir='ltr'><strong>si</strong></span> <span class='ocrx_word' id='word_1_171' title='bbox 2747 944 3103 1009; x_wconf 82' lang='lat' dir='ltr'><strong>permanserit</strong></span> <span class='ocrx_word' id='word_1_172' title='bbox 3128 943 3182 998; x_wconf 84' lang='lat' dir='ltr'><strong>iit</strong></span> <span class='ocrx_word' id='word_1_173' title='bbox 3214 946 3363 1012; x_wconf 87' lang='lat' dir='ltr'><strong>vitio,</strong></span> <span class='ocrx_word' id='word_1_174' title='bbox 3389 962 3565 1000; x_wconf 81' lang='lat' dir='ltr'><strong>more-</strong></span> 
     </span>
    </p>
   </div>
   <div class='ocr_carea' id='block_1_26' title="bbox 1984 1027 3181 1100">
    <p class='ocr_par' dir='ltr' id='par_1_26' title="bbox 1984 1027 3181 1100">
     <span class='ocr_line' id='line_1_26' title="bbox 1984 1027 3181 1100; baseline 0.005 -18"><span class='ocrx_word' id='word_1_175' title='bbox 1984 1040 2067 1083; x_wconf 87' lang='lat' dir='ltr'><strong>tur</strong></span> <span class='ocrx_word' id='word_1_176' title='bbox 2097 1027 2120 1065; x_wconf 74' lang='grc' dir='ltr'>ἀ</span> <span class='ocrx_word' id='word_1_177' title='bbox 2151 1032 2291 1084; x_wconf 91' lang='lat' dir='ltr'><strong>inter</strong></span> <span class='ocrx_word' id='word_1_178' title='bbox 2319 1030 2554 1098; x_wconf 86' lang='lat' dir='ltr'><strong>ultimos,</strong></span> <span class='ocrx_word' id='word_1_179' title='bbox 2589 1032 2797 1098; x_wconf 85' lang='lat' dir='ltr'><strong>perdito</strong></span> <span class='ocrx_word' id='word_1_180' title='bbox 2831 1033 3010 1100; x_wconf 87' lang='lat' dir='ltr'><strong>priore</strong></span> <span class='ocrx_word' id='word_1_181' title='bbox 3034 1033 3181 1088; x_wconf 91' lang='lat' dir='ltr'><strong>Ioco.</strong></span> 
     </span>
    </p>
   </div>
   <div class='ocr_carea' id='block_1_27' title="bbox 2053 1121 3567 1196">
    <p class='ocr_par' dir='ltr' id='par_1_27' title="bbox 2053 1121 3567 1196">
     <span class='ocr_line' id='line_1_27' title="bbox 2053 1121 3567 1196; baseline 0.007 -21"><span class='ocrx_word' id='word_1_182' title='bbox 2053 1121 2340 1177; x_wconf 67' lang='lat' dir='ltr'><strong>LXXXVI.</strong></span> <span class='ocrx_word' id='word_1_183' title='bbox 2392 1122 2495 1191; x_wconf 86' lang='lat' dir='ltr'><strong>Qui</strong></span> <span class='ocrx_word' id='word_1_184' title='bbox 2536 1123 2726 1178; x_wconf 89' lang='lat' dir='ltr'><strong>falsum</strong></span> <span class='ocrx_word' id='word_1_185' title='bbox 2765 1126 2914 1193; x_wconf 90' lang='lat' dir='ltr'><strong>cupit</strong></span> <span class='ocrx_word' id='word_1_186' title='bbox 2956 1127 3186 1196; x_wconf 83' lang='lat' dir='ltr'><strong>probare</strong></span> <span class='ocrx_word' id='word_1_187' title='bbox 3213 1135 3402 1184; x_wconf 88' lang='lat' dir='ltr'><strong>contra</strong></span> <span class='ocrx_word' id='word_1_188' title='bbox 3430 1129 3567 1185; x_wconf 82' lang='lat' dir='ltr'><strong>alte-</strong></span> 
     </span>
    </p>
   </div>
   <div class='ocr_carea' id='block_1_28' title="bbox 1982 1215 3560 1293">
    <p class='ocr_par' dir='ltr' id='par_1_28' title="bbox 1982 1215 3560 1293">
     <span class='ocr_line' id='line_1_28' title="bbox 1982 1215 3560 1293; baseline 0.006 -26"><span class='ocrx_word' id='word_1_189' title='bbox 1982 1228 2117 1275; x_wconf 90' lang='lat' dir='ltr'><strong>rum,</strong></span> <span class='ocrx_word' id='word_1_190' title='bbox 2152 1224 2211 1269; x_wconf 90' lang='lat' dir='ltr'><strong>ut</strong></span> <span class='ocrx_word' id='word_1_191' title='bbox 2237 1217 2508 1285; x_wconf 83' lang='lat' dir='ltr'><strong>opprimat</strong></span> <span class='ocrx_word' id='word_1_192' title='bbox 2535 1215 2899 1285; x_wconf 88' lang='lat' dir='ltr'><strong>innocentem,</strong></span> <span class='ocrx_word' id='word_1_193' title='bbox 2928 1220 3088 1293; x_wconf 86' lang='lat' dir='ltr'><strong>tertio</strong></span> <span class='ocrx_word' id='word_1_194' title='bbox 3108 1223 3560 1289; x_wconf 88' lang='lat' dir='ltr'><strong>commouebitur,</strong></span> 
     </span>
    </p>
   </div>
   <div class='ocr_carea' id='block_1_29' title="bbox 1980 1308 3565 1383">
    <p class='ocr_par' dir='ltr' id='par_1_29' title="bbox 1980 1308 3565 1383">
     <span class='ocr_line' id='line_1_29' title="bbox 1980 1308 3565 1383; baseline 0.006 -24"><span class='ocrx_word' id='word_1_195' title='bbox 1980 1314 2035 1360; x_wconf 91' lang='lat' dir='ltr'><strong>et</strong></span> <span class='ocrx_word' id='word_1_196' title='bbox 2064 1317 2250 1374; x_wconf 83' lang='lat' dir='ltr'><strong>postea</strong></span> <span class='ocrx_word' id='word_1_197' title='bbox 2284 1315 2307 1343; x_wconf 74' lang='grc' dir='ltr'>ε</span> <span class='ocrx_word' id='word_1_198' title='bbox 2341 1320 2466 1361; x_wconf 88' lang='lat' dir='ltr'><strong>reus</strong></span> <span class='ocrx_word' id='word_1_199' title='bbox 2494 1308 2596 1363; x_wconf 91' lang='lat' dir='ltr'><strong>erit</strong></span> <span class='ocrx_word' id='word_1_200' title='bbox 2628 1308 2954 1380; x_wconf 83' lang='lat' dir='ltr'><strong>iniquitatis,</strong></span> <span class='ocrx_word' id='word_1_201' title='bbox 2987 1311 3103 1367; x_wconf 88' lang='lat' dir='ltr'><strong>sive</strong></span> <span class='ocrx_word' id='word_1_202' title='bbox 3132 1315 3200 1366; x_wconf 88' lang='lat' dir='ltr'><strong>de</strong></span> <span class='ocrx_word' id='word_1_203' title='bbox 3249 1314 3416 1383; x_wconf 88' lang='lat' dir='ltr'><strong>priori</strong></span> <span class='ocrx_word' id='word_1_204' title='bbox 3445 1315 3565 1370; x_wconf 90' lang='lat' dir='ltr'><strong>loco</strong></span> 
     </span>
    </p>
   </div>
   <div class='ocr_carea' id='block_1_30' title="bbox 1981 1395 2797 1461">
    <p class='ocr_par' dir='ltr' id='par_1_30' title="bbox 1981 1395 2797 1461">
     <span class='ocr_line' id='line_1_30' title="bbox 1981 1395 2797 1461; baseline 0.007 -13"><span class='ocrx_word' id='word_1_205' title='bbox 1981 1395 2163 1461; x_wconf 88' lang='lat' dir='ltr'><strong>fuerit,</strong></span> <span class='ocrx_word' id='word_1_206' title='bbox 2195 1398 2306 1452; x_wconf 89' lang='lat' dir='ltr'><strong>sive</strong></span> <span class='ocrx_word' id='word_1_207' title='bbox 2336 1397 2403 1452; x_wconf 91' lang='lat' dir='ltr'><strong>de</strong></span> <span class='ocrx_word' id='word_1_208' title='bbox 2431 1397 2797 1454; x_wconf 86' lang='lat' dir='ltr'><strong>inferioribus.</strong></span> 
     </span>
    </p>
   </div>
   <div class='ocr_carea' id='block_1_31' title="bbox 2051 1485 3559 1561">
    <p class='ocr_par' dir='ltr' id='par_1_31' title="bbox 2051 1485 3559 1561">
     <span class='ocr_line' id='line_1_31' title="bbox 2051 1485 3559 1561; baseline 0.007 -22"><span class='ocrx_word' id='word_1_209' title='bbox 2051 1485 2359 1542; x_wconf 76' lang='lat' dir='ltr'><strong>LXXXVII.</strong></span> <span class='ocrx_word' id='word_1_210' title='bbox 2406 1488 2424 1525; x_wconf 74' lang='grc' dir='ltr'><em>τ</em></span> <span class='ocrx_word' id='word_1_211' title='bbox 2456 1488 2555 1556; x_wconf 89' lang='lat' dir='ltr'><strong>Qtti</strong></span> <span class='ocrx_word' id='word_1_212' title='bbox 2593 1491 2752 1544; x_wconf 84' lang='lat' dir='ltr'><strong>habet</strong></span> <span class='ocrx_word' id='word_1_213' title='bbox 2794 1492 3083 1561; x_wconf 73' lang='lat' dir='ltr'><strong>pessimam</strong></span> <span class='ocrx_word' id='word_1_214' title='bbox 3112 1496 3559 1550; x_wconf 81' lang='lat' dir='ltr'><strong>consuetudinem</strong></span> 
     </span>
    </p>
   </div>
   <div class='ocr_carea' id='block_1_32' title="bbox 1982 1579 3565 1655">
    <p class='ocr_par' dir='ltr' id='par_1_32' title="bbox 1982 1579 3565 1655">
     <span class='ocr_line' id='line_1_32' title="bbox 1982 1579 3565 1655; baseline 0.008 -23"><span class='ocrx_word' id='word_1_215' title='bbox 1982 1587 2041 1632; x_wconf 90' lang='lat' dir='ltr'><strong>ut</strong></span> <span class='ocrx_word' id='word_1_216' title='bbox 2063 1579 2259 1634; x_wconf 77' lang='lat' dir='ltr'><strong>fratres</strong></span> <span class='ocrx_word' id='word_1_217' title='bbox 2283 1598 2379 1634; x_wconf 62' lang='lat' dir='ltr'><strong>suo</strong></span> <span class='ocrx_word' id='word_1_218' title='bbox 2404 1598 2657 1638; x_wconf 68' lang='lat' dir='ltr'><strong>sermone</strong></span> <span class='ocrx_word' id='word_1_219' title='bbox 2676 1584 2952 1650; x_wconf 88' lang='lat' dir='ltr'><strong>sollicitet,</strong></span> <span class='ocrx_word' id='word_1_220' title='bbox 2977 1597 3030 1640; x_wconf 90' lang='lat' dir='ltr'><strong>et</strong></span> <span class='ocrx_word' id='word_1_221' title='bbox 3055 1597 3331 1655; x_wconf 76' lang='lat' dir='ltr'><strong>pervertat</strong></span> <span class='ocrx_word' id='word_1_222' title='bbox 3355 1594 3565 1644; x_wconf 83' lang='lat' dir='ltr'><strong>animos</strong></span> 
     </span>
    </p>
   </div>
   <div class='ocr_carea' id='block_1_33' title="bbox 1984 1672 3565 1750">
    <p class='ocr_par' dir='ltr' id='par_1_33' title="bbox 1984 1672 3565 1750">
     <span class='ocr_line' id='line_1_33' title="bbox 1984 1672 3565 1750; baseline 0.006 -25"><span class='ocrx_word' id='word_1_223' title='bbox 1984 1672 2399 1740; x_wconf 88' lang='lat' dir='ltr'><strong>simpliciornm,</strong></span> <span class='ocrx_word' id='word_1_224' title='bbox 2433 1674 2591 1728; x_wconf 87' lang='lat' dir='ltr'><strong>tertio</strong></span> <span class='ocrx_word' id='word_1_225' title='bbox 2619 1678 3052 1731; x_wconf 83' lang='lat' dir='ltr'><strong>commouehitur</strong></span> <span class='ocrx_word' id='word_1_226' title='bbox 3082 1695 3097 1731; x_wconf 91' lang='lat'><strong>:</strong></span> <span class='ocrx_word' id='word_1_227' title='bbox 3147 1678 3193 1734; x_wconf 85' lang='lat' dir='ltr'><strong>si</strong></span> <span class='ocrx_word' id='word_1_228' title='bbox 3220 1692 3565 1750; x_wconf 54' lang='lat' dir='ltr'><strong>contempe-</strong></span> 
     </span>
    </p>
   </div>
   <div class='ocr_carea' id='block_1_34' title="bbox 352 1761 3568 1845">
    <p class='ocr_par' dir='ltr' id='par_1_34' title="bbox 352 1761 3568 1845">
     <span class='ocr_line' id='line_1_34' title="bbox 352 1761 3568 1845; baseline 0.004 -29"><span class='ocrx_word' id='word_1_229' title='bbox 352 1767 381 1805; x_wconf 62' lang='grc' dir='ltr'><strong>ὶ</strong></span> <span class='ocrx_word' id='word_1_230' title='bbox 416 1767 689 1836; x_wconf 78' lang='lat' dir='ltr'><strong>Pra&#39;cepta</strong></span> <span class='ocrx_word' id='word_1_231' title='bbox 727 1776 772 1821; x_wconf 82' lang='lat' dir='ltr'><strong>et</strong></span> <span class='ocrx_word' id='word_1_232' title='bbox 801 1768 1032 1821; x_wconf 76' lang='lat' dir='ltr'><strong>instituta</strong></span> <span class='ocrx_word' id='word_1_233' title='bbox 1082 1766 1253 1823; x_wconf 67' lang='lat' dir='ltr'><strong>Patris</strong></span> <span class='ocrx_word' id='word_1_234' title='bbox 1292 1769 1453 1823; x_wconf 70' lang='lat' dir='ltr'><strong>nostri</strong></span> <span class='ocrx_word' id='word_1_235' title='bbox 1484 1766 1750 1823; x_wconf 78' lang='lat' dir='ltr'><strong>Pachomii</strong></span> <span class='ocrx_word' id='word_1_236' title='bbox 1777 1770 1875 1823; x_wconf 80' lang='grc' dir='ltr'><strong>Ιιο-</strong></span> <span class='ocrx_word' id='word_1_237' title='bbox 1911 1761 1954 1820; x_wconf 88' lang='grc' dir='ltr'><strong>Β</strong></span> <span class='ocrx_word' id='word_1_238' title='bbox 1985 1763 2073 1827; x_wconf 88' lang='lat' dir='ltr'><strong>rit,</strong></span> <span class='ocrx_word' id='word_1_239' title='bbox 2108 1771 2165 1817; x_wconf 79' lang='lat' dir='ltr'><strong>et.</strong></span> <span class='ocrx_word' id='word_1_240' title='bbox 2189 1765 2459 1819; x_wconf 86' lang='lat' dir='ltr'><strong>obstinato</strong></span> <span class='ocrx_word' id='word_1_241' title='bbox 2490 1768 2668 1821; x_wconf 77' lang='lat' dir='ltr'><strong>animo</strong></span> <span class='ocrx_word' id='word_1_242' title='bbox 2702 1768 2752 1821; x_wconf 88' lang='lat' dir='ltr'><strong>itt</strong></span> <span class='ocrx_word' id='word_1_243' title='bbox 2778 1767 2972 1825; x_wconf 76' lang='lat' dir='ltr'><strong>duritia</strong></span> <span class='ocrx_word' id='word_1_244' title='bbox 3002 1775 3449 1845; x_wconf 80' lang='lat' dir='ltr'><strong>perseveraverit,</strong></span> <span class='ocrx_word' id='word_1_245' title='bbox 3480 1789 3568 1829; x_wconf 91' lang='lat' dir='ltr'><strong>se-</strong></span> 
     </span>
    </p>
   </div>
   <div class='ocr_carea' id='block_1_35' title="bbox 285 1858 1874 1929">
    <p class='ocr_par' dir='ltr' id='par_1_35' title="bbox 285 1858 1874 1929">
     <span class='ocr_line' id='line_1_35' title="bbox 285 1858 1874 1929; baseline 0.004 -19"><span class='ocrx_word' id='word_1_246' title='bbox 285 1860 437 1912; x_wconf 78' lang='lat' dir='ltr'><strong>minis</strong></span> <span class='ocrx_word' id='word_1_247' title='bbox 462 1858 584 1928; x_wconf 84' lang='lat' dir='ltr'><strong>Dei,</strong></span> <span class='ocrx_word' id='word_1_248' title='bbox 615 1861 704 1929; x_wconf 86' lang='lat' dir='ltr'><strong>qui</strong></span> <span class='ocrx_word' id='word_1_249' title='bbox 738 1859 977 1914; x_wconf 75' lang='lat' dir='ltr'><strong>fundavit</strong></span> <span class='ocrx_word' id='word_1_250' title='bbox 1004 1860 1071 1915; x_wconf 82' lang='lat' dir='ltr'><strong>ab</strong></span> <span class='ocrx_word' id='word_1_251' title='bbox 1097 1860 1319 1927; x_wconf 84' lang='lat' dir='ltr'><strong>exordio</strong></span> <span class='ocrx_word' id='word_1_252' title='bbox 1349 1870 1548 1916; x_wconf 75' lang='lat' dir='ltr'><strong>sancta:</strong></span> <span class='ocrx_word' id='word_1_253' title='bbox 1577 1862 1696 1916; x_wconf 71' lang='lat' dir='ltr'><strong>vitae</strong></span> <span class='ocrx_word' id='word_1_254' title='bbox 1724 1877 1874 1916; x_wconf 93' lang='lat' dir='ltr'><strong>com-</strong></span> 
     </span>
    </p>
   </div>
   <div class='ocr_carea' id='block_1_36' title="bbox 285 1951 1868 2024">
    <p class='ocr_par' dir='ltr' id='par_1_36' title="bbox 285 1951 1868 2024">
     <span class='ocr_line' id='line_1_36' title="bbox 285 1951 1868 2024; baseline 0.003 -20"><span class='ocrx_word' id='word_1_255' title='bbox 285 1969 334 2004; x_wconf 84' lang='lat' dir='ltr'><strong>In</strong></span> <span class='ocrx_word' id='word_1_256' title='bbox 348 1952 607 2006; x_wconf 89' lang='lat' dir='ltr'><strong>unionem</strong></span> <span class='ocrx_word' id='word_1_257' title='bbox 631 1951 785 2021; x_wconf 86' lang='lat' dir='ltr'><strong>juxta</strong></span> <span class='ocrx_word' id='word_1_258' title='bbox 819 1952 1099 2022; x_wconf 88' lang='lat' dir='ltr'><strong>imperium</strong></span> <span class='ocrx_word' id='word_1_259' title='bbox 1123 1952 1240 2008; x_wconf 90' lang='lat' dir='ltr'><strong>Dei.</strong></span> <span class='ocrx_word' id='word_1_260' title='bbox 1270 1953 1549 2009; x_wconf 72' lang='lat' dir='ltr'><strong>Plenitudo</strong></span> <span class='ocrx_word' id='word_1_261' title='bbox 1581 1954 1713 2024; x_wconf 87' lang='lat' dir='ltr'><strong>legis</strong></span> <span class='ocrx_word' id='word_1_262' title='bbox 1743 1955 1868 2009; x_wconf 77' lang='lat' dir='ltr'><strong>cha-</strong></span> 
     </span>
    </p>
   </div>
   <div class='ocr_carea' id='block_1_37' title="bbox 282 2043 1871 2113">
    <p class='ocr_par' dir='ltr' id='par_1_37' title="bbox 282 2043 1871 2113">
     <span class='ocr_line' id='line_1_37' title="bbox 282 2043 1871 2113; baseline 0.004 -18"><span class='ocrx_word' id='word_1_263' title='bbox 282 2043 451 2107; x_wconf 87' lang='lat' dir='ltr'><strong>ritas;</strong></span> <span class='ocrx_word' id='word_1_264' title='bbox 484 2044 719 2097; x_wconf 88' lang='lat' dir='ltr'><strong>scientes</strong></span> <span class='ocrx_word' id='word_1_265' title='bbox 751 2052 981 2112; x_wconf 88' lang='lat' dir='ltr'><strong>tempus,</strong></span> <span class='ocrx_word' id='word_1_266' title='bbox 998 2043 1138 2111; x_wconf 88' lang='lat' dir='ltr'><strong>quod</strong></span> <span class='ocrx_word' id='word_1_267' title='bbox 1174 2048 1326 2099; x_wconf 71' lang='lat' dir='ltr'><strong>instet</strong></span> <span class='ocrx_word' id='word_1_268' title='bbox 1351 2044 1483 2099; x_wconf 89' lang='lat' dir='ltr'><strong>hora</strong></span> <span class='ocrx_word' id='word_1_269' title='bbox 1504 2058 1556 2098; x_wconf 90' lang='lat' dir='ltr'><strong>ut</strong></span> <span class='ocrx_word' id='word_1_270' title='bbox 1586 2046 1653 2113; x_wconf 90' lang='lat' dir='ltr'><strong>de</strong></span> <span class='ocrx_word' id='word_1_271' title='bbox 1680 2061 1871 2101; x_wconf 86' lang='lat' dir='ltr'><strong>somno</strong></span> 
     </span>
    </p>
   </div>
   <div class='ocr_carea' id='block_1_38' title="bbox 280 2134 1867 2207">
    <p class='ocr_par' dir='ltr' id='par_1_38' title="bbox 280 2134 1867 2207">
     <span class='ocr_line' id='line_1_38' title="bbox 280 2134 1867 2207; baseline 0.002 -19"><span class='ocrx_word' id='word_1_272' title='bbox 280 2149 709 2204; x_wconf 79' lang='lat' dir='ltr'><strong>cousurgamus,</strong></span> <span class='ocrx_word' id='word_1_273' title='bbox 750 2134 894 2206; x_wconf 87' lang='lat' dir='ltr'><strong>quod</strong></span> <span class='ocrx_word' id='word_1_274' title='bbox 937 2135 1162 2189; x_wconf 84' lang='lat' dir='ltr'><strong>vicinior</strong></span> <span class='ocrx_word' id='word_1_275' title='bbox 1203 2138 1273 2190; x_wconf 87' lang='lat' dir='ltr'><strong>sit</strong></span> <span class='ocrx_word' id='word_1_276' title='bbox 1306 2137 1449 2191; x_wconf 88' lang='lat' dir='ltr'><strong>salus</strong></span> <span class='ocrx_word' id='word_1_277' title='bbox 1490 2149 1671 2191; x_wconf 89' lang='lat' dir='ltr'><strong>nostra</strong></span> <span class='ocrx_word' id='word_1_278' title='bbox 1709 2153 1867 2207; x_wconf 89' lang='lat' dir='ltr'><strong>quam</strong></span> 
     </span>
    </p>
   </div>
   <div class='ocr_carea' id='block_1_39' title="bbox 277 2219 1870 2295">
    <p class='ocr_par' dir='ltr' id='par_1_39' title="bbox 277 2219 1870 2295">
     <span class='ocr_line' id='line_1_39' title="bbox 277 2219 1870 2295; baseline 0.004 -18"><span class='ocrx_word' id='word_1_279' title='bbox 277 2240 348 2277; x_wconf 86' lang='lat' dir='ltr'><strong>eo</strong></span> <span class='ocrx_word' id='word_1_280' title='bbox 381 2236 625 2292; x_wconf 86' lang='lat' dir='ltr'><strong>tempore</strong></span> <span class='ocrx_word' id='word_1_281' title='bbox 665 2240 786 2278; x_wconf 93' lang='lat' dir='ltr'><strong>cum</strong></span> <span class='ocrx_word' id='word_1_282' title='bbox 838 2219 1193 2280; x_wconf 66' lang='lat' dir='ltr'><strong>credidimus:</strong></span> <span class='ocrx_word' id='word_1_283' title='bbox 1242 2225 1353 2280; x_wconf 85' lang='lat' dir='ltr'><strong>Nox</strong></span> <span class='ocrx_word' id='word_1_284' title='bbox 1403 2226 1714 2295; x_wconf 66' lang='lat' dir='ltr'><strong>pl‘ﬂ&#39;Ct‘Ssil,</strong></span> <span class='ocrx_word' id='word_1_285' title='bbox 1754 2227 1870 2283; x_wconf 89' lang='lat' dir='ltr'><strong>dies</strong></span> 
     </span>
    </p>
   </div>
   <div class='ocr_carea' id='block_1_40' title="bbox 275 2315 1874 2386">
    <p class='ocr_par' dir='ltr' id='par_1_40' title="bbox 275 2315 1874 2386">
     <span class='ocr_line' id='line_1_40' title="bbox 275 2315 1874 2386; baseline 0.002 -17"><span class='ocrx_word' id='word_1_286' title='bbox 275 2326 462 2369; x_wconf 69' lang='lat' dir='ltr'><strong>autem</strong></span> <span class='ocrx_word' id='word_1_287' title='bbox 496 2316 968 2385; x_wconf 73' lang='lat' dir='ltr'><strong>appropinquavit.</strong></span> <span class='ocrx_word' id='word_1_288' title='bbox 1027 2315 1369 2385; x_wconf 89' lang='lat' dir='ltr'><strong>Depouamus</strong></span> <span class='ocrx_word' id='word_1_289' title='bbox 1416 2332 1582 2386; x_wconf 86' lang='lat' dir='ltr'><strong>opera</strong></span> <span class='ocrx_word' id='word_1_290' title='bbox 1623 2318 1874 2373; x_wconf 87' lang='lat' dir='ltr'><strong>tenebra-</strong></span> 
     </span>
    </p>
   </div>
   <div class='ocr_carea' id='block_1_41' title="bbox 273 2409 1873 2479">
    <p class='ocr_par' dir='ltr' id='par_1_41' title="bbox 273 2409 1873 2479">
     <span class='ocr_line' id='line_1_41' title="bbox 273 2409 1873 2479; baseline 0.004 -18"><span class='ocrx_word' id='word_1_291' title='bbox 273 2421 398 2461; x_wconf 87' lang='lat' dir='ltr'><strong>rum</strong></span> <span class='ocrx_word' id='word_1_292' title='bbox 422 2449 439 2469; x_wconf 93' lang='lat'><strong>,</strong></span> <span class='ocrx_word' id='word_1_293' title='bbox 475 2423 598 2478; x_wconf 65' lang='lat' dir='ltr'><strong>qute</strong></span> <span class='ocrx_word' id='word_1_294' title='bbox 624 2418 750 2462; x_wconf 90' lang='lat' dir='ltr'><strong>sunt</strong></span> <span class='ocrx_word' id='word_1_295' title='bbox 774 2410 1147 2464; x_wconf 87' lang='lat' dir='ltr'><strong>contentiones</strong></span> <span class='ocrx_word' id='word_1_296' title='bbox 1171 2453 1187 2478; x_wconf 92' lang='lat'><strong>,</strong></span> <span class='ocrx_word' id='word_1_297' title='bbox 1219 2409 1600 2478; x_wconf 78' lang='lat' dir='ltr'><strong>detractiones,</strong></span> <span class='ocrx_word' id='word_1_298' title='bbox 1632 2410 1785 2479; x_wconf 89' lang='lat' dir='ltr'><strong>odia,</strong></span> <span class='ocrx_word' id='word_1_299' title='bbox 1818 2420 1873 2468; x_wconf 87' lang='lat' dir='ltr'><strong>et</strong></span> 
     </span>
    </p>
   </div>
   <div class='ocr_carea' id='block_1_42' title="bbox 276 2500 1040 2569">
    <p class='ocr_par' dir='ltr' id='par_1_42' title="bbox 276 2500 1040 2569">
     <span class='ocr_line' id='line_1_42' title="bbox 276 2500 1040 2569; baseline 0.001 -16"><span class='ocrx_word' id='word_1_300' title='bbox 276 2501 545 2553; x_wconf 87' lang='lat' dir='ltr'><strong>tumentis</strong></span> <span class='ocrx_word' id='word_1_301' title='bbox 575 2500 738 2553; x_wconf 82' lang='lat' dir='ltr'><strong>animi</strong></span> <span class='ocrx_word' id='word_1_302' title='bbox 767 2500 1040 2569; x_wconf 83' lang='lat' dir='ltr'><strong>superbia.</strong></span> 
     </span>
    </p>
   </div>
   <div class='ocr_carea' id='block_1_43' title="bbox 351 2588 1871 2659">
    <p class='ocr_par' dir='ltr' id='par_1_43' title="bbox 351 2588 1871 2659">
     <span class='ocr_line' id='line_1_43' title="bbox 351 2588 1871 2659; baseline 0.006 -15"><span class='ocrx_word' id='word_1_303' title='bbox 351 2588 641 2646; x_wconf 77' lang='lat' dir='ltr'><strong>LXXXIV.</strong></span> <span class='ocrx_word' id='word_1_304' title='bbox 672 2590 771 2659; x_wconf 89' lang='lat' dir='ltr'><strong>Qui</strong></span> <span class='ocrx_word' id='word_1_305' title='bbox 803 2591 974 2645; x_wconf 90' lang='lat' dir='ltr'><strong>facilis</strong></span> <span class='ocrx_word' id='word_1_306' title='bbox 997 2600 1081 2647; x_wconf 90' lang='lat' dir='ltr'><strong>est</strong></span> <span class='ocrx_word' id='word_1_307' title='bbox 1105 2591 1171 2645; x_wconf 83' lang='lat' dir='ltr'><strong>ad</strong></span> <span class='ocrx_word' id='word_1_308' title='bbox 1201 2590 1589 2649; x_wconf 90' lang='lat' dir='ltr'><strong>detrahendum</strong></span> <span class='ocrx_word' id='word_1_309' title='bbox 1615 2636 1629 2659; x_wconf 94' lang='lat'><strong>,</strong></span> <span class='ocrx_word' id='word_1_310' title='bbox 1662 2605 1716 2651; x_wconf 93' lang='lat' dir='ltr'><strong>et</strong></span> <span class='ocrx_word' id='word_1_311' title='bbox 1745 2595 1871 2653; x_wconf 87' lang='lat' dir='ltr'><strong>dicit</strong></span> 
     </span>
    </p>
   </div>
   <div class='ocr_carea' id='block_1_44' title="bbox 269 2681 1867 2755">
    <p class='ocr_par' dir='ltr' id='par_1_44' title="bbox 269 2681 1867 2755">
     <span class='ocr_line' id='line_1_44' title="bbox 269 2681 1867 2755; baseline 0.004 -22"><span class='ocrx_word' id='word_1_312' title='bbox 269 2681 421 2751; x_wconf 87' lang='lat' dir='ltr'><strong>quod</strong></span> <span class='ocrx_word' id='word_1_313' title='bbox 452 2697 560 2735; x_wconf 90' lang='lat' dir='ltr'><strong>non</strong></span> <span class='ocrx_word' id='word_1_314' title='bbox 588 2692 670 2735; x_wconf 91' lang='lat' dir='ltr'><strong>est</strong></span> <span class='ocrx_word' id='word_1_315' title='bbox 698 2683 786 2752; x_wconf 88' lang='lat' dir='ltr'><strong>qui</strong></span> <span class='ocrx_word' id='word_1_316' title='bbox 821 2684 873 2735; x_wconf 90' lang='lat' dir='ltr'><strong>iu</strong></span> <span class='ocrx_word' id='word_1_317' title='bbox 904 2682 1007 2737; x_wconf 89' lang='lat' dir='ltr'><strong>hoc</strong></span> <span class='ocrx_word' id='word_1_318' title='bbox 1039 2692 1259 2754; x_wconf 87' lang='lat' dir='ltr'><strong>peccato</strong></span> <span class='ocrx_word' id='word_1_319' title='bbox 1292 2684 1447 2738; x_wconf 84' lang='lat' dir='ltr'><strong>fuerit</strong></span> <span class='ocrx_word' id='word_1_320' title='bbox 1477 2685 1867 2755; x_wconf 89' lang='lat' dir='ltr'><strong>deprehensus,</strong></span> 
     </span>
    </p>
   </div>
   <div class='ocr_carea' id='block_1_45' title="bbox 268 2772 1869 2847">
    <p class='ocr_par' dir='ltr' id='par_1_45' title="bbox 268 2772 1869 2847">
     <span class='ocr_line' id='line_1_45' title="bbox 268 2772 1869 2847; baseline 0.002 -21"><span class='ocrx_word' id='word_1_321' title='bbox 268 2773 583 2828; x_wconf 86' lang='lat' dir='ltr'><strong>monebunt</strong></span> <span class='ocrx_word' id='word_1_322' title='bbox 610 2788 732 2828; x_wconf 92' lang='lat' dir='ltr'><strong>eum</strong></span> <span class='ocrx_word' id='word_1_323' title='bbox 765 2772 1002 2828; x_wconf 87' lang='lat' dir='ltr'><strong>secundo</strong></span> <span class='ocrx_word' id='word_1_324' title='bbox 1028 2789 1043 2840; x_wconf 91' lang='lat'><strong>;</strong></span> <span class='ocrx_word' id='word_1_325' title='bbox 1087 2782 1142 2829; x_wconf 95' lang='lat' dir='ltr'><strong>et</strong></span> <span class='ocrx_word' id='word_1_326' title='bbox 1171 2772 1217 2827; x_wconf 82' lang='lat' dir='ltr'><strong>si</strong></span> <span class='ocrx_word' id='word_1_327' title='bbox 1254 2774 1442 2831; x_wconf 85' lang='lat' dir='ltr'><strong>audire</strong></span> <span class='ocrx_word' id='word_1_328' title='bbox 1465 2777 1869 2847; x_wconf 83' lang='lat' dir='ltr'><strong>cuntcmpserit,</strong></span> 
     </span>
    </p>
   </div>
   <div class='ocr_carea' id='block_1_46' title="bbox 266 2867 1867 2938">
    <p class='ocr_par' dir='ltr' id='par_1_46' title="bbox 266 2867 1867 2938">
     <span class='ocr_line' id='line_1_46' title="bbox 266 2867 1867 2938; baseline 0.001 -17"><span class='ocrx_word' id='word_1_329' title='bbox 266 2867 610 2935; x_wconf 83' lang='lat' dir='ltr'><strong>separabunt</strong></span> <span class='ocrx_word' id='word_1_330' title='bbox 659 2883 779 2920; x_wconf 86' lang='lat' dir='ltr'><strong>eum</strong></span> <span class='ocrx_word' id='word_1_331' title='bbox 831 2876 981 2922; x_wconf 85' lang='lat' dir='ltr'><strong>extra</strong></span> <span class='ocrx_word' id='word_1_332' title='bbox 1025 2878 1347 2922; x_wconf 89' lang='lat' dir='ltr'><strong>conventum</strong></span> <span class='ocrx_word' id='word_1_333' title='bbox 1388 2869 1609 2923; x_wconf 85' lang='lat' dir='ltr'><strong>fratrum</strong></span> <span class='ocrx_word' id='word_1_334' title='bbox 1658 2880 1867 2938; x_wconf 78' lang='lat' dir='ltr'><strong>septem</strong></span> 
     </span>
    </p>
   </div>
   <div class='ocr_carea' id='block_1_47' title="bbox 264 2961 1867 3031">
    <p class='ocr_par' dir='ltr' id='par_1_47' title="bbox 264 2961 1867 3031">
     <span class='ocr_line' id='line_1_47' title="bbox 264 2961 1867 3031; baseline -0.001 -16"><span class='ocrx_word' id='word_1_335' title='bbox 264 2961 490 3028; x_wconf 84' lang='lat' dir='ltr'><strong>diebus,</strong></span> <span class='ocrx_word' id='word_1_336' title='bbox 525 2970 582 3015; x_wconf 91' lang='lat' dir='ltr'><strong>et</strong></span> <span class='ocrx_word' id='word_1_337' title='bbox 617 2971 638 2998; x_wconf 76' lang='grc' dir='ltr'><strong>ο</strong></span> <span class='ocrx_word' id='word_1_338' title='bbox 670 2976 859 3029; x_wconf 89' lang='lat' dir='ltr'><strong>panem</strong></span> <span class='ocrx_word' id='word_1_339' title='bbox 891 2968 1094 3015; x_wconf 87' lang='lat' dir='ltr'><strong>tantum</strong></span> <span class='ocrx_word' id='word_1_340' title='bbox 1143 2975 1267 3014; x_wconf 90' lang='lat' dir='ltr'><strong>cum</strong></span> <span class='ocrx_word' id='word_1_341' title='bbox 1305 2976 1442 3030; x_wconf 87' lang='lat' dir='ltr'><strong>aqua</strong></span> <span class='ocrx_word' id='word_1_342' title='bbox 1474 2962 1738 3031; x_wconf 89' lang='lat' dir='ltr'><strong>accipiet,</strong></span> <span class='ocrx_word' id='word_1_343' title='bbox 1770 2961 1867 3017; x_wconf 51' lang='lat' dir='ltr'><strong>do-</strong></span> 
     </span>
    </p>
   </div>
   <div class='ocr_carea' id='block_1_48' title="bbox 272 3050 1871 3119">
    <p class='ocr_par' dir='ltr' id='par_1_48' title="bbox 272 3050 1871 3119">
     <span class='ocr_line' id='line_1_48' title="bbox 272 3050 1871 3119; baseline 0.001 -15"><span class='ocrx_word' id='word_1_344' title='bbox 272 3067 389 3105; x_wconf 84' lang='lat' dir='ltr'><strong>nec</strong></span> <span class='ocrx_word' id='word_1_345' title='bbox 412 3051 728 3119; x_wconf 85' lang='lat' dir='ltr'><strong>polliceatur</strong></span> <span class='ocrx_word' id='word_1_346' title='bbox 757 3060 918 3119; x_wconf 86' lang='lat' dir='ltr'><strong>atque</strong></span> <span class='ocrx_word' id='word_1_347' title='bbox 948 3050 1231 3105; x_wconf 87' lang='lat' dir='ltr'><strong>conlirmet</strong></span> <span class='ocrx_word' id='word_1_348' title='bbox 1260 3065 1319 3105; x_wconf 91' lang='lat' dir='ltr'><strong>se</strong></span> <span class='ocrx_word' id='word_1_349' title='bbox 1349 3050 1418 3105; x_wconf 90' lang='lat' dir='ltr'><strong>ab</strong></span> <span class='ocrx_word' id='word_1_350' title='bbox 1457 3050 1557 3106; x_wconf 86' lang='lat' dir='ltr'><strong>hoc</strong></span> <span class='ocrx_word' id='word_1_351' title='bbox 1602 3052 1734 3105; x_wconf 90' lang='lat' dir='ltr'><strong>vitio</strong></span> <span class='ocrx_word' id='word_1_352' title='bbox 1785 3068 1871 3106; x_wconf 81' lang='lat' dir='ltr'><strong>re-</strong></span> 
     </span>
    </p>
   </div>
   <div class='ocr_carea' id='block_1_49' title="bbox 262 3126 1423 3206">
    <p class='ocr_par' dir='ltr' id='par_1_49' title="bbox 262 3126 1423 3206">
     <span class='ocr_line' id='line_1_49' title="bbox 262 3126 1423 3206; baseline -0.001 -10"><span class='ocrx_word' id='word_1_353' title='bbox 262 3157 582 3206; x_wconf 62' lang='lat' dir='ltr'><strong>evasurum,</strong></span> <span class='ocrx_word' id='word_1_354' title='bbox 615 3148 673 3194; x_wconf 91' lang='lat' dir='ltr'><strong>et</strong></span> <span class='ocrx_word' id='word_1_355' title='bbox 698 3140 777 3195; x_wconf 89' lang='lat' dir='ltr'><strong>sic</strong></span> <span class='ocrx_word' id='word_1_356' title='bbox 805 3139 1103 3195; x_wconf 90' lang='lat' dir='ltr'><strong>dimittetur</strong></span> <span class='ocrx_word' id='word_1_357' title='bbox 1129 3142 1201 3196; x_wconf 91' lang='lat' dir='ltr'><strong>ei.</strong></span> <span class='ocrx_word' id='word_1_358' title='bbox 1416 3126 1423 3127; x_wconf 18' lang='grc' dir='ltr'>ί</span> 
     </span>
    </p>
   </div>
   <div class='ocr_carea' id='block_1_50' title="bbox 349 3230 1865 3303">
    <p class='ocr_par' dir='ltr' id='par_1_50' title="bbox 349 3230 1865 3303">
     <span class='ocr_line' id='line_1_50' title="bbox 349 3230 1865 3303; baseline 0 -14"><span class='ocrx_word' id='word_1_359' title='bbox 349 3231 623 3289; x_wconf 71' lang='lat' dir='ltr'><strong>LXXXV.</strong></span> <span class='ocrx_word' id='word_1_360' title='bbox 659 3230 715 3285; x_wconf 87' lang='lat' dir='ltr'><strong>Si</strong></span> <span class='ocrx_word' id='word_1_361' title='bbox 744 3232 865 3302; x_wconf 91' lang='lat' dir='ltr'><strong>quis</strong></span> <span class='ocrx_word' id='word_1_362' title='bbox 892 3232 1180 3288; x_wconf 87' lang='lat' dir='ltr'><strong>iracundus</strong></span> <span class='ocrx_word' id='word_1_363' title='bbox 1215 3242 1265 3288; x_wconf 92' lang='lat' dir='ltr'><strong>et</strong></span> <span class='ocrx_word' id='word_1_364' title='bbox 1295 3232 1528 3290; x_wconf 88' lang='lat' dir='ltr'><strong>furiosus</strong></span> <span class='ocrx_word' id='word_1_365' title='bbox 1558 3233 1865 3303; x_wconf 87' lang='lat' dir='ltr'><strong>frequenter</strong></span> 
     </span>
    </p>
   </div>
   <div class='ocr_carea' id='block_1_51' title="bbox 263 3326 1860 3398">
    <p class='ocr_par' dir='ltr' id='par_1_51' title="bbox 263 3326 1860 3398">
     <span class='ocr_line' id='line_1_51' title="bbox 263 3326 1860 3398; baseline -0.003 -12"><span class='ocrx_word' id='word_1_366' title='bbox 263 3330 530 3385; x_wconf 77' lang='lat' dir='ltr'><strong>irascitur</strong></span> <span class='ocrx_word' id='word_1_367' title='bbox 555 3326 676 3382; x_wconf 87' lang='lat' dir='ltr'><strong>sine</strong></span> <span class='ocrx_word' id='word_1_368' title='bbox 702 3340 861 3381; x_wconf 88' lang='lat' dir='ltr'><strong>causa</strong></span> <span class='ocrx_word' id='word_1_369' title='bbox 891 3368 908 3395; x_wconf 93' lang='lat'><strong>,</strong></span> <span class='ocrx_word' id='word_1_370' title='bbox 940 3335 996 3382; x_wconf 93' lang='lat' dir='ltr'><strong>et</strong></span> <span class='ocrx_word' id='word_1_371' title='bbox 1042 3334 1263 3398; x_wconf 90' lang='lat' dir='ltr'><strong>propter</strong></span> <span class='ocrx_word' id='word_1_372' title='bbox 1300 3342 1415 3382; x_wconf 88' lang='lat' dir='ltr'><strong>rem</strong></span> <span class='ocrx_word' id='word_1_373' title='bbox 1447 3326 1657 3382; x_wconf 89' lang='lat' dir='ltr'><strong>inanem</strong></span> <span class='ocrx_word' id='word_1_374' title='bbox 1688 3336 1743 3383; x_wconf 88' lang='lat' dir='ltr'><strong>et</strong></span> <span class='ocrx_word' id='word_1_375' title='bbox 1770 3342 1860 3382; x_wconf 84' lang='lat' dir='ltr'><strong>va-</strong></span> 
     </span>
    </p>
   </div>
   <div class='ocr_carea' id='block_1_52' title="bbox 1978 1855 3566 1927">
    <p class='ocr_par' dir='ltr' id='par_1_52' title="bbox 1978 1855 3566 1927">
     <span class='ocr_line' id='line_1_52' title="bbox 1978 1855 3566 1927; baseline 0.008 -20"><span class='ocrx_word' id='word_1_376' title='bbox 1978 1855 2246 1927; x_wconf 90' lang='lat' dir='ltr'><strong>parabunt</strong></span> <span class='ocrx_word' id='word_1_377' title='bbox 2275 1872 2395 1911; x_wconf 89' lang='lat' dir='ltr'><strong>eum</strong></span> <span class='ocrx_word' id='word_1_378' title='bbox 2429 1868 2578 1912; x_wconf 84' lang='lat' dir='ltr'><strong>extra</strong></span> <span class='ocrx_word' id='word_1_379' title='bbox 2608 1863 3019 1927; x_wconf 85' lang='lat' dir='ltr'><strong>monasterium,</strong></span> <span class='ocrx_word' id='word_1_380' title='bbox 3049 1874 3104 1918; x_wconf 87' lang='lat' dir='ltr'><strong>et</strong></span> <span class='ocrx_word' id='word_1_381' title='bbox 3133 1872 3159 1911; x_wconf 74' lang='grc' dir='ltr'><em>ε</em></span> <span class='ocrx_word' id='word_1_382' title='bbox 3208 1865 3410 1920; x_wconf 79' lang='lat' dir='ltr'><strong>verber.</strong></span> <span class='ocrx_word' id='word_1_383' title='bbox 3435 1866 3566 1921; x_wconf 88' lang='lat' dir='ltr'><strong>bunt</strong></span> 
     </span>
    </p>
   </div>
   <div class='ocr_carea' id='block_1_53' title="bbox 1976 1948 3564 2024">
    <p class='ocr_par' dir='ltr' id='par_1_53' title="bbox 1976 1948 3564 2024">
     <span class='ocr_line' id='line_1_53' title="bbox 1976 1948 3564 2024; baseline 0.006 -23"><span class='ocrx_word' id='word_1_384' title='bbox 1976 1961 2097 2001; x_wconf 91' lang='lat' dir='ltr'><strong>eum</strong></span> <span class='ocrx_word' id='word_1_385' title='bbox 2126 1960 2257 2003; x_wconf 88' lang='lat' dir='ltr'><strong>ante</strong></span> <span class='ocrx_word' id='word_1_386' title='bbox 2289 1948 2432 2003; x_wconf 76' lang='lat' dir='ltr'><strong>fures</strong></span> <span class='ocrx_word' id='word_1_387' title='bbox 2457 1950 2671 2019; x_wconf 77' lang='lat' dir='ltr'><strong>triginta</strong></span> <span class='ocrx_word' id='word_1_388' title='bbox 2705 1968 2922 2015; x_wconf 88' lang='lat' dir='ltr'><strong>novem,</strong></span> <span class='ocrx_word' id='word_1_389' title='bbox 2955 1954 3264 2024; x_wconf 88' lang='lat' dir='ltr'><strong>dabuntque</strong></span> <span class='ocrx_word' id='word_1_390' title='bbox 3290 1957 3338 2009; x_wconf 89' lang='lat' dir='ltr'><strong>ei</strong></span> <span class='ocrx_word' id='word_1_391' title='bbox 3367 1955 3432 2011; x_wconf 74' lang='lat' dir='ltr'><strong>ad</strong></span> <span class='ocrx_word' id='word_1_392' title='bbox 3477 1974 3564 2011; x_wconf 77' lang='lat' dir='ltr'><strong>ve-</strong></span> 
     </span>
    </p>
   </div>
   <div class='ocr_carea' id='block_1_54' title="bbox 1978 2040 3563 2113">
    <p class='ocr_par' dir='ltr' id='par_1_54' title="bbox 1978 2040 3563 2113">
     <span class='ocr_line' id='line_1_54' title="bbox 1978 2040 3563 2113; baseline 0.004 -19"><span class='ocrx_word' id='word_1_393' title='bbox 1978 2040 2238 2094; x_wconf 90' lang='lat' dir='ltr'><strong>scendum</strong></span> <span class='ocrx_word' id='word_1_394' title='bbox 2266 2056 2457 2096; x_wconf 86' lang='lat' dir='ltr'><strong>nauem</strong></span> <span class='ocrx_word' id='word_1_395' title='bbox 2490 2041 2664 2095; x_wconf 89' lang='lat' dir='ltr'><strong>solum</strong></span> <span class='ocrx_word' id='word_1_396' title='bbox 2692 2051 2747 2097; x_wconf 87' lang='lat' dir='ltr'><strong>et</strong></span> <span class='ocrx_word' id='word_1_397' title='bbox 2771 2058 2982 2113; x_wconf 81' lang='lat' dir='ltr'><strong>aquam,</strong></span> <span class='ocrx_word' id='word_1_398' title='bbox 3012 2043 3185 2099; x_wconf 90' lang='lat' dir='ltr'><strong>donec</strong></span> <span class='ocrx_word' id='word_1_399' title='bbox 3220 2045 3506 2101; x_wconf 83' lang='lat' dir='ltr'><strong>tnundetur</strong></span> <span class='ocrx_word' id='word_1_400' title='bbox 3534 2064 3563 2100; x_wconf 86' lang='lat' dir='ltr'><strong>a</strong></span> 
     </span>
    </p>
   </div>
   <div class='ocr_carea' id='block_1_55' title="bbox 1977 2132 2244 2186">
    <p class='ocr_par' dir='ltr' id='par_1_55' title="bbox 1977 2132 2244 2186">
     <span class='ocr_line' id='line_1_55' title="bbox 1977 2132 2244 2186; baseline -0.011 0"><span class='ocrx_word' id='word_1_401' title='bbox 1977 2132 2244 2186; x_wconf 87' lang='lat' dir='ltr'><strong>sordibus.</strong></span> 
     </span>
    </p>
   </div>
   <div class='ocr_carea' id='block_1_56' title="bbox 2047 2223 3562 2298">
    <p class='ocr_par' dir='ltr' id='par_1_56' title="bbox 2047 2223 3562 2298">
     <span class='ocr_line' id='line_1_56' title="bbox 2047 2223 3562 2298; baseline 0.005 -19"><span class='ocrx_word' id='word_1_402' title='bbox 2047 2223 2384 2281; x_wconf 78' lang='lat' dir='ltr'><strong>LXXXVI&quot;.</strong></span> <span class='ocrx_word' id='word_1_403' title='bbox 2416 2225 2442 2263; x_wconf 71' lang='grc' dir='ltr'><strong>ιι</strong></span> <span class='ocrx_word' id='word_1_404' title='bbox 2475 2226 2574 2292; x_wconf 87' lang='lat' dir='ltr'><strong>Qui</strong></span> <span class='ocrx_word' id='word_1_405' title='bbox 2603 2226 2764 2282; x_wconf 82' lang='lat' dir='ltr'><strong>habet</strong></span> <span class='ocrx_word' id='word_1_406' title='bbox 2808 2229 3095 2298; x_wconf 84' lang='lat' dir='ltr'><strong>pessimam</strong></span> <span class='ocrx_word' id='word_1_407' title='bbox 3119 2232 3562 2288; x_wconf 86' lang='lat' dir='ltr'><strong>consuetudinem</strong></span> 
     </span>
    </p>
   </div>
   <div class='ocr_carea' id='block_1_57' title="bbox 1981 2316 3567 2394">
    <p class='ocr_par' dir='ltr' id='par_1_57' title="bbox 1981 2316 3567 2394">
     <span class='ocr_line' id='line_1_57' title="bbox 1981 2316 3567 2394; baseline 0.006 -26"><span class='ocrx_word' id='word_1_408' title='bbox 1981 2316 2377 2382; x_wconf 89' lang='lat' dir='ltr'><strong>murmurandi,</strong></span> <span class='ocrx_word' id='word_1_409' title='bbox 2409 2326 2463 2372; x_wconf 90' lang='lat' dir='ltr'><strong>et</strong></span> <span class='ocrx_word' id='word_1_410' title='bbox 2490 2318 2643 2387; x_wconf 86' lang='lat' dir='ltr'><strong>quasi</strong></span> <span class='ocrx_word' id='word_1_411' title='bbox 2684 2321 2836 2388; x_wconf 87' lang='lat' dir='ltr'><strong>gravi</strong></span> <span class='ocrx_word' id='word_1_412' title='bbox 2882 2335 3046 2388; x_wconf 89' lang='lat' dir='ltr'><strong>opere</strong></span> <span class='ocrx_word' id='word_1_413' title='bbox 3085 2338 3145 2376; x_wconf 81' lang='lat' dir='ltr'><strong>se</strong></span> <span class='ocrx_word' id='word_1_414' title='bbox 3173 2325 3403 2392; x_wconf 79' lang='lat' dir='ltr'><strong>opprimi</strong></span> <span class='ocrx_word' id='word_1_415' title='bbox 3435 2342 3567 2394; x_wconf 78' lang='lat' dir='ltr'><strong>que-</strong></span> 
     </span>
    </p>
   </div>
   <div class='ocr_carea' id='block_1_58' title="bbox 1978 2406 3566 2481">
    <p class='ocr_par' dir='ltr' id='par_1_58' title="bbox 1978 2406 3566 2481">
     <span class='ocr_line' id='line_1_58' title="bbox 1978 2406 3566 2481; baseline 0.005 -20"><span class='ocrx_word' id='word_1_416' title='bbox 1978 2406 2133 2473; x_wconf 91' lang='lat' dir='ltr'><strong>ritur,</strong></span> <span class='ocrx_word' id='word_1_417' title='bbox 2166 2407 2433 2463; x_wconf 87' lang='lat' dir='ltr'><strong>docebunt</strong></span> <span class='ocrx_word' id='word_1_418' title='bbox 2471 2423 2592 2463; x_wconf 88' lang='lat' dir='ltr'><strong>eum</strong></span> <span class='ocrx_word' id='word_1_419' title='bbox 2617 2409 2902 2478; x_wconf 86' lang='lat' dir='ltr'><strong>quinquies</strong></span> <span class='ocrx_word' id='word_1_420' title='bbox 2930 2412 3070 2481; x_wconf 90' lang='lat' dir='ltr'><strong>quod</strong></span> <span class='ocrx_word' id='word_1_421' title='bbox 3102 2412 3220 2468; x_wconf 83' lang='lat' dir='ltr'><strong>sine</strong></span> <span class='ocrx_word' id='word_1_422' title='bbox 3245 2430 3402 2469; x_wconf 88' lang='lat' dir='ltr'><strong>causa</strong></span> <span class='ocrx_word' id='word_1_423' title='bbox 3427 2431 3566 2469; x_wconf 82' lang='lat' dir='ltr'><strong>mur-</strong></span> 
     </span>
    </p>
   </div>
   <div class='ocr_carea' id='block_1_59' title="bbox 1978 2500 3566 2575">
    <p class='ocr_par' dir='ltr' id='par_1_59' title="bbox 1978 2500 3566 2575">
     <span class='ocr_line' id='line_1_59' title="bbox 1978 2500 3566 2575; baseline 0.006 -23"><span class='ocrx_word' id='word_1_424' title='bbox 1978 2506 2177 2566; x_wconf 88' lang='lat' dir='ltr'><strong>muret,</strong></span> <span class='ocrx_word' id='word_1_425' title='bbox 2203 2509 2258 2555; x_wconf 91' lang='lat' dir='ltr'><strong>et</strong></span> <span class='ocrx_word' id='word_1_426' title='bbox 2280 2500 2567 2555; x_wconf 90' lang='lat' dir='ltr'><strong>ostendent</strong></span> <span class='ocrx_word' id='word_1_427' title='bbox 2595 2502 2880 2571; x_wconf 75' lang='lat' dir='ltr'><strong>perspicue</strong></span> <span class='ocrx_word' id='word_1_428' title='bbox 2903 2502 3221 2570; x_wconf 87' lang='lat' dir='ltr'><strong>veritatem;</strong></span> <span class='ocrx_word' id='word_1_429' title='bbox 3241 2506 3285 2558; x_wconf 88' lang='lat' dir='ltr'><strong>si</strong></span> <span class='ocrx_word' id='word_1_430' title='bbox 3310 2515 3426 2575; x_wconf 83' lang='lat' dir='ltr'><strong>post</strong></span> <span class='ocrx_word' id='word_1_431' title='bbox 3451 2506 3566 2562; x_wconf 68' lang='lat' dir='ltr'><strong>hare</strong></span> 
     </span>
    </p>
   </div>
   <div class='ocr_carea' id='block_1_60' title="bbox 1974 2590 3563 2664">
    <p class='ocr_par' dir='ltr' id='par_1_60' title="bbox 1974 2590 3563 2664">
     <span class='ocr_line' id='line_1_60' title="bbox 1974 2590 3563 2664; baseline 0.004 -18"><span class='ocrx_word' id='word_1_432' title='bbox 1974 2590 2293 2647; x_wconf 85' lang='lat' dir='ltr'><strong>inobediens</strong></span> <span class='ocrx_word' id='word_1_433' title='bbox 2342 2594 2523 2657; x_wconf 88' lang='lat' dir='ltr'><strong>fuerit,</strong></span> <span class='ocrx_word' id='word_1_434' title='bbox 2572 2604 2626 2650; x_wconf 91' lang='lat' dir='ltr'><strong>et</strong></span> <span class='ocrx_word' id='word_1_435' title='bbox 2671 2603 2754 2649; x_wconf 73' lang='lat' dir='ltr'><strong>est</strong></span> <span class='ocrx_word' id='word_1_436' title='bbox 2799 2594 3052 2663; x_wconf 62' lang='lat' dir='ltr'><strong>perfecta</strong></span> <span class='ocrx_word' id='word_1_437' title='bbox 3095 2596 3293 2664; x_wconf 66' lang='lat' dir='ltr'><strong>aetatis,</strong></span> <span class='ocrx_word' id='word_1_438' title='bbox 3341 2598 3410 2653; x_wconf 79' lang='lat' dir='ltr'><strong>ita</strong></span> <span class='ocrx_word' id='word_1_439' title='bbox 3440 2614 3563 2654; x_wconf 90' lang='lat' dir='ltr'><strong>eum</strong></span> 
     </span>
    </p>
   </div>
   <div class='ocr_carea' id='block_1_61' title="bbox 1974 2683 3563 2757">
    <p class='ocr_par' dir='ltr' id='par_1_61' title="bbox 1974 2683 3563 2757">
     <span class='ocr_line' id='line_1_61' title="bbox 1974 2683 3563 2757; baseline 0.004 -17"><span class='ocrx_word' id='word_1_440' title='bbox 1974 2683 2247 2740; x_wconf 81' lang='lat' dir='ltr'><strong>habebunt</strong></span> <span class='ocrx_word' id='word_1_441' title='bbox 2276 2727 2292 2753; x_wconf 91' lang='lat'><strong>,</strong></span> <span class='ocrx_word' id='word_1_442' title='bbox 2323 2695 2381 2740; x_wconf 93' lang='lat' dir='ltr'><strong>ut</strong></span> <span class='ocrx_word' id='word_1_443' title='bbox 2426 2702 2589 2740; x_wconf 88' lang='lat' dir='ltr'><strong>unttm</strong></span> <span class='ocrx_word' id='word_1_444' title='bbox 2622 2686 2688 2741; x_wconf 93' lang='lat' dir='ltr'><strong>de</strong></span> <span class='ocrx_word' id='word_1_445' title='bbox 2715 2687 3099 2757; x_wconf 67' lang='lat' dir='ltr'><strong>aegrotantibus</strong></span> <span class='ocrx_word' id='word_1_446' title='bbox 3123 2728 3139 2753; x_wconf 92' lang='lat'><strong>,</strong></span> <span class='ocrx_word' id='word_1_447' title='bbox 3169 2698 3223 2742; x_wconf 92' lang='lat' dir='ltr'><strong>et</strong></span> <span class='ocrx_word' id='word_1_448' title='bbox 3250 2701 3479 2757; x_wconf 87' lang='lat' dir='ltr'><strong>ponetur</strong></span> <span class='ocrx_word' id='word_1_449' title='bbox 3509 2691 3563 2747; x_wconf 89' lang='lat' dir='ltr'><strong>in</strong></span> 
     </span>
    </p>
   </div>
   <div class='ocr_carea' id='block_1_62' title="bbox 1973 2776 3562 2848">
    <p class='ocr_par' dir='ltr' id='par_1_62' title="bbox 1973 2776 3562 2848">
     <span class='ocr_line' id='line_1_62' title="bbox 1973 2776 3562 2848; baseline 0.003 -15"><span class='ocrx_word' id='word_1_450' title='bbox 1973 2777 2096 2833; x_wconf 87' lang='lat' dir='ltr'><strong>loco</strong></span> <span class='ocrx_word' id='word_1_451' title='bbox 2121 2776 2481 2844; x_wconf 89' lang='lat' dir='ltr'><strong>inlirmorum,</strong></span> <span class='ocrx_word' id='word_1_452' title='bbox 2517 2778 2695 2848; x_wconf 83' lang='lat' dir='ltr'><strong>ibique</strong></span> <span class='ocrx_word' id='word_1_453' title='bbox 2720 2779 2896 2833; x_wconf 84' lang='lat' dir='ltr'><strong>aletur</strong></span> <span class='ocrx_word' id='word_1_454' title='bbox 2924 2780 3151 2843; x_wconf 88' lang='lat' dir='ltr'><strong>otiosus,</strong></span> <span class='ocrx_word' id='word_1_455' title='bbox 3184 2778 3355 2834; x_wconf 87' lang='lat' dir='ltr'><strong>donec</strong></span> <span class='ocrx_word' id='word_1_456' title='bbox 3377 2781 3562 2837; x_wconf 82' lang='lat' dir='ltr'><strong>redeat</strong></span> 
     </span>
    </p>
   </div>
   <div class='ocr_carea' id='block_1_63' title="bbox 1975 2868 3560 2939">
    <p class='ocr_par' dir='ltr' id='par_1_63' title="bbox 1975 2868 3560 2939">
     <span class='ocr_line' id='line_1_63' title="bbox 1975 2868 3560 2939; baseline 0.004 -18"><span class='ocrx_word' id='word_1_457' title='bbox 1975 2868 2041 2923; x_wconf 90' lang='lat' dir='ltr'><strong>ad</strong></span> <span class='ocrx_word' id='word_1_458' title='bbox 2075 2871 2378 2925; x_wconf 78' lang='lat' dir='ltr'><strong>veritatem.</strong></span> <span class='ocrx_word' id='word_1_459' title='bbox 2429 2868 2486 2925; x_wconf 93' lang='lat' dir='ltr'><strong>Si</strong></span> <span class='ocrx_word' id='word_1_460' title='bbox 2516 2878 2695 2923; x_wconf 88' lang='lat' dir='ltr'><strong>autem</strong></span> <span class='ocrx_word' id='word_1_461' title='bbox 2721 2869 2865 2937; x_wconf 46' lang='lat' dir='ltr'><strong>juxta</strong></span> <span class='ocrx_word' id='word_1_462' title='bbox 2892 2879 2974 2923; x_wconf 91' lang='lat' dir='ltr'><strong>est</strong></span> <span class='ocrx_word' id='word_1_463' title='bbox 3001 2869 3146 2923; x_wconf 86' lang='lat' dir='ltr'><strong>illius</strong></span> <span class='ocrx_word' id='word_1_464' title='bbox 3185 2871 3401 2939; x_wconf 62' lang='lat' dir='ltr'><strong>querela</strong></span> <span class='ocrx_word' id='word_1_465' title='bbox 3445 2880 3497 2926; x_wconf 88' lang='lat' dir='ltr'><strong>et</strong></span> <span class='ocrx_word' id='word_1_466' title='bbox 3528 2887 3560 2927; x_wconf 82' lang='lat' dir='ltr'><strong>a</strong></span> 
     </span>
    </p>
   </div>
   <div class='ocr_carea' id='block_1_64' title="bbox 1976 2959 3561 3029">
    <p class='ocr_par' dir='ltr' id='par_1_64' title="bbox 1976 2959 3561 3029">
     <span class='ocr_line' id='line_1_64' title="bbox 1976 2959 3561 3029; baseline 0.003 -17"><span class='ocrx_word' id='word_1_467' title='bbox 1976 2960 2178 3028; x_wconf 86' lang='lat' dir='ltr'><strong>majore</strong></span> <span class='ocrx_word' id='word_1_468' title='bbox 2212 2959 2392 3027; x_wconf 89' lang='lat' dir='ltr'><strong>inique</strong></span> <span class='ocrx_word' id='word_1_469' title='bbox 2416 2960 2756 3028; x_wconf 87' lang='lat' dir='ltr'><strong>opprimitur,</strong></span> <span class='ocrx_word' id='word_1_470' title='bbox 2788 2959 2881 3029; x_wconf 91' lang='lat' dir='ltr'><strong>qui</strong></span> <span class='ocrx_word' id='word_1_471' title='bbox 2912 2975 3034 3014; x_wconf 92' lang='lat' dir='ltr'><strong>eum</strong></span> <span class='ocrx_word' id='word_1_472' title='bbox 3069 2959 3454 3016; x_wconf 77' lang='lat' dir='ltr'><strong>scandalixavit</strong></span> <span class='ocrx_word' id='word_1_473' title='bbox 3482 2962 3561 3018; x_wconf 83' lang='lat' dir='ltr'><strong>ei-</strong></span> 
     </span>
    </p>
   </div>
   <div class='ocr_carea' id='block_1_65' title="bbox 1975 3048 2758 3119">
    <p class='ocr_par' dir='ltr' id='par_1_65' title="bbox 1975 3048 2758 3119">
     <span class='ocr_line' id='line_1_65' title="bbox 1975 3048 2758 3119; baseline -0.001 -16"><span class='ocrx_word' id='word_1_474' title='bbox 1975 3049 2098 3104; x_wconf 85' lang='lat' dir='ltr'><strong>dem</strong></span> <span class='ocrx_word' id='word_1_475' title='bbox 2129 3049 2415 3104; x_wconf 71' lang='lat' dir='ltr'><strong>sententiae</strong></span> <span class='ocrx_word' id='word_1_476' title='bbox 2440 3048 2758 3119; x_wconf 83' lang='lat' dir='ltr'><strong>subjacebit.</strong></span> 
     </span>
    </p>
   </div>
   <div class='ocr_carea' id='block_1_66' title="bbox 1893 3139 3561 3211">
    <p class='ocr_par' dir='ltr' id='par_1_66' title="bbox 1893 3139 3561 3211">
     <span class='ocr_line' id='line_1_66' title="bbox 1893 3139 3561 3211; baseline 0 -13"><span class='ocrx_word' id='word_1_477' title='bbox 1893 3143 1939 3206; x_wconf 87' lang='lat' dir='ltr'><strong>C</strong></span> <span class='ocrx_word' id='word_1_478' title='bbox 2039 3140 2331 3198; x_wconf 78' lang='lat' dir='ltr'><strong>LXXXIX.</strong></span> <span class='ocrx_word' id='word_1_479' title='bbox 2367 3139 2383 3179; x_wconf 79' lang='grc' dir='ltr'>ί</span> <span class='ocrx_word' id='word_1_480' title='bbox 2416 3143 2472 3198; x_wconf 88' lang='lat' dir='ltr'><strong>Si</strong></span> <span class='ocrx_word' id='word_1_481' title='bbox 2501 3141 2817 3198; x_wconf 88' lang='lat' dir='ltr'><strong>iuobediens</strong></span> <span class='ocrx_word' id='word_1_482' title='bbox 2842 3142 2962 3211; x_wconf 89' lang='lat' dir='ltr'><strong>quis</strong></span> <span class='ocrx_word' id='word_1_483' title='bbox 2985 3140 3167 3210; x_wconf 86' lang='lat' dir='ltr'><strong>fuerit,</strong></span> <span class='ocrx_word' id='word_1_484' title='bbox 3203 3154 3291 3196; x_wconf 83' lang='lat' dir='ltr'><strong>aut</strong></span> <span class='ocrx_word' id='word_1_485' title='bbox 3332 3151 3561 3198; x_wconf 60' lang='lat' dir='ltr'><strong>conten.</strong></span> 
     </span>
    </p>
   </div>
   <div class='ocr_carea' id='block_1_67' title="bbox 1972 3234 3556 3305">
    <p class='ocr_par' dir='ltr' id='par_1_67' title="bbox 1972 3234 3556 3305">
     <span class='ocr_line' id='line_1_67' title="bbox 1972 3234 3556 3305; baseline 0.001 -13"><span class='ocrx_word' id='word_1_486' title='bbox 1972 3237 2145 3293; x_wconf 89' lang='lat' dir='ltr'><strong>tiosus</strong></span> <span class='ocrx_word' id='word_1_487' title='bbox 2173 3248 2260 3291; x_wconf 87' lang='lat' dir='ltr'><strong>aut</strong></span> <span class='ocrx_word' id='word_1_488' title='bbox 2292 3235 2679 3299; x_wconf 63' lang='lat' dir='ltr'><strong>contmchtor,</strong></span> <span class='ocrx_word' id='word_1_489' title='bbox 2708 3244 2803 3289; x_wconf 90' lang='lat' dir='ltr'><strong>aut</strong></span> <span class='ocrx_word' id='word_1_490' title='bbox 2833 3234 3082 3297; x_wconf 87' lang='lat' dir='ltr'><strong>mendax,</strong></span> <span class='ocrx_word' id='word_1_491' title='bbox 3113 3246 3166 3290; x_wconf 92' lang='lat' dir='ltr'><strong>et</strong></span> <span class='ocrx_word' id='word_1_492' title='bbox 3193 3248 3275 3290; x_wconf 73' lang='grc' dir='ltr'><strong>εει</strong></span> <span class='ocrx_word' id='word_1_493' title='bbox 3302 3240 3556 3305; x_wconf 66' lang='lat' dir='ltr'><strong>perfecta:</strong></span> 
     </span>
    </p>
   </div>
   <div class='ocr_carea' id='block_1_68' title="bbox 1968 3326 3550 3398">
    <p class='ocr_par' dir='ltr' id='par_1_68' title="bbox 1968 3326 3550 3398">
     <span class='ocr_line' id='line_1_68' title="bbox 1968 3326 3550 3398; baseline 0.001 -14"><span class='ocrx_word' id='word_1_494' title='bbox 1968 3330 2163 3398; x_wconf 67' lang='lat' dir='ltr'><strong>artatis,</strong></span> <span class='ocrx_word' id='word_1_495' title='bbox 2194 3328 2372 3383; x_wconf 82' lang='lat' dir='ltr'><strong>decies</strong></span> <span class='ocrx_word' id='word_1_496' title='bbox 2403 3327 2830 3385; x_wconf 84' lang='lat' dir='ltr'><strong>com-nonehitur</strong></span> <span class='ocrx_word' id='word_1_497' title='bbox 2861 3336 2916 3381; x_wconf 90' lang='lat' dir='ltr'><strong>ut</strong></span> <span class='ocrx_word' id='word_1_498' title='bbox 2959 3326 3184 3383; x_wconf 85' lang='lat' dir='ltr'><strong>desistat</strong></span> <span class='ocrx_word' id='word_1_499' title='bbox 3229 3342 3261 3381; x_wconf 71' lang='grc' dir='ltr'><strong>ι</strong></span> <span class='ocrx_word' id='word_1_500' title='bbox 3288 3329 3452 3383; x_wconf 84' lang='lat' dir='ltr'><strong>vitiis.</strong></span> <span class='ocrx_word' id='word_1_501' title='bbox 3493 3332 3550 3385; x_wconf 90' lang='lat' dir='ltr'><strong>Si</strong></span> 
     </span>
    </p>
   </div>
   <div class='ocr_carea' id='block_1_69' title="bbox 1347 3483 2478 3541">
    <p class='ocr_par' dir='ltr' id='par_1_69' title="bbox 1347 3483 2478 3541">
     <span class='ocr_line' id='line_1_69' title="bbox 1347 3483 2478 3541; baseline 0 -3"><span class='ocrx_word' id='word_1_502' title='bbox 1347 3483 1598 3539; x_wconf 66' lang='lat' dir='ltr'><strong>ALARDI</strong></span> <span class='ocrx_word' id='word_1_503' title='bbox 1638 3483 1873 3540; x_wconf 60' lang='grc' dir='ltr'><strong>ΟΛΖΕΙ</strong></span> <span class='ocrx_word' id='word_1_504' title='bbox 1912 3483 2478 3541; x_wconf 73' lang='lat' dir='ltr'><strong>COMMENTARIUS.</strong></span> 
     </span>
    </p>
   </div>
   <div class='ocr_carea' id='block_1_70' title="bbox 266 3614 1861 3684">
    <p class='ocr_par' dir='ltr' id='par_1_70' title="bbox 266 3614 1861 3684">
     <span class='ocr_line' id='line_1_70' title="bbox 266 3614 1861 3684; baseline -0.006 -5"><span class='ocrx_word' id='word_1_505' title='bbox 266 3620 594 3684; x_wconf 82' lang='lat' dir='ltr'><strong>bennensis,</strong></span> <span class='ocrx_word' id='word_1_506' title='bbox 609 3633 705 3673; x_wconf 84' lang='lat' dir='ltr'><strong>seu</strong></span> <span class='ocrx_word' id='word_1_507' title='bbox 726 3615 1096 3680; x_wconf 80' lang='lat' dir='ltr'><strong>Pachumiani,</strong></span> <span class='ocrx_word' id='word_1_508' title='bbox 1118 3614 1283 3670; x_wconf 87' lang='lat' dir='ltr'><strong>fuisse</strong></span> <span class='ocrx_word' id='word_1_509' title='bbox 1305 3614 1449 3668; x_wconf 88' lang='lat' dir='ltr'><strong>aliud</strong></span> <span class='ocrx_word' id='word_1_510' title='bbox 1475 3616 1861 3670; x_wconf 89' lang='lat' dir='ltr'><strong>monasterium</strong></span> 
     </span>
    </p>
   </div>
   <div class='ocr_carea' id='block_1_71' title="bbox 265 3684 1866 3812">
    <p class='ocr_par' dir='ltr' id='par_1_71' title="bbox 265 3684 1866 3812">
     <span class='ocr_line' id='line_1_71' title="bbox 265 3684 1866 3812; baseline -0.004 -66"><span class='ocrx_word' id='word_1_511' title='bbox 265 3688 1118 3812; x_wconf 49' lang='lat' dir='ltr'><strong>quadringentarum(puellarum</strong></span> <span class='ocrx_word' id='word_1_512' title='bbox 1139 3684 1477 3755; x_wconf 85' lang='lat' dir='ltr'><strong>sequentium</strong></span> <span class='ocrx_word' id='word_1_513' title='bbox 1506 3685 1692 3740; x_wconf 86' lang='lat' dir='ltr'><strong>eadem</strong></span> <span class='ocrx_word' id='word_1_514' title='bbox 1713 3686 1866 3740; x_wconf 89' lang='lat' dir='ltr'><strong>insti-</strong></span> 
     </span>
     <span class='ocr_line' id='line_1_72' title="bbox 267 3759 1866 3812; baseline -0.004 0"><span class='ocrx_word' id='word_1_515' title='bbox 267 3775 387 3812; x_wconf 76' lang='lat' dir='ltr'><strong>tuta</strong></span> <span class='ocrx_word' id='word_1_516' title='bbox 437 3759 746 3812; x_wconf 81' lang='lat' dir='ltr'><strong>Pachumii.</strong></span> <span class='ocrx_word' id='word_1_517' title='bbox 775 3773 803 3811; x_wconf 87' lang='lat' dir='ltr'><strong>a</strong></span> <span class='ocrx_word' id='word_1_518' title='bbox 869 3771 1001 3812; x_wconf 86' lang='lat' dir='ltr'><strong>uuas</strong></span> <span class='ocrx_word' id='word_1_519' title='bbox 1057 3770 1253 3812; x_wconf 67' lang='lat' dir='ltr'><strong>praeter</strong></span> <span class='ocrx_word' id='word_1_520' title='bbox 1284 3759 1651 3812; x_wconf 50' lang='lat' dir='ltr'><strong>Dreslnvferum</strong></span> <span class='ocrx_word' id='word_1_521' title='bbox 1704 3772 1866 3809; x_wconf 83' lang='lat' dir='ltr'><strong>nemo</strong></span> 
     </span>
    </p>
   </div>
   <div class='ocr_carea' id='block_1_72' title="bbox 267 3759 1866 3828">
    <p class='ocr_par' dir='ltr' id='par_1_72' title="bbox 267 3759 1866 3828">
     <span class='ocr_line' id='line_1_73' title="bbox 267 3759 1866 3828; baseline -0.008 -10"><span class='ocrx_word' id='word_1_522' title='bbox 267 3759 387 3818; x_wconf 82' lang='lat' dir='ltr'><strong>tuta</strong></span> <span class='ocrx_word' id='word_1_523' title='bbox 436 3759 746 3819; x_wconf 79' lang='lat' dir='ltr'><strong>Pachumii,</strong></span> <span class='ocrx_word' id='word_1_524' title='bbox 775 3759 842 3812; x_wconf 88' lang='lat' dir='ltr'><strong>ad</strong></span> <span class='ocrx_word' id='word_1_525' title='bbox 869 3771 1001 3827; x_wconf 88' lang='lat' dir='ltr'><strong>quas</strong></span> <span class='ocrx_word' id='word_1_526' title='bbox 1057 3770 1253 3826; x_wconf 67' lang='lat' dir='ltr'><strong>praeter</strong></span> <span class='ocrx_word' id='word_1_527' title='bbox 1284 3759 1662 3828; x_wconf 66' lang='lat' dir='ltr'><strong>presl.y:erum_</strong></span> <span class='ocrx_word' id='word_1_528' title='bbox 1704 3772 1866 3809; x_wconf 83' lang='lat' dir='ltr'><strong>nemo</strong></span> 
     </span>
    </p>
   </div>
   <div class='ocr_carea' id='block_1_73' title="bbox 267 3826 1867 3900">
    <p class='ocr_par' dir='ltr' id='par_1_73' title="bbox 267 3826 1867 3900">
     <span class='ocr_line' id='line_1_74' title="bbox 267 3826 1867 3900; baseline -0.006 -13"><span class='ocrx_word' id='word_1_529' title='bbox 267 3834 559 3889; x_wconf 78' lang='lat' dir='ltr'><strong>transiret.</strong></span> <span class='ocrx_word' id='word_1_530' title='bbox 608 3829 676 3884; x_wconf 86' lang='lat' dir='ltr'><strong>D.</strong></span> <span class='ocrx_word' id='word_1_531' title='bbox 708 3830 1070 3900; x_wconf 76' lang='lat' dir='ltr'><strong>Hieronymus</strong></span> <span class='ocrx_word' id='word_1_532' title='bbox 1100 3828 1266 3900; x_wconf 77' lang='lat' dir='ltr'><strong>epist.</strong></span> <span class='ocrx_word' id='word_1_533' title='bbox 1292 3828 1359 3883; x_wconf 82' lang='grc'><strong>16</strong></span> <span class='ocrx_word' id='word_1_534' title='bbox 1405 3826 1593 3881; x_wconf 84' lang='lat' dir='ltr'><strong>scribit</strong></span> <span class='ocrx_word' id='word_1_535' title='bbox 1637 3826 1695 3900; x_wconf 85' lang='lat' dir='ltr'><strong>S.</strong></span> <span class='ocrx_word' id='word_1_536' title='bbox 1730 3828 1867 3900; x_wconf 75' lang='lat' dir='ltr'><strong>Mar-</strong></span> 
     </span>
    </p>
   </div>
   <div class='ocr_carea' id='block_1_74' title="bbox 266 3897 1865 3959">
    <p class='ocr_par' dir='ltr' id='par_1_74' title="bbox 266 3897 1865 3959">
     <span class='ocr_line' id='line_1_75' title="bbox 266 3897 1865 3959; baseline -0.004 -2"><span class='ocrx_word' id='word_1_537' title='bbox 266 3906 478 3959; x_wconf 84' lang='lat' dir='ltr'><strong>reIlam</strong></span> <span class='ocrx_word' id='word_1_538' title='bbox 508 3904 576 3954; x_wconf 84' lang='lat' dir='ltr'><strong>ab</strong></span> <span class='ocrx_word' id='word_1_539' title='bbox 603 3897 984 3955; x_wconf 78' lang='lat' dir='ltr'><strong>Alexandrinis</strong></span> <span class='ocrx_word' id='word_1_540' title='bbox 1004 3899 1374 3954; x_wconf 68' lang='lat' dir='ltr'><strong>sacerdotibus</strong></span> <span class='ocrx_word' id='word_1_541' title='bbox 1401 3908 1456 3952; x_wconf 88' lang='lat' dir='ltr'><strong>et</strong></span> <span class='ocrx_word' id='word_1_542' title='bbox 1477 3900 1536 3952; x_wconf 85' lang='lat' dir='ltr'><strong>S.</strong></span> <span class='ocrx_word' id='word_1_543' title='bbox 1568 3897 1865 3951; x_wconf 63' lang='lat' dir='ltr'><strong>Athanasio</strong></span> 
     </span>
    </p>
   </div>
   <div class='ocr_carea' id='block_1_75' title="bbox 267 3967 1865 4037">
    <p class='ocr_par' dir='ltr' id='par_1_75' title="bbox 267 3967 1865 4037">
     <span class='ocr_line' id='line_1_76' title="bbox 267 3967 1865 4037; baseline -0.005 -9"><span class='ocrx_word' id='word_1_544' title='bbox 267 3975 465 4030; x_wconf 72' lang='lat' dir='ltr'><strong>Vitam</strong></span> <span class='ocrx_word' id='word_1_545' title='bbox 494 3971 555 4037; x_wconf 85' lang='lat' dir='ltr'><strong>S.</strong></span> <span class='ocrx_word' id='word_1_546' title='bbox 590 3971 844 4034; x_wconf 78' lang='lat' dir='ltr'><strong>Antonii,</strong></span> <span class='ocrx_word' id='word_1_547' title='bbox 892 3983 991 4023; x_wconf 91' lang='lat' dir='ltr'><strong>nec</strong></span> <span class='ocrx_word' id='word_1_548' title='bbox 1030 3984 1134 4022; x_wconf 92' lang='lat' dir='ltr'><strong>non</strong></span> <span class='ocrx_word' id='word_1_549' title='bbox 1166 3970 1612 4023; x_wconf 83' lang='lat' dir='ltr'><strong>monasteriorum</strong></span> <span class='ocrx_word' id='word_1_550' title='bbox 1638 3968 1688 4021; x_wconf 93' lang='lat' dir='ltr'><strong>in</strong></span> <span class='ocrx_word' id='word_1_551' title='bbox 1723 3967 1865 4021; x_wconf 87' lang='lat' dir='ltr'><strong>Tlte-</strong></span> 
     </span>
    </p>
   </div>
   <div class='ocr_carea' id='block_1_76' title="bbox 264 4038 1868 4108">
    <p class='ocr_par' dir='ltr' id='par_1_76' title="bbox 264 4038 1868 4108">
     <span class='ocr_line' id='line_1_77' title="bbox 264 4038 1868 4108; baseline -0.007 -7"><span class='ocrx_word' id='word_1_552' title='bbox 264 4045 441 4101; x_wconf 83' lang='lat' dir='ltr'><strong>baide</strong></span> <span class='ocrx_word' id='word_1_553' title='bbox 469 4042 763 4105; x_wconf 80' lang='lat' dir='ltr'><strong>Pachumii,</strong></span> <span class='ocrx_word' id='word_1_554' title='bbox 791 4048 848 4095; x_wconf 89' lang='lat' dir='ltr'><strong>et</strong></span> <span class='ocrx_word' id='word_1_555' title='bbox 874 4042 1145 4108; x_wconf 75' lang='lat' dir='ltr'><strong>virginum</strong></span> <span class='ocrx_word' id='word_1_556' title='bbox 1166 4054 1228 4093; x_wconf 92' lang='lat' dir='ltr'><strong>ac</strong></span> <span class='ocrx_word' id='word_1_557' title='bbox 1274 4040 1553 4092; x_wconf 88' lang='lat' dir='ltr'><strong>viduatum</strong></span> <span class='ocrx_word' id='word_1_558' title='bbox 1600 4038 1666 4089; x_wconf 86' lang='lat' dir='ltr'><strong>ab</strong></span> <span class='ocrx_word' id='word_1_559' title='bbox 1693 4052 1760 4091; x_wconf 92' lang='lat' dir='ltr'><strong>eo</strong></span> <span class='ocrx_word' id='word_1_560' title='bbox 1790 4039 1868 4090; x_wconf 87' lang='lat' dir='ltr'><strong>in-</strong></span> 
     </span>
    </p>
   </div>
   <div class='ocr_carea' id='block_1_77' title="bbox 265 4107 1913 4180">
    <p class='ocr_par' dir='ltr' id='par_1_77' title="bbox 265 4107 1913 4180">
     <span class='ocr_line' id='line_1_78' title="bbox 265 4107 1913 4180; baseline -0.006 -9"><span class='ocrx_word' id='word_1_561' title='bbox 265 4118 593 4171; x_wconf 78' lang='lat' dir='ltr'><strong>stitntarurn</strong></span> <span class='ocrx_word' id='word_1_562' title='bbox 614 4111 869 4166; x_wconf 86' lang='lat' dir='ltr'><strong>didicisse</strong></span> <span class='ocrx_word' id='word_1_563' title='bbox 888 4107 1252 4180; x_wconf 83' lang='lat' dir='ltr'><strong>disciplinam,</strong></span> <span class='ocrx_word' id='word_1_564' title='bbox 1279 4124 1377 4163; x_wconf 90' lang='lat' dir='ltr'><strong>nec</strong></span> <span class='ocrx_word' id='word_1_565' title='bbox 1400 4109 1689 4180; x_wconf 74' lang='lat' dir='ltr'><strong>erubuisse</strong></span> <span class='ocrx_word' id='word_1_566' title='bbox 1708 4107 1869 4175; x_wconf 82' lang='lat' dir='ltr'><strong>proli-</strong></span> <span class='ocrx_word' id='word_1_567' title='bbox 1906 4129 1913 4136; x_wconf 85' lang='lat'><strong>-</strong></span> 
     </span>
    </p>
   </div>
   <div class='ocr_carea' id='block_1_78' title="bbox 266 4178 1870 4251">
    <p class='ocr_par' dir='ltr' id='par_1_78' title="bbox 266 4178 1870 4251">
     <span class='ocr_line' id='line_1_79' title="bbox 266 4178 1870 4251; baseline -0.005 -11"><span class='ocrx_word' id='word_1_568' title='bbox 266 4189 376 4243; x_wconf 81' lang='lat' dir='ltr'><strong>teri</strong></span> <span class='ocrx_word' id='word_1_569' title='bbox 433 4182 574 4251; x_wconf 88' lang='lat' dir='ltr'><strong>quod</strong></span> <span class='ocrx_word' id='word_1_570' title='bbox 621 4181 836 4235; x_wconf 77' lang='lat' dir='ltr'><strong>Christo</strong></span> <span class='ocrx_word' id='word_1_571' title='bbox 862 4178 1079 4251; x_wconf 72' lang='lat' dir='ltr'><strong>placere</strong></span> <span class='ocrx_word' id='word_1_572' title='bbox 1104 4180 1553 4251; x_wconf 72' lang='lat' dir='ltr'><strong>cognoverat.De</strong></span> <span class='ocrx_word' id='word_1_573' title='bbox 1594 4178 1782 4251; x_wconf 84' lang='lat' dir='ltr'><strong>iisdem</strong></span> <span class='ocrx_word' id='word_1_574' title='bbox 1815 4187 1870 4234; x_wconf 91' lang='lat' dir='ltr'><strong>et</strong></span> 
     </span>
    </p>
   </div>
   <div class='ocr_carea' id='block_1_79' title="bbox 261 4248 1863 4319">
    <p class='ocr_par' dir='ltr' id='par_1_79' title="bbox 261 4248 1863 4319">
     <span class='ocr_line' id='line_1_80' title="bbox 261 4248 1863 4319; baseline -0.006 -7"><span class='ocrx_word' id='word_1_575' title='bbox 261 4258 404 4312; x_wconf 85' lang='lat' dir='ltr'><strong>aliis</strong></span> <span class='ocrx_word' id='word_1_576' title='bbox 442 4248 765 4306; x_wconf 79' lang='lat' dir='ltr'><strong>rnonialibus</strong></span> <span class='ocrx_word' id='word_1_577' title='bbox 794 4248 957 4319; x_wconf 84' lang='lat' dir='ltr'><strong>agens</strong></span> <span class='ocrx_word' id='word_1_578' title='bbox 986 4249 1147 4319; x_wconf 90' lang='lat' dir='ltr'><strong>epist.</strong></span> <span class='ocrx_word' id='word_1_579' title='bbox 1179 4251 1249 4304; x_wconf 75' lang='grc'><strong>48</strong></span> <span class='ocrx_word' id='word_1_580' title='bbox 1281 4267 1293 4303; x_wconf 93' lang='lat'>:</span> <span class='ocrx_word' id='word_1_581' title='bbox 1331 4248 1494 4302; x_wconf 81' lang='lat' dir='ltr'><strong>Moris</strong></span> <span class='ocrx_word' id='word_1_582' title='bbox 1523 4261 1623 4315; x_wconf 77' lang='lat' dir='ltr'><strong>est,</strong></span> <span class='ocrx_word' id='word_1_583' title='bbox 1672 4250 1863 4317; x_wconf 90' lang='lat' dir='ltr'><strong>inquit,</strong></span> 
     </span>
    </p>
   </div>
   <div class='ocr_carea' id='block_1_80' title="bbox 261 4320 1869 4393">
    <p class='ocr_par' dir='ltr' id='par_1_80' title="bbox 261 4320 1869 4393">
     <span class='ocr_line' id='line_1_81' title="bbox 261 4320 1869 4393; baseline -0.005 -12"><span class='ocrx_word' id='word_1_584' title='bbox 261 4331 320 4381; x_wconf 81' lang='lat' dir='ltr'><strong>in</strong></span> <span class='ocrx_word' id='word_1_585' title='bbox 357 4324 589 4393; x_wconf 56' lang='grc' dir='ltr'><strong>[σῃμὶ</strong></span> <span class='ocrx_word' id='word_1_586' title='bbox 617 4332 663 4375; x_wconf 85' lang='lat' dir='ltr'><strong>et</strong></span> <span class='ocrx_word' id='word_1_587' title='bbox 695 4320 865 4393; x_wconf 57' lang='lat' dir='ltr'><strong>Syria:</strong></span> <span class='ocrx_word' id='word_1_588' title='bbox 893 4320 1245 4393; x_wconf 71' lang='lat' dir='ltr'><strong>monasteriis,</strong></span> <span class='ocrx_word' id='word_1_589' title='bbox 1298 4330 1353 4371; x_wconf 89' lang='lat' dir='ltr'><strong>ut</strong></span> <span class='ocrx_word' id='word_1_590' title='bbox 1394 4330 1498 4393; x_wconf 81' lang='lat' dir='ltr'><strong>tam</strong></span> <span class='ocrx_word' id='word_1_591' title='bbox 1530 4322 1671 4392; x_wconf 80' lang='lat' dir='ltr'><strong>uirgo</strong></span> <span class='ocrx_word' id='word_1_592' title='bbox 1716 4337 1869 4390; x_wconf 84' lang='lat' dir='ltr'><strong>quam</strong></span> 
     </span>
    </p>
   </div>
   <div class='ocr_carea' id='block_1_81' title="bbox 261 4390 1869 4463">
    <p class='ocr_par' dir='ltr' id='par_1_81' title="bbox 261 4390 1869 4463">
     <span class='ocr_line' id='line_1_82' title="bbox 261 4390 1869 4463; baseline -0.002 -15"><span class='ocrx_word' id='word_1_593' title='bbox 261 4390 627 4463; x_wconf 35' lang='lat' dir='ltr'><strong>riduafqtuz</strong></span> <span class='ocrx_word' id='word_1_594' title='bbox 652 4390 869 4463; x_wconf 12' lang='lat' dir='ltr'><strong>ise’Deo</strong></span> <span class='ocrx_word' id='word_1_595' title='bbox 908 4392 1157 4463; x_wconf 62' lang='lat' dir='ltr'><strong>noverint,</strong></span> <span class='ocrx_word' id='word_1_596' title='bbox 1189 4398 1238 4442; x_wconf 87' lang='lat' dir='ltr'><strong>et</strong></span> <span class='ocrx_word' id='word_1_597' title='bbox 1285 4390 1475 4463; x_wconf 67' lang='lat' dir='ltr'><strong>stucqu</strong></span> <span class='ocrx_word' id='word_1_598' title='bbox 1517 4390 1869 4444; x_wconf 69' lang='lat' dir='ltr'><strong>renuntiantes</strong></span> 
     </span>
    </p>
   </div>
   <div class='ocr_carea' id='block_1_82' title="bbox 262 4461 1869 4522">
    <p class='ocr_par' dir='ltr' id='par_1_82' title="bbox 262 4461 1869 4522">
     <span class='ocr_line' id='line_1_83' title="bbox 262 4461 1869 4522; baseline -0.005 0"><span class='ocrx_word' id='word_1_599' title='bbox 262 4481 467 4522; x_wconf 75' lang='lat' dir='ltr'><strong>omnes</strong></span> <span class='ocrx_word' id='word_1_600' title='bbox 509 4461 719 4516; x_wconf 77' lang='lat' dir='ltr'><strong>delicias</strong></span> <span class='ocrx_word' id='word_1_601' title='bbox 765 4462 940 4515; x_wconf 71' lang='lat' dir='ltr'><strong>surculi</strong></span> <span class='ocrx_word' id='word_1_602' title='bbox 968 4461 1340 4519; x_wconf 81' lang='lat' dir='ltr'><strong>conculcarint.</strong></span> <span class='ocrx_word' id='word_1_603' title='bbox 1386 4461 1576 4513; x_wconf 72' lang='lat' dir='ltr'><strong>crinem</strong></span> <span class='ocrx_word' id='word_1_604' title='bbox 1615 4472 1869 4515; x_wconf 82' lang='lat' dir='ltr'><strong>monaste-</strong></span> 
     </span>
    </p>
   </div>
   <div class='ocr_carea' id='block_1_83' title="bbox 262 4529 1870 4598">
    <p class='ocr_par' dir='ltr' id='par_1_83' title="bbox 262 4529 1870 4598">
     <span class='ocr_line' id='line_1_84' title="bbox 262 4529 1870 4598; baseline -0.006 -5"><span class='ocrx_word' id='word_1_605' title='bbox 262 4541 489 4592; x_wconf 69' lang='lat' dir='ltr'><strong>riorum</strong></span> <span class='ocrx_word' id='word_1_606' title='bbox 540 4530 786 4587; x_wconf 77' lang='lat' dir='ltr'><strong>matribus</strong></span> <span class='ocrx_word' id='word_1_607' title='bbox 833 4530 1051 4598; x_wconf 62' lang='lat' dir='ltr'><strong>offerant</strong></span> <span class='ocrx_word' id='word_1_608' title='bbox 1095 4529 1469 4593; x_wconf 80' lang='lat' dir='ltr'><strong>desecandum,</strong></span> <span class='ocrx_word' id='word_1_609' title='bbox 1534 4546 1634 4583; x_wconf 89' lang='lat' dir='ltr'><strong>non</strong></span> <span class='ocrx_word' id='word_1_610' title='bbox 1684 4532 1870 4584; x_wconf 82' lang='lat' dir='ltr'><strong>intecto</strong></span> 
     </span>
    </p>
   </div>
   <div class='ocr_carea' id='block_1_84' title="bbox 262 4598 1871 4675">
    <p class='ocr_par' dir='ltr' id='par_1_84' title="bbox 262 4598 1871 4675">
     <span class='ocr_line' id='line_1_85' title="bbox 262 4598 1871 4675; baseline -0.004 -14"><span class='ocrx_word' id='word_1_611' title='bbox 262 4619 487 4675; x_wconf 70' lang='lat' dir='ltr'><strong>postea,</strong></span> <span class='ocrx_word' id='word_1_612' title='bbox 537 4612 716 4656; x_wconf 79' lang='lat' dir='ltr'><strong>contra</strong></span> <span class='ocrx_word' id='word_1_613' title='bbox 764 4602 996 4675; x_wconf 71' lang='lat' dir='ltr'><strong>Apostoli</strong></span> <span class='ocrx_word' id='word_1_614' title='bbox 1046 4602 1360 4675; x_wconf 75' lang='lat' dir='ltr'><strong>voluntatem</strong></span> <span class='ocrx_word' id='word_1_615' title='bbox 1405 4602 1446 4671; x_wconf 86' lang='lat' dir='ltr'><strong>(I</strong></span> <span class='ocrx_word' id='word_1_616' title='bbox 1475 4598 1600 4675; x_wconf 61' lang='lat' dir='ltr'><strong>Cor.</strong></span> <span class='ocrx_word' id='word_1_617' title='bbox 1644 4602 1744 4672; x_wconf 73' lang='lat' dir='ltr'><strong>XI),</strong></span> <span class='ocrx_word' id='word_1_618' title='bbox 1791 4603 1871 4655; x_wconf 85' lang='lat' dir='ltr'><strong>in-</strong></span> 
     </span>
    </p>
   </div>
   <div class='ocr_carea' id='block_1_85' title="bbox 262 4671 1866 4740">
    <p class='ocr_par' dir='ltr' id='par_1_85' title="bbox 262 4671 1866 4740">
     <span class='ocr_line' id='line_1_86' title="bbox 262 4671 1866 4740; baseline -0.001 -13"><span class='ocrx_word' id='word_1_619' title='bbox 262 4671 511 4733; x_wconf 49' lang='lat' dir='ltr'><strong>imam</strong></span> <span class='ocrx_word' id='word_1_620' title='bbox 564 4675 765 4737; x_wconf 80' lang='lat' dir='ltr'><strong>capite,</strong></span> <span class='ocrx_word' id='word_1_621' title='bbox 811 4671 908 4725; x_wconf 79' lang='lat' dir='ltr'><strong>sed</strong></span> <span class='ocrx_word' id='word_1_622' title='bbox 956 4672 1116 4740; x_wconf 82' lang='lat' dir='ltr'><strong>ligato</strong></span> <span class='ocrx_word' id='word_1_623' title='bbox 1166 4673 1355 4737; x_wconf 84' lang='lat' dir='ltr'><strong>pariter</strong></span> <span class='ocrx_word' id='word_1_624' title='bbox 1407 4687 1471 4723; x_wconf 87' lang='lat' dir='ltr'><strong>ac</strong></span> <span class='ocrx_word' id='word_1_625' title='bbox 1522 4671 1708 4737; x_wconf 76' lang='lat' dir='ltr'><strong>uelato,</strong></span> <span class='ocrx_word' id='word_1_626' title='bbox 1758 4682 1866 4726; x_wconf 87' lang='lat' dir='ltr'><strong>etc.</strong></span> 
     </span>
    </p>
   </div>
   <div class='ocr_carea' id='block_1_86' title="bbox 264 4740 1871 4810">
    <p class='ocr_par' dir='ltr' id='par_1_86' title="bbox 264 4740 1871 4810">
     <span class='ocr_line' id='line_1_87' title="bbox 264 4740 1871 4810; baseline 0 -14"><span class='ocrx_word' id='word_1_627' title='bbox 264 4750 416 4803; x_wconf 66' lang='lat' dir='ltr'><strong>Vide</strong></span> <span class='ocrx_word' id='word_1_628' title='bbox 438 4744 688 4800; x_wconf 87' lang='lat' dir='ltr'><strong>eumdem</strong></span> <span class='ocrx_word' id='word_1_629' title='bbox 708 4743 760 4797; x_wconf 90' lang='lat' dir='ltr'><strong>in</strong></span> <span class='ocrx_word' id='word_1_630' title='bbox 786 4742 1056 4809; x_wconf 88' lang='lat' dir='ltr'><strong>epitaphio</strong></span> <span class='ocrx_word' id='word_1_631' title='bbox 1079 4740 1283 4809; x_wconf 70' lang='lat' dir='ltr'><strong>Paulae,</strong></span> <span class='ocrx_word' id='word_1_632' title='bbox 1308 4742 1397 4797; x_wconf 91' lang='lat' dir='ltr'><strong>ubi</strong></span> <span class='ocrx_word' id='word_1_633' title='bbox 1423 4743 1728 4795; x_wconf 85' lang='lat' dir='ltr'><strong>munialium</strong></span> <span class='ocrx_word' id='word_1_634' title='bbox 1755 4742 1871 4810; x_wconf 87' lang='lat' dir='ltr'><strong>ejus</strong></span> 
     </span>
    </p>
   </div>
   <div class='ocr_carea' id='block_1_87' title="bbox 264 4812 1873 4883">
    <p class='ocr_par' dir='ltr' id='par_1_87' title="bbox 264 4812 1873 4883">
     <span class='ocr_line' id='line_1_88' title="bbox 264 4812 1873 4883; baseline -0.006 -9"><span class='ocrx_word' id='word_1_635' title='bbox 264 4815 657 4883; x_wconf 84' lang='lat' dir='ltr'><strong>disciplinam,</strong></span> <span class='ocrx_word' id='word_1_636' title='bbox 706 4813 968 4882; x_wconf 84' lang='lat' dir='ltr'><strong>psallendi</strong></span> <span class='ocrx_word' id='word_1_637' title='bbox 997 4827 1223 4879; x_wconf 90' lang='lat' dir='ltr'><strong>morem,</strong></span> <span class='ocrx_word' id='word_1_638' title='bbox 1255 4814 1469 4880; x_wconf 87' lang='lat' dir='ltr'><strong>aliaque</strong></span> <span class='ocrx_word' id='word_1_639' title='bbox 1498 4812 1737 4866; x_wconf 88' lang='lat' dir='ltr'><strong>instituta</strong></span> <span class='ocrx_word' id='word_1_640' title='bbox 1778 4814 1873 4866; x_wconf 87' lang='lat' dir='ltr'><strong>de-</strong></span> 
     </span>
    </p>
   </div>
   <div class='ocr_carea' id='block_1_88' title="bbox 264 4882 1872 4952">
    <p class='ocr_par' dir='ltr' id='par_1_88' title="bbox 264 4882 1872 4952">
     <span class='ocr_line' id='line_1_89' title="bbox 264 4882 1872 4952; baseline -0.003 -10"><span class='ocrx_word' id='word_1_641' title='bbox 264 4886 500 4943; x_wconf 69' lang='lat' dir='ltr'><strong>scribit.</strong></span> <span class='ocrx_word' id='word_1_642' title='bbox 535 4884 593 4938; x_wconf 88' lang='lat' dir='ltr'><strong>S.</strong></span> <span class='ocrx_word' id='word_1_643' title='bbox 625 4884 751 4937; x_wconf 91' lang='lat' dir='ltr'><strong>item</strong></span> <span class='ocrx_word' id='word_1_644' title='bbox 793 4882 1121 4952; x_wconf 77' lang='lat' dir='ltr'><strong>Augustinus</strong></span> <span class='ocrx_word' id='word_1_645' title='bbox 1152 4888 1268 4937; x_wconf 90' lang='lat' dir='ltr'><strong>loco</strong></span> <span class='ocrx_word' id='word_1_646' title='bbox 1315 4883 1403 4936; x_wconf 83' lang='lat' dir='ltr'><strong>illo</strong></span> <span class='ocrx_word' id='word_1_647' title='bbox 1432 4897 1576 4949; x_wconf 64' lang='lat' dir='ltr'><strong>saepe</strong></span> <span class='ocrx_word' id='word_1_648' title='bbox 1603 4883 1766 4937; x_wconf 88' lang='lat' dir='ltr'><strong>citato</strong></span> <span class='ocrx_word' id='word_1_649' title='bbox 1804 4883 1872 4937; x_wconf 90' lang='lat' dir='ltr'><strong>de</strong></span> 
     </span>
    </p>
   </div>
   <div class='ocr_carea' id='block_1_89' title="bbox 266 4954 1869 5022">
    <p class='ocr_par' dir='ltr' id='par_1_89' title="bbox 266 4954 1869 5022">
     <span class='ocr_line' id='line_1_90' title="bbox 266 4954 1869 5022; baseline -0.002 -9"><span class='ocrx_word' id='word_1_650' title='bbox 266 4958 531 5013; x_wconf 70' lang='lat' dir='ltr'><strong>Moribus</strong></span> <span class='ocrx_word' id='word_1_651' title='bbox 563 4954 838 5017; x_wconf 68' lang='lat' dir='ltr'><strong>Ecclesiae,</strong></span> <span class='ocrx_word' id='word_1_652' title='bbox 871 4963 1150 5022; x_wconf 83' lang='lat' dir='ltr'><strong>postquam</strong></span> <span class='ocrx_word' id='word_1_653' title='bbox 1178 4954 1246 5007; x_wconf 93' lang='lat' dir='ltr'><strong>de</strong></span> <span class='ocrx_word' id='word_1_654' title='bbox 1273 4955 1656 5008; x_wconf 86' lang='lat' dir='ltr'><strong>monachorum</strong></span> <span class='ocrx_word' id='word_1_655' title='bbox 1678 4962 1731 5006; x_wconf 89' lang='lat' dir='ltr'><strong>et</strong></span> <span class='ocrx_word' id='word_1_656' title='bbox 1758 4968 1869 5010; x_wconf 72' lang='lat' dir='ltr'><strong>ca:-</strong></span> 
     </span>
    </p>
   </div>
   <div class='ocr_carea' id='block_1_90' title="bbox 266 5023 1869 5092">
    <p class='ocr_par' dir='ltr' id='par_1_90' title="bbox 266 5023 1869 5092">
     <span class='ocr_line' id='line_1_91' title="bbox 266 5023 1869 5092; baseline -0.002 -12"><span class='ocrx_word' id='word_1_657' title='bbox 266 5032 598 5084; x_wconf 80' lang='lat' dir='ltr'><strong>nobitarum</strong></span> <span class='ocrx_word' id='word_1_658' title='bbox 627 5026 731 5077; x_wconf 91' lang='lat' dir='ltr'><strong>vita</strong></span> <span class='ocrx_word' id='word_1_659' title='bbox 768 5032 970 5092; x_wconf 78' lang='lat' dir='ltr'><strong>egerat,</strong></span> <span class='ocrx_word' id='word_1_660' title='bbox 1002 5024 1183 5077; x_wconf 90' lang='lat' dir='ltr'><strong>subdit</strong></span> <span class='ocrx_word' id='word_1_661' title='bbox 1211 5025 1407 5079; x_wconf 72' lang='lat' dir='ltr'><strong>deinde</strong></span> <span class='ocrx_word' id='word_1_662' title='bbox 1434 5024 1502 5076; x_wconf 91' lang='lat' dir='ltr'><strong>de</strong></span> <span class='ocrx_word' id='word_1_663' title='bbox 1549 5023 1869 5077; x_wconf 88' lang='lat' dir='ltr'><strong>mouialibus</strong></span> 
     </span>
    </p>
   </div>
   <div class='ocr_carea' id='block_1_91' title="bbox 262 5093 1873 5167">
    <p class='ocr_par' dir='ltr' id='par_1_91' title="bbox 262 5093 1873 5167">
     <span class='ocr_line' id='line_1_92' title="bbox 262 5093 1873 5167; baseline -0.004 -14"><span class='ocrx_word' id='word_1_664' title='bbox 262 5112 325 5153; x_wconf 69' lang='lat' dir='ltr'><strong>et</strong></span> <span class='ocrx_word' id='word_1_665' title='bbox 352 5095 687 5167; x_wconf 74' lang='lat' dir='ltr'><strong>virginibus,</strong></span> <span class='ocrx_word' id='word_1_666' title='bbox 730 5109 852 5167; x_wconf 64' lang='lat' dir='ltr'><strong>qua:</strong></span> <span class='ocrx_word' id='word_1_667' title='bbox 878 5095 1081 5167; x_wconf 84' lang='lat' dir='ltr'><strong>eisdem</strong></span> <span class='ocrx_word' id='word_1_668' title='bbox 1120 5093 1333 5167; x_wconf 76' lang='lat' dir='ltr'><strong>legibus</strong></span> <span class='ocrx_word' id='word_1_669' title='bbox 1363 5105 1418 5149; x_wconf 91' lang='lat' dir='ltr'><strong>et</strong></span> <span class='ocrx_word' id='word_1_670' title='bbox 1443 5094 1873 5167; x_wconf 9' lang='lat' dir='ltr'><strong>iustitutisgvive-</strong></span> 
     </span>
    </p>
   </div>
   <div class='ocr_carea' id='block_1_92' title="bbox 268 5163 1873 5222">
    <p class='ocr_par' dir='ltr' id='par_1_92' title="bbox 268 5163 1873 5222">
     <span class='ocr_line' id='line_1_93' title="bbox 268 5163 1873 5222; baseline -0.001 -1"><span class='ocrx_word' id='word_1_671' title='bbox 268 5163 611 5222; x_wconf 56' lang='lat' dir='ltr'><strong>tantz&#39;llzec</strong></span> <span class='ocrx_word' id='word_1_672' title='bbox 644 5174 728 5220; x_wconf 84' lang='lat' dir='ltr'><strong>est</strong></span> <span class='ocrx_word' id='word_1_673' title='bbox 754 5166 919 5218; x_wconf 88' lang='lat' dir='ltr'><strong>etiam</strong></span> <span class='ocrx_word' id='word_1_674' title='bbox 964 5164 1068 5219; x_wconf 82' lang='lat' dir='ltr'><strong>vita</strong></span> <span class='ocrx_word' id='word_1_675' title='bbox 1112 5163 1430 5219; x_wconf 88' lang='lat' dir='ltr'><strong>feminarum</strong></span> <span class='ocrx_word' id='word_1_676' title='bbox 1476 5163 1590 5219; x_wconf 89' lang='lat' dir='ltr'><strong>Deo</strong></span> <span class='ocrx_word' id='word_1_677' title='bbox 1640 5164 1873 5219; x_wconf 88' lang='lat' dir='ltr'><strong>sollicite</strong></span> 
     </span>
    </p>
   </div>
   <div class='ocr_carea' id='block_1_93' title="bbox 261 5236 1871 5308">
    <p class='ocr_par' dir='ltr' id='par_1_93' title="bbox 261 5236 1871 5308">
     <span class='ocr_line' id='line_1_94' title="bbox 261 5236 1871 5308; baseline -0.004 -14"><span class='ocrx_word' id='word_1_678' title='bbox 261 5251 549 5308; x_wconf 69' lang='lat' dir='ltr'><strong>casteque</strong></span> <span class='ocrx_word' id='word_1_679' title='bbox 574 5236 943 5299; x_wconf 88' lang='lat' dir='ltr'><strong>servientium,</strong></span> <span class='ocrx_word' id='word_1_680' title='bbox 968 5250 1090 5308; x_wconf 70' lang='lat' dir='ltr'><strong>qum</strong></span> <span class='ocrx_word' id='word_1_681' title='bbox 1114 5236 1430 5308; x_wconf 83' lang='lat' dir='ltr'><strong>habitaculis</strong></span> <span class='ocrx_word' id='word_1_682' title='bbox 1462 5245 1778 5308; x_wconf 64' lang='lat' dir='ltr'><strong>segregatas,</strong></span> <span class='ocrx_word' id='word_1_683' title='bbox 1808 5250 1871 5288; x_wconf 90' lang='lat' dir='ltr'><strong>ac</strong></span> 
     </span>
    </p>
   </div>
   <div class='ocr_carea' id='block_1_94' title="bbox 260 5306 1869 5375">
    <p class='ocr_par' dir='ltr' id='par_1_94' title="bbox 260 5306 1869 5375">
     <span class='ocr_line' id='line_1_95' title="bbox 260 5306 1869 5375; baseline -0.002 -14"><span class='ocrx_word' id='word_1_684' title='bbox 260 5306 509 5366; x_wconf 59' lang='lat' dir='ltr'><strong>remnt&#39;a-</strong></span> <span class='ocrx_word' id='word_1_685' title='bbox 543 5322 570 5360; x_wconf 83' lang='lat' dir='ltr'><strong>a</strong></span> <span class='ocrx_word' id='word_1_686' title='bbox 603 5308 764 5366; x_wconf 84' lang='lat' dir='ltr'><strong>viris,</strong></span> <span class='ocrx_word' id='word_1_687' title='bbox 797 5320 955 5374; x_wconf 91' lang='lat' dir='ltr'><strong>quam</strong></span> <span class='ocrx_word' id='word_1_688' title='bbox 1001 5307 1310 5375; x_wconf 86' lang='lat' dir='ltr'><strong>longissime</strong></span> <span class='ocrx_word' id='word_1_689' title='bbox 1336 5306 1509 5368; x_wconf 89' lang='lat' dir='ltr'><strong>decet,</strong></span> <span class='ocrx_word' id='word_1_690' title='bbox 1546 5307 1625 5373; x_wconf 77' lang='lat' dir='ltr'><strong>pia</strong></span> <span class='ocrx_word' id='word_1_691' title='bbox 1667 5315 1869 5358; x_wconf 88' lang='lat' dir='ltr'><strong>tantum</strong></span> 
     </span>
    </p>
   </div>
   <div class='ocr_carea' id='block_1_95' title="bbox 263 5375 1870 5446">
    <p class='ocr_par' dir='ltr' id='par_1_95' title="bbox 263 5375 1870 5446">
     <span class='ocr_line' id='line_1_96' title="bbox 263 5375 1870 5446; baseline -0.005 -9"><span class='ocrx_word' id='word_1_692' title='bbox 263 5386 382 5437; x_wconf 81' lang='lat' dir='ltr'><strong>illis</strong></span> <span class='ocrx_word' id='word_1_693' title='bbox 413 5380 684 5437; x_wconf 87' lang='lat' dir='ltr'><strong>charitate</strong></span> <span class='ocrx_word' id='word_1_694' title='bbox 721 5377 1037 5446; x_wconf 87' lang='lat' dir='ltr'><strong>junguntur,</strong></span> <span class='ocrx_word' id='word_1_695' title='bbox 1086 5386 1142 5431; x_wconf 91' lang='lat' dir='ltr'><strong>et</strong></span> <span class='ocrx_word' id='word_1_696' title='bbox 1183 5377 1482 5430; x_wconf 87' lang='lat' dir='ltr'><strong>imitatione</strong></span> <span class='ocrx_word' id='word_1_697' title='bbox 1521 5377 1765 5441; x_wconf 82' lang='lat' dir='ltr'><strong>virtutis;</strong></span> <span class='ocrx_word' id='word_1_698' title='bbox 1804 5375 1870 5429; x_wconf 93' lang='lat' dir='ltr'><strong>ad</strong></span> 
     </span>
    </p>
   </div>
   <div class='ocr_carea' id='block_1_96' title="bbox 260 5448 1868 5521">
    <p class='ocr_par' dir='ltr' id='par_1_96' title="bbox 260 5448 1868 5521">
     <span class='ocr_line' id='line_1_97' title="bbox 260 5448 1868 5521; baseline -0.004 -17"><span class='ocrx_word' id='word_1_699' title='bbox 260 5470 413 5521; x_wconf 69' lang='lat' dir='ltr'><strong>quas</strong></span> <span class='ocrx_word' id='word_1_700' title='bbox 443 5450 708 5521; x_wconf 74' lang='lat' dir='ltr'><strong>iuvenum</strong></span> <span class='ocrx_word' id='word_1_701' title='bbox 742 5449 922 5521; x_wconf 84' lang='lat' dir='ltr'><strong>nullus</strong></span> <span class='ocrx_word' id='word_1_702' title='bbox 960 5461 1212 5501; x_wconf 81' lang='lat' dir='ltr'><strong>accessus</strong></span> <span class='ocrx_word' id='word_1_703' title='bbox 1264 5457 1373 5521; x_wconf 86' lang='lat' dir='ltr'><strong>est,</strong></span> <span class='ocrx_word' id='word_1_704' title='bbox 1398 5462 1583 5521; x_wconf 81' lang='lat' dir='ltr'><strong>neque</strong></span> <span class='ocrx_word' id='word_1_705' title='bbox 1632 5448 1868 5514; x_wconf 82' lang='lat' dir='ltr'><strong>ipsorum</strong></span> 
     </span>
    </p>
   </div>
   <div class='ocr_carea' id='block_1_97' title="bbox 258 5519 1870 5595">
    <p class='ocr_par' dir='ltr' id='par_1_97' title="bbox 258 5519 1870 5595">
     <span class='ocr_line' id='line_1_98' title="bbox 258 5519 1870 5595; baseline -0.005 -19"><span class='ocrx_word' id='word_1_706' title='bbox 258 5519 539 5595; x_wconf 60' lang='lat' dir='ltr'><strong>quamvis</strong></span> <span class='ocrx_word' id='word_1_707' title='bbox 572 5519 1013 5595; x_wconf 77' lang='lat' dir='ltr'><strong>gravissimorum</strong></span> <span class='ocrx_word' id='word_1_708' title='bbox 1044 5528 1095 5571; x_wconf 91' lang='lat' dir='ltr'><strong>et</strong></span> <span class='ocrx_word' id='word_1_709' title='bbox 1128 5519 1621 5595; x_wconf 61' lang='lat' dir='ltr'><strong>potentissimorum</strong></span> <span class='ocrx_word' id='word_1_710' title='bbox 1649 5532 1870 5595; x_wconf 77' lang='lat' dir='ltr'><strong>senum;</strong></span> 
     </span>
    </p>
   </div>
   <div class='ocr_carea' id='block_1_98' title="bbox 259 5587 1874 5656">
    <p class='ocr_par' dir='ltr' id='par_1_98' title="bbox 259 5587 1874 5656">
     <span class='ocr_line' id='line_1_99' title="bbox 259 5587 1874 5656; baseline -0.007 -6"><span class='ocrx_word' id='word_1_711' title='bbox 259 5587 378 5651; x_wconf 72' lang='lat' dir='ltr'><strong>nisi</strong></span> <span class='ocrx_word' id='word_1_712' title='bbox 415 5587 594 5654; x_wconf 75' lang='lat' dir='ltr'><strong>usque</strong></span> <span class='ocrx_word' id='word_1_713' title='bbox 632 5592 696 5643; x_wconf 84' lang='lat' dir='ltr'><strong>ad</strong></span> <span class='ocrx_word' id='word_1_714' title='bbox 725 5588 1070 5648; x_wconf 77' lang='lat' dir='ltr'><strong>vestibulum,</strong></span> <span class='ocrx_word' id='word_1_715' title='bbox 1113 5589 1414 5643; x_wconf 84' lang='lat' dir='ltr'><strong>necessaria</strong></span> <span class='ocrx_word' id='word_1_716' title='bbox 1447 5588 1715 5655; x_wconf 74' lang='lat' dir='ltr'><strong>pra-bendi</strong></span> <span class='ocrx_word' id='word_1_717' title='bbox 1750 5587 1874 5656; x_wconf 86' lang='lat' dir='ltr'><strong>qui-</strong></span> 
     </span>
    </p>
   </div>
   <div class='ocr_carea' id='block_1_99' title="bbox 259 5658 1874 5731">
    <p class='ocr_par' dir='ltr' id='par_1_99' title="bbox 259 5658 1874 5731">
     <span class='ocr_line' id='line_1_100' title="bbox 259 5658 1874 5731; baseline -0.001 -20"><span class='ocrx_word' id='word_1_718' title='bbox 259 5668 378 5722; x_wconf 73' lang='lat' dir='ltr'><strong>bus</strong></span> <span class='ocrx_word' id='word_1_719' title='bbox 415 5662 653 5729; x_wconf 83' lang='lat' dir='ltr'><strong>indigent</strong></span> <span class='ocrx_word' id='word_1_720' title='bbox 682 5661 879 5731; x_wconf 81' lang='lat' dir='ltr'><strong>gratia.</strong></span> <span class='ocrx_word' id='word_1_721' title='bbox 914 5658 1174 5713; x_wconf 83' lang='lat' dir='ltr'><strong>Lanilicio</strong></span> <span class='ocrx_word' id='word_1_722' title='bbox 1219 5674 1450 5731; x_wconf 85' lang='lat' dir='ltr'><strong>namque</strong></span> <span class='ocrx_word' id='word_1_723' title='bbox 1487 5673 1685 5731; x_wconf 81' lang='lat' dir='ltr'><strong>corpus</strong></span> <span class='ocrx_word' id='word_1_724' title='bbox 1715 5672 1874 5712; x_wconf 85' lang='lat' dir='ltr'><strong>exer-</strong></span> 
     </span>
    </p>
   </div>
   <div class='ocr_carea' id='block_1_100' title="bbox 260 5728 1878 5803">
    <p class='ocr_par' dir='ltr' id='par_1_100' title="bbox 260 5728 1878 5803">
     <span class='ocr_line' id='line_1_101' title="bbox 260 5728 1878 5803; baseline -0.008 -9"><span class='ocrx_word' id='word_1_725' title='bbox 260 5747 412 5794; x_wconf 69' lang='lat' dir='ltr'><strong>cent</strong></span> <span class='ocrx_word' id='word_1_726' title='bbox 440 5728 601 5803; x_wconf 78' lang='lat' dir='ltr'><strong>atque</strong></span> <span class='ocrx_word' id='word_1_727' title='bbox 628 5728 956 5797; x_wconf 58' lang='lat' dir='ltr'><strong>su&#39;stentant,</strong></span> <span class='ocrx_word' id='word_1_728' title='bbox 989 5743 1271 5799; x_wconf 73' lang='lat' dir='ltr'><strong>vestesque</strong></span> <span class='ocrx_word' id='word_1_729' title='bbox 1307 5730 1447 5797; x_wconf 72' lang='lat' dir='ltr'><strong>ipsas</strong></span> <span class='ocrx_word' id='word_1_730' title='bbox 1479 5728 1734 5784; x_wconf 67' lang='lat' dir='ltr'><strong>fratribus</strong></span> <span class='ocrx_word' id='word_1_731' title='bbox 1770 5739 1878 5782; x_wconf 83' lang='lat' dir='ltr'><strong>tra-</strong></span> 
     </span>
    </p>
   </div>
   <div class='ocr_carea' id='block_1_101' title="bbox 1970 3614 3559 3684">
    <p class='ocr_par' dir='ltr' id='par_1_101' title="bbox 1970 3614 3559 3684">
     <span class='ocr_line' id='line_1_102' title="bbox 1970 3614 3559 3684; baseline 0.001 -15"><span class='ocrx_word' id='word_1_732' title='bbox 1970 3615 2131 3680; x_wconf 89' lang='lat' dir='ltr'><strong>dunt;</strong></span> <span class='ocrx_word' id='word_1_733' title='bbox 2164 3616 2232 3672; x_wconf 91' lang='lat' dir='ltr'><strong>ab</strong></span> <span class='ocrx_word' id='word_1_734' title='bbox 2276 3615 2342 3671; x_wconf 90' lang='lat' dir='ltr'><strong>iis</strong></span> <span class='ocrx_word' id='word_1_735' title='bbox 2373 3616 2600 3672; x_wconf 88' lang='lat' dir='ltr'><strong>invicem</strong></span> <span class='ocrx_word' id='word_1_736' title='bbox 2627 3614 2772 3672; x_wconf 89' lang='lat' dir='ltr'><strong>auod</strong></span> <span class='ocrx_word' id='word_1_737' title='bbox 2801 3615 2961 3669; x_wconf 84' lang='lat' dir='ltr'><strong>victui</strong></span> <span class='ocrx_word' id='word_1_738' title='bbox 2991 3630 3124 3684; x_wconf 68' lang='lat' dir='ltr'><strong>opus</strong></span> <span class='ocrx_word' id='word_1_739' title='bbox 3155 3623 3240 3669; x_wconf 84' lang='lat' dir='ltr'><strong>est</strong></span> <span class='ocrx_word' id='word_1_740' title='bbox 3282 3627 3559 3671; x_wconf 60' lang='lat' dir='ltr'><strong>resumcno</strong></span> 
     </span>
    </p>
   </div>
   <div class='ocr_carea' id='block_1_102' title="bbox 1978 3697 3558 3824">
    <p class='ocr_par' dir='ltr' id='par_1_102' title="bbox 1978 3697 3558 3824">
     <span class='ocr_line' id='line_1_103' title="bbox 1978 3697 2213 3740; baseline 0 0"><span class='ocrx_word' id='word_1_741' title='bbox 1978 3697 2057 3740; x_wconf 88' lang='lat' dir='ltr'><strong>tes</strong></span> <span class='ocrx_word' id='word_1_742' title='bbox 2108 3698 2213 3740; x_wconf 86' lang='lat' dir='ltr'><strong>etc.</strong></span> 
     </span>
     <span class='ocr_line' id='line_1_104' title="bbox 2044 3729 3558 3824; baseline -0.005 -13"><span class='ocrx_word' id='word_1_743' title='bbox 2044 3729 2078 3792; x_wconf 64' lang='lat'>&quot;</span> <span class='ocrx_word' id='word_1_744' title='bbox 2100 3756 2233 3811; x_wconf 83' lang='lat' dir='ltr'><strong>llinc</strong></span> <span class='ocrx_word' id='word_1_745' title='bbox 2256 3755 2529 3824; x_wconf 75' lang='lat' dir='ltr'><strong>colligitur</strong></span> <span class='ocrx_word' id='word_1_746' title='bbox 2556 3753 2819 3824; x_wconf 80' lang='lat' dir='ltr'><strong>moniales</strong></span> <span class='ocrx_word' id='word_1_747' title='bbox 2848 3754 2949 3814; x_wconf 80' lang='lat' dir='ltr'><strong>iam</strong></span> <span class='ocrx_word' id='word_1_748' title='bbox 2978 3764 3087 3808; x_wconf 92' lang='lat' dir='ltr'><strong>tum</strong></span> <span class='ocrx_word' id='word_1_749' title='bbox 3113 3754 3369 3810; x_wconf 82' lang='lat' dir='ltr'><strong>habuisse</strong></span> <span class='ocrx_word' id='word_1_750' title='bbox 3397 3772 3558 3824; x_wconf 86' lang='lat' dir='ltr'><strong>quos.</strong></span> 
     </span>
    </p>
   </div>
   <div class='ocr_carea' id='block_1_103' title="bbox 1972 3823 3557 3892">
    <p class='ocr_par' dir='ltr' id='par_1_103' title="bbox 1972 3823 3557 3892">
     <span class='ocr_line' id='line_1_105' title="bbox 1972 3823 3557 3892; baseline 0 -13"><span class='ocrx_word' id='word_1_751' title='bbox 1972 3826 2097 3879; x_wconf 88' lang='lat' dir='ltr'><strong>dam</strong></span> <span class='ocrx_word' id='word_1_752' title='bbox 2121 3826 2365 3885; x_wconf 80' lang='lat' dir='ltr'><strong>seniores</strong></span> <span class='ocrx_word' id='word_1_753' title='bbox 2385 3823 2480 3879; x_wconf 67' lang='lat' dir='ltr'><strong>Seu</strong></span> <span class='ocrx_word' id='word_1_754' title='bbox 2510 3824 2695 3878; x_wconf 87' lang='lat' dir='ltr'><strong>Patres</strong></span> <span class='ocrx_word' id='word_1_755' title='bbox 2721 3823 3029 3892; x_wconf 84' lang='lat' dir='ltr'><strong>spirituales</strong></span> <span class='ocrx_word' id='word_1_756' title='bbox 3053 3825 3104 3877; x_wconf 93' lang='lat' dir='ltr'><strong>iu</strong></span> <span class='ocrx_word' id='word_1_757' title='bbox 3131 3826 3384 3892; x_wconf 72' lang='lat' dir='ltr'><strong>proximo</strong></span> <span class='ocrx_word' id='word_1_758' title='bbox 3411 3823 3557 3879; x_wconf 81' lang='lat' dir='ltr'><strong>com-</strong></span> 
     </span>
    </p>
   </div>
   <div class='ocr_carea' id='block_1_104' title="bbox 1972 3894 3558 3961">
    <p class='ocr_par' dir='ltr' id='par_1_104' title="bbox 1972 3894 3558 3961">
     <span class='ocr_line' id='line_1_106' title="bbox 1972 3894 3558 3961; baseline 0.001 -13"><span class='ocrx_word' id='word_1_759' title='bbox 1972 3906 2242 3949; x_wconf 82' lang='lat' dir='ltr'><strong>morantes</strong></span> <span class='ocrx_word' id='word_1_760' title='bbox 2269 3936 2283 3959; x_wconf 92' lang='lat'><strong>,</strong></span> <span class='ocrx_word' id='word_1_761' title='bbox 2327 3910 2357 3947; x_wconf 90' lang='lat' dir='ltr'><strong>a</strong></span> <span class='ocrx_word' id='word_1_762' title='bbox 2397 3894 2593 3961; x_wconf 87' lang='lat' dir='ltr'><strong>quibus</strong></span> <span class='ocrx_word' id='word_1_763' title='bbox 2644 3894 3043 3949; x_wconf 83' lang='lat' dir='ltr'><strong>iustruerentur</strong></span> <span class='ocrx_word' id='word_1_764' title='bbox 3085 3904 3141 3950; x_wconf 89' lang='lat' dir='ltr'><strong>et</strong></span> <span class='ocrx_word' id='word_1_765' title='bbox 3167 3895 3558 3961; x_wconf 60' lang='lat' dir='ltr'><strong>dirigerentur,</strong></span> 
     </span>
    </p>
   </div>
   <div class='ocr_carea' id='block_1_105' title="bbox 1970 3962 2905 4034">
    <p class='ocr_par' dir='ltr' id='par_1_105' title="bbox 1970 3962 2905 4034">
     <span class='ocr_line' id='line_1_107' title="bbox 1970 3962 2905 4034; baseline -0.003 -15"><span class='ocrx_word' id='word_1_766' title='bbox 1970 3966 2061 4033; x_wconf 88' lang='lat' dir='ltr'><strong>qui</strong></span> <span class='ocrx_word' id='word_1_767' title='bbox 2082 3968 2242 4034; x_wconf 84' lang='lat' dir='ltr'><strong>vulgo</strong></span> <span class='ocrx_word' id='word_1_768' title='bbox 2273 3962 2593 4019; x_wconf 80' lang='lat' dir='ltr'><strong>cctifessarii</strong></span> <span class='ocrx_word' id='word_1_769' title='bbox 2626 3973 2905 4018; x_wconf 86' lang='lat' dir='ltr'><strong>vocantur.</strong></span> 
     </span>
    </p>
   </div>
   <div class='ocr_carea' id='block_1_106' title="bbox 2041 4034 3562 4097">
    <p class='ocr_par' dir='ltr' id='par_1_106' title="bbox 2041 4034 3562 4097">
     <span class='ocr_line' id='line_1_108' title="bbox 2041 4034 3562 4097; baseline 0 -8"><span class='ocrx_word' id='word_1_770' title='bbox 2041 4034 2069 4074; x_wconf 71' lang='grc' dir='ltr'>δ</span> <span class='ocrx_word' id='word_1_771' title='bbox 2091 4036 2307 4089; x_wconf 80' lang='lat' dir='ltr'><strong>Videtur</strong></span> <span class='ocrx_word' id='word_1_772' title='bbox 2323 4034 2411 4090; x_wconf 88' lang='lat' dir='ltr'><strong>hic</strong></span> <span class='ocrx_word' id='word_1_773' title='bbox 2428 4035 2736 4089; x_wconf 90' lang='lat' dir='ltr'><strong>addendum</strong></span> <span class='ocrx_word' id='word_1_774' title='bbox 2764 4036 2890 4097; x_wconf 85' lang='lat' dir='ltr'><strong>alia,</strong></span> <span class='ocrx_word' id='word_1_775' title='bbox 2917 4046 2976 4089; x_wconf 89' lang='lat' dir='ltr'><strong>ut</strong></span> <span class='ocrx_word' id='word_1_776' title='bbox 2997 4034 3068 4090; x_wconf 90' lang='lat' dir='ltr'><strong>sit</strong></span> <span class='ocrx_word' id='word_1_777' title='bbox 3090 4034 3204 4090; x_wconf 67' lang='lat' dir='ltr'><strong>haec</strong></span> <span class='ocrx_word' id='word_1_778' title='bbox 3222 4049 3365 4089; x_wconf 88' lang='lat' dir='ltr'><strong>nova</strong></span> <span class='ocrx_word' id='word_1_779' title='bbox 3393 4036 3562 4091; x_wconf 89' lang='lat' dir='ltr'><strong>sectio</strong></span> 
     </span>
    </p>
   </div>
   <div class='ocr_carea' id='block_1_107' title="bbox 1972 4104 3560 4175">
    <p class='ocr_par' dir='ltr' id='par_1_107' title="bbox 1972 4104 3560 4175">
     <span class='ocr_line' id='line_1_109' title="bbox 1972 4104 3560 4175; baseline 0.001 -14"><span class='ocrx_word' id='word_1_780' title='bbox 1972 4117 2025 4161; x_wconf 89' lang='lat' dir='ltr'><strong>et</strong></span> <span class='ocrx_word' id='word_1_781' title='bbox 2041 4121 2163 4174; x_wconf 87' lang='lat' dir='ltr'><strong>pars</strong></span> <span class='ocrx_word' id='word_1_782' title='bbox 2178 4106 2416 4175; x_wconf 69' lang='lat' dir='ltr'><strong>Regulae.</strong></span> <span class='ocrx_word' id='word_1_783' title='bbox 2434 4120 2553 4174; x_wconf 71' lang='lat' dir='ltr'><strong>qum</strong></span> <span class='ocrx_word' id='word_1_784' title='bbox 2566 4104 2631 4158; x_wconf 83' lang='lat' dir='ltr'><strong>ad</strong></span> <span class='ocrx_word' id='word_1_785' title='bbox 2651 4106 3043 4161; x_wconf 88' lang='lat' dir='ltr'><strong>eorrectionem</strong></span> <span class='ocrx_word' id='word_1_786' title='bbox 3059 4106 3316 4160; x_wconf 90' lang='lat' dir='ltr'><strong>vitiorum</strong></span> <span class='ocrx_word' id='word_1_787' title='bbox 3335 4116 3560 4171; x_wconf 88' lang='lat' dir='ltr'><strong>spectat.</strong></span> 
     </span>
    </p>
   </div>
   <div class='ocr_carea' id='block_1_108' title="bbox 2043 4176 3561 4258">
    <p class='ocr_par' dir='ltr' id='par_1_108' title="bbox 2043 4176 3561 4258">
     <span class='ocr_line' id='line_1_110' title="bbox 2043 4176 3561 4258; baseline 0.001 -27"><span class='ocrx_word' id='word_1_788' title='bbox 2043 4187 2067 4217; x_wconf 70' lang='grc' dir='ltr'>ε</span> <span class='ocrx_word' id='word_1_789' title='bbox 2096 4177 2368 4258; x_wconf 61' lang='lat' dir='ltr'><strong>{ejunium</strong></span> <span class='ocrx_word' id='word_1_790' title='bbox 2398 4178 2458 4258; x_wconf 76' lang='lat' dir='ltr'><strong>in</strong></span> <span class='ocrx_word' id='word_1_791' title='bbox 2498 4192 2637 4258; x_wconf 56' lang='lat' dir='ltr'><strong>parte</strong></span> <span class='ocrx_word' id='word_1_792' title='bbox 2679 4185 2734 4230; x_wconf 92' lang='lat' dir='ltr'><strong>et</strong></span> <span class='ocrx_word' id='word_1_793' title='bbox 2762 4192 2918 4258; x_wconf 59' lang='lat' dir='ltr'><strong>aqua,</strong></span> <span class='ocrx_word' id='word_1_794' title='bbox 2962 4176 3407 4258; x_wconf 41' lang='lat' dir='ltr'><strong>iumg‘ravioribus</strong></span> <span class='ocrx_word' id='word_1_795' title='bbox 3442 4180 3561 4233; x_wconf 84' lang='lat' dir='ltr'><strong>cul-</strong></span> 
     </span>
    </p>
   </div>
   <div class='ocr_carea' id='block_1_109' title="bbox 1972 4245 3361 4383">
    <p class='ocr_par' dir='ltr' id='par_1_109' title="bbox 1972 4245 3361 4383">
     <span class='ocr_line' id='line_1_111' title="bbox 1972 4245 3136 4318; baseline -0.002 -18"><span class='ocrx_word' id='word_1_796' title='bbox 1972 4248 2075 4318; x_wconf 89' lang='lat' dir='ltr'><strong>pis.</strong></span> <span class='ocrx_word' id='word_1_797' title='bbox 2112 4248 2185 4302; x_wconf 85' lang='lat' dir='ltr'><strong>De</strong></span> <span class='ocrx_word' id='word_1_798' title='bbox 2206 4261 2312 4315; x_wconf 88' lang='lat' dir='ltr'><strong>quo</strong></span> <span class='ocrx_word' id='word_1_799' title='bbox 2339 4248 2501 4301; x_wconf 89' lang='lat' dir='ltr'><strong>etiam</strong></span> <span class='ocrx_word' id='word_1_800' title='bbox 2526 4245 2662 4301; x_wconf 85' lang='lat' dir='ltr'><strong>infra</strong></span> <span class='ocrx_word' id='word_1_801' title='bbox 2697 4256 2800 4302; x_wconf 90' lang='lat' dir='ltr'><strong>art.</strong></span> <span class='ocrx_word' id='word_1_802' title='bbox 2829 4246 2896 4300; x_wconf 73' lang='grc' dir='ltr'><strong>δ’]</strong></span> <span class='ocrx_word' id='word_1_803' title='bbox 2925 4253 2980 4301; x_wconf 84' lang='lat' dir='ltr'><strong>et</strong></span> <span class='ocrx_word' id='word_1_804' title='bbox 3011 4248 3136 4300; x_wconf 70' lang='grc'><strong>121.</strong></span> 
     </span>
     <span class='ocr_line' id='line_1_112' title="bbox 2042 4313 3361 4383; baseline -0.002 -12"><span class='ocrx_word' id='word_1_805' title='bbox 2042 4314 2069 4355; x_wconf 72' lang='grc' dir='ltr'><em>ά</em></span> <span class='ocrx_word' id='word_1_806' title='bbox 2101 4317 2244 4371; x_wconf 84' lang='lat' dir='ltr'><strong>Idem</strong></span> <span class='ocrx_word' id='word_1_807' title='bbox 2272 4331 2435 4383; x_wconf 86' lang='lat' dir='ltr'><strong>supra</strong></span> <span class='ocrx_word' id='word_1_808' title='bbox 2463 4328 2568 4370; x_wconf 87' lang='lat' dir='ltr'><strong>art.</strong></span> <span class='ocrx_word' id='word_1_809' title='bbox 2600 4316 2743 4369; x_wconf 68' lang='grc' dir='ltr'><strong>ϐἓυι</strong></span> <span class='ocrx_word' id='word_1_810' title='bbox 2775 4317 2906 4369; x_wconf 78' lang='lat' dir='ltr'><strong>intra</strong></span> <span class='ocrx_word' id='word_1_811' title='bbox 2939 4326 3040 4371; x_wconf 92' lang='lat' dir='ltr'><strong>art.</strong></span> <span class='ocrx_word' id='word_1_812' title='bbox 3076 4313 3150 4371; x_wconf 73' lang='lat'><strong>92</strong></span> <span class='ocrx_word' id='word_1_813' title='bbox 3178 4323 3232 4369; x_wconf 91' lang='lat' dir='ltr'><strong>et</strong></span> <span class='ocrx_word' id='word_1_814' title='bbox 3271 4315 3361 4371; x_wconf 62' lang='lat'><strong>94.</strong></span> 
     </span>
    </p>
   </div>
   <div class='ocr_carea' id='block_1_110' title="bbox 2046 4385 3557 4454">
    <p class='ocr_par' dir='ltr' id='par_1_110' title="bbox 2046 4385 3557 4454">
     <span class='ocr_line' id='line_1_113' title="bbox 2046 4385 3557 4454; baseline -0.001 -12"><span class='ocrx_word' id='word_1_815' title='bbox 2046 4398 2070 4427; x_wconf 85' lang='lat'><strong><em>°</em></strong></span> <span class='ocrx_word' id='word_1_816' title='bbox 2098 4387 2397 4442; x_wconf 72' lang='lat' dir='ltr'><strong>Caluumize</strong></span> <span class='ocrx_word' id='word_1_817' title='bbox 2419 4426 2433 4452; x_wconf 96' lang='lat'><strong>,</strong></span> <span class='ocrx_word' id='word_1_818' title='bbox 2465 4401 2560 4441; x_wconf 84' lang='lat' dir='ltr'><strong>seu</strong></span> <span class='ocrx_word' id='word_1_819' title='bbox 2583 4386 2701 4440; x_wconf 84' lang='lat' dir='ltr'><strong>falsi</strong></span> <span class='ocrx_word' id='word_1_820' title='bbox 2725 4385 2964 4441; x_wconf 89' lang='lat' dir='ltr'><strong>criminis</strong></span> <span class='ocrx_word' id='word_1_821' title='bbox 3066 4401 3241 4454; x_wconf 65' lang='lat' dir='ltr'><strong>pinna</strong></span> <span class='ocrx_word' id='word_1_822' title='bbox 3267 4386 3557 4441; x_wconf 74' lang='lat' dir='ltr'><strong>calumnia-</strong></span> 
     </span>
    </p>
   </div>
   <div class='ocr_carea' id='block_1_111' title="bbox 1973 4456 3561 4524">
    <p class='ocr_par' dir='ltr' id='par_1_111' title="bbox 1973 4456 3561 4524">
     <span class='ocr_line' id='line_1_114' title="bbox 1973 4456 3561 4524; baseline 0 -12"><span class='ocrx_word' id='word_1_823' title='bbox 1973 4459 2181 4512; x_wconf 85' lang='lat' dir='ltr'><strong>toribus</strong></span> <span class='ocrx_word' id='word_1_824' title='bbox 2202 4466 2419 4511; x_wconf 77' lang='lat' dir='ltr'><strong>stntuta:</strong></span> <span class='ocrx_word' id='word_1_825' title='bbox 2440 4457 2730 4517; x_wconf 87' lang='lat' dir='ltr'><strong>obnoxius,</strong></span> <span class='ocrx_word' id='word_1_826' title='bbox 2750 4456 2821 4511; x_wconf 90' lang='lat' dir='ltr'><strong>de</strong></span> <span class='ocrx_word' id='word_1_827' title='bbox 2848 4471 2950 4524; x_wconf 87' lang='lat' dir='ltr'><strong>qua</strong></span> <span class='ocrx_word' id='word_1_828' title='bbox 2969 4462 3187 4510; x_wconf 79' lang='lat' dir='ltr'><strong>exstant</strong></span> <span class='ocrx_word' id='word_1_829' title='bbox 3209 4456 3319 4510; x_wconf 89' lang='lat' dir='ltr'><strong>duo</strong></span> <span class='ocrx_word' id='word_1_830' title='bbox 3345 4456 3561 4513; x_wconf 87' lang='lat' dir='ltr'><strong>decreta</strong></span> 
     </span>
    </p>
   </div>
   <div class='ocr_carea' id='block_1_112' title="bbox 1972 4525 3390 4594">
    <p class='ocr_par' dir='ltr' id='par_1_112' title="bbox 1972 4525 3390 4594">
     <span class='ocr_line' id='line_1_115' title="bbox 1972 4525 3390 4594; baseline -0.001 -10"><span class='ocrx_word' id='word_1_831' title='bbox 1972 4531 2064 4584; x_wconf 89' lang='lat' dir='ltr'><strong>lib.</strong></span> <span class='ocrx_word' id='word_1_832' title='bbox 2103 4544 2133 4581; x_wconf 89' lang='lat' dir='ltr'><strong>v</strong></span> <span class='ocrx_word' id='word_1_833' title='bbox 2164 4527 2553 4591; x_wconf 84' lang='lat' dir='ltr'><strong>Decretalittm,</strong></span> <span class='ocrx_word' id='word_1_834' title='bbox 2585 4527 2664 4581; x_wconf 89' lang='lat' dir='ltr'><strong>tit.</strong></span> <span class='ocrx_word' id='word_1_835' title='bbox 2694 4528 2751 4594; x_wconf 71' lang='lat'><strong>2,</strong></span> <span class='ocrx_word' id='word_1_836' title='bbox 2784 4526 2851 4580; x_wconf 93' lang='lat' dir='ltr'><strong>de</strong></span> <span class='ocrx_word' id='word_1_837' title='bbox 2873 4525 3390 4582; x_wconf 87' lang='lat' dir='ltr'><strong>Calumniatoribus.</strong></span> 
     </span>
    </p>
   </div>
   <div class='ocr_carea' id='block_1_113' title="bbox 2049 4597 3559 4655">
    <p class='ocr_par' dir='ltr' id='par_1_113' title="bbox 2049 4597 3559 4655">
     <span class='ocr_line' id='line_1_116' title="bbox 2049 4597 3559 4655; baseline -0.002 0"><span class='ocrx_word' id='word_1_838' title='bbox 2049 4597 2070 4638; x_wconf 70' lang='grc' dir='ltr'>ί</span> <span class='ocrx_word' id='word_1_839' title='bbox 2119 4598 2454 4655; x_wconf 86' lang='lat' dir='ltr'><strong>Susurrones</strong></span> <span class='ocrx_word' id='word_1_840' title='bbox 2514 4608 2568 4651; x_wconf 93' lang='lat' dir='ltr'><strong>et</strong></span> <span class='ocrx_word' id='word_1_841' title='bbox 2616 4598 2922 4651; x_wconf 85' lang='lat' dir='ltr'><strong>turbatores</strong></span> <span class='ocrx_word' id='word_1_842' title='bbox 2976 4597 3379 4652; x_wconf 85' lang='lat' dir='ltr'><strong>communitatis</strong></span> <span class='ocrx_word' id='word_1_843' title='bbox 3430 4598 3559 4652; x_wconf 89' lang='lat' dir='ltr'><strong>olim</strong></span> 
     </span>
    </p>
   </div>
   <div class='ocr_carea' id='block_1_114' title="bbox 1973 4667 3560 4738">
    <p class='ocr_par' dir='ltr' id='par_1_114' title="bbox 1973 4667 3560 4738">
     <span class='ocr_line' id='line_1_117' title="bbox 1973 4667 3560 4738; baseline 0.001 -15"><span class='ocrx_word' id='word_1_844' title='bbox 1973 4669 2297 4726; x_wconf 88' lang='lat' dir='ltr'><strong>verberibus</strong></span> <span class='ocrx_word' id='word_1_845' title='bbox 2348 4668 2784 4738; x_wconf 14' lang='lat' dir='ltr'><strong>coerciti.7Vide</strong></span> <span class='ocrx_word' id='word_1_846' title='bbox 2814 4668 3071 4738; x_wconf 75' lang='lat' dir='ltr'><strong>Itegulam</strong></span> <span class='ocrx_word' id='word_1_847' title='bbox 3118 4668 3230 4738; x_wconf 89' lang='lat' dir='ltr'><strong>divi</strong></span> <span class='ocrx_word' id='word_1_848' title='bbox 3285 4667 3560 4724; x_wconf 86' lang='lat' dir='ltr'><strong>Benedicti</strong></span> 
     </span>
    </p>
   </div>
   <div class='ocr_carea' id='block_1_115' title="bbox 1974 4737 3299 4808">
    <p class='ocr_par' dir='ltr' id='par_1_115' title="bbox 1974 4737 3299 4808">
     <span class='ocr_line' id='line_1_118' title="bbox 1974 4737 3299 4808; baseline -0.005 -12"><span class='ocrx_word' id='word_1_849' title='bbox 1974 4756 2093 4808; x_wconf 89' lang='lat' dir='ltr'><strong>cap.</strong></span> <span class='ocrx_word' id='word_1_850' title='bbox 2127 4740 2200 4795; x_wconf 63' lang='lat'><strong>95</strong></span> <span class='ocrx_word' id='word_1_851' title='bbox 2230 4749 2280 4794; x_wconf 88' lang='lat' dir='ltr'><strong>ct</strong></span> <span class='ocrx_word' id='word_1_852' title='bbox 2310 4739 2403 4799; x_wconf 71' lang='lat'><strong>9.8,</strong></span> <span class='ocrx_word' id='word_1_853' title='bbox 2440 4748 2559 4807; x_wconf 93' lang='lat' dir='ltr'><strong>post</strong></span> <span class='ocrx_word' id='word_1_854' title='bbox 2589 4737 3021 4793; x_wconf 70' lang='lat' dir='ltr'><strong>Cassianuurlib.</strong></span> <span class='ocrx_word' id='word_1_855' title='bbox 3057 4754 3108 4793; x_wconf 86' lang='lat' dir='ltr'><strong>tv</strong></span> <span class='ocrx_word' id='word_1_856' title='bbox 3133 4754 3184 4793; x_wconf 89' lang='lat' dir='ltr'><strong>e.</strong></span> <span class='ocrx_word' id='word_1_857' title='bbox 3210 4737 3299 4792; x_wconf 80' lang='grc'><strong>16.</strong></span> 
     </span>
    </p>
   </div>
   <div class='ocr_carea' id='block_1_116' title="bbox 2050 4808 3565 4875">
    <p class='ocr_par' dir='ltr' id='par_1_116' title="bbox 2050 4808 3565 4875">
     <span class='ocr_line' id='line_1_119' title="bbox 2050 4808 3565 4875; baseline 0 -12"><span class='ocrx_word' id='word_1_858' title='bbox 2050 4820 2074 4859; x_wconf 79' lang='lat'><strong>8</strong></span> <span class='ocrx_word' id='word_1_859' title='bbox 2106 4811 2238 4865; x_wconf 90' lang='lat' dir='ltr'><strong>Puto</strong></span> <span class='ocrx_word' id='word_1_860' title='bbox 2279 4825 2404 4863; x_wconf 86' lang='lat' dir='ltr'><strong>esse</strong></span> <span class='ocrx_word' id='word_1_861' title='bbox 2462 4810 2676 4863; x_wconf 82' lang='lat' dir='ltr'><strong>ablativi</strong></span> <span class='ocrx_word' id='word_1_862' title='bbox 2727 4824 2917 4875; x_wconf 87' lang='lat' dir='ltr'><strong>casus,</strong></span> <span class='ocrx_word' id='word_1_863' title='bbox 2944 4825 3053 4864; x_wconf 90' lang='lat' dir='ltr'><strong>non</strong></span> <span class='ocrx_word' id='word_1_864' title='bbox 3109 4808 3465 4873; x_wconf 85' lang='lat' dir='ltr'><strong>nominativi;</strong></span> <span class='ocrx_word' id='word_1_865' title='bbox 3509 4820 3565 4863; x_wconf 80' lang='lat' dir='ltr'><strong>et</strong></span> 
     </span>
    </p>
   </div>
   <div class='ocr_carea' id='block_1_117' title="bbox 1976 4879 3561 4952">
    <p class='ocr_par' dir='ltr' id='par_1_117' title="bbox 1976 4879 3561 4952">
     <span class='ocr_line' id='line_1_120' title="bbox 1976 4879 3561 4952; baseline -0.001 -18"><span class='ocrx_word' id='word_1_866' title='bbox 1976 4880 2403 4937; x_wconf 86' lang='lat' dir='ltr'><strong>subaudiendum</strong></span> <span class='ocrx_word' id='word_1_867' title='bbox 2430 4879 2721 4933; x_wconf 78' lang='lat' dir='ltr'><strong>uerberibus</strong></span> <span class='ocrx_word' id='word_1_868' title='bbox 2750 4882 2865 4952; x_wconf 83' lang='lat' dir='ltr'><strong>sive</strong></span> <span class='ocrx_word' id='word_1_869' title='bbox 2899 4881 3091 4952; x_wconf 81' lang='lat' dir='ltr'><strong>plagis.</strong></span> <span class='ocrx_word' id='word_1_870' title='bbox 3130 4879 3388 4952; x_wconf 85' lang='lat' dir='ltr'><strong>Videntur</strong></span> <span class='ocrx_word' id='word_1_871' title='bbox 3416 4882 3561 4934; x_wconf 90' lang='lat' dir='ltr'><strong>enim</strong></span> 
     </span>
    </p>
   </div>
   <div class='ocr_carea' id='block_1_118' title="bbox 1975 4950 3562 5019">
    <p class='ocr_par' dir='ltr' id='par_1_118' title="bbox 1975 4950 3562 5019">
     <span class='ocr_line' id='line_1_121' title="bbox 1975 4950 3562 5019; baseline -0.001 -14"><span class='ocrx_word' id='word_1_872' title='bbox 1975 4963 2250 5019; x_wconf 82' lang='lat' dir='ltr'><strong>Spectasse</strong></span> <span class='ocrx_word' id='word_1_873' title='bbox 2276 4952 2581 5017; x_wconf 90' lang='lat' dir='ltr'><strong>exemplum</strong></span> <span class='ocrx_word' id='word_1_874' title='bbox 2606 4953 2644 5002; x_wconf 77' lang='grc' dir='ltr'><strong>Α</strong></span> <span class='ocrx_word' id='word_1_875' title='bbox 2657 4950 2874 5019; x_wconf 89' lang='lat' dir='ltr'><strong>postoli,</strong></span> <span class='ocrx_word' id='word_1_876' title='bbox 2900 4950 3071 5019; x_wconf 62' lang='lat' dir='ltr'><strong>qui&#39;se</strong></span> <span class='ocrx_word' id='word_1_877' title='bbox 3100 4951 3379 5018; x_wconf 79' lang='lat' dir='ltr'><strong>proﬁtetur</strong></span> <span class='ocrx_word' id='word_1_878' title='bbox 3407 4952 3562 5017; x_wconf 89' lang='lat' dir='ltr'><strong>quin-</strong></span> 
     </span>
    </p>
   </div>
   <div class='ocr_carea' id='block_1_119' title="bbox 1976 5020 3558 5094">
    <p class='ocr_par' dir='ltr' id='par_1_119' title="bbox 1976 5020 3558 5094">
     <span class='ocr_line' id='line_1_122' title="bbox 1976 5020 3558 5094; baseline -0.001 -18"><span class='ocrx_word' id='word_1_879' title='bbox 1976 5026 2130 5094; x_wconf 86' lang='lat' dir='ltr'><strong>quies</strong></span> <span class='ocrx_word' id='word_1_880' title='bbox 2151 5020 2545 5094; x_wconf 69' lang='lat' dir='ltr'><strong>quadrageuas,</strong></span> <span class='ocrx_word' id='word_1_881' title='bbox 2571 5036 2673 5094; x_wconf 77' lang='lat' dir='ltr'><strong>una</strong></span> <span class='ocrx_word' id='word_1_882' title='bbox 2702 5021 2901 5094; x_wconf 41' lang='lat' dir='ltr'><strong>minus,</strong></span> <span class='ocrx_word' id='word_1_883' title='bbox 2920 5020 2972 5075; x_wconf 89' lang='lat' dir='ltr'><strong>id</strong></span> <span class='ocrx_word' id='word_1_884' title='bbox 2992 5031 3096 5094; x_wconf 73' lang='lat' dir='ltr'><strong>est,</strong></span> <span class='ocrx_word' id='word_1_885' title='bbox 3123 5020 3337 5094; x_wconf 72' lang='lat' dir='ltr'><strong>triginta</strong></span> <span class='ocrx_word' id='word_1_886' title='bbox 3361 5035 3558 5094; x_wconf 84' lang='lat' dir='ltr'><strong>novem</strong></span> 
     </span>
    </p>
   </div>
   <div class='ocr_carea' id='block_1_120' title="bbox 1978 5088 3599 5161">
    <p class='ocr_par' dir='ltr' id='par_1_120' title="bbox 1978 5088 3599 5161">
     <span class='ocr_line' id='line_1_123' title="bbox 1978 5088 3599 5161; baseline -0.001 -16"><span class='ocrx_word' id='word_1_887' title='bbox 1978 5088 2218 5161; x_wconf 27' lang='lat' dir='ltr'><strong>plagas‘a</strong></span> <span class='ocrx_word' id='word_1_888' title='bbox 2240 5088 2438 5145; x_wconf 71' lang='lat' dir='ltr'><strong>Judzeis</strong></span> <span class='ocrx_word' id='word_1_889' title='bbox 2465 5089 2741 5161; x_wconf 85' lang='lat' dir='ltr'><strong>accepisse</strong></span> <span class='ocrx_word' id='word_1_890' title='bbox 2765 5090 2831 5161; x_wconf 88' lang='lat' dir='ltr'><strong>(Il</strong></span> <span class='ocrx_word' id='word_1_891' title='bbox 2858 5090 2976 5145; x_wconf 88' lang='lat' dir='ltr'><strong>Cor.</strong></span> <span class='ocrx_word' id='word_1_892' title='bbox 3007 5088 3393 5161; x_wconf 14' lang='lat' dir='ltr'><strong>xt)&#39;.gQuorsum</strong></span> <span class='ocrx_word' id='word_1_893' title='bbox 3418 5090 3599 5144; x_wconf 81' lang='lat' dir='ltr'><strong>enim‘</strong></span> 
     </span>
    </p>
   </div>
   <div class='ocr_carea' id='block_1_121' title="bbox 1978 5159 3563 5232">
    <p class='ocr_par' dir='ltr' id='par_1_121' title="bbox 1978 5159 3563 5232">
     <span class='ocr_line' id='line_1_124' title="bbox 1978 5159 3563 5232; baseline -0.001 -17"><span class='ocrx_word' id='word_1_894' title='bbox 1978 5159 2190 5232; x_wconf 77' lang='lat' dir='ltr'><strong>triginta</strong></span> <span class='ocrx_word' id='word_1_895' title='bbox 2222 5175 2413 5232; x_wconf 85' lang='lat' dir='ltr'><strong>novem</strong></span> <span class='ocrx_word' id='word_1_896' title='bbox 2439 5160 2689 5216; x_wconf 86' lang='lat' dir='ltr'><strong>monachi</strong></span> <span class='ocrx_word' id='word_1_897' title='bbox 2719 5159 2786 5215; x_wconf 89' lang='lat' dir='ltr'><strong>ad</strong></span> <span class='ocrx_word' id='word_1_898' title='bbox 2818 5177 2982 5216; x_wconf 91' lang='lat' dir='ltr'><strong>unum</strong></span> <span class='ocrx_word' id='word_1_899' title='bbox 3010 5159 3406 5232; x_wconf 78' lang='lat' dir='ltr'><strong>verberandum</strong></span> <span class='ocrx_word' id='word_1_900' title='bbox 3435 5175 3563 5214; x_wconf 84' lang='lat' dir='ltr'><strong>cou-</strong></span> 
     </span>
    </p>
   </div>
   <div class='ocr_carea' id='block_1_122' title="bbox 1975 5230 3473 5299">
    <p class='ocr_par' dir='ltr' id='par_1_122' title="bbox 1975 5230 3473 5299">
     <span class='ocr_line' id='line_1_125' title="bbox 1975 5230 3473 5299; baseline -0.003 -11"><span class='ocrx_word' id='word_1_901' title='bbox 1975 5230 2278 5288; x_wconf 72' lang='lat' dir='ltr'><strong>currisseut</strong></span> <span class='ocrx_word' id='word_1_902' title='bbox 2301 5232 2326 5285; x_wconf 82' lang='lat'><strong>?</strong></span> <span class='ocrx_word' id='word_1_903' title='bbox 2353 5231 2554 5289; x_wconf 86' lang='lat' dir='ltr'><strong>Eadem</strong></span> <span class='ocrx_word' id='word_1_904' title='bbox 2584 5247 2735 5299; x_wconf 66' lang='lat' dir='ltr'><strong>paena</strong></span> <span class='ocrx_word' id='word_1_905' title='bbox 2761 5232 3018 5285; x_wconf 88' lang='lat' dir='ltr'><strong>statuitur</strong></span> <span class='ocrx_word' id='word_1_906' title='bbox 3042 5230 3177 5284; x_wconf 88' lang='lat' dir='ltr'><strong>infra</strong></span> <span class='ocrx_word' id='word_1_907' title='bbox 3208 5238 3311 5283; x_wconf 87' lang='lat' dir='ltr'><strong>art.</strong></span> <span class='ocrx_word' id='word_1_908' title='bbox 3350 5230 3473 5287; x_wconf 67' lang='lat' dir='ltr'><strong>ﬁt.</strong></span> 
     </span>
    </p>
   </div>
   <div class='ocr_carea' id='block_1_123' title="bbox 2050 5300 3564 5370">
    <p class='ocr_par' dir='ltr' id='par_1_123' title="bbox 2050 5300 3564 5370">
     <span class='ocr_line' id='line_1_126' title="bbox 2050 5300 3564 5370; baseline -0.003 -15"><span class='ocrx_word' id='word_1_909' title='bbox 2050 5304 2078 5339; x_wconf 67' lang='grc' dir='ltr'><strong>υ</strong></span> <span class='ocrx_word' id='word_1_910' title='bbox 2106 5303 2303 5357; x_wconf 89' lang='lat' dir='ltr'><strong>Vitium</strong></span> <span class='ocrx_word' id='word_1_911' title='bbox 2354 5302 2795 5357; x_wconf 86' lang='lat' dir='ltr'><strong>murmurationis</strong></span> <span class='ocrx_word' id='word_1_912' title='bbox 2831 5300 2959 5357; x_wconf 89' lang='lat' dir='ltr'><strong>olim</strong></span> <span class='ocrx_word' id='word_1_913' title='bbox 2998 5301 3243 5370; x_wconf 85' lang='lat' dir='ltr'><strong>graviter</strong></span> <span class='ocrx_word' id='word_1_914' title='bbox 3272 5301 3411 5354; x_wconf 87' lang='lat' dir='ltr'><strong>inter</strong></span> <span class='ocrx_word' id='word_1_915' title='bbox 3451 5316 3564 5356; x_wconf 82' lang='lat' dir='ltr'><strong>tuo.</strong></span> 
     </span>
    </p>
   </div>
   <div class='ocr_carea' id='block_1_124' title="bbox 1983 5370 3563 5443">
    <p class='ocr_par' dir='ltr' id='par_1_124' title="bbox 1983 5370 3563 5443">
     <span class='ocr_line' id='line_1_127' title="bbox 1983 5370 3563 5443; baseline -0.001 -16"><span class='ocrx_word' id='word_1_916' title='bbox 1983 5372 2184 5427; x_wconf 87' lang='lat' dir='ltr'><strong>nachos</strong></span> <span class='ocrx_word' id='word_1_917' title='bbox 2216 5373 2479 5441; x_wconf 89' lang='lat' dir='ltr'><strong>punitum.</strong></span> <span class='ocrx_word' id='word_1_918' title='bbox 2538 5374 2613 5426; x_wconf 88' lang='lat' dir='ltr'><strong>De</strong></span> <span class='ocrx_word' id='word_1_919' title='bbox 2666 5387 2775 5443; x_wconf 89' lang='lat' dir='ltr'><strong>quo</strong></span> <span class='ocrx_word' id='word_1_920' title='bbox 2828 5373 3121 5428; x_wconf 88' lang='lat' dir='ltr'><strong>Cassianus</strong></span> <span class='ocrx_word' id='word_1_921' title='bbox 3154 5370 3247 5425; x_wconf 91' lang='lat' dir='ltr'><strong>lib.</strong></span> <span class='ocrx_word' id='word_1_922' title='bbox 3275 5386 3327 5426; x_wconf 88' lang='lat' dir='ltr'><strong>tv</strong></span> <span class='ocrx_word' id='word_1_923' title='bbox 3367 5384 3415 5427; x_wconf 91' lang='lat' dir='ltr'><strong>c.</strong></span> <span class='ocrx_word' id='word_1_924' title='bbox 3450 5372 3483 5427; x_wconf 84' lang='lat'><strong><em>6</em></strong></span> <span class='ocrx_word' id='word_1_925' title='bbox 3512 5378 3563 5426; x_wconf 91' lang='lat' dir='ltr'><strong>et</strong></span> 
     </span>
    </p>
   </div>
   <div class='ocr_carea' id='block_1_125' title="bbox 1984 5444 3566 5511">
    <p class='ocr_par' dir='ltr' id='par_1_125' title="bbox 1984 5444 3566 5511">
     <span class='ocr_line' id='line_1_128' title="bbox 1984 5444 3566 5511; baseline -0.001 -13"><span class='ocrx_word' id='word_1_926' title='bbox 1984 5444 2046 5498; x_wconf 92' lang='lat' dir='ltr'><strong>D.</strong></span> <span class='ocrx_word' id='word_1_927' title='bbox 2076 5445 2390 5499; x_wconf 84' lang='lat' dir='ltr'><strong>Benedictus</strong></span> <span class='ocrx_word' id='word_1_928' title='bbox 2410 5454 2519 5497; x_wconf 90' lang='lat' dir='ltr'><strong>tum</strong></span> <span class='ocrx_word' id='word_1_929' title='bbox 2534 5444 2667 5497; x_wconf 89' lang='lat' dir='ltr'><strong>alias</strong></span> <span class='ocrx_word' id='word_1_930' title='bbox 2691 5457 2859 5511; x_wconf 69' lang='lat' dir='ltr'><strong>saepe,</strong></span> <span class='ocrx_word' id='word_1_931' title='bbox 2884 5453 2992 5495; x_wconf 89' lang='lat' dir='ltr'><strong>tum</strong></span> <span class='ocrx_word' id='word_1_932' title='bbox 3025 5444 3291 5510; x_wconf 67' lang='lat' dir='ltr'><strong>praecipue</strong></span> <span class='ocrx_word' id='word_1_933' title='bbox 3312 5456 3434 5510; x_wconf 90' lang='lat' dir='ltr'><strong>cap.</strong></span> <span class='ocrx_word' id='word_1_934' title='bbox 3464 5444 3566 5498; x_wconf 62' lang='lat' dir='ltr'><strong>3t:</strong></span> 
     </span>
    </p>
   </div>
   <div class='ocr_carea' id='block_1_126' title="bbox 1977 5512 3563 5585">
    <p class='ocr_par' dir='ltr' id='par_1_126' title="bbox 1977 5512 3563 5585">
     <span class='ocr_line' id='line_1_129' title="bbox 1977 5512 3563 5585; baseline -0.004 -16"><span class='ocrx_word' id='word_1_935' title='bbox 1977 5514 2108 5569; x_wconf 80' lang='lat' dir='ltr'><strong>Ante</strong></span> <span class='ocrx_word' id='word_1_936' title='bbox 2130 5515 2320 5578; x_wconf 82' lang='lat' dir='ltr'><strong>omnia,</strong></span> <span class='ocrx_word' id='word_1_937' title='bbox 2349 5513 2539 5585; x_wconf 89' lang='lat' dir='ltr'><strong>inquit,</strong></span> <span class='ocrx_word' id='word_1_938' title='bbox 2568 5529 2630 5569; x_wconf 83' lang='lat' dir='ltr'><strong>ne</strong></span> <span class='ocrx_word' id='word_1_939' title='bbox 2656 5512 3077 5585; x_wconf 69' lang='lat' dir='ltr'><strong>murmurationis</strong></span> <span class='ocrx_word' id='word_1_940' title='bbox 3109 5513 3304 5585; x_wconf 74' lang='lat' dir='ltr'><strong>malunt</strong></span> <span class='ocrx_word' id='word_1_941' title='bbox 3326 5529 3417 5582; x_wconf 87' lang='lat' dir='ltr'><strong>pro</strong></span> <span class='ocrx_word' id='word_1_942' title='bbox 3437 5528 3563 5585; x_wconf 75' lang='lat' dir='ltr'><strong>qua-</strong></span> 
     </span>
    </p>
   </div>
   <div class='ocr_carea' id='block_1_127' title="bbox 1978 5581 3563 5655">
    <p class='ocr_par' dir='ltr' id='par_1_127' title="bbox 1978 5581 3563 5655">
     <span class='ocr_line' id='line_1_130' title="bbox 1978 5581 3563 5655; baseline -0.003 -15"><span class='ocrx_word' id='word_1_943' title='bbox 1978 5586 2233 5655; x_wconf 80' lang='lat' dir='ltr'><strong>licumque</strong></span> <span class='ocrx_word' id='word_1_944' title='bbox 2263 5581 2452 5648; x_wconf 49' lang='lat' dir='ltr'><strong>causa}</strong></span> <span class='ocrx_word' id='word_1_945' title='bbox 2495 5585 2548 5637; x_wconf 82' lang='lat' dir='ltr'><strong>in</strong></span> <span class='ocrx_word' id='word_1_946' title='bbox 2598 5585 2770 5654; x_wconf 81' lang='lat' dir='ltr'><strong>aliqua</strong></span> <span class='ocrx_word' id='word_1_947' title='bbox 2804 5581 3162 5653; x_wconf 75' lang='lat' dir='ltr'><strong>qualicumque</strong></span> <span class='ocrx_word' id='word_1_948' title='bbox 3200 5581 3350 5637; x_wconf 78' lang='lat' dir='ltr'><strong>verba</strong></span> <span class='ocrx_word' id='word_1_949' title='bbox 3380 5590 3454 5640; x_wconf 81' lang='lat' dir='ltr'><strong>vel</strong></span> <span class='ocrx_word' id='word_1_950' title='bbox 3491 5582 3563 5636; x_wconf 76' lang='lat' dir='ltr'><strong>si-</strong></span> 
     </span>
    </p>
   </div>
   <div class='ocr_carea' id='block_1_128' title="bbox 1980 5656 3035 5731">
    <p class='ocr_par' dir='ltr' id='par_1_128' title="bbox 1980 5656 3035 5731">
     <span class='ocr_line' id='line_1_131' title="bbox 1980 5656 3035 5731; baseline -0.005 -21"><span class='ocrx_word' id='word_1_951' title='bbox 1980 5656 2314 5731; x_wconf 59' lang='lat' dir='ltr'><strong>gniﬁcatione</strong></span> <span class='ocrx_word' id='word_1_952' title='bbox 2343 5664 2610 5731; x_wconf 82' lang='lat' dir='ltr'><strong>appareat.</strong></span> <span class='ocrx_word' id='word_1_953' title='bbox 2707 5722 2773 5731; x_wconf 46' lang='grc' dir='ltr'><strong>Α-</strong></span> <span class='ocrx_word' id='word_1_954' title='bbox 2884 5722 2950 5731; x_wconf 50' lang='grc' dir='ltr'><strong>υ</strong></span> <span class='ocrx_word' id='word_1_955' title='bbox 3023 5665 3035 5677; x_wconf 88' lang='grc'><strong>·</strong></span> 
     </span>
    </p>
   </div>
   <div class='ocr_carea' id='block_1_129' title="bbox 2061 5722 2971 5790">
    <p class='ocr_par' dir='ltr' id='par_1_129' title="bbox 2061 5722 2971 5790">
     <span class='ocr_line' id='line_1_132' title="bbox 2061 5722 2971 5790; baseline -0.002 -9"><span class='ocrx_word' id='word_1_956' title='bbox 2061 5727 2074 5764; x_wconf 72' lang='grc' dir='ltr'><strong>ί</strong></span> <span class='ocrx_word' id='word_1_957' title='bbox 2111 5727 2171 5781; x_wconf 82' lang='grc' dir='ltr'><strong>υ.</strong></span> <span class='ocrx_word' id='word_1_958' title='bbox 2205 5726 2522 5780; x_wconf 70' lang='lat' dir='ltr'><strong>Benedictus</strong></span> <span class='ocrx_word' id='word_1_959' title='bbox 2554 5742 2672 5790; x_wconf 70' lang='lat' dir='ltr'><strong>cap.</strong></span> <span class='ocrx_word' id='word_1_960' title='bbox 2704 5722 2774 5776; x_wconf 69' lang='lat'><strong>23</strong></span> <span class='ocrx_word' id='word_1_961' title='bbox 2800 5734 2853 5779; x_wconf 85' lang='lat' dir='ltr'><strong>ct</strong></span> <span class='ocrx_word' id='word_1_962' title='bbox 2882 5722 2971 5779; x_wconf 69' lang='grc' dir='ltr'><strong>ΞΒ.</strong></span> 
     </span>
    </p>
   </div>
  </div>
