4016 6192
476 346 585 403 295

1509 342 1598 398 AD
1635 342 1862 399 OPERA
1900 341 1950 398 J.
1992 342 2308 399 CASSIANI
2348 340 2705 398 APPENDIX.

3646 318 3757 391 eos

476 466 657 515 autem
687 456 876 512 audire
905 454 1157 521 noluerit,
1189 455 1501 510 monasterii
1528 454 1732 524 legibus
1763 454 2061 525 increpabi-
2090 465 2135 520 Α
2165 465 2221 512 et
2248 456 2378 524 otio,
2425 466 2478 511 et
2509 454 2742 525 correpti
2772 464 2878 507 non
2917 450 3189 521 potuerint
3231 448 3506 506 emendari
3531 492 3546 515 ,
3596 449 3757 505 debet

480 561 586 606 tur.
638 548 788 615 Quod
813 548 859 601 sl
885 546 1108 601 alterius
1127 546 1286 616 culpa
1316 544 1381 602 ad
1413 545 1527 601 haec
1579 548 1706 602 vitia
1738 547 2061 613 devolvitur,

476 652 535 698 et
560 642 661 696 hoc
679 640 836 695 fuerit
854 639 1284 710 comprobatum,
1307 638 1398 696 ille
1415 641 1508 711 qui
1533 654 1695 696 causa
1715 640 1920 695 exstitit
1940 654 2065 695 reus

478 734 583 790 erit
608 732 850 787 ultionis.

551 824 658 878 XC.
708 822 767 879 Si
800 822 1170 892 deprehensus
1199 822 1360 878 fuerit
1403 822 1596 893 aliquis
1646 823 1716 880 de
1755 822 2007 878 fratribus
2036 831 2061 860 ι

482 915 709 968 libenter
728 927 856 967 cum
887 913 1068 984 pueris
1096 914 1294 981 ridere,
1323 923 1377 968 et
1408 913 1616 980 ludere,
1635 924 1690 970 et
1711 914 1907 969 habere
1935 913 2066 969 ami-

475 1008 629 1060 citias
671 1005 849 1060 aetatis
877 1004 1134 1071 inﬁrmae,
1168 1007 1329 1061 tertio
1358 1008 1790 1063 contmouebitttr
1818 1016 1878 1063 ut
1910 1021 2060 1063 rece-

476 1101 565 1152 dat
595 1100 661 1153 ab
688 1114 873 1154 enimn
908 1099 1327 1167 necessitudine,
1354 1109 1410 1154 et
1442 1114 1649 1155 memor
1673 1101 1741 1155 sit
1766 1101 2064 1156 honestatis

475 1206 539 1248 ac
569 1191 778 1246 timoris
801 1190 919 1246 Dei.
955 1191 1010 1247 Si
1042 1206 1147 1246 non
1173 1193 1470 1247 cessaverit
1489 1233 1504 1258 ,
1529 1193 1868 1263 corripietur,
1900 1201 1960 1247 ut
1982 1192 2065 1248 di-

473 1297 611 1352 gnus
637 1292 740 1349 est,
771 1280 1119 1351 correptione
1147 1281 1515 1337 cherissima.

547 1371 680 1427 XCI.
725 1372 826 1440 Qui
855 1380 1209 1428 contemnunt
1256 1382 1525 1443 praecepta
1558 1372 1821 1443 majorum
1885 1381 1941 1429 ct
1980 1391 2066 1431 re-

474 1464 627 1533 gulas
651 1464 989 1532 monasterii,
1021 1479 1141 1534 quae
1166 1463 1265 1519 Dei
1290 1474 1560 1534 praecepto
1584 1465 1893 1520 constituta:
1914 1473 2059 1535 sunt,

473 1568 528 1611 et
554 1556 949 1625 parvipendunt
973 1556 1248 1610 seniorqu
1283 1555 1529 1620 consilia,
1556 1554 1918 1625 eoi-ripientur
1942 1556 2064 1625 jux-

474 1657 527 1702 ta
554 1649 801 1704 ordinem
834 1649 1208 1711 constitutum,
1239 1646 1412 1702 donec
1437 1646 1796 1716 corrigantur.

548 1742 705 1799 XCII.
729 1741 755 1782 ιι
775 1742 876 1811 Qui
895 1742 1060 1812 iudex
1093 1751 1177 1796 est
1202 1741 1440 1796 omnium
1471 1751 1834 1811 peccatorum,
1858 1738 2060 1811 et'pcr-

2170 548 2491 619 prteposltus
2521 561 2691 618 usque
2719 544 2784 600 ad
2827 544 2943 600 dics
2971 543 3187 616 triginta
3225 543 3339 613 ipse
3385 557 3482 599 eos
3535 558 3758 599 monere

2167 653 2223 701 et
2238 647 2532 714 corripere.
2554 644 2609 700 Si
2640 643 2830 699 viderit
2857 643 2913 697 in
2936 639 3204 711 pravitate
3231 640 3542 710 persistere,
3568 648 3751 694 etnon

2171 738 2502 793 nuntiaverit
2546 736 2694 793 Patri
2725 734 3041 791 monasterii
3068 774 3082 796 .
3134 743 3190 790 et
3222 733 3440 804 aliquod
3473 742 3751 803 peccatum

2168 828 2223 884 in
2246 829 2325 884 eis
2357 828 2518 883 fuerit
2538 828 2961 895 deprehensum,
2993 826 3107 896 ipse
3131 840 3226 895 pro
3251 826 3332 880 eis
3359 823 3532 893 culpae
3563 824 3746 894 subia-

2167 920 2333 982 cebit.
2359 920 2511 990 juxta
2540 918 2679 989 quod
2713 930 2988 990 peccatum
3022 917 3182 972 fuerit
3205 906 3503 971 inventum.

2236 1009 2445 1066 XCVII.
2476 1011 2675 1066 Omnes
2703 1020 2880 1065 autem
2911 1006 3058 1078 pueri
3091 1010 3180 1077 qui
3227 1024 3332 1063 non
3383 1008 3575 1061 timent
3618 1020 3749 1062 con-

2167 1103 2316 1158 Iundi
2343 1114 2440 1173 pro
2470 1112 2708 1171 peccato,
2744 1111 2798 1157 et
2829 1115 2923 1171 per
2952 1098 3337 1169 impudentiam
3358 1097 3620 1168 judicium
3652 1097 3748 1154 Dei

2166 1212 2273 1251 non
2310 1195 2568 1265 cogitant,
2617 1202 2673 1250 et
2702 1194 2937 1261 correpti
2965 1192 3133 1247 verbo
3164 1205 3269 1246 non
3318 1190 3747 1247 emendaverint.

2163 1288 2524 1346 verberantur
2579 1285 2835 1358 quamdiu
2896 1284 3237 1355 disciplinam
3277 1283 3546 1352 accipiant
3586 1291 3645 1337 et
3685 1283 3750 1337 ti-

2166 1396 2395 1437 morem.

2237 1472 2466 1530 XCVIII.
2500 1472 2600 1541 Qui
2630 1471 2831 1541 injuste
2853 1469 3201 1541 iudicaverit,
3227 1469 3370 1539 iuste
3387 1468 3456 1525 ab
3480 1467 3596 1525 alIis
3616 1480 3744 1525 con-

2164 1563 2523 1620 damnabitur.

2239 1653 2423 1711 XCIX.
2469 1653 2490 1693 ί
2539 1653 2641 1722 Qui
2688 1652 2955 1709 consentit
2986 1651 3363 1723 peccantibus,
3405 1661 3461 1708 et
3510 1650 3752 1710 defendit

2165 1748 2330 1803 alium
2370 1747 2769 1818 delinqm-ntem
2795 1786 2813 1813 ,
2844 1745 3162 1801 maledit-tus
3198 1744 3301 1800 erit
3326 1743 3466 1821 apud
3499 1743 3664 1799 Deum
3695 1757 3752 1801 et

476 1835 730 1891 versitate
754 1836 952 1889 mentis
979 1847 1043 1889 ac
1073 1832 1395 1903 negligentia
1418 1832 1704 1901 reliquerit
1745 1834 2057 1898 veritatem,
2092 1851 2137 1911 Β
2165 1841 2414 1895 homines
2438 1881 2452 1903 ,
2493 1848 2547 1894 et
2589 1838 2913 1907 corripiatur
2954 1836 3325 1907 increpatione
3372 1834 3746 1890 severissima.

476 1933 656 2002 viginti
683 1933 782 1987 viri
813 1931 983 1986 sancti
1010 1942 1059 1986 et
1087 1932 1340 1985 timentes
1364 1929 1558 1993 Deum,
1589 1929 1703 1983 sive
1739 1926 1926 1983 decem
1946 1968 1961 1992 ,
2004 1938 2058 1983 et

477 2041 648 2098 usque
677 2024 742 2080 ad
775 2025 1007 2095 quinque
1028 2065 1042 2090 ,
1090 2023 1159 2078 de
1187 2023 1381 2093 quibus
1409 2036 1599 2077 omnes
1637 2020 1770 2075 dent
1816 2021 2058 2075 testimo-

477 2117 648 2182 nium,
673 2115 941 2171 sedcbunt
966 2112 1353 2183 etjudieabunt
1381 2128 1506 2167 eum
1533 2154 1549 2179 ,
1592 2120 1651 2167 et
1686 2108 2060 2180 degradabunt

485 2209 542 2265 in
572 2208 813 2275 ultimunt
840 2207 1087 2278 gradum,
1120 2204 1293 2261 donec
1318 2204 1643 2276 corrigatur.

549 2299 726 2355 XCIII.
783 2299 885 2365 Qui
913 2282 1199 2352 conturbat
1224 2296 1450 2352 fratrum
1497 2298 1745 2361 animos,
1792 2306 1846 2350 et
1885 2294 2062 2350 facilis

477 2403 563 2449 est
590 2393 656 2447 ad
702 2390 1094 2447 detrahendum
1118 2430 1131 2447 .
1177 2392 1298 2443 lites
1323 2402 1514 2442 serens
1557 2396 1612 2442 et
1630 2385 1806 2457 iurgia
1831 2428 1848 2454 ,
1879 2386 2061 2442 decies

478 2484 947 2548 commonebitur;
992 2491 1047 2537 et
1074 2483 1118 2535 si
1154 2497 1258 2535 non
1291 2479 1452 2535 fuerit
1488 2479 1805 2534 emendatus
1827 2520 1843 2548 ,
1891 2480 2062 2535 corri-

479 2578 658 2650 pietur
679 2575 868 2630 ordine
898 2571 1221 2629 monasterii
1251 2572 1426 2626 donec
1455 2571 1774 2639 corrigatur.

551 2665 734 2723 XCIV.
768 2676 792 2706 ε
823 2665 924 2735 Qui
972 2662 1172 2718 viderit
1219 2663 1287 2716 de
1333 2660 1626 2731 majoribus
1666 2668 1716 2715 et
1758 2659 2061 2729 prapositis

479 2758 707 2814 Iratrum
735 2770 954 2812 suorum
1000 2754 1401 2810 tribulationem
1425 2796 1441 2821 ,
1491 2761 1547 2807 et
1577 2740 1808 2806 noluerit
1841 2766 2059 2807 causam

482 2849 848 2906 tribulationis
874 2846 1171 2917 inquirere,
1202 2859 1430 2915 eamque
1454 2843 1883 2914 contempserit,
1914 2859 2060 2914 quae.

477 2948 628 2998 retur
649 2955 810 2996 causa
836 2954 867 2994 a
897 2937 1221 3010 supradictis
1243 2936 1515 3006 judicibus
1559 2935 1700 2991 inter
1726 2936 1945 2992 fratrem
1974 2945 2058 2992 at.

466 3040 580 3106 ’que
623 3032 1007 3104 praepositum;
1052 3037 1107 3086 et
1140 3028 1185 3084 si
1236 3026 1693 3097 deprehenderint
1738 3027 2058 3098 negligentia

462 3126 754 3196 .prmpositi
776 3123 862 3179 vel
891 3121 1141 3193 superbia
1167 3129 1572 3192 coangustatum
1598 3119 1817 3176 fratrem
1841 3163 1856 3187 ,
1897 3129 1951 3177 et
1974 3120 2061 3191 ju-

2162 1932 2315 1999 Quod
2346 1933 2391 1987 si
2427 1946 2519 1999 per
2544 1928 2903 2001 Ignorantiaui
2926 1928 3184 1997 deceptus
3212 1935 3316 1992 est,
3346 1935 3401 1981 et
3428 1941 3533 1981 non
3558 1927 3627 1981 ita
3652 1942 3751 1996 pu-

2165 2024 2297 2079 tavit
2328 2033 2388 2078 ut
2417 2038 2600 2078 verum
2630 2027 2736 2085 est,
2769 2023 3074 2093 ignoscetur
3100 2020 3187 2076 ei:
3226 2027 3283 2074 et
3309 2021 3487 2073 omnis
3530 2020 3617 2090 qui
3656 2034 3751 2087 per

2166 2115 2521 2186 ignorantiam
2550 2122 2762 2185 peccat,
2803 2114 2961 2169 facile
2999 2112 3231 2183 accipiet
3258 2113 3493 2168 veniam.
3521 2112 3622 2180 Qui
3654 2128 3751 2167 au-

2165 2214 2273 2263 tem
2300 2207 2481 2262 sciens
2504 2205 2827 2277 peccaverit,
2851 2204 3141 2261 sustinebit
3160 2205 3577 2275 iucrepationem
3597 2205 3751 2274 juxta

2169 2311 2476 2354 mensuram
2507 2312 2749 2369 opusque
2782 2298 3007 2367 peccati.
3166 2282 3173 2295 ”

2234 2389 2294 2444 C.
2334 2395 2360 2436 ε
2392 2387 2666 2457 Prazcepta
2692 2386 2922 2457 etleges
2971 2387 3262 2443 Pacliontii.
3294 2384 3322 2426 ιι
3365 2388 3441 2444 Ne
3491 2389 3610 2461 plus
3643 2391 3753 2444 Ira.

2164 2488 2273 2536 tres
2305 2481 2481 2535 facere
2509 2479 2942 2548 compellantur;
2970 2478 3067 2534 sed
3103 2479 3410 2536 moderatus
3447 2480 3603 2537 labor
3631 2498 3754 2537 om-

2163 2588 2262 2628 nes
2299 2572 2365 2628 ad
2406 2572 2755 2627 laborandum
2796 2580 3075 2642 provocet.
3123 2568 3209 2628 Sit
3244 2573 3384 2628 inter
3412 2588 3507 2628 eos
3551 2589 3652 2644 pax
3694 2584 3755 2630 et

2162 2665 2448 2722 concordia
2475 2709 2491 2731 ,
2536 2674 2591 2721 et
2631 2663 2861 2721 libenter
2907 2662 3205 2735 majoribus
3236 2665 3607 2734 subiiciantur.
3654 2666 3750 2722 Se-

2163 2759 2373 2825 dentes,
2409 2767 2463 2813 et
2491 2757 2852 2825 ambulantes,
2881 2766 2936 2812 et
2961 2764 3192 2821 stantes,
3224 2757 3453 2814 invicetu
3482 2757 3551 2814 de
3573 2758 3755 2814 bumi-

2165 2850 2315 2905 litate
2343 2849 2645 2905 decertent.

2234 2939 2322 2997 CI.
2348 2938 2365 2980 ί
2392 2939 2450 2999 Si
2478 2941 2599 3013 quis
2627 2951 2906 3011 peccatum
2946 2939 3159 3008 fecerit,
3184 2940 3371 2997 Patres
3397 2942 3755 2998 monasterio-

2164 3049 2282 3090 rum
2313 3033 2604 3090 emendare
2651 3041 2931 3105 poterunt,
2977 3041 3032 3088 et
3072 3033 3405 3090 cunstituere
3444 3033 3569 3105 quid
3597 3034 3757 3106 sequi

2166 3126 2377 3182 debeat.

480 3219 690 3273 dicasse
720 3219 843 3271 eut'n
876 3230 983 3269 non
1015 3213 1310 3268 secundum
1332 3212 1743 3277 veritatem,sed
1761 3213 2055 3270 secundum
2085 3220 2132 3282 C
2231 3217 2339 3275 CII.
2375 3217 2389 3267 l
2433 3216 2756 3285 PrthOSIlIIS
2791 3227 2972 3273 autem
3013 3216 3234 3283 domus,
3267 3226 3322 3271 et
3354 3217 3441 3287 qui
3483 3208 3763 3273 secundus

484 3321 796 3375 personam,
829 3295 1212 3375 degradabittir
1239 3301 1305 3357 de
1335 3302 1473 3358 solio
1509 3317 1610 3357 suo
1629 3342 1645 3369 ,
1690 3303 1863 3359 donec
1892 3307 2064 3360 corri-

481 3409 660 3469 gatur,
690 3410 744 3453 et
767 3398 834 3453 ab
865 3396 1138 3466 iniustitia:
1165 3395 1417 3449 sordibus
1445 3394 1780 3461 emendetur,
1806 3398 1926 3468 quia
1958 3415 2062 3452 non

481 3490 849 3547 consideravit
878 3489 1159 3544 veritatem
1184 3485 1279 3541 sed
1312 3498 1591 3555 personas,
1620 3495 1678 3543 et
1700 3488 1925 3545 servivit
1946 3506 2067 3562 pra-

482 3582 637 3637 vitati
667 3582 859 3636 animte
903 3595 1037 3644 suae,
1069 3590 1123 3634 et
1145 3592 1252 3632 non
1275 3577 1369 3632 Dei
1396 3576 1620 3646 iudicio.

553 3671 710 3729 XCV.
748 3671 806 3728 Si
826 3670 948 3743 quis
969 3669 1277 3739 promiserit
1304 3670 1594 3725 observare
1633 3671 1847 3741 regulos
1879 3687 2065 3728 mona-

485 3766 660 3836 sterii,
696 3776 751 3822 et
796 3764 977 3821 facere
1021 3765 1267 3833 eruperit,
1297 3777 1497 3835 easque
1540 3761 1847 3829 dimiserit,
1883 3775 2065 3835 postea

484 3868 667 3916 autem
699 3872 950 3914 reversus
971 3856 1140 3927 egerit
1174 3854 1571 3924 pretiiteutiam,
1595 3855 1896 3911 obtendens
1921 3857 2069 3912 iulir.

486 3954 724 4008 mitatem
755 3951 1060 4021 corpusculi
1085 3988 1100 4013 ,
1154 3964 1247 4017 per
1283 3963 1441 4019 quam
1479 3952 1586 4002 non
1637 3950 1806 4017 possit
1843 3947 2067 4019 implere

485 4044 629 4123 quod
659 4043 902 4107 dixerat,
937 4041 1133 4093 faciant
1160 4054 1282 4092 eum
1319 4038 1460 4092 inter
1489 4037 1805 4107 languentes
1827 4053 2068 4095 commo-

486 4135 626 4196 rari,
659 4132 717 4187 et'
737 4142 988 4201 pascetur
1021 4126 1049 4166 δ
1077 4130 1223 4184 inter
1247 4130 1485 4195 otiosos;
1516 4130 1709 4196 donec,
1741 4141 1858 4186 acta
1889 4132 2063 4201 pani-

489 4224 675 4278 lentia.
705 4221 921 4292 impleat
945 4221 1085 4290 quod
1119 4220 1379 4288 promisit.
1598 4252 1609 4260 -
1975 4280 1989 4288 ,

560 4314 739 4371 XCVI.
791 4324 814 4351 ι’
870 4313 1027 4369 Pueri
1057 4316 1107 4368 in
1138 4314 1331 4380 domo,
1361 4312 1406 4367 si
1438 4309 1637 4368 fuerint
1661 4312 1827 4369 dediti
1857 4315 2064 4371 lusibus

2165 3309 2233 3365 ab
2266 3325 2332 3366 eo
2357 3323 2457 3375 esu,
2483 3308 2586 3366 hoc
2617 3320 2822 3365 tantum
2847 3308 2985 3380 iuris
3023 3308 3318 3373 habt-bunt,
3346 3316 3403 3361 ut
3431 3308 3762 3374 compellant

2169 3403 2365 3457 fratres
2396 3400 2450 3455 iu
2484 3392 2695 3472 punctis
2725 3398 2973 3470 singulis,
3006 3400 3090 3454 vel
3120 3398 3345 3454 col‘ecta
3373 3399 3564 3454 domus
3586 3440 3603 3464 ,
3635 3401 3763 3455 sive

2172 3496 2222 3549 iu
2252 3495 2480 3548 collecta
2507 3492 2710 3563 majore
2732 3533 2746 3557 ,
2780 3492 2883 3547 hoc
2903 3503 2981 3547 est
3006 3534 3022 3558 ,
3051 3492 3291 3547 omnium
3320 3491 3546 3547 fratrum
3571 3534 3586 3557 ,
3619 3495 3762 3547 sub-

2167 3584 2349 3655 iacere
2380 3584 2735 3651 pmiitcntitc.

2241 3674 2371 3730 CIII.
2403 3674 2555 3741 Quod
2586 3674 2628 3728 si
2659 3676 2980 3744 prtepositus
3032 3687 3258 3744 peregre
3298 3672 3501 3739 fuerit,
3547 3675 3634 3744 qni
3675 3689 3763 3728 se.-

2170 3765 2380 3822 cundus
2412 3774 2494 3821 est
2535 3764 2711 3819 locum
2748 3764 2865 3833 eius
2894 3765 3175 3835 implebit,
3210 3775 3314 3821 tam
3344 3765 3398 3819 in
3437 3764 3763 3835 paenitentia

2171 3862 2394 3914 frazrum
2426 3858 2729 3928 recipienda
2761 3873 2919 3928 quam
2961 3860 3014 3913 in
3062 3873 3404 3929 quocumque
3430 3859 3539 3914 alio
3559 3875 3758 3915 eorum

2171 3967 2290 4019 quae
2318 3949 2563 4029 indetno
2592 3950 2895 4004 necessaria
2929 3958 3073 4006 sunt.
3282 4015 3291 4020 _

2242 4040 2374 4097 CIV.
2405 4041 2461 4097 Si
2509 4042 2630 4112 quis
2663 4037 2686 4078 κ
2719 4040 2925 4112 absque
2982 4040 3310 4097 conscientia
3350 4039 3578 4097 duorum
3630 4041 3765 4100 ierit

2170 4146 2236 4187 au
2258 4133 2483 4188 alteram
2508 4131 2751 4194 domum,
2774 4133 2860 4187 vel
2885 4132 3109 4187 alterius
3135 4132 3325 4188 domus
3352 4130 3571 4189 fratre'm
3609 4136 3766 4188 codi-

2171 4240 2287 4280 cem
2319 4225 2384 4279 ad
2417 4223 2704 4294 legendum
2737 4232 2980 4278 mutuum
3029 4223 3421 4292 postulaverit,
3459 4224 3541 4279 vel
3580 4228 3765 4295 quod-

2172 4317 2303 4373 libet
2328 4313 2494 4382 aliud,
2526 4315 2836 4371 monasterii
2864 4315 3056 4388 ordine
3082 4314 3468 4387 increpabitur.

1552 4447 1813 4504 ALARDI
1848 4449 2081 4506 GAZEI
2121 4450 2688 4507 COMMENTARIUS.

558 4555 583 4582 ι
617 4543 680 4622 _I_d
720 4559 906 4622 magna
955 4546 1205 4622 caniione
1243 4550 1298 4597 et
1340 4541 1628 4622 severitate
1650 4540 1994 4622 prohibitum
2036 4558 2067 4596 a
2096 4546 2148 4606 Ι)
2247 4540 2266 4580 ε
2309 4542 2588 4622 Tribuitur
2633 4544 2750 4622 ligno
2789 4542 3055 4598 sententia
3089 4540 3477 4622 Isidoronapud
3536 4541 3767 4622 Gratia-

486 4616 755 4675 Patribus,
779 4612 848 4670 ob
873 4614 1165 4684 perieulum
1182 4612 1550 4684 impudicitiae,
1577 4612 1664 4667 cui
1697 4612 1916 4683 puerilis
1932 4623 2064 4668 tetas

485 4689 838 4740 vehementer
863 4687 1115 4738 obnoxia.

558 4757 584 4795 ι)
621 4757 676 4811 Id
709 4769 821 4818 est,
854 4757 1139 4820 auectdus,
1172 4754 1285 4809 sive
1313 4753 1563 4824 superior
1592 4769 1756 4823 super
1783 4769 1884 4809 con
1918 4754 2067 4810 cien-

486 4830 586 4883 lius
611 4829 952 4882 subditorum
982 4824 1151 4896 iudex
1185 4828 1531 4896 constitutus.

558 4910 580 4938 ο
610 4893 1084 4957 l‘ltrasisobscura.
1120 4908 1174 4949 et
1202 4895 1303 4950 hoc
1338 4896 1500 4951 modo
1528 4893 1840 4959 explicanda
1865 4913 1878 4949 :
1909 4894 2065 4963 Quis-

482 4970 604 5040 quis
625 4972 692 5023 de
730 4966 1023 5037 majoribus
1053 4983 1160 5040 seu,
1196 4965 1721 5040 praepositisviderit
1761 4966 2064 5040 tribulatio-

485 5037 604 5094 nem
648 5049 738 5093 aut
767 5042 1069 5109 angustiam
1118 5037 1342 5106 alicujus
1367 5037 1656 5109 fratris,_et
1678 5038 2066 5106 contempserit

468 5115 663 5180 .iuvart;
686 5121 738 5165 et
759 5106 947 5169 solari.
970 5110 1134 5163 immo
1153 5121 1339 5180 contra
1360 5106 1823 5180 eumjudicaverit
1848 5112 2063 5180 iniuste.

482 5176 673 5251 dignus
700 5191 783 5237 εει
809 5187 895 5250 qui
922 5183 1264 5251 degrat'etur.
1301 5176 1527 5251 Proinde
1561 5192 1671 5251 non
1693 5188 1820 5245 puto
1853 5194 1945 5251 per
1969 5178 2065 5232 tri-

482 5249 1087 5319 ln'ilationeurintelligi
1115 5249 1539 5311 contentionem,
1573 5249 1806 5315 turbam,
1839 5249 2067 5303 alterca-

482 5324 703 5388 tionem,
740 5333 793 5375 ut
815 5320 969 5389 posui
998 5323 1050 5375 in
1077 5321 1256 5388 priore
1279 5320 1540 5381 editione,
1570 5319 1665 5373 sed
1691 5335 1870 5373 veram
1901 5334 2068 5388 angu-

479 5397 632 5447 t-tiam
663 5404 718 5449 et
747 5392 1086 5457 intestinam,
1117 5403 1293 5444 tamen
1325 5406 1385 5445 ex
1429 5391 1604 5456 aliqua
1633 5399 1803 5444 ortam
1843 5402 2064 5445 conten-

481 5467 638 5587 tionel
657 5478 779 5586 ῗὲιιη
828 5464 1139 5533 prmposito,
1172 5463 1313 5517 unde
1363 5461 1632 5515 tristitiam
1686 5472 1843 5516 vocat
1893 5460 2060 5528 intra,

481 5543 579 5586 Iri.
724 5571 738 5586 .

476 5543 579 5586 art.
615 5535 738 5586 “‘2.

552 5594 592 5675 αξ
616 5603 672 5675 l_d
695 5610 809 5665 est,
838 5612 1088 5658 vacantes
1115 5602 1182 5658 ab
1224 5618 1390 5675 Opere
1429 5601 1664 5658 manuali
1715 5611 1926 5674 proptet
1966 5602 2066 5656 itit-

479 5673 856 5735 bccillitatem,
888 5676 968 5728 vel
1002 5675 1054 5730 in
1085 5673 1379 5729 iulirtuario
1408 5673 1750 5729 constitutos.

549 5752 576 5782 ο
611 5743 904 5816 Puerorum
947 5746 1210 5816 institutio
1249 5756 1305 5801 et
1358 5745 1639 5815 disciplina
1727 5747 1796 5802 de
1842 5760 1949 5816 qua
1999 5743 2056 5800 Ι).

479 5812 800 5872 Benedictus
827 5828 946 5881 cup.
976 5814 1062 5868 50.

2173 4629 2322 4681 num,
2359 4613 2409 4679 1,
2438 4631 2493 4683 q.
2534 4613 2588 4667 5.
2642 4614 2843 4668 Eadem
2899 4626 3076 4669 exstat
3126 4615 3266 4683 apud
3297 4610 3653 4683 Sniaragdutu
3701 4614 3770 4671 in

2172 4684 2525 4753 Expositione
2556 4684 2772 4754 Regula:
2802 4700 2919 4752 cap.
2956 4684 3045 4740 (.9.

2244 4752 2269 4802 ε
2311 4755 2428 4811 Alia
2481 4752 2693 4808 rursum
2724 4756 3018 4819 dis'ittctiu,
3060 4754 3312 4824 adquam
3368 4752 3769 4822 designaudam

2170 4825 2381 4879 videtur
2410 4824 2568 4878 etiam
2602 4825 2689 4879 Itic
2715 4824 3022 4880 addendum
3054 4823 3182 4889 alia,
3217 4835 3275 4879 ut
3300 4839 3484 4892 supra.

2242 4893 2270 4932 δ
2302 4897 2446 4951 Idem
2485 4910 2799 4964 expressum
2826 4898 2901 4949 -in
2941 4894 3143 4965 Regula
3191 4897 3248 4950 S.
3302 4894 3574 4949 Pachumii
3612 4896 3770 4960 apud

2174 4966 2489 5025 Palladium.
2525 4966 2908 5027 Sozomennm,
2949 4976 3004 5019 et
3034 4965 3417 5035 Nicrphorum,
3449 4965 3538 5019 niti
3566 4981 3761 5033 supra.

2172 5037 2244 5091 Ita
2275 5047 2331 5091 et
2362 5037 2424 5090 D.
2461 5037 2779 5091 Benedictus
2814 5052 2936 5108 rap.
2970 5036 3042 5091 48
3068 5054 3081 5090 :
3115 5035 3326 5105 Omnia,
3353 5037 3548 5106 inquit,
3573 5038 3765 5090 Mode.

2169 5117 2278 5161 rate
2296 5108 2426 5175 ﬁant
2450 5120 2657 5177 propter
2686 5107 3061 5177 pusiﬂunimes.

2249 5178 2262 5215 ί
2293 5179 2494 5246 Supple
2524 5175 2813 5246 publicum.
2852 5177 2980 5233 Nam
3030 5179 3084 5233 in
3112 5175 3418 5245 huiusmodi
3454 5180 3772 5242 pra-serunt

2170 5252 2436 5303 correctio
2467 5248 2852 5303 monachorum
2884 5261 3088 5318 spectat
3114 5248 3180 5302 ad
3208 5249 3490 5318 abbatem.
3524 5260 3624 5299 seu
3656 5247 3773 5303 P3-

2172 5329 2306 5374 trem
2354 5320 2687 5373 monasterii.
2743 5319 2873 5373 Vide
2916 5317 3114 5375 concil.
3170 5319 3415 5377 Trident.
3463 5317 3775 5371 decretum

2169 5405 2309 5444 sese.
2334 5388 2404 5443 25
2430 5404 2550 5456 cap.
2584 5390 2670 5456 14,
2702 5389 2770 5443 de
2800 5389 3176 5459 Regulatibu-t.

2244 5461 2258 5511 i
2300 5460 2628 5529 Praeposito.
2658 5462 2778 5515 sive
2825 5457 2991 5528 priori
3040 5459 3344 5525 claustrali,
3376 5457 3558 5513 multa:
3608 5457 3776 5528 leges

2167 5542 2222 5586 et
2251 5532 2551 5586 fititctioues
2581 5532 2946 5598 imponuntur.

2241 5600 2266 5639 ¹ί
2296 5601 2350 5656 Id
2380 5616 2494 5667 est,
2536 5600 2633 5655 nisi
2659 5601 2869 5657 duobus
2905 5601 3137 5657 consciis
3165 5611 3221 5657 et
3249 5599 3508 5666 testibus,
3544 5614 3771 5667 praepo-

2168 5673 2275 5729 sito
2301 5673 2507 5727 scilicet
2545 5681 2599 5727 et
2626 5687 2774 5726 sueto
2799 5687 2920 5726 cum
2949 5687 3057 5743 quo
3093 5674 3407 5728 mittendus.
3466 5670 3578 5724 Iloc
3606 5674 3772 5743 enim

2168 5754 2416 5811 spectare
2443 5744 2672 5803 videtur.
2703 5744 2913 5811 nequis
2942 5740 3121 5798 furtim
3159 5744 3241 5799 vel
3274 5744 3420 5800 solus
3461 5740 3769 5812 egredere-

2171 5826 2278 5882 tur,
2310 5821 2370 5869 ut
2405 5829 2589 5886 supra,
2616 5822 2718 5870 art.
2750 5814 2840 5881 3i,
2866 5812 2933 5869 I7
2965 5822 3020 5870 et
3041 5814 3181 5868 aliis.
3532 5812 3551 5827 ⁸
