4016 6192
486 278 603 335 199

1530 277 1618 330 AD
1659 276 1889 330 UPEIIA
1928 276 1975 330 .I.
2020 274 2332 331 CASSIANI
2374 272 2742 328 AI’I‘ENDIX.

3673 268 3781 325 300

564 400 770 457 CXVII.
812 402 866 457 Si
896 404 1280 455 vestimentum
1314 396 1381 450 ad
1410 396 1588 450 solem
1633 411 1937 465 expansum
1974 407 2080 449 ter-
2111 402 2156 457 Α
2188 396 2434 450 teutiam.
2480 396 2633 461 Quod
2677 394 2720 447 si
2769 392 2957 446 eadem
3010 391 3173 455 hora,
3224 406 3329 460 qua
3386 387 3615 459 fugerit,
3665 404 3776 444 non

497 497 601 547 tius
647 478 924 547 invenerit'
958 490 1109 553 dies,
1147 497 1173 524 ι
1207 486 1459 540 dominus
1507 488 1817 542 vestimenti
1869 502 1968 558 pro
2014 502 2081 541 eo

496 584 884 654 increpabitur,
917 591 972 635 et
999 588 1120 650 aget
1149 580 1528 649 paenitentiam
1563 580 1777 648 publice
1818 580 1870 634 in
1914 580 2080 635 colle-

493 689 577 731 cta
601 716 617 741 ,
649 676 673 713 ι’
700 674 972 741 stabitque
1004 672 1057 726 in
1089 672 1344 727 vescendi
1374 673 1519 727 loco.

559 764 793 820 CXVIII.
824 765 883 819 Si
910 765 1162 819 iuventus
1190 763 1359 819 fuerit
1384 780 1519 819 unus
1542 782 1572 820 e
1600 765 1853 820 fratribus
1878 766 2078 833 aliquid

492 874 588 927 per
612 858 1020 913 contentionem
1054 872 1260 927 agens,
1300 856 1381 911 vel
1422 858 1811 912 contradicens
1854 858 2079 927 majoris

492 951 722 1026 imperio
745 990 759 1014 ,
790 947 1358 1018 increpabitur,jnxta
1389 963 1700 1004 mensuram
1733 955 1939 1019 peccati
1965 952 2075 1007 sui.

558 1041 749 1097 CXIX.
803 1040 902 1109 Qui
950 1041 1230 1104 mentitur,
1274 1048 1370 1095 aut
1410 1040 1537 1095 odio
1583 1042 1820 1111 aliquem
1872 1042 2077 1098 habere

488 1136 651 1191 fuerit
682 1134 1089 1205 deprehensus,
1118 1142 1211 1189 aut
1253 1132 1612 1199 inobediens,
1655 1147 1743 1188 aut
1790 1136 1909 1203 plus
1948 1134 2076 1204 joco

485 1244 644 1297 quam
678 1225 963 1281 honestum
995 1234 1111 1294 est,
1142 1224 1391 1291 deditus,
1422 1236 1515 1279 aut
1540 1226 1617 1280 Oti
1642 1242 1784 1290 nsus,
1817 1238 1909 1281 aut
1939 1228 2075 1282 dure

487 1322 861 1389 reSpOndens,
914 1331 1007 1374 aut
1053 1322 1504 1375 consuetudinem
1554 1321 1763 1375 habens
1813 1323 2073 1375 fratribus

484 1414 842 1481 detrahendi,
878 1415 961 1468 νι·Ι
997 1415 1081 1469 his
1108 1414 1197 1484 qui
1229 1415 1363 1469 foris
1393 1424 1550 1477 sunt,
1580 1425 1635 1469 et
1661 1416 1886 1470 omnino
1915 1416 2072 1486 quid.

483 1510 609 1581 quid
637 1519 826 1563 contra
855 1508 1093 1577 regulam
1122 1508 1525 1577 Scripturarunt
1556 1518 1641 1562 est
1670 1517 1726 1562 et
1754 1507 2071 1562 monaswrii

483 1601 858 1673 disciplinam,
893 1600 1076 1655 audiet
1118 1600 1279 1655 Pater
1321 1601 1638 1654 monasterii
1684 1611 1736 1654 et
1778 1599 2070 1653 vindicabit

482 1696 631 1766 juxta
660 1709 967 1748 mensuram
997 1708 1240 1771 opusque
1273 1691 1502 1760 peccati.

2190 487 2521 541 nuntiaverit
2553 483 2734 545 Patri,
2768 499 2893 537 reus
2922 484 3026 536 erit
3057 485 3286 551 peccati.

2256 577 2469 634 CXXV.
2510 578 2566 634 Si
2599 578 2651 631 in
2683 577 2844 631 domo
2875 590 2972 630 sua
3015 575 3339 643 praepositus
3368 572 3568 628 viderit
3592 572 3776 629 delin-

2184 680 2437 739 quentem
2459 714 2474 737 ,
2506 680 2559 724 et
2594 686 2701 723 non
2734 667 3067 722 nuntiaverit
3098 666 3245 721 Patri
3275 667 3591 722 monasterii
3611 707 3626 731 ,
3656 669 3776 735 ipse

2186 761 2578 830 increpationis
2608 760 2791 813 ordini
2822 758 3145 827 subjacebit.

2255 852 2490 907 CXXVI.
2524 861 2547 898 Β
2582 851 2683 905 Per
2708 851 2901 905 dumos
2930 849 3167 918 singulas
3198 849 3415 918 vesperi
3442 864 3539 905 sex
3568 851 3772 905 oratio-

2183 960 2281 1001 nes
2310 946 2657 1015 psalmosque
2695 944 3078 1013 complebunt,
3110 939 3139 981 ³·
3172 944 3327 1013 juxta
3371 944 3622 999 ordinem
3653 960 3773 1000 ma-

2176 1041 2319 1110 joris
2346 1040 2595 1096 collecta:
2621 1054 2744 1107 quae
2774 1054 2804 1093 a
2834 1041 3048 1094 cunctis
3085 1037 3343 1095 fratribus
3384 1038 3437 1093 iu
3477 1054 3772 1095 commune

2180 1117 2508 1188 celebratur.
2540 1132 2644 1186 Per
2669 1132 2906 1202 singulas
2938 1130 3307 1187 hebdomadas
3336 1130 3353 1169 ί
3385 1130 3773 1201 dispositiones

2178 1242 2207 1280 a
2242 1225 2548 1295 praepositis
2586 1225 3030 1292 complebantur.
3075 1222 3366 1277 Nullus'in
3410 1222 3576 1278 domo
3613 1224 3772 1293 quid-

2180 1321 2324 1387 piam
2359 1317 2548 1383 faciet,
2580 1316 2687 1370 uisi
2715 1315 2857 1385 quod
2890 1315 3222 1384 prmpositus
3244 1314 3492 1383 jusserit.

2246 1408 2510 1464 CXXVII.
2542 1408 2597 1464 Si
2628 1422 2817 1462 omnes
2844 1407 3045 1462 fratres
3069 1407 3158 1477 qui
3190 1407 3245 1459 in
3274 1406 3437 1461 domo
3465 1416 3592 1460 sunt
3625 1407 3767 1461 vide-

2177 1504 2285 1557 rint
2334 1504 2685 1570 prmpositum
2732 1500 2957 1553 nimium
3009 1498 3406 1568 negligentem,
3455 1512 3763 1552 mensuram

2178 1596 2494 1649 monasterii
2537 1593 2892 1647 excedenzem
2912 1634 2925 1657 ,
2961 1587 3202 1644 referent
3232 1590 3299 1643 ad
3328 1589 3546 1644 Patrem
3566 1629 3581 1654 ,
3612 1599 3667 1645 et
3696 1598 3764 1643 an

2171 1703 2241 1743 eo
2269 1686 2657 1757 increpabitur.
2692 1686 2813 1755 Ipse
2838 1694 3017 1739 autem
3053 1684 3379 1753 prtepositus
3425 1683 3561 1739 nihil
3603 1683 3766 1738 faciat

550 1786 717 1843 CXX.
753 1798 773 1823 ο
806 1785 1060 1841 Pellieula
1081 1830 1095 1850 ,
1123 1785 1339 1852 caligze,
1370 1795 1423 1838 et
1451 1784 1719 1853 cingulum
1741 1825 1755 1846 ,
1780 1793 1835 1837 et
1864 1785 1907 1837 si
1938 1782 2067 1854 quid
2100 1797 2148 1857 Β
2178 1792 2375 1849 ιιι-ωιρι·
2406 1782 2457 1835 id
2484 1781 2629 1851 quod
2664 1780 2823 1834 Pater
2846 1778 3107 1849 jusserit,
3136 1780 3374 1833 maxime
3411 1777 3465 1833 in
3500 1794 3559 1834 re
3589 1794 3726 1833 nova
3746 1821 3760 1839 .

484 1879 627 1933 aliud
660 1879 913 1948 perierit,
948 1879 1035 1947 qni
1072 1876 1373 1945 perdiderit
1403 1877 1792 1945 iucrepnbitur.

549 1970 738 2026 CXXI.
775 1970 831 2025 Si
861 1972 983 2040 quis
1011 1969 1193 2023 tulerit
1224 1984 1339 2023 rem
1370 1986 1474 2021 non
1506 1985 1683 2025 suam.
1714 1980 1947 2038 ponetur
1972 1985 2063 2024 sn-

482 2079 577 2133 per
604 2063 863 2117 humeros
888 2060 1005 2130 ejus
1027 2102 1041 2125 ,
1073 2070 1127 2114 et
1166 2071 1287 2131 aget
1330 2061 1707 2129 pondtentiam
1757 2062 1974 2131 publice
2014 2060 2066 2115 in

480 2156 711 2210 collecta
738 2195 752 2219 ,
784 2152 1054 2224 stabitque
1098 2152 1148 2207 in
1192 2151 1455 2207 vescendi
1500 2152 1637 2206 loco.
1683 2152 1741 2207 Si
1787 2165 1970 2207 autem
2014 2154 2068 2207 in

480 2248 622 2303 furto
651 2246 810 2301 fuerit
841 2245 1217 2311 deprehensus
1239 2286 1253 2310 ,
1277 2242 1304 2280 ⁸
1332 2246 1552 2314 triginta
1584 2261 1779 2300 novem
1806 2246 2069 2299 verbera-

486 2344 613 2394 bunt
640 2356 767 2395 eum
785 2383 799 2404 ,
820 2348 874 2391 et
904 2338 1254 2391 foristlabunt
1279 2338 1329 2391 ei
1353 2339 1521 2393 edere
1546 2355 1736 2407 panem
1760 2381 1775 2402 ,
1799 2351 1852 2393 et
1875 2354 2069 2409 aquam

480 2440 685 2484 tantum
708 2469 722 2495 ,
767 2438 821 2483 et
864 2437 886 2464 °
915 2441 1167 2497 opertum
1212 2428 1396 2483 eilicio
1422 2439 1474 2483 et
1505 2432 1691 2483 cinere
1720 2446 1815 2499 per
1857 2432 2066 2501 singula

480 2521 785 2575 orationum
818 2528 1059 2587 tempora
1089 2531 1287 2589 cogent
1318 2536 1441 2573 cum
1476 2536 1643 2589 agere
1672 2523 2065 2587 pmtiitcntiam.

485 2613 503 2651 ί
532 2612 839 2685 Eademque
870 2615 955 2668 lex
988 2613 1038 2666 iit
1071 2612 1310 2682 fugitivis
1348 2614 1747 2669 eb-ervabitur.

547 2705 759 2761 CXXII.
804 2705 1137 2775 Prirpositns
1178 2704 1375 2760 domus
1417 2707 1775 2774 inerepationi
1816 2709 2070 2776 subiace-

481 2800 594 2863 bit,
627 2800 670 2852 si
702 2809 826 2853 ante
858 2807 966 2853 tres
996 2798 1113 2853 dies
1143 2812 1251 2852 non
1284 2799 1616 2853 nuntiaverit
1644 2798 1792 2853 Patri
1822 2845 1835 2867 ,
1870 2802 1986 2855 sive
2017 2802 2069 2855 in

480 2893 593 2957 via,
625 2892 737 2946 sive
768 2891 820 2945 in
851 2907 1012 2960 agro,
1045 2892 1158 2946 sive
1188 2891 1241 2944 in
1281 2892 1614 2947 monasterio
1646 2894 1771 2962 quid
1808 2896 2068 2964 perierit,

479 2997 535 3041 et
561 2996 683 3056 aget
720 2986 1092 3055 paenitentiam
1117 2986 1271 3055 juxta
1302 2986 1547 3041 ordinem
1579 2988 1956 3043 eonstitutum.

549 3078 780 3133 CXXIII.
816 3076 971 3143 Quod
1002 3078 1046 3131 si
1079 3076 1242 3131 homo
1274 3077 1474 3143 fuerit,
1508 3089 1557 3133 et
1602 3090 1732 3133 ante
1761 3089 1872 3133 tres
1901 3080 2065 3135 horas

2175 1881 2189 1930 ι
2223 1894 2345 1933 nam
2388 1892 2511 1948 quae
2555 1892 2622 1931 ex
2656 1890 2806 1930 more
2848 1874 3164 1940 descendit,
3202 1871 3514 1927 observabit
3548 1873 3764 1942 regulas

2172 1970 2514 2026 monasterii.

2240 2061 2525 2118 CXXVIII.
2558 2060 2583 2100 ι
2617 2061 2952 2133 Prmpositue
2991 2076 3100 2114 non
3138 2059 3458 2122 inebrietur,
3499 2056 3515 2097 ι
3548 2075 3647 2114 nec
3675 2076 3763 2113 se-

2171 2157 2291 2212 deat
2326 2156 2378 2210 iu
2414 2155 2796 2208 humilioribus
2840 2152 3008 2220 locis,
3047 2151 3198 2220 juxta
3235 2166 3366 2207 vasa
3412 2152 3760 2215 monasterii,

2172 2260 2213 2289 ι·
2237 2267 2302 2305 ue
2338 2259 2549 2319 rumpat
2583 2248 2796 2303 vincula
2829 2262 2948 2318 qum
2976 2247 3119 2300 Deus
3144 2246 3197 2299 in
3239 2246 3379 2300 coelo
3405 2245 3677 2307 condidit,
3705 2256 3764 2297 ut

2172 2344 2534 2398 observentur
2565 2342 2615 2394 in
2648 2342 2805 2394 terris
2828 2383 2842 2406 ,
2878 2348 2908 2376 ³
2940 2354 3006 2393 ne
3039 2339 3217 2410 lugeat
3249 2340 3298 2392 in
3346 2338 3433 2392 die
3476 2336 3615 2393 festo
3652 2338 3762 2391 Do-

2175 2435 2306 2491 mini
2337 2434 2641 2487 salvatoris.
2674 2431 2993 2485 Dominetnr
3033 2431 3183 2484 carni
3221 2445 3369 2494 sine,
3412 2431 3561 2500 juxta
3604 2446 3763 2482 men-

2171 2541 2353 2581 suram
2386 2538 2718 2580 sanctorum.
2752 2532 2777 2559 υ
2806 2522 2925 2578 Non
2960 2524 3265 2576 inveniatur
3308 2523 3357 2575 in
3400 2521 3633 2576 excelsis
3665 2536 3767 2573 eu-

2174 2622 2370 2675 bilibns
2400 2621 2643 2672 imitatus
2674 2633 2880 2671 morem
2913 2617 3216 2686 gentilium.
3260 2616 3377 2669 Non
3418 2614 3487 2668 sit
3529 2615 3768 2683 duplicis

2174 2714 2322 2768 fidei.
2351 2692 2467 2767 Non
2496 2722 2754 2781 sequatur
2781 2710 3139 2776 cogitationes
3163 2708 3341 2761 cordis
3370 2708 3482 2770 sui,
3512 2718 3565 2761 et
3593 2708 3767 2759 subli-

2172 2806 2439 2861 mioribus
2466 2820 2570 2859 non
2600 2804 2818 2858 resistat
2864 2802 3091 2856 tumenti
3136 2801 3319 2854 animo
3360 2801 3716 2868 potestatibus
3743 2842 3758 2862 ,

2171 2917 2283 2955 non
2311 2901 2506 2955 fremat
2527 2941 2541 2956 .
2574 2913 2673 2952 nec
2703 2899 2876 2951 irruat
2896 2911 3057 2965 super
3084 2895 3426 2954 humiliores.
3454 2910 3559 2948 non
3587 2904 3768 2947 trans-

2172 2992 2302 3046 ferat
2339 2991 2633 3053 tertninos,
2668 3005 2779 3041 non
2802 2988 2869 3041 sit
2904 2986 3319 3052 fraudulentus;
3348 3001 3446 3039 nec
3478 2985 3530 3039 in
3559 2987 3770 3053 cogita-

2170 3084 2411 3139 tioaibus
2440 3090 2623 3137 verset
2652 3081 2826 3148 dolos,
2852 3096 2959 3134 non
2994 3082 3228 3149 negligat
3251 3090 3529 3148 peccatum
3562 3080 3767 3133 animus

482 3186 586 3225 non
630 3168 960 3223 nuntiaverit
1003 3166 1186 3233 Patri,
1234 3183 1359 3222 reus
1405 3170 1508 3223 erit
1554 3170 1870 3239 perditionis
1914 3172 2060 3242 ejus,
2094 3166 2139 3229 C
2171 3190 2283 3231 sua:
2330 3178 2669 3243 exstirpare,
2720 3187 2817 3226 nec
2864 3174 3111 3225 vincatur
3151 3172 3335 3226 carnis
3369 3171 3619 3235 luxnria,
3655 3189 3771 3225 non

482 3264 582 3317 nisi
611 3277 735 3318 eum
764 3260 962 3337 iterum
994 3260 1284 3315 invenerit.

551 3351 786 3409 CXXIV.
825 3352 948 3406 Ilaec
977 3360 1063 3406 est
1091 3353 1229 3407 ultio
1260 3352 1313 3407 in
1344 3369 1469 3409 eum
1494 3355 1585 3423 qui
1619 3353 1839 3410 fratrem
1873 3356 1942 3413 de
1973 3359 2069 3411 do-

482 3465 568 3504 mo
611 3444 948 3519 perdiderit:
982 3443 1155 3499 tribus
1197 3445 1395 3500 diebus
1425 3456 1546 3515 aget
1578 3448 1845 3515 publicam
1889 3450 2069 3518 poeni-

2172 3267 2419 3321 ambulet
2474 3266 2843 3335 negligenter,
2901 3279 3005 3318 non
3060 3264 3170 3317 cito
3228 3264 3477 3333 loquatur
3536 3265 3773 3319 verbum

2172 3363 2446 3425 otiosum,
2500 3374 2604 3412 non
2654 3370 2815 3427 ponat
2861 3358 3175 3412 scandalum
3222 3369 3345 3413 ante
3386 3357 3549 3427 pedes
3589 3360 3769 3424 meri,

2173 3467 2278 3506 non
2312 3452 2505 3506 doceat
2540 3453 2845 3519 voluptates
2885 3451 3121 3504 animam
3154 3465 3305 3504 suam
3332 3492 3346 3515 ,
3381 3466 3486 3504 non
3518 3453 3773 3507 solvatur

1554 3559 1810 3616 ALARDI
1851 3561 2084 3617 ωΖίΕι
2123 3563 2685 3621 COMMENTARIUS.

551 3653 858 3709 “Dominus
894 3651 1187 3720 improprie
1227 3651 1445 3719 ponitur
1498 3667 1594 3718 pro
1648 3652 1889 3718 usuaria,
1944 3667 2065 3706 cum

482 3726 679 3779 nullius
720 3724 797 3777 rei
840 3721 1136 3777 dominium
1194 3720 1386 3776 habeat
1429 3721 1748 3788 meuachus,
1795 3738 1865 3776 ne
1900 3723 2068 3776 vestis

479 3795 692 3865 quidem
723 3810 824 3863 qua
866 3792 1129 3865 induitur,
1170 3806 1269 3846 nec
1314 3792 1468 3861 panis
1496 3808 1603 3860 quo
1647 3796 1909 3857 vescitur,
1969 3794 2065 3848 sed

480 3864 777 3933 simplicem
817 3879 973 3919 usum
1014 3864 1316 3928 dumtaxat,
1365 3880 1394 3917 a
1445 3865 1720 3918 voluntate
1770 3865 2066 3933 superioris

479 3938 891 4003 dependentem.

548 4007 575 4047 δ
615 4006 833 4075 Species
858 4004 1217 4075 correctionis
1246 4015 1295 4057 et
1340 4005 1768 4059 tnortilicationis
1798 4007 2063 4060 munztSIi—

478 4093 588 4143 ea,
634 4073 780 4129 stare
826 4076 877 4128 in
932 4073 1240 4145 refectoriog
1281 4083 1527 4142 tempore
1586 4076 1897 4131 refi-ctiunis
1925 4120 1938 4140 ,
1998 4078 2066 4131 de

480 4165 579 4214 qui
611 4147 733 4201 vide
775 4145 982 4213 insigne
1035 4143 1341 4211 exemplum
1370 4148 1509 4214 apud
1554 4148 1849 4200 Clintacum
1896 4149 2065 4215 gradu

519 4234 580 4271 I18
588 4227 688 4271 ".0.

480 4233 731 4355 ψῗιόῗιω
760 4286 986 4341 tnelotes
1010 4284 1154 4357 apud
1183 4285 1333 4355 ipsos
1363 4284 1667 4352 dicebatur,
1694 4286 1761 4341 de
1790 4302 1893 4357 qua
1926 4286 2062 4343 Cas-

477 4359 660 4413 sianus
684 4360 773 4412 lib.
800 4372 819 4411 1
843 4372 964 4425 Cap.
994 4356 1048 4411 8.
1800 4420 1803 4423 _

548 4427 574 4466 ⁸
622 4427 884 4499 Superius
915 4428 966 4499 id
997 4429 1322 4495 explicatum
1364 4438 1464 4484 art.
1495 4430 1585 4483 7'2.
1656 4428 1842 4483 Posset
1880 4439 2060 4485 tamen

478 4502 639 4555 etiam
682 4498 783 4554 hoc
813 4498 974 4571 modo
1005 4502 1200 4571 exponi
1238 4518 1254 4558 :
1304 4500 1668 4564 verberabant,
1704 4501 1754 4554 id
1787 4511 1891 4564 est,
1928 4518 2062 4565 Il'ilf-

476 4581 658 4625 sentes
682 4580 839 4625 erunt
868 4569 996 4623 dum
1030 4569 1418 4628 verberabitur.
1458 4571 1588 4625 Nam
1622 4574 1672 4625 in
1711 4573 1940 4639 singulis
1964 4573 2062 4626 do-

476 4641 652 4695 mibus
680 4651 835 4696 erant
883 4641 949 4692 ad
997 4656 1265 4697 summurn
1302 4642 1654 4712 quadraginta
1701 4643 1970 4703 monachi.
2007 4651 2065 4697 ιιι

474 4714 677 4766 dictum
731 4720 816 4766 est
870 4712 922 4765 in
976 4715 1291 4781 praiiatione
1339 4714 1399 4766 Ι).
1433 4713 1776 4784 Hieronymi,
1829 4730 2059 4782 quorum

474 4785 605 4837 dum
654 4796 791 4835 unus
833 4783 1233 4849 verberaretur,
1288 4785 1481 4855 reliqui
1526 4783 1803 4840 restabant
1844 4785 2059 4855 triginta

478 4868 693 4907 novem.

550 4923 777 4997 fCilicii
812 4924 1064 4991 antiquus
1095 4942 1221 4997 usus
1268 4926 1410 4981 inter
1465 4925 1793 4997 monachos,
1847 4925 1915 4981 de
1953 4942 2063 4997 quo

477 4995 601 5051 vide
630 4997 1035 5051 annotatiouem
1064 4995 1130 5050 ad
1161 4997 1253 5050 lib.
1279 5012 1297 5051 ι
1326 5012 1444 5065 cap.
1474 4995 1528 5049 5.

549 5064 568 5105 ί
602 5066 827 5136 Fugitivi
857 5077 911 5137 et
940 5077 1199 5133 apostatzu
1230 5064 1403 5123 etiam,
1434 5066 1749 5123 verberibus
1780 5076 1833 5122 et
1880 5068 2063 5137 ﬂagris

478 5139 669 5209 puniti.
698 5137 829 5209 Vide
850 5136 1112 5193 Joannem
1140 5138 1436 5209 Climacunt
1467 5139 1633 5209 gradu
1669 5140 1878 5206 quinto.

544 5216 570 5256 Ι
595 5207 668 5266 Ita
695 5208 856 5263 etiam
887 5210 1136 5278 superius
1167 5217 1269 5262 art.
1295 5208 1384 5264 85.
1416 5208 1523 5265 Sed
1556 5208 1785 5263 fortasse
1815 5211 1935 5275 quia
1966 5226 2059 5263 sex

473 5280 811 5336 orationibus
856 5293 949 5333 sex
985 5278 1166 5334 itidem
1202 5280 1390 5346 psalmi
1420 5280 1784 5349 jnngebantnr
1807 5322 1821 5344 ,
1860 5279 2059 5334 idcirco

475 5349 744 5408 Palladius
774 5357 829 5403 et
855 5350 947 5405 alii
978 5350 1261 5406 duodecim
1285 5353 1556 5405 orationes
1584 5351 1690 5406 illis
1718 5352 2059 5419 praescriptas

470 5420 743 5477 dixerunt.

547 5489 571 5526 λ
604 5490 775 5557 Major
818 5494 1040 5548 collecta
1090 5492 1373 5548 dicebatur
1405 5534 1417 5556 ,
1478 5508 1599 5547 cum
1662 5492 2058 5546 conveniebant

472 5576 662 5633 omnes
688 5564 880 5633 fratres
906 5564 1147 5633 ejusdem
1183 5566 1494 5619 monasterii
1527 5566 1639 5615 sive
1680 5564 2054 5629 congregatio-

473 5631 554 5703 nis
588 5631 960 5703 inecelesmm,
990 5635 1182 5690 diebus
1216 5650 1409 5703 nempe
1435 5634 1730 5688 sabbatinis
1757 5635 2057 5687 etdoiuiai-

471 5701 571 5777 eis,
604 5699 830 5777 aliisque
859 5704 1291 5777 solemnitatibus
1319 5699 1384 5759 ad
1411 5706 1590 5777 divina
1629 5707 1881 5777 mysteria
1907 5706 2053 5759 cele-

472 5770 675 5829 bramla
720 5770 775 5827 et
829 5776 1202 5847 percipienda,
1237 5786 1289 5834 et
1319 5774 1542 5834 verbum
1572 5779 1663 5832 Dei
1684 5770 2050 5833 audiendum.

2090 4468 2140 4527 D

2173 3654 2409 3708 Minores
2440 3666 2621 3708 autem
2648 3655 2890 3709 collecta!
2924 3665 2973 3707 et
3013 3654 3202 3713 privati
3237 3664 3536 3708 conventus
3579 3658 3773 3723 quoti-

2171 3725 2260 3777 die
2292 3726 2490 3779 fiebant
2518 3726 2570 3779 in
2602 3725 2827 3793 singulis
2858 3725 3109 3779 domibus
3153 3727 3309 3778 statis
3341 3727 3486 3779 boris
3534 3736 3584 3779 et
3622 3737 3771 3777 teni-

2172 3797 2413 3863 poribus,
2455 3798 2549 3849 tibi
2603 3797 2948 3849 solummodo
2989 3796 3201 3862 triginta
3258 3807 3351 3848 aut
3407 3797 3773 3863 quadraginta

2168 3867 2587 3929 conveniebant,
2622 3876 2679 3920 ut
2706 3882 2774 3921 ex
2804 3867 2963 3921 dictis
2991 3867 3179 3934 liquet.
3220 3866 3350 3919 \‘ide
3380 3867 3532 3920 artic.
3566 3867 3690 3921 I02.

2248 3935 2262 3974 ί
2304 3937 2357 3992 Id
2384 3946 2490 4002 est,
2529 3937 2898 3993 ordinationes
2924 3938 3037 3992 sive
3068 3938 3486 3992 constitutiones
3529 3945 3585 3992 ct
3616 3940 3771 4007 leges

2168 4009 2434 4079 cujusque
2464 4009 2678 4064 domus.

2244 4077 2259 4129 l
2300 4077 2413 4135 lloc
2442 4090 2549 4146 est,
2581 4081 2631 4133 in
2656 4078 2817 4133 rebus
2837 4079 3111 4132 consuetis
3136 4087 3185 4132 et
3216 4079 3425 4133 usitatis
3448 4077 3773 4133 observabit

2170 4153 2385 4220 regulas
2416 4150 2753 4205 monasterii.
2785 4149 3089 4218 OppOnitur
3129 4151 3272 4203 cnim
3313 4164 3400 4203 res
3453 4166 3587 4201 nova
3628 4167 3773 4203 con-

2167 4224 2361 4289 suetis,
2391 4237 2512 4292 quae
2554 4238 2620 4277 ex
2653 4236 2803 4277 more
2856 4220 3191 4275 descendunt
3232 4231 3288 4275 et
3334 4224 3642 4287 frequenter
3672 4238 3773 4275 ac-

2168 4292 2375 4347 cidnnt.

2240 4362 2265 4401 ι
2299 4364 2471 4419 Mores
2501 4374 2552 4415 et
2579 4361 2919 4418 conditiones
2945 4361 3238 4431 praeposid,
3271 4362 3383 4415 sive
3416 4361 3630 4431 prioris,
3653 4362 3772 4419 late

2170 4434 2255 4489 hic
2281 4435 2678 4489 describuntur.

2244 4504 2261 4543 ι
2300 4506 2434 4572 Quid
2469 4507 2595 4568 hoc,
2629 4522 2732 4559 non
2764 4503 2895 4559 satis
2922 4501 3196 4572 expedio;
3226 4501 3333 4557 nisi
3373 4501 3511 4557 forte
3541 4518 3607 4557 ne
3634 4519 3770 4559 ver-

2166 4587 2315 4632 setur
2356 4578 2407 4629 in
2439 4577 2591 4630 cellis
2646 4576 2945 4644 pennariis,
2991 4576 3080 4628 ubi
3133 4577 3351 4637 viuum,
3417 4574 3604 4627 saltem
3663 4591 3771 4642 pro
3822 4604 3833 4611 -

2166 4649 2395 4703 infirmis
2420 4660 2473 4700 ct
2500 4647 2719 4700 senibus
2742 4646 3078 4699 servabatur.
3109 4644 3183 4699 De
3210 4660 3318 4713 quo
3346 4658 3510 4712 supra
3530 4653 3632 4699 art.
3666 4648 3767 4700 '11.

2236 4729 2275 4755 ιη
2310 4719 2474 4779 Puto,
2509 4729 2632 4769 vota
2675 4718 2931 4776 fratrum,
2959 4724 3270 4769 antstatnta
3304 4716 3589 4781 majorum.

2238 4798 2264 4826 ιι
2290 4790 2341 4844 Id
2366 4801 2469 4851 Cal,
2503 4804 2571 4842 ne
2596 4789 2802 4854 jejunet
2830 4786 2918 4841 die
2944 4785 3239 4849 dominico,
3285 4797 3342 4839 ut
3371 4797 3521 4840 recte
3562 4785 3767 4841 Ciaco.

2166 4865 2285 4914 nius
2304 4862 2600 4914 annotavit.
2632 4858 2784 4923 Quod
2818 4866 2993 4910 utrum
3021 4858 3177 4910 liceat
3205 4872 3396 4920 necne,
3424 4857 3547 4909 vide
3578 4860 3766 4925 expli-

2164 4942 2339 4987 catunt
2372 4931 2512 4999 apud
2546 4930 2857 4983 Cassianum
2911 4928 3009 4982 lib.
3043 4943 3080 4981 ιι
3133 4941 3253 4997 cap.
3289 4928 3407 4992 ult.,
3458 4927 3641 4981 eollat.
3692 4929 3763 4984 21

2163 5019 2283 5070 cap.
2312 5002 2378 5058 l9
2406 5011 2464 5057 et
2490 5009 2742 5070 sequent.

2237 5067 2263 5110 δ
2291 5074 2544 5140 llespicit,
2571 5067 2627 5125 ut
2661 5071 2790 5124 mihi
2838 5069 3054 5139 quidem
3087 5069 3319 5137 videtur,
3362 5068 3415 5123 id
3470 5067 3610 5140 quod
3668 5084 3769 5124 ει.-

2165 5144 2343 5211 peritis
2370 5138 2507 5199 dixit
2535 5152 2638 5197 art.
2670 5143 2762 5208 £3,
2798 5138 2901 5195 non
2930 5142 3150 5193 dormiat
3175 5142 3291 5208 quis
3324 5151 3470 5194 extra
3490 5138 3765 5194 irreliuum

2163 5216 2425 5279 sellularii,
2458 5215 2508 5269 id
2532 5223 2635 5276 est,
2670 5214 2925 5267 humilem
2962 5212 3241 5277 lectulum,
3266 5213 3349 5265 vel
3378 5212 3553 5277 potius
3581 5214 3767 5267 sedile

2167 5302 2471 5350 recurvum,
2503 5294 2562 5340 ut
2592 5285 2661 5338 ibi
2692 5284 2891 5337 dictum
2923 5292 3026 5335 est.
3062 5282 3182 5336 Vult
3226 5297 3355 5348 ergo
3404 5286 3762 5352 pra‘positos,

2164 5358 2277 5411 sive
2307 5357 2535 5424 priores,
2567 5356 2793 5425 perinde
2820 5369 2883 5408 ac
2912 5363 3139 5407 caeteros
3172 5353 3461 5425 monachos
3492 5369 3599 5406 non
3632 5355 3763 5407 aliis

2164 5432 2237 5480 nti
2270 5428 2539 5481 cubilibus
2574 5424 2741 5497 quam
2770 5428 2881 5479 suis
2911 5425 3178 5493 psiatlitis,
3232 5440 3344 5497 sive
3390 5424 3596 5497 sellulis
3623 5440 3649 5497 ;r
3697 5442 3763 5477 ne

2164 5516 2373 5570 rnorem,
2407 5495 2610 5570 inquit,
2648 5498 2874 5551 inritatur
2914 5497 3212 5570 gentilium,
3265 5496 3379 5549 sive
3409 5495 3765 5570 atrt‘llial’ltllﬂ

2164 5567 2464 5632 hominum,
2481 5566 2580 5638 'qui
2603 5584 2711 5639 quo
2734 5566 3113 5639 honoratiores
3136 5578 3224 5639 aut
3250 5567 3577 5639 potentiores
3596 5579 3763 5631 sunt,

2162 5654 2228 5693 eo
2254 5637 2661 5695 sublimioribus
2690 5649 2746 5697 et
2775 5638 3233 5709 splendidioribus
3263 5637 3438 5692 thoris
3460 5645 3514 5690 et
3552 5640 3753 5693 cubili-

2160 5710 2259 5766 bus
2291 5712 2367 5766 uti
2389 5712 2588 5766 solent.

2235 5730 2259 5767 s
2291 5712 2367 5767 uti
2389 5712 2588 5768 solent.
