4016 6192
331 288 428 345 501

1610 301 1885 360 necum
1927 307 1982 363 s.
2028 278 2348 369 matrona

3502 323 3605 382 30!

335 406 628 462 stultorum
660 407 773 462 risu
805 421 868 463 ac
892 408 1040 477 joco,
1075 424 1184 466 non
1217 411 1456 482 rapiatur
1485 429 1579 468 cor
1609 415 1727 485 ejus
1753 417 1820 472 ab
1849 416 1929 473 his
1959 445 2006 505 Α
2035 419 2249 478 ritatcm
2296 423 2368 478 ob
2409 435 2669 486 tumorem
2712 433 2906 499 animi,
2956 453 3054 494 nec
3098 439 3316 497 deserat
3356 442 3616 514 jtts‘liliam

334 503 418 570 qui
449 498 634 572 inepta
667 502 985 572 loquuntur,
1015 513 1108 560 aut
1149 505 1358 574 dulcia;
1396 525 1502 565 non
1530 511 1778 567 vincatur
1808 531 1926 568 tnu-

335 593 590 660 aeribus,
641 608 750 648 non
800 587 1151 664 parvulorum
1196 614 1452 656 sermone
1505 602 1772 672 ducatur;
1821 624 1924 660 non

331 685 680 755 aﬂligaturitt
715 687 1101 759 tribulatione,
1146 707 1252 746 non
1297 693 1488 750 timeat
1525 708 1789 764 mortem,
1830 701 1924 754 sed

328 777 536 843 Deum,
582 794 652 834 ue
697 782 1083 849 praevaricator
1125 785 1196 838 sit
1241 799 1462 858 propter
1502 791 1828 847 eminentem
1862 795 1926 848 ti-

327 886 535 927 morem
562 888 582 939 ;
616 881 644 910 ⁸
674 889 744 929 nc
781 875 1050 946 relinquat
1080 893 1269 933 verum
1298 879 1475 935 lumen
1509 893 1726 954 propter
1754 888 1925 940 modi-

325 978 416 1018 cos
443 964 600 1020 cibos
619 1006 634 1030 ,
667 981 775 1020 non
804 968 1020 1024 vacillet
1051 985 1150 1024 nec
1177 969 1400 1026 ﬂuctuet
1428 973 1478 1026 in
1507 975 1760 1044 operibus
1783 978 1917 1044 suis,

324 1070 432 1109 non
461 1065 640 1112 mutet
670 1059 1000 1113 sententiam
1031 1074 1214 1114 veram
1234 1103 1250 1127 ,
1282 1062 1377 1116 sed
1411 1062 1603 1118 lirnnts
1635 1067 1706 1119 sit
1734 1067 1921 1121 solidi-

322 1163 424 1216 que
463 1148 674 1204 decreti
712 1149 858 1218 juSta
899 1161 1091 1206 cuncta
1133 1153 1527 1219 considerans,
1569 1155 1818 1225 judicans
1866 1160 1917 1214 in

322 1241 548 1295 veritate
576 1240 786 1310 absque
826 1242 1066 1312 appetitu
1107 1243 1331 1313 gloria},
1369 1246 1689 1302 manifestus
1725 1250 1835 1305 Deo
1863 1263 1918 1306 et

321 1332 676 1402 hominibus,
717 1343 773 1388 et
814 1333 1072 1404 clongans
1113 1349 1172 1392 se
1214 1351 1244 1391 a
1286 1339 1508 1408 fraude,
1558 1356 1664 1396 non
1707 1341 1918 1412 ignoret

317 1426 795 1481 conversationem
819 1437 1133 1483 sanctorum
1155 1470 1170 1496 ,
1202 1445 1302 1486 nec
1328 1431 1394 1486 ad
1423 1447 1610 1487 corum
1637 1434 1914 1492 scientiam

317 1533 496 1572 aecus
524 1519 728 1574 existat
750 1560 766 1584 ,
799 1519 933 1575 nulli
965 1531 1156 1578 noceat
1187 1537 1284 1593 per
1317 1525 1667 1594 superbiam;
1713 1545 1780 1584 ne
1822 1544 1912 1585 se-

315 1621 513 1680 quatur
543 1611 1016 1681 concupiscentias
1043 1614 1324 1669 oculorum
1358 1632 1581 1673 suorum
1601 1660 1616 1684 ,
1652 1636 1758 1675 non
1785 1637 1909 1677 eum

316 1711 581 1771 superent
624 1703 896 1758 incentiva
947 1704 1241 1771 vitiorum,
1289 1709 1572 1764 veritatem
1614 1728 1906 1784 numquam

2039 528 2258 584 propter
2315 517 2714 591 lassitudinem,
2775 543 2875 582 nec
2931 528 3120 598 perdat
3170 534 3405 590 animam
3463 556 3611 591 suun

2033 619 2252 676 propter
2296 614 2676 670 verecundiam
2703 658 2717 679 ,
2753 633 2851 673 nec
2883 623 3139 692 respiciat
3174 625 3340 695 dapes
3371 629 3611 684 lautioris

2031 714 2256 768 menszc,
2286 718 2386 758 nec
2419 705 2643 774 pulchra
2677 712 2993 768 vesumenta
3025 715 3320 786 desideret,
3359 737 3426 776 ne
3451 738 3610 778 senes

2030 791 2304 862 negligat,
2354 808 2574 866 semper
2624 798 2876 868 dijudich
2925 805 3282 874 cogitationes
3332 826 3491 878 suas,
3545 833 3612 870 se

2028 881 2329 940 inebrietur
2371 888 2524 956 vino,
2578 891 2672 945 sed
2724 893 3080 952 humilitatem
3125 898 3363 968 junctam
3411 905 3611 961 habeat

2027 974 2277 1046 veritati,
2310 979 2524 1048 quando
2551 982 2777 1050 judicat.
2815 985 3086 1056 Sequatur
3116 1004 3384 1062 prmcepta
3432 1000 3604 1065 maju-

2025 1079 2174 1130 rum,
2222 1079 2272 1122 et
2317 1069 2487 1139 legem
2533 1073 2658 1138 Dei,
2703 1091 2821 1145 quzc
2864 1086 2973 1132 tcto
3013 1081 3142 1134 orbe
3174 1085 3466 1153 praedicata
3497 1100 3602 1144 est.

2023 1158 2082 1214 Si
2113 1162 2397 1231 quidquam
2428 1165 2495 1220 dc
2528 1166 2612 1222 his
2655 1172 3014 1238 prmtcrierit,
3060 1175 3317 1232 reddetur
3360 1181 3410 1234 ei
3457 1198 3607 1237 men.

2021 1262 2145 1304 sura
2170 1251 2320 1320 juxta
2351 1269 2511 1324 quam
2545 1271 2765 1314 mensus
2795 1271 2904 1326 est,
2946 1271 3000 1317 et
3045 1265 3267 1336 recipiet
3311 1272 3605 1327 secundum

2020 1354 2183 1409 opera
2214 1357 2342 1411 sua,
2374 1347 2498 1417 quia
2530 1347 2828 1405 mmchatus
2858 1361 2943 1406 est
2972 1355 3023 1408 in
3057 1355 3200 1427 ligno
3228 1369 3281 1413 ct
3313 1360 3516 1431 lapide,
3551 1379 3608 1421 et

2021 1443 2241 1504 propter
2270 1435 2531 1508 fulgorem
2564 1445 2678 1497 auri
2710 1453 2764 1499 et
2793 1446 3140 1512 Splendorem
3161 1495 3175 1519 ,
3207 1454 3370 1508 animi
3401 1455 3605 1513 dimlsit

2010 1521 2308 1594 judicium,
2337 1539 2390 1584 et
2421 1530 2706 1589 desideriis
2746 1540 3142 1606 temporalibus
3189 1544 3353 1611 lucri,
3401 1547 3605 1616 laqueis

2014 1631 2074 1671 se
2107 1617 2279 1673 induit
2306 1619 2612 1692 iniquorttm
2633 1670 2648 1694 ,
2680 1636 2735 1682 et
2769 1625 2797 1666 δ
2828 1631 3042 1685 eveniet
3074 1636 3120 1686 ei
3154 1638 3410 1690 contritio
3443 1639 3560 1695 ﬂeli
3581 1686 3595 1708 ,

2013 1718 2068 1763 et
2100 1710 2330 1766 ﬁliorum
2360 1714 2478 1783 ejus
2523 1715 2586 1788 (Ι
2619 1717 2746 1790 Reg.
2775 1718 2897 1793 tv),
2946 1723 3256 1781 maledictio
3303 1729 3392 1784 llei
3437 1711 3599 1802 quam

317 1803 647 1862 praete“,
694 1795 872 1852 οαετίι
917 1798 1270 1865 iniustitiam,
1316 1808 1373 1854 ει
1416 1817 1704 1872 pel-mnam
1749 1822 1903 1860 unln-
1941 1826 1988 1886 Β
2015 1801 2342 1870 imprecatus
2374 1817 2454 1860 est
2484 1805 2614 1862 Cain
2647 1809 2802 1878 (Gen.
2837 1812 2959 1884 tv);
2994 1818 3223 1884 perditio
3261 1836 3365 1889 qua
3411 1795 3602 1891 pecca-

313 1908 479 1959 quam
510 1891 716 1961 judicet
748 1908 845 1961 pro
874 1893 1220 1960 muneribus,
1256 1911 1355 1951 nec
1385 1896 1711 1954 condemnet
1753 1900 1911 1955 inno-

311 1994 530 2039 centem
581 1999 677 2054 per
715 1984 1062 2055 superbiam,
1109 2002 1214 2040 non
1263 1985 1439 2042 rideat
1489 1989 1630 2046 inter
1675 2006 1906 2061 pueros,

313 2090 420 2130 non
453 2075 674 2131 deserat
702 2077 983 2132 veritatem
1017 2076 1211 2133 timore
1251 2091 1570 2148 superatus,
1617 2098 1722 2137 non
1760 2098 1908 2140 com-

310 2167 439 2221 edat
471 2182 665 2236 panetn
696 2167 765 2222 de
806 2166 1198 2234 l'mudulentia,
1235 2184 1339 2224 non
1370 2169 1646 2227 desideret
1675 2175 1904 2230 alienam

313 2273 550 2326 terram,
582 2277 686 2314 non
713 2261 988 2330 opprimat
1009 2260 1240 2316 animam
1273 2271 1495 2332 propter
1522 2263 1751 2320 aliorum
1777 2283 1902 2337 spo-

311 2354 413 2416 lia,
445 2369 554 2406 non
579 2351 839 2421 despiciat
868 2365 966 2406 eos
986 2350 1074 2421 qui
1098 2350 1341 2422 indigent
1370 2354 1768 2424 misericordia,
1803 2375 1904 2415 nec

309 2445 506 2499 falsum
542 2442 911 2498 testimonium
939 2442 1086 2498 dicat
1111 2443 1368 2499 seductus
1395 2445 1587 2514 lucro;
1621 2463 1720 2504 nec
1750 2466 1900 2520 men-

310 2548 333 2590 t
352 2546 478 2591 atur
507 2545 731 2606 propter
756 2533 1066 2606 superbiam
1084 2579 1098 2605 ,
1133 2549 1234 2591 nec
1261 2538 1555 2594 contendat
1583 2549 1770 2597 contra
1801 2558 1902 2599 ve-

2016 1903 2161 1947 torcs
2201 1904 2357 1951 terra:
2389 1897 2572 1954 hiatus
2599 1901 2877 1958 absorbuit
2909 1904 3100 1976 (Num.
3137 1911 3260 1982 xw)
3289 1927 3305 1978 ;
3337 1923 3392 1967 et
3428 1915 3597 1970 inter-

2014 1986 2120 2040 itus
2147 1987 2599 2056 Chananmorum,
2631 2003 2686 2048 et
2717 2006 2738 2033 ε
2770 1999 3027 2053 contritio
3054 2000 3264 2072 hydrize
3291 2005 3358 2059 ad
3391 2005 3596 2063 fontem

2014 2078 2354 2151 (Eccle.stt).
2394 2093 2447 2138 et
2486 2101 2774 2141 arenarum
2817 2094 3177 2150 comminutio
3210 2099 3260 2150 iu
3293 2099 3596 2166 littoribus.

2010 2185 2130 2243 quae
2155 2174 2314 2229 salsis
2338 2175 2590 2232 ﬂuctibus
2614 2179 3000 2248 verberantur;
3026 2198 3078 2240 et
3100 2185 3126 2221 ά
3157 2188 3456 2248 contractio
3483 2196 3596 2250 vir-

2011 2283 2093 2334 gze
2122 2267 2370 2338 gloriosa:
2411 2267 2649 2341 (Jerem.
2681 2258 2844 2327 sum
2867 2273 2920 2343 ),
2953 2283 2978 2313 θ
3007 2283 3068 2330 ut
3107 2279 3178 2333 sit
3224 2283 3380 2350 quasi
3421 2299 3595 2341 czecus

2013 2358 2237 2428 palpans
2260 2373 2419 2413 manu
2448 2361 2708 2429 parietem
2736 2361 2756 2433 (
2769 2359 2924 2418 Isaia
2946 2381 3030 2422 ιιι
3045 2365 3084 2437 ).
3115 2366 3240 2424 llaec
3267 2375 3448 2429 omnia
3473 2391 3596 2431 eve-

2011 2449 2162 2506 ttient
2187 2450 2270 2517 ei,
2299 2451 2422 2520 quia
2453 2467 2562 2506 non
2589 2453 2832 2509 servavit
2870 2457 3157 2516 veritatem
3199 2461 3252 2516 in
3295 2462 3504 2533 judicio
3543 2480 3598 2524 et

2010 2543 2194 2614 inique
2223 2543 2338 2614 egit
2365 2542 2420 2598 in
2450 2543 2703 2602 omnibus
2729 2561 2850 2617 quae
2878 2547 2930 2603 ei
2956 2549 3165 2607 credita
3193 2563 3340 2613 sunt.

1338 2635 1628 2735 ‘ALARDI
1666 2679 1899 2737 (ςΑῑΑῑι
1934 2681 2503 2738 COMMENTARIUS.

382 2801 407 2828 ³
438 2792 555 2846 Alia
606 2791 776 2868 lectio
811 2792 971 2848 habet
1001 2793 1164 2868 ;_Nec
1187 2795 1442 2864 relinquat
1489 2812 1659 2868 verum
1701 2798 1899 2868 ﬂumen

297 2875 518 2934 propter
545 2862 776 2934 modicos
815 2868 969 2918 rivos.
1003 2866 1101 2919 Ubi
1131 2862 1432 2921 allttsidt‘st
1462 2865 1527 2920 ad
1584 2862 1712 2920 illud
1742 2867 1894 2922 Jere-

302 2932 429 2988 sui-t2
459 2949 555 3008 tt__:_
575 2932 662 3008 Me
679 2933 1053 3008 dereliqueruut
1085 2940 1276 3002 [autem
1306 2954 1455 3004 aqua:
1484 2937 1631 2994 uitta.
1664 2948 1709 2991 et
1755 2941 1900 3008 {adeo

299 3016 430 3057 runt
461 3005 557 3057 sibi
583 3003 856 3072 risteruas,
881 3007 1127 3061 cisternas
1153 3003 1458 3077 dissipatas,
1485 3025 1600 3079 qua:
1637 3003 1900 3064 coulinct'e

297 3094 409 3129 non
431 3077 602 3128 valent
630 3091 814 3142 aquas.

372 3145 404 3185 δ
441 3147 541 3211 Qui
571 3161 693 3199 cum
717 3146 973 3200 amtiisset
1000 3158 1215 3216 captam
1243 3163 1363 3204 esse
1393 3149 1484 3203 Dei
1514 3163 1693 3204 arcam
1721 3165 1750 3203 a
1779 3151 1900 3205 Phi—

2005 2800 2117 2869 ejus
2131 2796 2352 2874 Δἱῃᾼὸιεηο
2395 2797 2684 2874 peremptis,
2702 2798 2828 2874 ipse
2854 2798 2918 2874 de
2947 2797 3075 2874 sella
3097 2816 3364 2874 corruens
3417 2809 3597 2874 fractis

2005 2867 2284 2921 cervicibus
2307 2867 2600 2942 aspirarit.
2632 2867 2713 2942 Att
2734 2870 3064 2942 corrigendos
3086 2873 3246 2942 igitur
3271 2867 3594 2933 subditorum

2005 2937 2764 3018 excessustanto.diligentius
2816 2937 2961 3018 debet
3009 2937 3258 3018 prmlatus
3300 2965 3590 3018 assurgere,

2005 3018 2195 3078 quanto
2233 3007 2578 3061 damnabilius
2621 3023 2802 3061 eorum
2853 3007 3080 3078 offensas
3129 3013 3382 3074 detereret
3421 3007 3596 3074 itit-or;

2005 3091 2189 3134 rectas.
2219 3080 2343 3132 llmc
2373 3079 2466 3132 ibi.

2081 3163 2103 3190 ε
2131 3151 2564 3232 Ecclesia-stag!"
2581 3167 2593 3203 :
2611 3149 3216 3232 Atttequatttcouteratttr
3235 3156 3422 3232 hydria
3444 3177 3595 3232 super

296 3217 516 3278 lista-is.
550 3217 728 3300 cecidit
754 3218 817 3271 de
839 3219 964 3300 salta
1006 3214 1306 3281 reirorsnm,
1335 3230 1384 3274 et
1422 3222 1599 3300 fractis
1628 3223 1904 3276 ceruicibus
1931 3214 1976 3275 C
2011 3222 2216 3300 (autem.
2240 3221 2335 3276 Ubi
2358 3221 2416 3273 υ.
2452 3214 2809 3290 llierouymu~
2833 3242 2843 3277 :
2870 3223 3145 3300 (iontrtlt'o,
3176 3214 3372 3296 inquit,
3392 3214 3594 3300 hydria:

295 3288 609 3360 exspiravit.
641 3287 838 3341 Noteut
876 3289 961 3360 hic
1015 3293 1322 3359 superiores
1366 3287 1584 3360 quantis
1629 3307 1892 3360 pm:ns,~e

295 3362 533 3413 reddant
562 3359 849 3421 obnoxius,
905 3359 950 3412 si
993 3374 1094 3412 suo
1125 3363 1328 3414 muneri
1363 3359 1562 3424 tle-int,
1606 3359 1690 3418 vel
1735 3365 1783 3420 itt
1825 3381 1892 3417 eo

295 3429 721 3498 negligenterse
749 3440 960 3498 gerant,
985 3437 1288 3499 pratsertim
1318 3433 1370 3487 in
1404 3435 1738 3501 corrigendis
1767 3438 1892 3488 sub-

293 3501 902 3572 ditorumescessmus.
933 3501 1047 3569 Qua
1073 3501 1141 3555 de
1169 3519 1224 3556 re
1247 3513 1424 3557 esstat
1465 3503 1684 3572 insignis
1719 3517 1894 3560 textus

293 3583 351 3624 et
384 3573 514 3624 huic
546 3571 664 3641 loco
703 3572 1146 3625 accommmlatus
1171 3591 1219 3627 an
1245 3575 1366 3641 jure
1396 3571 1662 3629 canonico
1694 3580 1743 3630 in
1778 3580 1895 3632 lnrc

298 3642 472 3696 uerba
497 3640 628 3708 (Tit.
652 3643 714 3694 de
742 3641 1002 3711 Sinwnia)
1037 3660 1050 3695 :
1079 3643 1217 3698 Licet
1247 3640 1369 3698 Heli
1394 3661 1622 3700 summus
1652 3649 1892 3702 sacerdos

290 3712 346 3764 in
372 3727 430 3764 se
456 3711 620 3764 bonus
649 3712 906 3786 existeret,
939 3714 1059 3786 quia
1088 3722 1258 3768 tamen
1289 3717 1515 3784 ﬁliorum
1555 3733 1788 3772 excessus
1817 3720 1895 3786 ef-

292 3784 537 3846 ﬁcaciter
581 3800 681 3858 non
720 3785 1024 3858 arripuit,
1050 3794 1100 3858 et
1124 3787 1206 3858 riu
1244 3802 1297 3839 se
1348 3787 1543 3855 pariter
1581 3796 1628 3840 et
1667 3790 1720 3842 in
1769 3791 1822 3858 ip
1847 3784 1894 3843 is

289 3853 756 3906 animadversionis
787 3852 974 3907 divina:
1013 3857 1291 3909 iiudictam
1339 3852 1564 3929 excepit;
1602 3861 1726 3938 dupz
1772 3852 1893 3928 filiis

1993 3311 2148 3363 super
2179 3296 2391 3362 (autem,
2423 3305 2470 3345 et
2497 3305 2621 3345 τοίω
2648 3295 2930 3360 con/'ractt'o
2956 3312 3111 3366 super
3135 3295 3596 3366 cisternamfutor-

1997 3368 2060 3418 tis
2084 3367 2363 3434 amigrant“
2385 3374 2525 3422 sunt.
2559 3377 2664 3424 etc.

2067 3433 2093 3472 ἀ
2120 3433 2356 3503 Respicit
2382 3434 2777 3512 illtnllercmim
2805 3451 3001 3512 sunt:
3032 3437 3298 3503 Quomodo
3326 3441 3592 3512 confracta

1997 3515 2068 3560 est
2087 3507 2228 3572 virga
2253 3508 2424 3572 fortis,
2453 3507 2663 3557 baculus
2695 3508 2985 3571 gloriosus?

2074 3586 2097 3613 ο
2133 3563 2422 3630 Ιιῖειιίυιηηιξ
2456 3590 2625 3628 XXVIII
2654 3592 2666 3626 :
2695 3563 2763 3628 Et
2795 3577 2972 3649 palpes
3001 3579 3051 3630 iu
3087 3580 3296 3632 merit/ie
3320 3582 3451 3634 sicut
3476 3585 3592 3649 pal-

2002 3664 2124 3715 pare
2149 3647 2274 3701 solet
2301 3662 2462 3720 erectis
2490 3649 2542 3700 iu
2569 3649 2805 3700 tenebris.
2830 3646 2895 3720 Et
2913 3647 3064 3720 lsaiae
3088 3664 3170 3702 ιιι
3197 3665 3211 3704 :
3233 3646 3589 3720 l’atpavinms,

1999 3721 2130 3772 sicut
2163 3720 2282 3772 caeci
2311 3717 2572 3784 parietem,
2604 3727 2651 3768 et
2693 3719 2844 3785 quasi
2875 3718 3059 3786 absque
3099 3722 3263 3772 oculis
3298 3717 3590 3776 attrectatu-

2001 3805 2134 3853 mus,
2167 3790 2470 3858 impegimus
2491 3787 2723 3866 meridie,
2757 3788 2902 3854 quasi
2946 3791 2999 3840 in
3035 3789 3286 3854 tenebris;
3317 3794 3368 3844 iu
3409 3795 3587 3866 caligi-

2002 3860 2162 3920 uasis,
2193 3857 2342 3928 quasi
2369 3857 2576 3910 mortui.

589 4069 945 4136 EIUSDEM
985 4076 1048 4136 S.
1100 4077 1488 4142 PACHOMII
1536 4081 1850 4143 REGULA
1902 4081 2160 4144 PROUT
2207 4084 2253 4142 Α
2301 4078 2707 4144 PALLADIO
2752 4081 3071 4142 RELATA
3122 4085 3288 4146 EST.

367 4339 744 4396 Tabenncnsis
772 4349 859 4397 est
907 4341 1079 4408 locus,
1133 4340 1226 4411 qui
1279 4339 1358 4394 sic
1394 4347 1617 4392 vocatur
1650 4336 1702 4391 iu
1745 4335 1890 4390 The-

288 4431 486 4495 baide,
516 4433 566 4486 in
594 4447 702 4502 quo
728 4431 827 4488 fuit
869 4433 1197 4488 Pachomius
1243 4431 1562 4494 monachus,
1613 4428 1696 4482 vir
1725 4443 1791 4482 ex
1825 4429 1891 4481 iis

284 4523 388 4593 qui
419 4523 671 4577 vixerunt
716 4523 770 4577 in
815 4537 1030 4578 summo
1060 4533 1111 4578 et
1145 4523 1388 4593 perfecto
1415 4522 1540 4575 vita:
1598 4519 1884 4584 instituto,

284 4616 432 4672 adeo
462 4623 525 4668 ut
550 4614 594 4669 is
622 4613 783 4670 fuerit
821 4614 1070 4685 dignatus
1099 4624 1154 4669 et
1183 4614 1485 4670 futurorum
1525 4612 1886 4683 prazdictiuui-

288 4709 394 4762 bus
422 4715 485 4762 et
515 4708 770 4778 angelicis
801 4708 1121 4764 visionibus.
1163 4708 1213 4763 Is
1240 4708 1336 4762 fuit
1361 4707 1518 4762 valde
1542 4722 1730 4762 amans
1755 4721 1884 4776 pau-

287 4814 515 4869 perum,
545 4808 600 4854 et
629 4813 819 4870 magna
848 4799 1110 4854 charitate
1138 4799 1192 4854 itt
1222 4799 1493 4853 homines.
1536 4799 1614 4852 Eo
1641 4811 1771 4866 ergo
1798 4812 1884 4851 se-

283 4892 457 4948 dente
492 4891 542 4946 in
581 4891 680 4948 hac
707 4892 964 4962 spelunca
991 4891 1139 4948 visus
1168 4901 1252 4948 est
1298 4891 1350 4947 ei
1379 4891 1601 4961 angelus
1642 4891 1882 4957 Domini,

282 4984 386 5053 qni
420 4982 474 5037 ei
505 4983 631 5038 dicit
665 5000 679 5037 :
716 4981 992 5052 Pacbomi,
1025 4997 1087 5038 ea
1127 4981 1343 5054 quidem
1385 4998 1503 5052 qua:
1533 4980 1599 5036 ad
1640 4992 1690 5036 te
1723 4981 1887 5050 perti-

284 5084 426 5132 nent
457 5089 606 5130 recte
644 5083 701 5131 et
728 5090 793 5130 es
821 5075 1020 5130 virtute
1048 5075 1294 5144 gessisti:
1327 5087 1724 5139 supervacaneo
1753 5087 1886 5142 ergo

283 5167 453 5223 sedes
477 5166 528 5220 in
557 5167 657 5222 hoc
695 5169 839 5222 loro.
873 5166 988 5236 Age
1028 5181 1179 5237 ergo,
1211 5167 1469 5237 egredere
1517 5175 1572 5222 et
1617 5181 1882 5236 congrega

282 5274 486 5315 omnes
502 5259 745 5329 juniores
785 5259 1108 5327 monachos,
1133 5272 1188 5315 et
1214 5259 1395 5315 habita
1417 5275 1539 5315 cum
1567 5259 1672 5326 eis,
1699 5271 1752 5314 et
1798 5276 1883 5314 sc-

282 5367 466 5424 qaens
503 5353 727 5408 fortnam
756 5368 919 5424 quam
969 5353 1109 5409 dabo
1135 5353 1251 5417 tibi,
1286 5352 1368 5408 eis
1410 5353 1560 5422 leges
1588 5352 1878 5408 constitue.

286 5446 465 5516 Eique
515 5446 664 5502 dedit
710 5445 950 5502 tabulam
1000 5461 1233 5514 aeneam,
1281 5446 1335 5502 in
1361 5461 1466 5518 qua
1513 5446 1628 5502 hmc
1681 5447 1881 5516 scripta

282 5537 532 5594 fuerant.

360 5628 409 5686 ι.
437 5627 686 5689 Concede
726 5632 1047 5707 unicuique,
1087 5643 1144 5691 ut
1189 5631 1440 5690 comedat
1485 5641 1543 5689 et
1581 5630 1730 5690 bibat
1782 5645 1882 5702 pro

273 5779 286 5786 ’
361 5793 388 5819 ⁸
424 5789 481 5851 ιιι
506 5794 898 5866 cst,psiathiis.

1999 4336 2206 4390 viribus
2262 4340 2660 4395 comedentiutn
2700 4361 2711 4396 :
2757 4345 2837 4400 eis
2888 4362 3100 4416 quoque
3143 4349 3333 4402 manda
3388 4365 3584 4421 opera,

1994 4445 2115 4497 qua:
2164 4433 2516 4498 proruit-tione
2559 4437 2918 4497 Cttht'ﬂialll.
2968 4453 3032 4492 ac
3083 4439 3480 4508 respondeant;
3527 4456 3585 4495 et

1995 4537 2167 4591 neque
2193 4538 2471 4576 remanere
2504 4525 2745 4590 prohibe,
2777 4543 2874 4582 nec
2905 4533 3212 4584 comedere.
3243 4531 3330 4586 Sic
3358 4534 3575 4602 quidem

1991 4615 2214 4667 [οι-ῑσιηις
2267 4614 2421 4668 fortia
2473 4617 2667 4671 manda
2709 4635 2870 4688 Opera
2912 4639 2925 4674 :
2976 4622 3242 4678 imbecilla
3290 4635 3471 4681 autem
3523 4643 3577 4684 et

1991 4706 2123 4759 levia
2154 4707 2240 4772 iis,
2265 4711 2353 4778 qui
2385 4724 2443 4764 se
2473 4711 2642 4779 magis
2668 4726 2957 4782 exercent,
2991 4728 3043 4770 ct
3071 4731 3196 4774 sunt
3249 4720 3572 4776 imbecillio-

1994 4813 2098 4852 res.

2064 4890 2127 4945 ll.
2162 4891 2272 4946 Fac
2294 4901 2474 4946 autem
2526 4895 2767 4951 diversas
2803 4898 2973 4953 cellas
3023 4901 3075 4954 in
3105 4901 3294 4956 eadem
3327 4904 3446 4958 aula
3477 4921 3490 4963 :
3523 4916 3578 4960 et

1994 4992 2104 5037 tres
2133 4984 2183 5037 itt
2205 4986 2340 5038 cella
2372 4999 2644 5041 maneant.

2061 5072 2147 5127 Ill.
2173 5074 2256 5128 Ab
2283 5077 2536 5131 oumibus
2574 5089 2755 5133 autem
2798 5081 2952 5136 cibus
2993 5083 3040 5136 in
3075 5100 3176 5137 una
3209 5085 3369 5139 domo
3396 5089 3575 5157 capia-

1990 5174 2094 5218 ιυν.

2058 5256 2146 5312 ιν.
2187 5257 2462 5313 Dormiunt
2505 5269 2683 5315 autem
2728 5279 2834 5316 non
2891 5264 3290 5328 recutnbcntcs,
3331 5267 3428 5322 scd
3475 5286 3572 5324 ex-

1985 5349 2201 5402 structis
2246 5349 2347 5403 sibi
2400 5359 2426 5388 ι
2471 5354 2688 5405 sedibus
2730 5354 2886 5421 paulo
2937 5357 3303 5424 supinioribus
3354 5370 3408 5415 et
3459 5362 3569 5417 illic

1989 5443 2254 5511 illlpOs‘iliS
2273 5446 2546 5515 stragulis,
2573 5447 2840 5502 dormiant
2867 5450 3141 5504 sedentes.

1988 5605 1993 5610 ~
2062 5534 2123 5588 ν.
2156 5533 2322 5589 Noctu
2375 5550 2553 5591 autem
2585 5551 2794 5608 gestent
2843 5539 3155 5600 blcbitoues
3208 5544 3409 5616 liucas,
3449 5565 3569 5606 stto-

1984 5628 2169 5683 cincti.

2098 5792 2126 5834 δ
2149 5793 2204 5850 id
2232 5805 2333 5863 est,
2365 5795 2574 5854 tunicas
2603 5797 2791 5854 lineas.
