3970 6180
243 337 339 392 5i9

246 458 587 475 και-...-

1051 338 1111 396 Ρ.
1148 335 1443 425 (ἸΙΛΕΟΝΙΙ
1484 339 2057 395 ΟΒΞΕΠΥᾹΤΙΟΝΕΞ
2096 341 2160 395 ιη
2200 342 2248 396 J.
2293 342 2708 403 CASSHNUM.

588 458 3133 486 ___.______________.__.___________________

3417 359 3521 414 ’ὀξΙο

3146 474 3509 494 W

569 566 656 644 P.
718 563 1202 665 ClACONIl
1256 564 2184 635 OBSERVATIONES
2240 568 2352 638 ΙΝ
2406 567 2494 642 J.
2554 568 3159 643 CASSIANUM

1726 714 2048 731 _—

302 788 580 854 Quoniam
611 788 860 862 Gelasius
904 786 1148 862 pontifex
1178 788 1449 862 maximus
1499 788 1553 841 itt
1598 787 1832 862 conciiio
1864 794 1904 845 Α
1941 804 2057 862 _ruui
2086 804 2465 862 summumque
2500 794 2715 851 bonum.
2745 810 2938 862 nempe
2959 796 3151 862 Deutn,
3178 814 3282 851 non
3317 799 3515 853 refere-

240 864 304 917 70
352 862 744 930 episcoporum
775 860 996 915 Joannis
1040 858 1281 930 Cassiani
1307 873 1471 926 opera
1518 860 1829 927 apocrypha

235 928 521 1000 judicavit,
547 932 709 999 idque
734 947 794 984 ea
822 932 1027 984 ratione
1076 928 1439 1000 potissimum,
1470 930 1614 998 quod
1645 930 1827 982 collat.

240 998 305 1057 l3
329 1003 563 1069 aliisque
588 998 723 1055 locis
754 1000 821 1053 dc.
848 1001 1015 1068 gratia
1046 1011 1101 1055 et
1129 998 1299 1052 libi-ro
1346 1000 1577 1054 hominis
1605 1000 1829 1053 arbitrio

238 1088 391 1126 more
422 1073 837 1141 Pelagianorum
872 1073 1105 1135 locutus,
1135 1086 1165 1123 a
1199 1070 1466 1141 Prospero
1488 1071 1825 1137 AquitauiCo,

156 1169 163 1177 ι
234 1145 439 1211 scripto
475 1139 738 1195 adversus
782 1157 905 1196 eum
938 1141 1097 1202 libro,
1129 1139 1409 1194 convictus
1438 1150 1606 1211 esset,
1656 1141 1800 1205 disiii

235 1210 496 1268 ciendum
525 1213 652 1282 quid
702 1214 753 1265 in
785 1212 902 1280 ejus
928 1212 1146 1280 scriptis
1178 1210 1542 1278 respuendum
1576 1212 1825 1282 sit,_quid

234 1294 417 1338 autem
444 1280 589 1352 piam
619 1282 860 1347 recipere
898 1285 1069 1350 possit
1116 1284 1640 1347 interpretationem.
1685 1280 1825 1333 Loca

236 1356 399 1422 igitur
456 1356 635 1406 omnia
660 1368 781 1419 qua:
836 1352 1205 1421 Pelagianistui
1258 1352 1616 1420 suspicionem
1665 1368 1828 1417 getic-

235 1440 358 1477 rare
389 1434 633 1493 possent,
667 1424 915 1477 mdecim
963 1422 1421 1492 propositionibus
1471 1426 1826 1490 comprehcn-

232 1496 384 1549 dam.

532 1585 743 1641 PRIMA
770 1583 1079 1640 CASSIANI
1111 1582 1531 1639 l’ROPOSlTlO.

304 1700 630 1769 Priusquam
670 1700 898 1763 primam
932 1698 1352 1766 propositionem
1404 1697 1490 1753 hic
1519 1699 1820 1761 ascribam,

235 1770 378 1825 illud
407 1772 862 1824 commonendum
885 1770 1098 1824 videtur
1131 1788 1143 1822 :
1168 1770 1393 1823 liberutn
1419 1770 1652 1823 hominis
1676 1770 1819 1823 arbi-

236 1842 406 1894 trium
436 1839 506 1893 ad
530 1841 755 1910 gloriam
785 1842 1216 1909 promerendam,
1245 1839 1337 1892 vel
1357 1840 1424 1892 ad
1459 1841 1684 1906 gratiam
1728 1857 1825 1893 au-

226 1912 495 1980 gendam,
549 1911 783 1980 Spiritus
813 1915 982 1966 sancti
1038 1911 1207 1979 gratia
1260 1911 1555 1964 inliterente
1606 1912 1821 1979 penitus

229 1984 515 2050 indigere;
548 1998 719 2050 neque
745 1991 911 2036 totam
945 1982 1115 2050 legem
1141 1982 1234 2035 Dei
1267 1982 1333 2034 im
1345 1981 1489 2046 plcre
1515 1996 1677 2047 posse
1705 1985 1820 2036 suis

226 2053 470 2118 viribus,
485 2067 659 2121 neque
676 2054 741 2105 ad
762 2055 986 2122 gratiam
1004 2068 1063 2106 se
1085 2064 1388 2120 praeparare
1406 2067 1473 2104 ex
1495 2052 1814 2121 propinquo,

225 2124 340 2177 nisi
372 2124 607 2191 Spiritus
650 2126 817 2177 sancti
850 2126 1089 2178 motione
1117 2124 1481 2178 sublevatutn;
1511 2138 1686 2189 neque
1716 2124 1814 2177 tle-

194 2208 390 2249 ‘mum
436 2193 636 2257 aliquid
685 2194 825 2257 quod
854 2194 920 2247 ad
949 2206 1203 2248 asteruam
1232 2194 1462 2247 salutem
1490 2202 1718 2258 spectet.
1744 2210 1812 2247 ex

222 2267 421 2330 seipse
448 2265 588 2318 velle
613 2279 707 2318 seu
734 2265 934 2328 facere,
958 2279 1062 2334 qua
1091 2263 1160 2318 de
1189 2278 1348 2316 causa
1367 2262 1628 2334 Dominus
1657 2263 1813 2323 dixit.

222 2337 375 2391 Siue
400 2334 643 2406 iurenihil
678 2336 884 2406 potestis
915 2338 1113 2403 facere;
1142 2346 1330 2389 contra
1364 2342 1494 2388 vero
1522 2333 1617 2406 Dei
1645 2338 1816 2406 gratia

220 2405 630 2462 communitum
678 2402 797 2460 lure
836 2402 1013 2460 omnia
1058 2420 1217 2472 posse
1265 2413 1544 2473 praestare.
1574 2402 1663 2458 lta’
1682 2404 1739 2459 lit
1763 2414 1823 2461 ut

220 2487 451 2532 sancta:
479 2478 715 2530 actiones
737 2490 802 2530 ac
832 2484 978 2533 recte
1004 2476 1141 2531 facta
1170 2490 1344 2544 neque
1364 2475 1472 2529 sint
1500 2475 1672 2529 solius
1699 2492 1821 2544 gra-

220 2550 326 2601 tias
367 2563 541 2615 neque
568 2547 735 2602 solius
759 2548 913 2602 liberi
941 2546 1288 2610 arbitrii,sed
1314 2546 1611 2612 utriusque,
1634 2562 1821 2613 quem-

219 2620 535 2672 admodum
580 2628 785 2672 rectum
818 2619 919 2673 iter
954 2618 1242 2672 coniicitur
1269 2626 1322 2669 et
1352 2616 1646 2687 gradientis
1694 2619 1817 2687 equi

219 2690 439 2743 labore
467 2698 521 2744 et
545 2691 743 2757 equ'tis
769 2688 1047 2757 dirigentis
1074 2688 1353 2742 industria.
1385 2685 1650 2741 Cancrum
1681 2685 1819 2757 pra--

218 2772 318 2815 ter
354 2760 475 2813 luet:
497 2773 658 2829 opera
684 2774 824 2814 verte
846 2759 1067 2829 justitize
1096 2759 1305 2826 intima,
1336 2766 1460 2829 sunt
1483 2769 1538 2812 et
1566 2758 1669 2811 alia
1696 2775 1819 2827 qua:

218 2846 351 2884 non
378 2827 577 2896 potest,
601 2840 777 2897 potest
804 2827 979 2885 tamen
1010 2830 1290 2896 nounu'la,
1311 2827 1549 2897 alioquin
1580 2843 1687 2883 non
1713 2832 1795 2883 dit‘

218 2902 413 2955 ferret
452 2916 483 2951 ιι
520 2911 743 2955 mortuo.
807 2901 1049 2955 Tuentur
1099 2900 1236 2955 hanc
1281 2900 1627 2965 sententiam,
1681 2903 1822 2953 inter

214 2971 598 3026 scholasticos
623 2972 683 3026 S.
715 2971 911 3026 Thom.
938 2970 1037 3026 1.2
1061 2980 1250 3040 quam.
1282 2969 1517 3040 £097art.
1550 2969 1607 3038 2,
1641 2979 1696 3025 et
1723 2972 1819 3025 2-2

216 3052 441 3111 quasi.
478 3043 543 3097 10
568 3052 673 3095 art.
707 3041 761 3108 4,
793 3051 847 3095 et
877 3039 1164 3106 utrobique
1187 3040 1303 3107 Cai.
1337 3039 1555 3111 Mensis
1588 3052 1728 3109 part.
1764 3058 1819 3096 ιιι

212 3110 438 3182 quast.
459 3112 525 3166 69
554 3113 779 3167 membr.
808 3112 843 3167 5
868 3122 971 3166 art.
1002 3113 1037 3167 '5
1055 3112 1121 3166 ad
1146 3112 1328 3182 linem,
1350 3110 1625 3169 Bonaveu.
1656 3112 1748 3165 lib.
1782 3127 1820 3166 ιι

214 3180 395 3238 Sent.
429 3183 667 3237 distinct.
694 3183 767 3237 28
792 3193 898 3237 art.
921 3184 978 3250 ‘2,
1001 3196 1055 3236 et
1080 3181 1263 3236 caeteri
1304 3180 1418 3237 fere
1444 3196 1654 3235 omnes.
1710 3183 1819 3236 llo-

217 3269 358 3309 rum
390 3254 651 3308 doctrina:
678 3254 859 3308 favent
889 3254 1128 3324 plerique
1158 3252 1469 3324 Patres,_ac
1492 3252 1723 3319 primum
1756 3255 1817 3309 S.

221 3327 560 3392 Ilicronym.
580 3324 673 3379 lib.
701 3340 756 3379 ιιι
780 3322 965 3380 canira
997 3322 1460 3392 l‘e|.ugianos.lloc
1487 3332 1590 3385 est,
1625 3325 1817 3389 inquit,

218 3396 377 3463 quod
419 3394 513 3448 tibi
552 3395 603 3448 in
640 3396 902 3465 principio
930 3395 1196 3458 dixeram,
1226 3393 1277 3446 in
1310 3402 1495 3447 nostra
1527 3407 1649 3448 esse
1680 3398 1820 3463 posi—

220 3476 344 3519 tum
375 3473 646 3533 potestate
674 3466 758 3519 vrl
786 3481 1010 3534 peccare
1031 3465 1112 3519 vel
1138 3479 1245 3518 non
1292 3478 1535 3531 pet-care,
1563 3472 1619 3517 et
1643 3466 1726 3519 vel
1752 3468 1817 3519 ad

1939 858 2083 911 bant.
2111 858 2269 912 .Itttta
2302 861 2439 913 hanc
2470 873 2778 916 sanctorum
2813 858 3027 919 Patrum
3073 858 3370 922 doctrinam
3422 886 3517 924 ex-

1942 930 2078 1006 paui.
2098 945 2254 1006 posse
2281 933 2491 1006 videtur
2526 934 2593 987 de
2622 936 2808 1006 morali
2837 938 3007 1006 solum
3050 936 3195 991 bono
3227 942 3392 1006 prima
3424 942 3511 993 illa

1933 999 2173 1079 (_Jassiani
2205 1002 2518 1079 propositio,
2555 1004 2806 1058 videlicet
2835 1024 2849 1079 ς
2876 1036 2949 1079 -_-_-
2979 1005 3139 1061 Posse
3190 999 3282 1062 nos
3314 1010 3510 1079 aliquid

1933 1070 2052 1122 boui
2077 1071 2203 1122 uelle
2220 1082 2264 1122 et
2288 1075 2459 1142 facere
2484 1090 2547 1126 cx
2576 1086 2774 1129 natura:
2801 1077 3007 1129 viribus.
3039 1107 3107 1117 —
3136 1079 3249 1133 lloc
3269 1070 3409 1133 enini
3436 1082 3515 1133 :if-

1934 1142 2111 1217 lii-mat
2142 1142 2424 1217 collat.__‘23
2443 1158 2561 1217 cap.
2592 1146 2649 1209 2,
2676 1155 2729 1199 et
2751 1148 2929 1199 cullat.
2961 1147 3027 1201 13
3044 1163 3163 1217 cap.
3196 1148 3250 1212 4,
3283 1152 3315 1203 5
3342 1164 3391 1203 et
3422 1152 3510 1203 l2.

1932 1210 2134 1275 Quibus
2161 1211 2295 1266 locis
2328 1214 2471 1266 illuni
2499 1215 2565 1268 de
2594 1218 2781 1271 morali
2809 1219 2948 1271 bono
2973 1210 3208 1273 locutum
3233 1210 3353 1273 esse
3387 1222 3512 1274 imle

1932 1283 2270 1358 Ροτξβίουυη)
2293 1294 2403 1358 _csl,
2438 1286 2579 1354 quod
2610 1287 2736 1358 alibi
2768 1304 2873 1341 non
2901 1289 3068 1343 semel
3100 1299 3258 1358 negat
3287 1307 3385 1344 nos
3412 1293 3507 1342 ali-

1929 1353 2055 1418 quid
2082 1367 2145 1406 ex
2181 1355 2333 1427 nobis
2354 1353 2467 1408 aut
2495 1357 2778 1423 perlicere,
2809 1369 2902 1410 aut
2934 1353 3194 1427 incipere,
3236 1371 3326 1414 aut
3367 1362 3511 1415 velle

1933 1436 2111 1498 posse,
2146 1423 2247 1476 nisi
2273 1424 2412 1498 Deus
2443 1427 2759 1498 cpituletur.
2806 1429 2937 1495 Qua:
2984 1423 3199 1495 quidem
3249 1441 3371 1498 apte
3404 1448 3511 1485 non

1929 1492 2225 1575 uolueret",
2258 1495 2378 1575 nisi
2431 1497 2723 1575 posteriora
2777 1492 2891 1552 lucc
2921 1492 3155 1569 debotto
3184 1492 3323 1563 quod
3352 1503 3510 1554 tlhri-

1929 1565 2117 1639 _s_tian_:e
2143 1565 2363 1639 justilizn
2383 1577 2465 1620 est
2488 1569 2755 1632 intimum,
2782 1565 3152 1637 exportantur,
3172 1572 3348 1639 priora
3381 1588 3510 1627 vero

1930 1634 2017 1686 illa
2045 1634 2112 1707 de
2143 1634 2369 1707 honesto
2396 1638 2781 1707 moraliterque
2809 1634 3083 1695 laudabili.
3117 1634 3355 1697 Tametsi
3403 1659 3507 1696 non

1930 1704 2168 1779 negarim
2218 1705 2536 1779 Cassianum
2572 1704 2707 1764 licet
2738 1710 2804 1764 de
2836 1711 2935 1764 hac
2963 1712 3073 1779 ipsa
3129 1727 3186 1765 re
3217 1730 3320 1765 non
3369 1716 3513 1769 male

1927 1776 2272 1850 sentiemcm,
2304 1778 2369 1829 ad
2401 1794 2517 1830 eam
2562 1787 2736 1850 tamen
2772 1776 3102 1850 probandam
3143 1783 3325 1837 collat.
3361 1787 3427 1838 15
3455 1800 3505 1837 c.

1929 1844 1997 1920 {I2
2014 1848 2241 1920 abusum
2266 1857 2557 1920 utcumque
2586 1849 2752 1906 fuisse
2772 1844 3036 1920 exemplo
3068 1855 3228 1907 David
3270 1855 3338 1908 de
3383 1856 3512 1909 acdi-

1926 1917 2136 1970 licaudo
2161 1918 2362 1992 templo
2411 1922 2699 1992 cogitantis
2730 1937 2796 1976 ex
2820 1917 3147 1992 semetipsii;
3176 1926 3375 1978 etenim
3402 1943 3511 1979 non

1923 1987 2338 2065 9ξ,⁵θ¹¹¹θ¹ί1)δοο
2370 1987 2561 2065 sedet
2607 1992 2697 2044 Dei
2729 1994 2901 2065 gratia
2944 1987 3287 2065 iii—cogitasse
3316 1996 3510 2065 proba-

1925 2057 2084 2110 bilius
2113 2066 2195 2112 est
2217 2068 2436 2128 propter
2463 2061 2631 2130 ipsius
2658 2057 2839 2131 operis
2866 2057 3203 2134 religionem.

2132 2173 2456 2231 SECUNDA
2500 2175 2809 2233 CASSIANl
2865 2178 3291 2237 PROPOSITIO.

1996 2263 2101 2319 Per
2113 2265 2327 2341 aliquod
2353 2277 2487 2321 recte
2513 2268 2704 2338 factum
2732 2285 2795 2322 ac
2825 2270 3009 2323 bonum
3032 2272 3340 2325 voluntatem
3361 2289 3506 2341 posse

1922 2351 2101 2411 post;
2122 2339 2266 2392 nobis
2312 2349 2586 2411 utcumque
2622 2342 2690 2392 ad
2718 2342 2939 2411 gratiam
2968 2358 3279 2411 prtrpararc,
3325 2339 3398 2395 ita
3450 2356 3505 2395 ιιι

1924 2407 2153 2480 Spiritus
2171 2410 2627 2480 sanctimotionem
2645 2407 2881 2465 voiuntas
2904 2407 3157 2465 interdum
3179 2421 3353 2465 nostra
3376 2430 3507 2480 prte-

1922 2478 2269 2532 reniat.—lta
2300 2479 2513 2534 videtur
2536 2481 2733 2536 docere
2758 2483 2850 2535 lib.
2878 2497 2954 2535 ιιι
2981 2482 3047 2535 de
3069 2483 3241 2537 lustit.
3266 2478 3506 2537 Renum.

1921 2562 1973 2599 c.
2009 2549 2096 2613 14,
2146 2549 2329 2604 collat.
2357 2550 2388 2604 7
2410 2565 2461 2604 c.
2492 2553 2547 2608 7.
2570 2552 2698 2606 coll.
2729 2552 2795 2606 15
2838 2568 2886 2607 c.
2923 2552 2976 2617 7,
3028 2552 3084 2617 9,
3129 2552 3215 2615 ll,
3246 2554 3313 2606 12
3340 2563 3394 2608 et
3419 2555 3505 2609 15.

1924 2617 2051 2692 ll:ec
2080 2620 2317 2692 secunda
2343 2622 2655 2692 propositio,
2683 2634 2745 2675 ιιι
2768 2623 3106 2692 intelligatur
3124 2626 3410 2690 catholice,
3444 2626 3508 2678 it-

1924 2690 2013 2763 lud
2048 2691 2382 2763 pra-landum
2439 2690 2546 2757 est,
2587 2694 2853 2762 duplicem
2881 2709 2911 2748 a
2940 2690 3206 2762 theologis
3249 2694 3508 2763 distingui

1923 2760 2331 2829 dispositionem
2360 2777 2454 2817 seu
2477 2760 2922 2832 praeparationem
2945 2764 3010 2818 ad
3032 2760 3259 2834 gratiam
3287 2782 3300 2816 :
3328 2760 3508 2819 remo-

1925 2839 2032 2884 tam
2082 2847 2265 2897 unam,
2296 2848 2414 2901 qua:
2455 2849 2551 2901 per
2573 2850 2736 2902 opera
2779 2835 3031 2900 qutedam
3059 2835 3338 2889 moraliter
3368 2836 3506 2889 bona

1924 2902 2040 2974 licri
2068 2902 2232 2974 solet,
2265 2912 2534 2970 tamquam
2567 2905 2777 2959 initium
2808 2904 3079 2974 quoddam
3134 2903 3399 2961 redeundi
3438 2907 3508 2961 ad

1926 2971 2094 3026 Deum
2123 2973 2282 3041 eique
2308 2974 2739 3044 obtemperandi,
2773 2971 2902 3028 dum
2951 2975 3251 3030 naturalem
3272 2976 3395 3044 quis
3422 2992 3508 3030 ra-
3581 3013 3584 3016 ~

1922 3044 2145 3107 tionem,
2176 3043 2319 3111 quod
2350 3050 2434 3098 est
2476 3044 2654 3099 lumen
2685 3047 2870 3099 vultus
2911 3045 3077 3099 divini
3108 3043 3372 3113 signatum
3406 3060 3500 3099 su-

1925 3127 2021 3180 per
2048 3129 2165 3175 nos,
2199 3124 2342 3168 recte
2367 3114 2568 3182 aliquid
2599 3116 2807 3184 agendo
2836 3116 3266 3184 iucipitaudire:
3300 3132 3402 3183 qtta
3434 3134 3505 3171 ex

1922 3198 1986 3255 re
2033 3184 2335 3252 aliqualiter
2382 3185 2606 3238 idoneus
2632 3186 2866 3241 el'llcitur
2901 3186 2987 3240 cui
3022 3186 3162 3240 Deus
3209 3187 3506 3255 opituletur

1923 3254 1989 3306 ad
2020 3269 2170 3325 suam
2210 3254 2451 3325 gratiam
2479 3258 2910 3325 consequendam
2937 3296 2953 3322 ,
2997 3271 3119 3311 cum
3163 3257 3211 3311 ei
3254 3254 3506 3311 docilem

1926 3324 2368 3397 tractabilemque
2388 3324 2562 3393 aliqua
2593 3324 2845 3397 exparte
2875 3342 2935 3397 se
2963 3332 3227 3393 praebeat;
3260 3328 3506 3394 alteram,

1923 3410 2082 3463 quam
2115 3396 2387 3462 appellant
2417 3396 2713 3461 proximam
2739 3396 3171 3463 dispositionem,
3204 3414 3324 3466 qua:
3357 3400 3408 3453 iit
3439 3416 3506 3453 eo

1927 3466 2095 3531 posita
2121 3475 2221 3530 est,
2251 3475 2307 3521 ut
2331 3467 2542 3521 animus
2562 3477 2746 3522 noster
2772 3467 2950 3522 divina
2972 3484 3075 3536 ope
3099 3469 3361 3523 subnixus
3388 3485 3506 3523 cre-

221 3538 450 3591 bonum
476 3536 558 3589 vel
588 3537 653 3590 ad
685 3539 884 3591 malum
911 3536 1205 3591 extendere
1233 3549 1474 3599 manum,
1505 3545 1562 3588 ut
1590 3534 1817 3590 libetum
1849 3540 1893 3600 C
1924 3535 2052 3600 dat,
2077 3543 2279 3604 speret,
2305 3548 2359 3591 et
2394 3537 2581 3606 diligat
2622 3539 2790 3592 Deum
2829 3548 2891 3592 ut
2913 3534 3127 3660 oportet
3150 3579 3165 3603 ,
3208 3546 3261 3592 et
3288 3549 3506 3606 propter

221 3616 495 3660 servetur
541 3608 856 3660 arbitrium:
906 3607 1000 3660 sed
1035 3605 1135 3659 hoc
1163 3619 1259 3660 pro
1286 3604 1445 3658 modo
1482 3614 1537 3657 et
1577 3616 1823 3660 tempore
1924 3621 2046 3660 eum
2086 3618 2361 3660 peccatum
2394 3622 2555 3660 omne
2579 3609 2897 3660 detestetur.
2934 3608 2952 3660 l
2983 3607 3245 3660 eiusmodi
3288 3622 3501 3660 Drama-

215 3616 495 3662 servetur
518 3608 856 3675 arbitrium;
906 3607 1000 3661 sed
1035 3605 1135 3659 hoc
1163 3619 1259 3672 pro
1286 3604 1445 3658 modo
1482 3614 1537 3657 et
1577 3616 1823 3675 tempore

214 3687 275 3733 et
305 3674 635 3733 conditione
664 3677 967 3747 fragilitatis
989 3680 1259 3747 humante,
1291 3675 1700 3747 perpetuitatem
1728 3695 1824 3730 au-

217 3758 334 3802 tem
368 3745 864 3819 impcccantiaaisoli
886 3747 1151 3819 reservari
1174 3745 1305 3810 Deo,
1321 3755 1376 3799 et
1400 3746 1450 3800 ei
1470 3747 1559 3816 qui
1584 3745 1820 3802 Verbum

216 3833 365 3873 caro
397 3818 802 3881 lactus,-carnis
822 3817 1146 3872 detrimenta
1172 3825 1225 3869 et
1249 3827 1464 3885 peccata
1499 3832 1602 3871 non
1631 3829 1817 3887 pertu-

218 3889 307 3943 lit.
338 3887 465 3943 Nec
489 3890 611 3955 quia
640 3890 705 3943 ad
739 3890 902 3943 breve
930 3903 1173 3958 possum,
1211 3901 1392 3958 coges,
1416 3903 1503 3958 me
1533 3897 1592 3942 ιιι
1622 3890 1818 3953 possint

212 3960 457 4029 iugiter.
476 3958 698 4013 Possum
723 3957 995 4028 jejunare,
1017 3958 1260 4028 vigilare,
1286 3957 1589 4029 ambulare,
1616 3959 1817 4026 legero.

218 4027 492 4098 psallere,
523 4027 735 4093 sedere,
765 4029 1030 4090 dormire;
1080 4027 1335 4094 numquid
1378 4028 1428 4080 in
1461 4033 1818 4096 perpetuum?

217 4101 289 4154 Et
316 4098 607 4166 aliquanto
630 4101 876 4168 superius
906 4116 918 4151 :
952 4099 1063 4152 lloc
1084 4108 1137 4153 et
1165 4113 1265 4152 nos
1291 4099 1518 4152 dicimus
1541 4113 1698 4167 posse
1720 4100 1820 4153 bo-

213 4172 440 4239 minent
469 4184 573 4222 non
602 4184 848 4238 peccare,
878 4169 921 4223 si
950 4170 1099 4235 velit,
1129 4185 1227 4239 pro
1251 4177 1512 4237 tempore.
1544 4184 1639 4237 pro
1670 4170 1812 4237 loco,

215 4256 322 4303 pro
384 4236 759 4294 imbecillitate
813 4254 1095 4307 corporea,
1129 4236 1404 4307 'quamdiu
1444 4239 1682 4293 intentus
1732 4236 1816 4296 est

209 4312 471 4374 animus,
521 4309 777 4377 quamdiu
823 4311 1024 4365 chorda
1078 4310 1227 4364 nullo
1270 4309 1398 4363 vitio
1423 4309 1636 4364 laxatur
1668 4312 1717 4364 in
1740 4314 1813 4367 ci-

210 4381 423 4453 thpara;
454 4381 593 4453 quod
619 4381 664 4453 si
698 4381 967 4453 paululum
1000 4394 1058 4435 se
1088 4381 1378 4453 remiserit,
1408 4381 1677 4453 quomodo
1723 4386 1813 4453 qui

208 4450 465 4504 adverso
484 4450 705 4505 llumine
738 4451 971 4506 lembum
997 4452 1184 4516 trahit,
1216 4454 1260 4504 si
1286 4451 1557 4506 remiserit
1597 4450 1810 4520 manus,

207 4521 414 4575 statim
448 4522 814 4588 retrolabitur,
854 4531 907 4575 et
929 4523 1215 4576 lluentibus
1244 4524 1396 4592 aquis
1426 4536 1532 4591 quo
1564 4539 1667 4577 non
1700 4526 1814 4579 vult

206 4592 467 4651 ducitur,
493 4593 569 4646 sic
600 4592 834 4646 humana
864 4592 1104 4646 conditio
1125 4593 1169 4645 si
1201 4596 1470 4660 paululum
1498 4608 1558 4647 se
1589 4595 1812 4649 remise-

209 4664 306 4726 rit,
362 4660 532 4715 discit
562 4662 901 4731 fragilitatem
935 4678 1107 4728 suam,
1151 4672 1205 4715 et
1236 4664 1401 4717 multa
1427 4679 1485 4715 se
1517 4678 1621 4716 non
1654 4680 1810 4731 posse

205 4732 525 4802 cognoscit.
543 4732 700 4786 Multa
727 4734 780 4786 in
806 4733 1050 4787 eamdem
1073 4736 1398 4787 sententiam
1429 4734 1687 4800 Origenes
1716 4736 1806 4789 lib.

207 4817 246 4855 ιι
283 4800 339 4855 in
375 4800 554 4868 Epist.
579 4803 643 4855 ad
680 4803 835 4857 Rotn.
866 4818 986 4866 cap.
1022 4817 1081 4863 ll,
1109 4812 1271 4871 atque
1299 4804 1485 4858 liomil.
1519 4806 1551 4857 6
1579 4813 1633 4858 ct
1665 4805 1729 4860 l4
1752 4807 1804 4860 in

203 4872 504 4962 uenerim,
531 4872 762 4962 ignitius
788 4890 843 4962 ³η
920 4877 1141 4962 “sigilli;
1196 4875 1710 4962 ludusnexplicatts
1739 4877 1804 4962 a‘d
1837 4906 1883 4962 υ

202 4951 419 5068 Est.
448 4943 762 5025 2,.l’rospcr
788 4944 879 4998 lib.
908 4960 926 4999 ι
954 4943 1339 5027 deﬂocatione
1382 4943 1629 5000 Gentium
1657 4960 1705 4999 c.
1748 4947 1803 5011 2,

316 5029 593 5067 ἰιιιιειιιυδ
620 5030 671 5068 ιιι
711 5029 829 5068 can.
862 5030 917 5067 ιχ
950 5015 1202 5068 Epistolas
1228 5016 1294 5068 ad
1327 5015 1481 5067 ltum.
1533 5015 1721 5068 Solent
1752 5028 1803 5068 it

316 5014 593 5067 :umeuius
620 5015 671 5069 in
711 5029 829 5080 eap.
862 5030 917 5067 ιχ
950 5015 1202 5082 Epistolas
1228 5016 1294 5068 ad
1327 5015 1481 5067 ltum.
1533 5015 1721 5070 Solent
1752 5028 1805 5072 it

204 5083 415 5155 Patres
460 5084 684 5138 laudare
724 5085 1105 5139 nonnullorum
1147 5085 1592 5155 philosophorum
1638 5087 1804 5141 hone-

202 5154 491 5208 stissimas
515 5157 760 5209 actiones
780 5170 844 5209 ex
874 5157 1079 5219 viribus
1101 5154 1302 5210 natura:
1320 5156 1605 5224 profectas,
1628 5169 1681 5209 ut
1706 5158 1802 5209 ltu-

202 5224 370 5296 silius
400 5225 453 5278 in
482 5226 644 5296 epist.
678 5226 743 5278 ad
759 5226 1166 5296 adolescentes,
1199 5227 1555 5296 Hieronymus
1601 5227 1737 5279 lituo
1769 5245 1802 5281 ιι

199 5294 479 5348 adversus
501 5293 715 5356 Jovin..
744 5293 998 5351 Clemens
1026 5297 1317 5350 Alcxandr.
1356 5293 1414 5350 in
1440 5297 1531 5350 lib.
1560 5297 1799 5350 Strenui-

203 5373 357 5436 tino,
391 5369 617 5434 August.
652 5365 746 5436 lib.
779 5366 1166 5436 llypognostic.
1195 5378 1248 5419 et
1277 5367 1369 5420 lib.
1399 5367 1468 5421 tle
1494 5367 1697 5433 Spiritu
1745 5379 1802 5422 rt

199 5432 415 5487 Liui-ra
445 5432 495 5489 (εξ
522 5438 615 5501 28,
640 5446 695 5489 et
727 5432 919 5490 libfde
947 5436 1171 5489 Civitate
1202 5436 1294 5491 Dei
1318 5455 1365 5491 c.
1386 5438 1477 5504 25,
1497 5432 1547 5491 et
1582 5438 1672 5491 lib.
1710 5455 1798 5491 XM

198 5521 255 5575 c.
298 5507 389 5567 lli,
424 5519 482 5561 et
513 5508 605 5559 lib.
643 5521 695 5559 tv
724 5515 911 5560 contra
939 5507 1137 5560 Julian.
1174 5508 1350 5575 Pelag.
1383 5510 1542 5573 eap.5
1563 5551 1574 5561 .
1597 5509 1799 5574 Quibus

198 5574 353 5629 locis
380 5576 720 5645 Augustinus
744 5577 991 5631 concedit
1019 5577 1135 5629 sine
1162 5576 1395 5642 Spiritus
1420 5580 1589 5631 sancti
1628 5580 1796 5645 gratia

196 5645 453 5714 potuisse
478 5649 835 5714 philosophos
859 5663 921 5701 ea
938 5663 1069 5717 ,quie
1098 5664 1160 5702 ex
1186 5664 1284 5702 suo
1330 5665 1527 5715 genere
1574 5651 1794 5702 honesta

196 5725 343 5770 sunt
368 5716 620 5786 exsequi,
646 5728 807 5772 rectae
833 5719 1054 5771 rationis
1084 5720 1451 5788 prtescriptutn
1480 5722 1794 5788 sitquentes;

196 5788 429 5845 tametsi
448 5790 587 5845 nolit
627 5804 692 5848 ea
713 5790 932 5846 nomine
953 5790 1162 5846 virtutis
1184 5804 1396 5859 ornare,
1432 5793 1553 5860 quia
1584 5791 1649 5846 ad
1700 5806 1791 5847 νει

1924 3621 2046 3660 eum
2086 3618 2361 3676 peccatum
2394 3622 2555 3662 omne
2579 3609 2897 3663 detestetur.
2934 3607 3245 3674 llojusmodi
3288 3622 3501 3675 praepa-

1926 3679 2189 3748 rationem
2212 3677 2524 3732 Tridentina
2575 3678 2812 3748 synodus
2843 3692 2979 3732 sess.
3011 3679 3045 3732 6
3074 3694 3124 3731 c.
3162 3678 3195 3732 6
3221 3679 3503 3744 describit,

1923 3747 2213 3816 subditque
2237 3762 2358 3814 cap.
2378 3749 2410 3801 7
2444 3765 2458 3800 :
2494 3747 2641 3805 lianc
2667 3748 3072 3815 dispositionem
3104 3764 3200 3802 seu
3236 3763 3504 3817 praepara-

1926 3818 2125 3871 tionem
2167 3818 2478 3884 jostilicatio
2514 3819 2626 3887 ipsa
2670 3819 3054 3888 consequitur;
3106 3835 3226 3885 quae
3276 3834 3379 3873 non
3422 3829 3504 3873 est

1922 3889 2034 3940 sola
2067 3898 2407 3955 peccatorum
2439 3888 2708 3955 remissio,
2737 3887 2831 3942 sed
2862 3898 2915 3941 ct
2944 3888 3314 3955 sanctiﬁcatio,
3346 3904 3503 3942 reuo-

1922 3958 2066 4011 vatio
2094 3959 2367 4011 interioris
2399 3958 2632 4029 hominis
2670 3975 2764 4029 per
2798 3960 3153 4013 voluntariam
3198 3961 3500 4027 susceptio-

1923 4043 2044 4081 nem
2074 4030 2284 4096 gratitr.
2316 4038 2371 4082 et
2398 4028 2705 4095 donorum,
2738 4029 2878 4085 unde
2919 4029 3082 4085 homo
3111 4046 3177 4084 ex
3219 4030 3417 4097 injuste
3444 4030 3503 4085 lit

1913 4096 2116 4165 justus,
2149 4110 2201 4152 et
2222 4114 2285 4153 ex
2313 4099 2530 4155 inimico
2556 4102 2781 4165 amicus,
2815 4111 2871 4154 ut
2906 4102 2975 4154 sit
3007 4103 3181 4156 lueres
3207 4096 3502 4155 secundum

1920 4183 2071 4241 spem
2100 4169 2222 4223 vitae
2255 4179 2493 4225 aeternae.
2551 4170 2677 4226 Haec
2725 4172 2817 4227 ibi.
2872 4172 2933 4225 Et
2964 4172 3179 4241 quidem
3210 4179 3356 4225 certa
3398 4171 3502 4226 llde

1919 4240 2189 4310 credimus
2223 4242 2480 4307 proxima:
2502 4243 2907 4310 praeparationis
2936 4240 3039 4294 non
3074 4243 3176 4296 nisi
3211 4242 3499 4310 adjuvante

1919 4307 2031 4364 Deo
2060 4324 2336 4379 compotes
2360 4326 2482 4366 esse
2505 4307 2811 4375 nos'posse.
2841 4313 3065 4365 Constat
3093 4307 3309 4377 deinde,
3332 4312 3496 4366 etiam
3580 4322 3591 4332 '

1917 4380 1963 4433 si
1993 4392 2199 4435 remota
2221 4381 2505 4449 dispositio
2535 4382 2694 4445 adsit,
2720 4395 2825 4434 non
2848 4395 2969 4435 esse
2993 4382 3126 4433 satis
3153 4381 3218 4433 ad
3246 4382 3493 4449 gratiam,

1918 4464 2016 4505 nec
2045 4462 2295 4521 oportere
2325 4461 2382 4504 ut
2411 4466 2629 4515 semper
2646 4452 2807 4521 adsit,
2838 4465 2959 4521 cum
2991 4450 3259 4521 interdum
3292 4450 3408 4521 sine
3432 4465 3494 4505 ea

1916 4522 1981 4576 ad
2024 4519 2318 4592 proximam
2358 4522 2621 4575 veniatur.
2649 4520 2810 4592 _l|lud
2837 4519 2999 4573 etiam
3046 4522 3185 4575 inter
3218 4519 3494 4592 theologos

1915 4590 2184 4657 Convenit,
2219 4606 2617 4660 nonnumquam
2647 4590 2863 4660 impium
2888 4592 3023 4645 adeo
3052 4592 3189 4645 male
3217 4606 3336 4645 esse
3365 4591 3495 4645 alie-

1914 4673 2077 4726 ctum,
2107 4673 2159 4718 et
2187 4673 2330 4717 tanta
2365 4670 2706 4732 peccatorum
2736 4661 2944 4716 sarcina
2976 4676 3316 4731 oppressum,
3350 4672 3494 4717 utne

1915 4747 2122 4787 rem0te
2162 4731 2376 4802 quidem
2404 4733 2468 4786 ad
2497 4731 2724 4802 gratiam
2756 4732 2870 4801 ipse
2897 4748 2958 4787 se
2995 4741 3296 4800 praeparet,
3329 4733 3491 4787 etiam

1913 4804 1958 4855 si
1990 4803 2126 4858 l'orte
2150 4807 2336 4874 possit,
2370 4804 2469 4857 nisi
2494 4803 2698 4871 Spiritu
2738 4811 2926 4858 sancto
2946 4805 3256 4857 stimulante
3296 4804 3485 4857 incite-

1914 4882 2020 4927 tur.
2049 4877 2244 4929 Contra
2280 4890 2410 4931 vero
2452 4874 2645 4929 accidit
2687 4888 3061 4942 smpcnumero
3086 4914 3101 4938 ,
3146 4883 3202 4926 ut
3250 4874 3491 4926 nonnulli

1913 4960 2139 5012 quorum
2162 4947 2325 4999 animi
2358 4946 2526 5000 aciem
2549 4943 2673 4998 vitia
2698 4945 2876 4998 minus
2896 4943 3220 5008 ltcbctarint,
3246 4943 3384 4995 sicut
3412 4960 3492 4995 so-

1910 5014 1958 5067 la
1988 5024 2192 5069 naturae
2223 5014 2297 5079 vi,
2332 5018 2495 5070 multa
2524 5030 2644 5084 qua:
2673 5016 2835 5069 o'licii
2868 5012 3188 5081 honestique
3216 5014 3350 5067 ratio
3376 5014 3491 5065 cxi-

1909 5084 1986 5154 git
2017 5097 2273 5151 praestare
2299 5097 2545 5155 possunt,
2580 5088 2647 5139 ita
2674 5099 2769 5153 per
2791 5098 2855 5138 ea
2877 5093 3084 5155 remote
3100 5099 3159 5136 se
3187 5094 3490 5155 prtepareut

1910 5152 1973 5207 ad
2003 5157 2188 5225 gratiae
2231 5152 2428 5210 donum
2457 5152 2885 5223 adipiscendum,
2923 5152 3176 5225 facientes
3215 5152 3388 5221 aliqua
3418 5170 3483 5207 ex

1912 5224 2061 5293 parte
2100 5226 2241 5295 quod
2280 5227 2334 5281 in
2366 5226 2498 5293 ipsis
2525 5237 2628 5279 est.
2674 5226 2842 5290 Quam
2885 5224 3207 5295 sententiam
3251 5225 3483 5295 amplexi

1908 5292 2287 5365 sunttbeologi
2320 5292 2626 5351 scholastici
2656 5310 2813 5363 quam
2850 5295 3052 5361 plures.
3099 5292 3283 5365 Neque
3328 5293 3486 5365 obest

1911 5365 2036 5421 huic
2064 5364 2344 5422 sententiae
2374 5382 2494 5421 can.
2524 5367 2557 5421 8
2598 5365 2809 5419 concilii
2840 5364 3153 5417 Arausicaui
3172 5405 3186 5425 ,
3214 5378 3319 5427 quo
3348 5364 3481 5417 alie-

1908 5452 2010 5489 tms
2038 5453 2068 5490 a
2103 5439 2204 5490 litle
2231 5447 2484 5491 censetur
2507 5477 2523 5501 ,
2572 5436 2663 5503 qui
2714 5443 2859 5503 putat
2890 5436 3051 5486 alium
3084 5433 3479 5497 misericordia,

1907 5507 2069 5559 alium
2097 5507 2163 5561 ad
2203 5507 2449 5575 baptismi
2494 5507 2720 5575 gratiam
2755 5520 2912 5572 posse
2956 5520 3051 5573 per
3078 5504 3301 5557 liberutn
3337 5504 3480 5575 arbi-

1910 5577 2068 5630 trium
2101 5573 2417 5646 pcrvctiire;
2454 5573 2559 5629 non
2610 5575 2784 5646 obest,
2828 5576 3040 5640 inquam
3075 5592 3085 5625 :
3118 5588 3255 5646 naut
3287 5573 3353 5646 ad
3387 5573 3479 5627 ba-

1911 5649 2089 5715 ptismi
2102 5643 2332 5719 gratiam
2352 5665 2459 5719 non
2478 5648 2691 5719 venitur
2706 5645 2821 5698 sine
2841 5646 3081 5719 proxima
3097 5643 3475 5719 dispositione,

1905 5714 2022 5787 qua:
2049 5714 2149 5772 ιιοῖι
2176 5721 2423 5773 currentis
2452 5718 2703 5781 hominis,
2724 5731 2811 5768 nec
2839 5716 3049 5768 volentis
3078 5726 3160 5787 est
3178 5756 3192 5778 ,
3211 5715 3300 5787 sed
3326 5714 3475 5767 mise-

1906 5785 2059 5846 ιίεηιὶδ
2086 5793 2197 5851 Dei.
2233 5790 2365 5848 lluic
2400 5788 2658 5846 doctrina:
2690 5790 2869 5844 lavent
2897 5785 3186 5858 aliquando
3228 5786 3474 5854 plerique
