3970 6180
350 286 440 340 369

910 276 1000 335 DE
1040 278 1351 337 CASSHNI
1394 276 1738 339 DOCTBINA
1779 277 2352 337 ANNOTAHENTUM
2392 279 2620 337 DIDACI
2662 280 3010 337 ALVAREZ.

3497 285 3601 340 δ’Ῑο

341 402 425 471 ttat
454 394 584 447 Deus
610 392 654 462 (1
680 389 801 446 Cor.
853 390 993 471 _nt)._
1031 391 1095 445 Et
1122 405 1242 471 cap.
1283 390 1350 445 8:
1388 390 1487 471 Qui
1530 407 1645 444 cum
1681 392 1733 471 in
1763 391 1907 471 nobis
1939 395 1983 453 A
2022 392 2374 471 l’roplietams
2393 395 2673 471 Propterea
2702 410 2957 454 exspectat
2982 399 3257 471 Dominus,
3286 412 3338 456 ut
3360 420 3597 460 mtserea-

333 461 653 531 (timuerunt
670 463 954 528 quemdam
978 461 1123 515 bona
1150 463 1426 515 voluntatis
1452 462 1754 527 inspexerit,
1781 465 1878 516 illu

343 537 486 589 minet
512 549 629 587 eam
648 532 777 601 conf
792 535 938 591 sum.
972 542 1125 599 atque
1151 532 1429 601 eonfortat,
1454 545 1503 586 et
1533 534 1710 586 incitat
1735 537 1805 585 ad
1827 552 1911 587 sa-

346 608 515 666 lutem;
545 605 914 657 incrementum
944 603 1172 656 tribuens
1198 607 1266 663 ei,
1308 620 1460 672 quam
1491 604 1566 657 vel
1604 605 1712 674 ipse
1748 605 1905 660 ulan-

347 677 472 735 tavit.
501 676 579 728 vel
605 685 782 727 nostra
804 686 991 726 conatu
1013 674 1192 727 viderit
1222 676 1501 728 emersisse.

408 747 537 799 Dicit
558 747 721 799 tertio
743 744 1015 797 hominem
1046 758 1203 812 posse
1230 760 1293 799 ex
1322 744 1434 797 sola
1470 745 1722 799 facultate
1744 746 1904 802 liberi

343 817 533 871 arbitrii
579 818 779 869 habere
813 817 1157 868 cluat-uatem.
1207 815 1489 876 Colligitur
1535 815 1648 869 haec
1677 819 1910 871 assertio

342 906 398 945 ex
427 888 539 954 ejus
587 886 777 944 dictis.
811 887 937 939 coll.
971 887 1035 939 l5
1078 901 1128 938 c.
1177 884 1276 949 l4,
1319 886 1406 939 ubi
1450 886 1729 952 explicans
1781 889 1908 945 illud

343 962 547 1013 lteuter.
594 972 691 1011 xm
736 956 1059 1023 (Secundum
1115 955 1319 1021 LXX):
1358 954 1537 1009 Tentat
1584 968 1631 1010 te
1656 955 1910 1013 Dominus

344 1029 466 1082 Deus
498 1041 617 1081 tuus
646 1038 699 1082 ut
739 1028 913 1091 pulum
958 1026 1081 1093 fiat,
1111 1038 1285 1079 utrum
1328 1027 1517 1094 diligas
1555 1043 1674 1081 eum
1720 1029 1773 1083 in
1801 1039 1911 1082 toto

339 1100 481 1152 corde
508 1110 597 1152 tuo
618 1139 633 1162 ,
677 1110 725 1151 et
752 1108 863 1151 tota
898 1098 1066 1150 anima
1100 1107 1189 1148 tua
1216 1138 1227 1153 .
1274 1112 1340 1149 an
1385 1112 1517 1156 non.
1551 1096 1766 1165 inquit,
1802 1102 1910 1154 Sed

338 1172 497 1240 utique
522 1185 615 1221 nec
641 1170 830 1223 tentari
850 1184 937 1221 eos
953 1168 1162 1234 justitia
1207 1166 1410 1240 Domini
1437 1170 1779 1240 permisisset,
1810 1172 1909 1223 nisi

337 1238 499 1305 parem
549 1240 602 1292 in
650 1242 722 1293 eis
770 1241 945 1311 scisset
990 1241 1155 1311 inesse
1196 1238 1463 1291 resistendi
1492 1249 1761 1311 v.rtutem,
1807 1257 1909 1311 qua

334 1321 529 1380 possent
568 1311 821 1381 a'quitatis
839 1309 1041 1381 judicio
1074 1309 1124 1361 in
1154 1315 1370 1381 utroque
1408 1310 1587 1362 merito
1627 1312 1703 1363 vel
1729 1314 1800 1363 rei
1819 1309 1909 1365 vel

336 1378 611 1453 laudabiles
627 1378 884 1453 'jndicar'i.
910 1379 1051 1453 lslvm
1078 1378 1347 1453 colligitur
1366 1395 1431 1432 ex
1455 1381 1629 1453 capite
1656 1382 1870 1436 decimo
1888 1427 1903 1449 ,

336 1454 416 1505 ubi
444 1449 666 1515 fatetur,
698 1453 876 1505 inesse
905 1451 1053 1503 omni
1082 1450 1277 1502 anima:
1307 1449 1623 1503 naturaliter
1647 1452 1904 1506 virtutum

334 1524 532 1577 semina
552 1564 566 1585 ,
600 1522 653 1575 in
695 1523 891 1591 quibus
920 1519 1860 1591 etiamicomprehendit,cbaritatctn
1887 1563 1904 1589 ,

334 1608 443 1645 eum
491 1590 746 1648 absolute
783 1593 1031 1661 loquatur
1068 1590 1135 1643 de
1166 1591 1468 1644 virtutibus.
1508 1590 1659 1645 Unde
1688 1603 1906 1647 sanctus

338 1662 566 1730 ΡιὉερει·
603 1664 707 1718 hoc
734 1664 935 1717 dictum
971 1661 1154 1715 tribuit
1174 1661 1432 1714 Cassiano
1454 1702 1469 1725 ,
1500 1676 1623 1715 cum
1651 1663 1727 1715 ait
1754 1662 1901 1731 (Lib.

332 1743 459 1787 cont.
493 1733 636 1788 Coll.
670 1751 785 1804 cap.
817 1734 909 1801 50)
931 1731 1039 1785 :-Et
1073 1741 1214 1785 tanta
1239 1740 1312 1785 est
1331 1771 1352 1804 ,ί
1389 1735 1670 1804 secundum
1708 1735 1861 1804 istum
1886 1776 1902 1799 ,

332 1805 467 1857 liberi
492 1805 705 1857 arbitrii
734 1802 817 1857 vel
849 1803 1177 1859 incolumitas
1206 1804 1283 1856 vel
1325 1802 1569 1871 facultas,
1599 1812 1655 1855 ut
1679 1803 1908 1858 charito-

331 1885 418 1926 tem
443 1892 567 1943 qua'
592 1877 646 1929 in
674 1876 901 1929 omnium
926 1890 1043 1927 arce
1066 1876 1306 1925 virtutum
1330 1882 1424 1939 est,
1451 1888 1552 1926 non
1582 1889 1646 1927 ex
1672 1873 1767 1927 Dei
1788 1892 1903 1929 mu-

329 1960 440 1998 nere
459 1987 473 2010 ,
499 1946 599 2000 sed
627 1962 690 2000 ea:
718 1944 829 1999 sola
860 1944 1045 1997 habeat
1067 1944 1344 1997 voluntate.

396 2016 541 2070 Dicit
569 2027 786 2087 quarto,
809 2015 950 2085 quod
983 2015 1142 2087 homo
1163 2014 1215 2087 in
1247 2026 1435 2066 natura
1463 2014 1605 2081 lapsa
1634 2015 1907 2070 sufﬁcien-

331 2094 404 2140 tes
446 2084 603 2141 vircs
623 2084 910 2140 habeatad
942 2084 1299 2139 resistendum
1331 2086 1714 2140 teutationilms
1742 2088 1904 2140 etiam

326 2159 692 2225 gravioribus.
716 2167 770 2211 et
791 2156 1126 2225 superandus
1145 2170 1509 2224 quascumque
1535 2156 1903 2211 dil'licultates.

328 2228 394 2281 Ita
422 2229 563 2281 dicit
591 2229 773 2282 collat.
810 2226 875 2280 l5
901 2242 1023 2295 eap.
1060 2226 1147 2289 ll,
1184 2226 1271 2279 ubi
1306 2227 1533 2295 loquens
1561 2225 1628 2279 de
1661 2229 1906 2281 tentatio-

327 2300 477 2353 nibus
498 2298 633 2363 Job,
665 2313 781 2367 quae
802 2297 1133 2366 graviSsimzr
1155 2296 1393 2360 fuerunt,
1420 2297 1590 2362 inquit
1614 2314 1625 2349 :
1658 2297 1763 2351 Sed
1788 2314 1906 2350 cum

324 2370 521 2421 nullam
554 2370 808 2440 ejusmodi
836 2368 1206 2438 querimoniam
1228 2367 1775 2440 calumniosusnhostis
1795 2379 1908 2437 post

324 2443 528 2509 con/lict
540 2435 624 2492 uin
652 2435 858 2493 audeat
887 2440 1075 2509 iterare
1099 2478 1113 2499 ,
1143 2454 1247 2490 non
1274 2435 1403 2501 Dei,
1441 2438 1531 2509 sed
1566 2438 1705 2509 illius
1733 2435 1803 2491 se.
1833 2442 1907 2490 vi-

324 2506 453 2563 ctum
482 2511 686 2563 viribus
714 2512 1002 2575 confitetur.
1040 2506 1180 2561 Licet
1211 2509 1361 2560 etiam
1389 2508 1561 2578 gratia
1592 2507 1686 2560 Dei
1726 2525 1827 2562 non
1854 2510 1905 2563 in

324 2589 475 2633 totum
515 2582 602 2633 illi
632 2581 856 2649 defuisse
882 2579 1138 2633 credenda
1167 2580 1264 2644 sit,
1288 2593 1407 2648 qua
1442 2588 1634 2649 tantum
1665 2582 1907 2633 tentatori

323 2653 556 2704 tentandi
588 2647 767 2705 tribuit
807 2660 1103 2719 potestatem
1120 2691 1134 2711 ,
1158 2647 1408 2719 quantum
1429 2656 1475 2701 et
1500 2647 1645 2701 illum
1670 2650 1908 2703 resisten-

322 2722 371 2773 di
398 2721 816 2775 noverat-habere
836 2723 1092 2781 virtutem,
1121 2737 1223 2773 non
1248 2736 1363 2774 eum
1384 2720 1448 2771 ab
1469 2719 1613 2772 illius
1636 2720 1905 2787 impugna-

322 2794 455 2844 tione
500 2794 580 2847 sic
607 2804 907 2863 protegens,
941 2803 995 2843 ut
1025 2792 1233 2863 nullum
1267 2791 1723 2863 virtuti_lsuman¢
1753 2792 1908 2844 relin-

321 2872 491 2930 queret
519 2857 714 2917 locum.
751 2857 817 2917 Et
866 2864 1048 2929 paucis
1079 2861 1407 2930 interjcctis:
1441 2857 1506 2913 Et
1532 2861 1658 2930 quid
1684 2876 1771 2914 eos
1811 2878 1899 2914 nec

323 2948 457 2987 cesse
479 2944 557 2986 est
587 2935 667 2987 vel
695 2934 904 2995 tentari,
928 2948 1054 2997 quos
1082 2933 1155 2984 ita
1170 2933 1403 3000 inﬁrmos
1426 2933 1563 2985 novit
1587 2946 1647 2983 ac
1669 2931 1901 3001 fragiles,

327 3012 719 3070 utnequaquam
738 3007 923 3057 virtute
933 3020 1029 3057 sua
1040 3004 1236 3055 valeant
1250 3003 1484 3055 resistere
1502 3003 1777 3055 tentatori?
1798 3002 1907 3057 Sed

323 3075 492 3142 utique
522 3092 625 3129 nec
645 3077 828 3129 tentari
857 3092 941 3128 eos
962 3074 1172 3143 justitia
1219 3072 1425 3125 Domini
1451 3072 1782 3140 permisisset,
1805 3073 1906 3127 nisi

2015 467 2287 537 turnostri
2323 465 2510 535 (Isaia?
2534 470 2681 537 xxx).

2086 536 2236 601 Quod
2278 552 2455 592 autem
2488 536 2776 603 aliquando
2806 540 2946 593 Deus
2970 557 3073 595 non
3108 543 3421 609 prmvcniat,
3446 544 3593 601 afﬁr-

2015 616 2125 683 mat
2156 609 2345 661 eodem
2376 611 2621 683 cap._l'2,
2646 626 2774 683 cum
2801 613 2907 665 ait:
2943 610 3193 666 Prterenit
3225 630 3344 683 ergo
3373 614 3594 672 hominis

2014 678 2325 753 voluntatem
2352 679 2705 753 misericordia
2737 680 2963 745 Domini,
2988 686 3049 735 de
3077 700 3177 753 qua
3205 678 3426 737 dicitur:
3454 685 3593 744 Deus

2013 764 2153 827 utens
2209 751 2563 827 misericordia
2593 753 2703 814 eius
2745 753 3013 816 praveniet
3062 751 3141 807 me
3188 756 3202 821 (
3227 753 3370 809 Psal.
3413 761 3595 827 Lvm).

2015 819 2081 898 [fit
2111 835 2291 898 rursus
2344 817 2623 898 Dominum
2655 832 3022 885 remorantem,
3075 817 3224 893 atque
3257 826 3447 880 utiliter
3469 817 3596 898 quo-

2012 890 2294 961 dummodo
2333 890 2692 943 subsistentem
2742 902 2796 943 ut
2844 906 3072 946 nostrum
3121 890 3415 961 experiatur
3457 890 3595 952 arbi—

2012 960 2188 1026 triutn,
2215 957 2451 1013 voluntas
2476 962 2718 1029 prtevenit
2747 970 2940 1026 nostra,
2962 979 3076 1016 cum
3102 957 3289 1019 dicitur
3306 983 3323 1018 :
3350 966 3415 1019 Et
3443 984 3593 1023 mane

2013 1031 2180 1102 oratio
2204 1046 2331 1102 mea
2373 1034 2643 1094 pra’vent'et
2682 1040 2729 1083 te
2761 1030 2928 1097 (Psal.
2960 1050 3180 1087 Lxxxvtt
3204 1040 3240 1096 ).
3282 1036 3347 1089 Et
3372 1054 3489 1102 cup.
3527 1039 3590 1094 17

2012 1100 2162 1153 ducet
2202 1100 2363 1153 Deum
2389 1102 2745 1168 quorumdam
2773 1103 2987 1169 quidem
3013 1106 3305 1158 volentium
3334 1116 3385 1159 et
3407 1100 3594 1165 sitien-

2014 1170 2144 1249 t_ium
2174 1185 2394 1249 cursum
2419 1172 2483 1223 ad
2511 1171 2770 1249 majorem
2795 1170 3019 1249 incitare
3042 1176 3401 1249 ﬂagrantiam,
3430 1193 3594 1249 quos.

2010 1239 2134 1314 datu
2169 1257 2295 1294 vero
2326 1245 2485 1295 etiam
2515 1243 2762 1314 nolentes
2793 1243 3094 1314 invitusque
3120 1239 3494 1314 compellere.
3530 1249 3595 1304 Et

2012 1310 2149 1386 idem
2185 1314 2379 1378 repetit
2427 1328 2545 1380 cap.
2585 1313 2683 1377 lat,
2707 1313 2804 1386 ubi
2837 1312 2955 1386 ait;
2987 1310 3052 1368 Et
3103 1317 3233 1369 alios
3262 1310 3466 1386 quidem
3506 1336 3594 1373 vo-

2010 1378 2173 1453 lentes
2202 1378 2557 1453 rurrentesque
2583 1384 2863 1451 suscipere,
2887 1384 3015 1438 alios
3040 1386 3241 1453 quidem
3261 1378 3487 1442 nolentes
3514 1405 3595 1443 re-

2009 1452 2324 1521 nitentesque
2362 1452 2693 1523 pertrahere,
2728 1464 2775 1507 et
2815 1454 2885 1508 ad
2912 1452 3100 1509 bonum
3136 1470 3315 1527 cogere
3354 1458 3594 1514 uolunta-

2008 1531 2127 1575 tem.

2081 1592 2237 1669 Dicit,
2270 1604 2460 1669 sexto,
2496 1610 2601 1669 non
2630 1610 2751 1669 esse
2780 1594 2851 1669 ia
2884 1605 3049 1669 totum
3078 1596 3422 1653 tribuendum
3466 1615 3589 1669 gra-

2012 1664 2119 1719 Iizc.
2150 1666 2277 1733 quin
2308 1667 2484 1733 aliqua
2513 1665 2628 1719 laus
2659 1675 2710 1717 et
2740 1666 3005 1721 industria
3035 1669 3298 1723 servanda
3331 1671 3398 1724 sit
3421 1664 3589 1727 libero

2012 1736 2255 1808 arbitrio.
2304 1736 2397 1790 Ait
2440 1738 2583 1789 enim
2630 1734 2851 1808 (Collut.
2891 1737 2952 1791 15
3000 1757 3045 1792 c.
3082 1740 3177 1808 ll)
3221 1741 3414 1796 nullius
3459 1743 3590 1795 enim

2012 1804 2183 1859 laudis
2204 1816 2335 1898 esset
2356 1808 2619 1898 ac'rneriti,
2642 1808 2691 1898 sli.
2707 1807 2758 1859 id
2778 1807 2827 1887 in
2857 1804 3331 1898 ethristusAquod
3359 1814 3468 1898 ipse
3495 1811 3587 1866 do-

2012 1884 2218 1927 naverat
2251 1876 2588 1943 pratulisset,
2619 1875 2847 1942 alioquin
2882 1879 3133 1933 dixisset:
3166 1875 3282 1933 Non
3327 1882 3429 1934 vidi
3478 1892 3590 1935 tan-

2010 1954 2112 1996 tam
2141 1946 2293 2013 ﬁdem
2323 1947 2375 1999 in
2402 1944 2587 1999 Israel.
2624 1946 2771 1999 llauc
2804 1950 2964 2000 ctiam
3011 1950 3366 2004 assertionem
3408 1952 3588 2007 tribuit

2009 2015 2266 2091 Cassiano
2386 2016 2620 2091 Prosper
2641 2015 2818 2080 (Libro
2842 2028 2974 2091 cont.
3004 2016 3192 2091 Collat.
3230 2020 3433 2090 dtffiuil.
3472 2022 3585 2091 11),

2009 2101 2130 2137 cunt
2160 2089 2271 2140 ait:
2305 2084 2505 2154 Impius
2532 2104 2730 2146 sensus,
2764 2087 2854 2153 qui
2882 2100 3026 2154 putat
3054 2084 3327 2143 beatiorem
3358 2107 3461 2144 esse
3487 2084 3581 2146 ho:

2010 2155 2194 2275 minem
2222 2158 2306 2209 cui
2327 2156 2464 2211 Deus
2485 2155 2615 2211 nhil
2647 2156 2863 2224 dederit,
2898 2176 3051 2226 quam
3089 2161 3177 2213 cui
3200 2162 3434 2214 universa
3465 2178 3587 2215 cou-

2010 2236 2062 2275 tu
2090 2236 2202 2275 erit.

2008 2228 2202 2280 tulerit.

2083 2295 2244 2367 Dicit,
2264 2298 2517 2363 septimo,
2535 2298 2807 2354 hominem
2833 2315 2901 2355 es
2921 2300 3171 2355 facultate
3197 2310 3400 2354 naturae
3428 2315 3585 2367 posse

2010 2366 2274 2436 medicum
2291 2384 2551 2434 quterere.
2570 2380 2621 2424 et
2636 2373 2917 2426 Sanitatem
2934 2370 3242 2425 desiderare
3262 2388 3276 2425 :
3300 2369 3408 2424 Nec
3428 2366 3585 2436 enim,

2011 2435 2180 2511 inquit
2205 2437 2361 2511 (Eafd.
2389 2439 2578 2494 Collat.
2604 2459 2645 2494 c.
2684 2442 2738 2504 9,
2764 2442 2815 2495 in
2837 2441 2980 2510 fine),
3008 2458 3121 2494 cum
3142 2442 3479 2511 volueritquis
3503 2435 3587 2495 sal

2008 2508 2169 2591 nitate
2196 2510 2501 2591 perfruitur,
2529 2519 2617 2591 aut
2647 2512 2710 2565 de
2736 2508 3060 2591 aegritudinis
3092 2512 3297 2575 morbo,
3321 2508 3420 2591 pro
3450 2512 3587 2591 arbi-

2009 2579 2100 2650 trii
2124 2579 2205 2631 sui
2232 2580 2483 2634 desiderio
2526 2579 2801 2635 liberatur:
2821 2581 2957 2645 Quid
3002 2592 3170 2635 autem
3201 2579 3407 2650 prodest
3442 2584 3585 2635 sani-

2011 2649 2128 2701 tatis
2148 2652 2369 2720 gratiam
2389 2653 2711 2719 concupisse,
2735 2654 2836 2705 nisi
2854 2652 3103 2705 Dominus
3120 2693 3135 2713 ,
3178 2649 3263 2716 qui
3288 2654 3402 2707 vita:
3424 2654 3586 2719 ipsius

2007 2734 2158 2771 usum
2208 2720 2405 2786 tribuit,
2436 2723 2591 2775 etiam
2624 2724 2839 2791 vigorem
2872 2722 3242 2774 incolumitatis
3277 2724 3540 2789 impartiat
3563 2723 3589 2776 .’

2006 2791 2138 2860 Qun
2167 2791 2328 2844 verba
2368 2802 2585 2860 sanctus
2615 2793 2845 2859 Prosper
2872 2792 3187 2860 impugnans
3216 2791 3299 2859 (S.
3334 2791 3582 2858 Prosper.

2010 2857 2145 2933 ln'b._
2185 2869 2323 2913 cont.
2378 2859 2565 2916 Collat.
2615 2878 2658 2913 c.
2692 2857 2767 2930 8)‘.
2804 2862 2879 2915 ait
2910 2857 3118 2933 :V'Doces
3163 2857 3283 2932 ergo
3310 2879 3413 2914 non
3440 2879 3588 2933 posse

2010 2929 2259 2999 hominem
2292 2948 2380 2997 per
2407 2929 2735 2999 semetipsum
2757 2932 3139 2996 apprehendere
3164 2929 3463 2994 sa—tii'a'em,
3494 2938 3583 2986 sed

2004 2997 2193 3052 habere
2222 3016 2333 3055 eum
2386 3018 2417 3054 a
2444 2997 2710 3071 semetipso
2759 3002 3068 3056 desiderium
3099 3004 3355 3067 sanitatis,
3406 3016 3454 3057 et
3492 3020 3585 3055 sua

2006 3079 2201 3143 tantum
2224 3080 2401 3137 sponte
2419 3073 2590 3126 venire
2610 3073 2677 3126 ad
2694 3072 2967 3139 medicum,
2998 3090 3100 3127 non
3122 3074 3277 3127 etiam
3297 3073 3393 3127 hoc
3414 3078 3583 3143 ipsum

320 3141 494 3213 parem
516 3148 573 3199 in
595 3147 669 3199 eis
692 3141 972 3199 resistendi
987 3145 1161 3196 scisset
1184 3143 1347 3197 inesse
1369 3143 1636 3203 virtutem,
1664 3160 1763 3209 qua
1782 3159 1904 3214 pos-
1934 3144 1979 3206 C
2011 3141 2192 3214 medici
2218 3158 2325 3195 esse
2344 3143 2482 3212 quod
2512 3144 2698 3196 veniat.

325 3226 428 3266 sent
448 3218 715 3285 requitatis
731 3217 932 3281 judicio
962 3216 1013 3267 in
1044 3222 1257 3279 utroque
1287 3214 1465 3285 merito
1493 3214 1570 3266 vel
1597 3214 1669 3265 rei
1695 3215 1770 3266 vel
1792 3216 1903 3268 lau-

324 3284 516 3368 dabiles
538 3288 805 3368 indicari:
838 3287 899 3368 Et
928 3287 1055 3340 cull.
1150 3299 1283 3368 cap.
1304 3284 1634 3368 7_Gert_n.a.tlio
1663 3285 1863 3368 dicenti
1890 3303 1903 3337 :

328 3353 510 3408 Resisti
538 3353 651 3410 illis
672 3358 901 3420 (scilicet
931 3356 1315 3410 lelllallOIllblh
1348 3354 1674 3408 terribilibus
1705 3356 1907 3408 adver-

324 3428 617 3497 sariorum)
654 3430 716 3480 ab
750 3430 845 3479 hac
872 3427 1157 3497 prcesertim
1189 3427 1364 3497 fragili
1415 3441 1569 3477 carne
1586 3426 1908 3497 impossibile

323 3496 677 3561 crederemus,
712 3499 809 3551 nisi
837 3496 903 3551 ad
932 3500 1061 3550 hanc
1107 3496 1400 3562 opinionem
1442 3496 1617 3549 vestris
1646 3497 1907 3551 sententiis

322 3569 449 3618 velut
492 3567 788 3622 caelestibus
822 3572 1172 3621 animarentur
1200 3566 1441 3619 oraculis.
1477 3565 1783 3629 Respondet
1817 3581 1907 3619 ca-

324 3636 425 3701 pite
450 3650 674 3701 octavo,
700 3638 941 3705 ejusdem
970 3638 1178 3692 collat.:
1207 3636 1548 3702 Quamobrem
1571 3636 1701 3689 sicut
1725 3638 1776 3688 in
1798 3636 1905 3691 illis

321 3717 388 3779 est
413 3709 775 3779 instigationis
803 3712 947 3778 copia
973 3748 985 3768 ,
1020 3710 1092 3759 ita
1119 3718 1165 3761 et
1187 3711 1239 3758 in
1270 3707 1410 3759 nobis
1450 3707 1607 3779 virtus
1633 3710 1904 3779 respuendi

318 3778 415 3845 sive
457 3776 829 3845 “quiescendi
864 3776 1076 3832 libertas
1118 3789 1190 3831 est
1240 3779 1505 3830 attributa.
1551 3776 1904 3840 [ludet-auito

318 3844 531 3902 decimo
560 3860 761 3919 quarto
796 3852 1029 3919 expliCat
1077 3848 1205 3901 illud
1236 3865 1247 3899 :
1281 3847 1477 3901 Fidelis
1515 3859 1683 3919 autem
1725 3846 1899 3909 Deus,

318 3921 399 3989 qui
428 3937 533 3973 non
582 3918 971 3988 permittet’vos
1002 3922 1187 3971 tentari
1229 3935 1386 3989 supra
1419 3919 1474 3970 id
1511 3918 1653 3987 quod
1696 3920 1901 3989 potestis

317 3986 357 4055 (Ι
387 3990 507 4043 Cor.
549 3986 631 4057 ι),
676 3990 744 4044 de
780 4000 1043 4059 potestate
1087 3986 1367 4059 resiitcudi
1410 3986 1796 4059 tctttatiopdms
1833 4002 1898 4040 ex

316 4055 832 4115 lueitltate'naturat.
867 4062 957 4114 Ait
980 4064 1158 4113 cnim:
1190 4058 1387 4112 Fidelis
1419 4068 1587 4110 autent
1619 4055 1755 4109 Deus
1776 4097 1791 4121 ,
1814 4059 1902 4125 qui

312 4144 408 4181 non
436 4134 703 4195 permittet
732 4148 817 4184 vos
850 4132 1032 4184 tentari
1060 4146 1221 4184 supra
1252 4130 1306 4182 id
1350 4129 1487 4198 quod
1533 4126 1767 4193 potestis,
1809 4128 1900 4179 sed

310 4202 457 4266 faciet
488 4219 608 4255 cum
643 4204 920 4254 tentationo
963 4210 1007 4254 et
1024 4202 1320 4264 exitum,‘ut
1364 4200 1610 4253 sustinere
1657 4198 1891 4266 possitis.

311 4271 432 4323 Cum
463 4275 611 4324 enim
641 4274 795 4338 dicit,
836 4271 938 4332 Qui
978 4281 1077 4323 stat
1106 4271 1273 4324 videat
1304 4286 1365 4322 ne
1413 4269 1592 4329 cadat,
1625 4267 1896 4319 sollicitam

309 4344 471 4392 reddit
501 4342 713 4395 arbitrii
755 4341 1037 4394 libertatem
1058 4382 1073 4402 ,
1106 4355 1257 4404 quam
1288 4341 1458 4408 utique
1500 4348 1738 4401 noverat,
1768 4356 1899 4408 per—

307 4420 449 4479 eepta
478 4415 683 4481 gratia,
717 4414 793 4465 vel
823 4423 958 4463 stare
988 4428 1078 4480 per
1109 4411 1412 4463 industriam
1434 4449 1449 4473 ,
1483 4411 1560 4481 vel
1582 4410 1771 4481 cadere
1806 4425 1896 4477 per

2077 3211 2234 3279 Dicit,
2263 3211 2695 3277 ocutvo,homini
2728 3230 2791 3267 ex
2823 3215 3158 3268 naturalibus
3177 3214 3586 3269 conantil’acere

2011 3283 2151 3349 quod
2183 3288 2232 3337 in
2265 3298 2322 3337 se
2344 3295 2425 3339 est
2450 3286 2672 3353 gratiam
2698 3285 2834 3343 dari,
2861 3301 2963 3354 qua
2995 3285 3135 3340 Deus
3165 3288 3333 3340 Itonos
3362 3295 3583 3341 coitatus

2013 3364 2214 3407 natura:
2246 3354 2454 3423 dirigit,
2501 3356 2800 3419 confortat,
2838 3372 2890 3409 et
2922 3358 3250 3410 voluntatem
3300 3356 3487 3408 incitat
3518 3357 3582 3407 ad

2008 3424 2259 3478 salutem.
2279 3424 2357 3479 Ne
2387 3436 2563 3479 autem
2594 3442 2712 3481 cum
2742 3426 2958 3495 Pelagio
2984 3430 3292 3480 consentire
3315 3426 3580 3479 videntur.

2007 3496 2084 3548 sic
2116 3496 2267 3549 istam
2291 3496 2641 3550 assertionem
2669 3508 2951 3563 temperat,
2970 3506 3023 3549 ut
3052 3498 3194 3550 dicat
3215 3506 3441 3550 conatus
3466 3496 3585 3549 illos

2011 3581 2115 3618 tmn
2146 3582 2269 3620 esse
2294 3566 2603 3619 meritorios
2627 3569 2832 3632 gratiae.
2861 3582 2957 3620 nec
2984 3582 3198 3628 semper
3224 3569 3580 3621 necessarios.

2008 3634 2076 3689 Et
2103 3636 2318 3703 quidem
2360 3637 2501 3702 quod
2546 3638 2746 3689 lnuuiui
2779 3638 2995 3689 conanti
3036 3652 3100 3690 ex
3134 3649 3339 3689 natura:
3376 3636 3581 3689 \‘it‘iltus

2005 3706 2162 3759 detur
2182 3706 2385 3773 gratia,
2416 3706 2648 3758 alliruiat
2674 3708 2798 3758 coll.
2836 3708 2899 3762 l3
2932 3723 3051 3775 cap.
3083 3708 3151 3768 8,
3182 3722 3303 3761 cum
3337 3707 3447 3759 ait:
3484 3708 3583 3773 Qui

2006 3791 2121 3826 cum
2149 3777 2199 3827 in
2225 3777 2369 3846 nobis
2399 3785 2566 3827 ortum
2602 3775 2866 3843 quemdam
2895 3776 3038 3830 botttl’
3064 3776 3337 3829 voluntatis
3368 3792 3581 3846 conspe-

2001 3848 2133 3896 xerit
2158 3884 2172 3907 ,
2202 3844 2463 3897 illuminat
2518 3862 2626 3898 eam
2673 3846 2967 3914 confestim,
3009 3857 3159 3911 atque
3203 3844 3502 3913 confortat,
3534 3858 3582 3900 et

2002 3914 2185 3987 incitat
2223 3914 2292 3968 ad
2321 3917 2540 3968 salutem
2567 3960 2581 3981 ,
2614 3916 2980 3970 incrementum
3011 3916 3234 3971 tribuens
3257 3918 3304 3969 ei
3328 3932 3483 3987 quam
3506 3916 3581 3971 vel

2001 3984 2108 4054 ipse
2136 3986 2412 4054 plantavit,
2446 3988 2525 4038 vel
2562 3998 2737 4037 nostro
2765 3999 2954 4040 conatu
2983 3988 3166 4042 viderit
3194 3984 3479 4041 emersisse.
3517 3990 3581 4041 lit

2000 4072 2117 4121 t-ap.
2160 4057 2215 4109 ll
2240 4075 2252 4111 :
2289 4056 2431 4109 Nam
2457 4071 2572 4113 cum
2600 4055 2730 4109 videt
2760 4074 2851 4109 uos
2874 4055 3015 4111 Deus
3040 4058 3107 4110 ad
3130 4060 3314 4111 bonum
3340 4059 3463 4112 velle
3491 4058 3580 4111 deo

1999 4125 2223 4197 flectere.
2256 4127 2497 4195 occurrit,
2539 4127 2746 4197 dirigit,
2776 4139 2927 4197 atque
2974 4134 3230 4197 confortat
3251 4145 3269 4182 :
3302 4129 3378 4182 Ad
3409 4146 3579 4183 vocem

1999 4196 2134 4269 enim
2171 4199 2407 4250 clamoris
2436 4199 2511 4251 tui
2542 4196 2713 4252 statim
2764 4207 2818 4251 ut
2843 4196 3104 4262 audierit,
3136 4201 3459 4269 respondebit
3490 4202 3579 4254 tibi

1997 4264 2180 4335 (Isaia:
2204 4270 2349 4337 xxx).

2071 4338 2220 4401 Quod
2247 4350 2426 4390 autem
2462 4337 2535 4391 illi
2558 4348 2782 4391 conatus
2812 4352 2917 4390 non
2944 4337 3052 4391 sint
3076 4338 3333 4393 meritorii
3366 4340 3575 4406 gratim,

2000 4410 2187 4460 aSscrit
2216 4407 2268 4460 in
2293 4420 2412 4475 cap.
2440 4407 2506 4461 16
2528 4408 2765 4474 ejusdem
2791 4408 3110 4469 collationis,
3138 4409 3317 4461 statim
3343 4409 3394 4461 in
3428 4424 3477 4475 pi
3496 4408 3578 4461 in-

307 4476 680 4568 rLe'gligEntiam
734 4498 900 4546 posse.
956 4476 1017 4534 Et
1069 4496 1135 4548 po
1169 4489 1189 4532 t
1238 4494 1400 4560 pauca
1422 4495 1440 4531 :
1485 4477 1682 4568 Fidjlis
1726 4476 1893 4568 aJutem
1930 4512 1974 4568 D
2000 4478 2172 4568 ciniLu,
2199 4492 2320 4568 quin
2354 4478 2525 4568 inquit
2550 4494 2563 4530 :
2587 4476 2945 4560 Nemo-autem
2970 4478 3345 4532 existimethtec
3373 4496 3404 4531 a
3434 4480 3577 4532 nobis

311 4548 466 4612 Deus,
500 4556 596 4621 qui
632 4568 733 4605 non
763 4553 1015 4622 permittet
1053 4566 1138 4603 vos
1163 4551 1346 4622 tentari
1376 4566 1532 4618 supra
1556 4549 1611 4602 id
1630 4549 1768 4622 quod
1800 4566 1891 4622 po-

303 4624 436 4674 testis
461 4639 482 4675 :
512 4617 623 4675 non
654 4617 827 4691 utique
860 4632 1033 4689 aptat,
1066 4636 1129 4673 ne
1166 4636 1248 4672 eas
1278 4617 1529 4671 Dominus
1561 4618 1745 4671 tentari
1776 4621 1891 4687 per-'-

303 4694 553 4763 mitteret,
573 4693 668 4745 sed
695 4710 756 4745 ne
783 4709 940 4763 supra
963 4692 1015 4743 id
1042 4691 1177 4763 quod
1197 4692 1446 4763 sustinere
1471 4697 1706 4763 poterant
1730 4699 1889 4741 tenta-

302 4772 495 4815 rentnr.
528 4756 676 4814 Illud
703 4756 1061 4815 enim-indicat
1085 4760 1299 4813 humani
1326 4756 1529 4813 arbitrii
1556 4756 1889 4825 facultatem;

299 4828 394 4882 hoc
413 4850 536 4885 vero
564 4832 779 4885 Domini
800 4835 1020 4904 gratiam
1050 4832 1386 4885 tentutionum
1416 4830 1694 4884 luctamina
1717 4831 1890 4883 mode-

300 4904 457 4955 rantis
486 4904 741 4956 ostendit.

369 4972 509 5027 Dicit
540 4976 769 5041 quiuto,
817 4973 958 5027 Deus
987 4982 1263 5038 exspccmt
1294 4981 1511 5025 nostros
1532 4981 1756 5025 Conatus
1782 5013 1794 5032 ,
1828 4983 1883 5025 et

297 5042 592 5111 aliquando
627 5059 724 5099 nos
756 5046 1036 5113 praevenit.
1066 5041 1297 5095 Primam
1329 5051 1533 5113 partem
1566 5041 1722 5107 hujus
1753 5042 1880 5095 dicti

298 5115 577 5178 expressis
609 5112 789 5167 verbis
842 5112 1316 5166 tt‘aditCassiatttts
1368 5112 1549 5165 collat.
1609 5113 1667 5165 15
1696 5128 1745 5165 c.
1792 5113 1879 5177 15,

294 5196 410 5236 cum
442 5185 520 5238 ait
556 5202 570 5235 :
607 5183 671 5235 Et
700 5186 771 5237 ita
814 5198 1011 5246 semper
1046 5186 1211 5253 gratia
1246 5182 1337 5235 Dei
1382 5192 1556 5234 nostro
1598 5183 1650 5233 in
1678 5182 1881 5253 bonam

294 5265 482 5313 partem
509 5264 823 5320 cooperatur
840 5251 1083 5317 arbitrio,
1109 5263 1258 5321 atque
1281 5254 1335 5305 in
1362 5256 1591 5305 ommbus
1627 5251 1759 5305 illud
1785 5256 1852 5306 ad

283 5324 457 5391 juvat,
490 5326 719 5397 protegit
744 5341 805 5376 ac
844 5324 1105 5397 defendit,
1134 5332 1195 5397 ut
1219 5339 1603 5397 nonnumquam
1636 5329 1786 5397 etiam
1819 5324 1880 5377 tb

284 5411 339 5442 ro
371 5393 896 5461 quosdam'conatus
942 5395 1085 5446 bona:
1114 5395 1420 5456 voluntatis,
1458 5394 1535 5447 vel
1566 5393 1754 5465 exigat,
1802 5396 1877 5446 vel

286 5475 561 5530 t‘xspcctet,
591 5482 653 5517 ne
673 5467 878 5535 penitus
901 5465 1173 5517 dormienti
1196 5476 1287 5518 aut
1317 5465 1469 5517 inerti
1498 5465 1599 5517 otio
1624 5467 1877 5517 dissoluto

284 5548 372 5586 sua
411 5537 563 5588 dona
617 5538 852 5603 conferre
880 5536 1141 5597 videatur,
1170 5536 1461 5587 occasiones
1500 5537 1875 5604 quodammodo

282 5621 512 5667 q'rcrens
572 5608 777 5676 quibus.
819 5607 1058 5659 humana:
1104 5606 1332 5675 segnitiei
1363 5617 1567 5675 torpore
1602 5605 1830 5657 discusso
1858 5648 1870 5667 ,

282 5690 377 5743 [Ion
415 5679 647 5731 irration
668 5678 803 5730 tbilis
835 5677 1199 5743 muniﬁcentia:
1229 5692 1335 5728 sua:
1361 5676 1575 5743 largitas
1618 5676 1868 5727 videatur.

282 5741 338 5799 Et
379 5762 505 5816 cap.
576 5746 642 5801 i9.
675 5748 846 5817 inquit
878 5765 891 5805 :
926 5741 1199 5817 Exspectat
1239 5763 1360 5815 nos,
1410 5741 1523 5801 cum
1566 5748 1753 5800 dicitur
1783 5760 1874 5815 per

2002 4547 2064 4617 ob
2090 4547 2185 4600 hoc
2207 4548 2363 4617 fuisse
2380 4549 2606 4612 pro’ata,
2636 4556 2690 4599 ut
2716 4549 2935 4601 nitamur
2960 4559 3190 4603 astruere
3218 4564 3471 4602 summam
3492 4567 3577 4602 sa-

2002 4615 2124 4671 lutis
2158 4615 2215 4670 in
2239 4628 2426 4671 nostra:
2454 4618 2576 4687 fidei
2607 4619 2796 4671 ditione
2841 4621 3117 4675 consistere
3144 4622 3423 4673 secundum
3448 4636 3575 4684 quo-

2002 4688 2236 4761 rumdam
2263 4689 2535 4761 profanam
2558 4689 2868 4761 Opinionem,
2889 4692 2975 4757 qui
2997 4699 3161 4744 totum
3181 4691 3341 4743 libero
3362 4691 3576 4743 arbitrio

2000 4758 2322 4822 deputantes,
2348 4758 2566 4826 gratiam
2594 4758 2687 4810 Dei
2710 4758 2998 4825 dispensari
3025 4761 3307 4815 secundum
3339 4762 3574 4813 meritum

1999 4831 2402 4901 uniuscujusque
2428 4830 2698 4901 definiunt.
2734 4829 2807 4901 Et
2827 4844 2945 4897 cap.
2996 4830 3081 4895 15,
3116 4844 3395 4900 pOSIquatn
3424 4831 3570 4883 dixe-

1998 4910 2079 4969 rat
2109 4899 2506 4969 non'tmtuquam
2530 4899 2698 4953 Deum
2729 4900 2940 4969 exigere
2970 4902 3050 4953 vel
3076 4899 3391 4965 esspectare
3415 4917 3574 4969 quos-

1999 4968 2119 5022 dam
2145 4968 2377 5023 conatus
2396 4974 2546 5022 bomu
2576 4968 2884 5033 voluntatis,
2904 4971 3116 5024 subdit:
3145 4969 3209 5023 Et
3239 4968 3573 5024 nihilominus

1988 5041 2158 5107 gratia
2199 5038 2301 5112 Dei
2344 5056 2541 5107 semper
2579 5040 2803 5111 gratuita
2844 5053 3159 5110 perseverat,
3204 5042 3327 5092 dum
3374 5042 3573 5112 exiguis

1986 5111 2291 5176 quibusdam
2340 5112 2606 5179 parvisque
2647 5111 2911 5163 conatibus
2941 5120 3133 5164 tantam
3165 5111 3572 5164 immortalitatis

1984 5181 2228 5248 gloriam,
2262 5188 2401 5233 tanta
2431 5184 2664 5248 perennis
2693 5180 3026 5234 beatitudinis
3063 5184 3199 5233 dona
3229 5184 3571 5236 inastimabili

1986 5252 2161 5324 tribuit
2204 5252 2459 5324 largitate.
2498 5251 2564 5304 Et
2596 5260 2723 5324 post
2744 5266 2907 5318 pauca
2932 5268 2964 5324 Δζ
3017 5252 3403 5324 Quantumlibet
3451 5270 3569 5324 ergo

1984 5323 2133 5374 enixa
2163 5323 2310 5388 fuerit
2336 5323 2559 5394 humana
2592 5322 2868 5394 fragilitas,
2901 5321 3105 5394 futura:
3125 5322 3448 5376 retributioni
3476 5321 3573 5394 pur

1982 5406 2089 5443 esse
2117 5407 2216 5443 non
2260 5393 2480 5456 poterit;
2508 5408 2597 5445 nec
2622 5394 2693 5445 ita
2721 5393 2981 5446 laboribus
3014 5395 3118 5446 suis
3141 5394 3368 5447 divinam
3398 5393 3569 5448 inani-

1980 5463 2093 5513 nuit
2113 5463 2352 5528 gratiam,
2383 5473 2436 5515 ut
2464 5479 2566 5515 non
2586 5478 2786 5527 semper
2812 5473 3111 5533 perseveret.

2051 5533 2202 5597 Quod
2229 5548 2355 5585 vero
2379 5543 2603 5585 conatus
2630 5534 2703 5586 illi
2737 5549 2842 5586 nou
2865 5535 2971 5586 sint
2999 5549 3216 5601 semper
3249 5535 3561 5600 necessarii,

1981 5602 2214 5679 allir-tuat
2252 5619 2369 5667 cap.
2407 5605 2472 5679 1-5
2496 5608 2681 5679 citato,
2716 5604 2965 5669 inquiens
2990 5622 3001 5657 :
3029 5603 3095 5658 Et
3129 5608 3201 5659 ita
3228 5623 3423 5679 semper
3447 5622 3564 5676 gra-

1983 5674 2051 5725 tia
2084 5673 2177 5726 Dei
2212 5684 2381 5726 nostra
2425 5674 2474 5725 in
2522 5672 2703 5725 bonum
2754 5683 2951 5739 portent
2980 5690 3287 5743 cooperatur
3313 5672 3561 5736 arbitrio,

1981 5755 2127 5814 atque
2174 5746 2225 5798 in
2254 5744 2486 5800 omnibus
2530 5745 2660 5799 illud
2688 5746 2940 5815 adjuvat,
2972 5751 3186 5820 protegit
3223 5765 3281 5803 ac
3310 5748 3561 5813 defendit,
