3970 6180
1485 448 2159 459 .—..—._——.——-——-..—.-_.-_—-._—.—.-
2182 449 2343 457 ...συσ-

1289 303 1517 361 VlGlldl
1548 304 1823 362 DlACUNl
1869 305 2153 363 REGULA
2193 301 2701 363 MUNACHORLM.

2671 445 2980 456 ~--———ww
2993 446 3062 456 -ης,
3075 447 3092 452 ..

425 453 518 464 ﬁ"
699 450 1469 464 m—ﬁ.
1485 448 2159 459 ..η’-..σ--μ-,σ-.-ᾁ-ν-οα
2182 445 2980 457 --συσ-Μαιφ-σ--νν
2993 446 3062 454 αα,
3075 447 3092 452 -.
3153 447 3166 453 -
3219 447 3248 453 ι-
3359 448 3404 456 .-.,
3425 449 3428 452 ί

1630 635 1801 680 ANNO
1845 633 2076 679 DODHNI
2119 632 2365 678 CDXXX.

769 783 1820 949 VIGILIUS
1955 784 3218 948 DIACONUS.

1529 1157 2460 1244 PROLEGOMENA.

432 1345 451 1379 ι
499 1325 724 1395 Vigilius
764 1324 1061 1389 Diaconui,
1120 1320 1295 1392 inquit
1332 1318 1652 1377 Gennadius
1691 1336 1809 1390 cap.
1842 1321 1933 1388 5|,
1969 1324 2016 1382 Α

370 1435 388 1470 i
428 1417 734 1487 composuit
765 1431 829 1471 es
863 1414 1152 1469 traditione
1183 1413 1401 1467 Patrum
1445 1409 1818 1466 Honachorum
1849 1412 1948 1466 Ile-

368 1527 386 1559 I
428 1510 640 1581 gulam,
679 1523 801 1578 quae
838 1508 889 1560 in
919 1505 1168 1560 emnobio
1192 1503 1259 1558 ad
1303 1503 1601 1572 profectum
1634 1501 1857 1556 fratrum
1893 1503 1947 1556 in

365 1621 384 1654 ι
425 1613 698 1656 conventu
733 1601 960 1669 legitur,
993 1598 1240 1652 breviato
1277 1607 1331 1651 et
1358 1605 1548 1664 aperto
1579 1590 1830 1650 sermone
1862 1605 1947 1649 to-

365 1713 380 1746 I
421 1695 528 1748 tius
562 1694 875 1748 monaSIic-ae
909 1689 1040 1761 pref-
1064 1690 1265 1746 ssiOnis
1310 1689 1363 1743 in
1392 1703 1453 1744 se
1484 1698 1755 1742 tenentem
1781 1688 1948 1742 dLsci-

363 1801 380 1835 I
424 1785 659 1852 plinam.
709 1801 728 1835 ι
782 1782 840 1837 1η
866 1781 1151 1836 Tritbemii
1177 1778 1599 1835 Commentariis
1627 1777 1744 1834 hinc
1769 1789 1946 1833 autem

359 1873 606 1942 leguntur
643 1891 656 1925 :
693 1891 713 1926 ι
747 1871 976 1940 Vigilius
1013 1871 1284 1925 Diaconus
1321 1879 1373 1924 et
1406 1867 1737 1936 monachus,
1772 1869 1856 1924 vir
1895 1871 1947 1924 in

362 1983 378 2016 ι
420 1964 719 2033 Scripturis
743 1963 942 2018 sanctis
964 1963 1240 2017 studiosus
1263 1969 1318 2016 et
1341 1962 1605 2026 eruditus,
1637 1965 1949 2017 monastica:

360 2073 378 2106 ι
420 2053 725 2123 disciplinae
749 2064 931 2107 custos
951 2062 1004 2106 et
1028 2061 1225 2117 rector,
1250 2051 1420 2107 fertur
1440 2053 1506 2105 ad
1531 2052 1944 2108 aedificationem

359 2165 375 2199 ι
419 2147 818 2200 monachorum
853 2146 1098 2212 qumdam
1139 2143 1354 2199 cudisse
1402 2146 1692 2212 Opuscula,
1729 2161 1848 2213 quae
1879 2145 1944 2198 ad

358 2257 374 2289 ι
417 2249 667 2292 nos-Iram
712 2236 1027 2290 memoriam
1071 2236 1256 2291 venire
1282 2247 1331 2290 et
1379 2235 1624 2290 locorum
1656 2244 1710 2290 et
1741 2247 1949 2305 tempo-

355 2349 373 2380 ι
416 2346 540 2383 rum
588 2329 846 2382 distantia
897 2326 1190 2396 prohibuit.
1252 2328 1390 2382 Dicit
1435 2338 1614 2381 autem
1665 2329 1949 2399 presbyter

358 2443 374 2474 ι
417 2421 760 2482 Gennadius,
792 2420 1080 2488 scripsisse
1109 2420 1264 2475 illum
1291 2419 1446 2476 valde
1470 2421 1657 2474 utilem
1689 2419 1944 2489 Regulam

357 2533 372 2564 ι
417 2514 481 2567 de
539 2513 964 2566 conversatione
1015 2513 1400 2566 monachorum
1447 2511 1499 2566 in
1536 2525 1645 2566 uno
1675 2512 1834 2566 libro.
1869 2512 1947 2568 De

353 2623 370 2655 ι
417 2606 640 2660 exteris
664 2622 767 2659 non
794 2604 1048 2673 loquitur.
1074 2603 1280 2658 Claruit
1302 2605 1405 2659 sub
1429 2604 1670 2660 llonorio
1693 2615 1747 2660 et
1770 2605 1804 2657 Ἰ
1817 2603 1946 2660 beo-

2097 1319 2243 1377 .llaec
2292 1318 2783 1374 Schmnemannus.
2836 1314 2956 1371 iam
2997 1324 3155 1370 antea
3200 1314 3419 1385 Regulae
3459 1315 3636 1384 Vigilii

2052 1413 2168 1482 ipse
2195 1412 2372 1467 editor
2393 1411 2662 1466 Marianus
2691 1408 2921 1465 Brockie
2947 1409 3159 1466 dixerat
3190 1429 3201 1464 :

2128 1524 2147 1558 ι
2193 1505 2484 1573 ﬂucusque
2505 1517 2618 1559 octo
2641 1504 2860 1574 Regulze
2885 1501 3228 1558 Orientalium
3251 1503 3466 1559 Patrum
3489 1508 3641 1559 exhi-

2050 1598 2177 1652 bitae
2213 1606 2342 1652 sunt
2371 1598 2422 1651 in
2467 1595 2570 1652 hoc
2599 1595 2761 1651 Lucae
2793 1595 3058 1651 llolstenii
3089 1595 3304 1659 Codice,
3337 1613 3406 1650 ex
3442 1598 3639 1664 quibus

2053 1689 2279 1756 Vigilius
2308 1689 2575 1742 Diaconus
2613 1690 2750 1742 hanc
2781 1686 3172 1742 Monachotum
3205 1685 3464 1756 Regulam
3493 1703 3636 1742 Cuni-

2049 1781 2266 1850 pOsuil,
2303 1795 2425 1848 qum
2467 1780 2622 1848 proin
2669 1779 2865 1832 merito
2893 1789 2946 1832 ct
2989 1777 3267 1832 Orientalis
3305 1779 3408 1832 dici
3441 1791 3637 1847 potest,

2051 1873 2302 1943 quamvis
2330 1873 2380 1925 in
2413 1870 2709 1926 Occidente
2734 1871 2937 1938 scripta
2966 1870 3233 1924 videatur.
3280 1870 3486 1924 Laudat
3524 1875 3638 1939 qni-

2049 1965 2172 2019 dem
2199 1963 2339 2018 hanc
2361 1963 2619 2032 Regulam
2646 1962 2980 2026 Gennadius,
3013 1960 3314 2029 asseritque
3337 1960 3484 2014 illam
3516 1963 3636 2016 bre-

2051 2057 2193 2109 viato
2216 2065 2267 2109 et
2300 2065 2492 2124 aperto
2522 2067 2776 2107 sermone
2807 2055 2970 2105 totius
2998 2051 3311 2104 monasticae
3341 2049 3636 2118 professio-

2051 2147 2131 2200 nis
2150 2146 2486 2217 disciplinam
2507 2147 2809 2204 continere,
2827 2157 2895 2196 es
2914 2157 3014 2211 qua
3042 2142 3190 2209 proin
3209 2140 3266 2196 S.
3289 2141 3635 2208 Benedictus,

2049 2237 2271 2294 Anianm
2299 2237 2487 2302 abbas,
2519 2251 2628 2290 sua:
2657 2235 2982 2303 liegularum
3012 2233 3333 2287 Concordia?
3365 2235 3529 2288 multa
3562 2236 3635 2288 in-

2048 2330 2247 2394 seruit;
2291 2326 2748 2399 quemadmodum
2781 2336 2836 2381 et
2866 2325 3226 2393 Smaragdus,
3274 2325 3332 2379 S.
3364 2325 3639 2379 Michaelis

2049 2423 2100 2477 in
2134 2421 2474 2491 Letliaringia
2507 2419 2675 2474 abbas
2700 2459 2716 2484 ,
2771 2421 2822 2471 in
2855 2434 2948 2472 sua
3001 2417 3223 2486 Regula:
3275 2417 3638 2472 Benedictum:

2049 2515 2421 2584 Expositione.
2466 2512 2692 2568 Constat
2732 2523 2913 2566 autem
2946 2511 3064 2564 hac
3105 2511 3306 2580 llegula
3342 2511 3522 2564 XLVII
3553 2528 3638 2562 ea-

2050 2605 2269 2679 pitibus,
2302 2608 2497 2678 quibus
2527 2605 2820 2661 includitur
2849 2605 3106 2674 quidquid
3138 2606 3202 2658 ad
3231 2606 3428 2658 bonum
3461 2605 3637 2673 cujus-

352 2717 370 2748 ι
411 2699 576 2752 άοήι)
605 2697 957 2768 principibus,
988 2713 1132 2750 anno
1161 2697 1287 2752 420.
1327 2717 1347 2750 ι
1394 2698 1579 2751 Exstat
1617 2706 1797 2752 tamen
1829 2698 1942 2754 btec
1979 2707 2017 2766 Β
2047 2717 2151 2769 que
2181 2700 2496 2754 nionastcril
2539 2699 2780 2769 regimen
2814 2698 3068 2767 pertinet,
3105 2705 3159 2751 et
3186 2713 3305 2766 qua:
3336 2713 3414 2748 ex»
3439 2698 3634 2765 liegttla

351 2791 546 2858 liegula
571 2791 677 2846 sub
707 2791 860 2846 titulo
885 2791 1094 2861 [ἔρριψε
1124 2788 1399 2844 Orientalis
1420 2807 1486 2844 ea:
1520 2789 1733 2844 Patrum
1759 2790 1942 2844 Orien-

350 2885 519 2938 talium
584 2884 804 2953 Regalis
855 2884 1082 2938 collecte
1123 2900 1156 2936 a
1210 2882 1398 2955 Vigilio
1441 2883 1669 2937 Diacono
1725 2883 1776 2936 in
1831 2884 1941 2938 Co-

348 2979 460 3033 dice
485 2977 816 3052 Regularum
848 2994 1006 3047 quem
1035 2977 1199 3032 edidit
1236 2977 1421 3031 Romae
1447 2993 1536 3030 an.
1570 2976 1727 3042 {661,
1764 2978 1812 3029 in
1848 2978 1936 3046 4°,

350 3068 516 3124 Lucas
567 3070 917 3135 llolstcnius;
969 3078 1110 3137 part.
1159 3084 1176 3123 ι
1217 3071 1303 3123 ed.
1358 3069 1528 3122 Paris.
1573 3068 1737 3131 “565,
1775 3069 1935 3138 iii-4',

353 3180 400 3230 μ.
427 3163 640 3229 88-95;
674 3171 730 3218 et
758 3181 908 3219 nova:
931 3179 1089 3233 quam
1116 3164 1391 3217 accuravit
1418 3162 1683 3216 Marianos
1705 3163 1832 3216 'Bt‘m
1852 3162 1939 3216 kie

347 3263 396 3308 et
438 3267 558 3324 post
605 3265 839 3310 mortem
871 3255 992 3325 ejus
1032 3255 1321 3310 ediderunt
1370 3257 1500 3310 socii
1531 3260 1650 3324 ejus
1680 3258 1938 3325 Augustae

353 3345 502 3401 Vind.
529 3364 627 3402 an.
662 3347 828 3415 l759,
861 3362 957 3402 sex
983 3347 1346 3403 voluminibus
1381 3347 1614 3410 iri-folio,
1647 3358 1777 3404 tom.
1811 3350 1850 3410 Ι,
1884 3365 1936 3418 p.

349 3437 526 3494 δυοδι.
551 3457 560 3467 '

2050 2792 2108 2848 S.
2159 2791 2435 2848 Pachomii
2485 2791 2799 2861 plerumque
2845 2790 3173 2852 desumitur;
3224 2804 3345 2843 cum
3395 2805 3637 2858 persta-le

2047 2885 2248 2941 ibidem
2276 2884 2505 2954 propriae
2539 2884 2595 2942 S.
2632 2883 2906 2939 Pacbomii
2949 2883 3234 2938 sententia:
3272 2884 3632 2950 reperiantur.

2053 2979 2194 3034 Vixit
2224 2979 2442 3047 quidem
2480 2977 2703 3048 Vigilius
2731 2977 2998 3032 Diaconus
3029 2979 3230 3030 saeculo
3267 2977 3459 3046 quinto
3483 3019 3496 3038 ,
3542 2979 3634 3029 Sed

2047 3074 2327 3143 ignoratur
2357 3072 2510 3138 cujus
2542 3070 2804 3126 Erclesiaa
2835 3070 2995 3125 fuerit
3040 3069 3303 3124 diaconus
3331 3111 3344 3133 ,
3389 3075 3635 3138 quamvis

2047 3164 2188 3232 apud
2225 3163 2412 3220 Gallos
2456 3163 2707 3218 floruisse
2744 3164 2971 3232 supponi
3008 3163 3199 3230 possit,
3235 3175 3357 3217 eum
3396 3163 3634 3216 nonnulli

2045 3259 2401 3320 contendant,
2437 3255 2573 3310 hanc
2607 3255 2860 3326 Regulam
2892 3255 3221 3318 ()rt'entalem,
3245 3256 3314 3309 ab
3347 3255 3463 3322 ipso
3486 3271 3634 3309 com~

2047 3351 2305 3419 positam,
2337 3347 2389 3402 in
2424 3349 2757 3402 monasterio
2785 3350 2838 3404 S.
2873 3348 3146 3403 Maximini
3171 3349 3510 3404 'l‘revirensis
3537 3365 3632 3402 co-

2047 3444 2166 3496 dem
2203 3441 2402 3497 saeculo
2441 3439 2607 3496 fuisse
2635 3428 2995 3496 observatam.
3047 3459 3067 3493 ι

2750 3585 2815 3596 uu-
2845 3583 2984 3597 -ιιν

1199 3699 1880 3814 VIGILII
1985 3703 2777 3827 DIACONI

897 3904 1604 4038 REGULA
1695 3911 3056 4058 MONACHORUM.

1666 4119 1816 4196 Quae
1849 4118 2034 4197 vulgo
2073 4117 2309 4180 dicitur

1322 4274 1811 4362 REGULA
1911 4248 2645 4362 ORIENTALlS.

1409 4433 1424 4490 ί
1456 4439 1569 4492 Cod.
1595 4437 1826 4501 Regular.
1854 4437 2056 4487 Marian.
2080 4437 2290 4487 Brockie
2322 4444 2436 4488 tom.
2465 4435 2539 4499 Ι.)

410 4679 452 4736 Ι.
494 4680 568 4738 lJt
592 4695 773 4750 neque
791 4681 1034 4738 seniores
1058 4681 1112 4736 in
1140 4681 1390 4752 regendis
1419 4680 1682 4734 fratribus
1704 4677 1936 4733 inaniter
1963 4683 2008 4745 ρ
2038 4687 2128 4745 get
2155 4723 2168 4745 ,
2201 4677 2525 4733 condemnet
2553 4721 2567 4744 ,
2599 4679 2680 4732 vel
2712 4678 3008 4749 suscipiat,
3038 4679 3081 4732 si
3132 4679 3199 4732 ita
3229 4679 3365 4734 utile
3393 4679 3620 4742 videtur,

341 4771 634 4842 laborent,
669 4789 845 4844 neque
878 4774 1160 4846 disciplina
1195 4774 1472 4846 juniorum
1515 4773 1768 4838 vacillet,
1811 4786 1932 4838 qure

339 4865 554 4922 abbatis
583 4867 998 4923 conversatione
1028 4867 1263 4922 stabilita
1295 4866 1452 4921 firma
1483 4867 1572 4933 sit,
1602 4872 1816 4935 Oportet
1841 4864 1930 4919 ab-

341 4954 521 5012 batem
565 4957 1102 5028 irreprehensibilem
1137 4973 1279 5020 esse,
1310 4974 1582 5026 SC\'0I‘UIII,
1620 4958 1930 5028 patientem,

334 5047 607 5118 jejunum,
635 5051 807 5120 pium,
833 5049 1090 5105 humilem
1118 5067 1131 5104 :
1157 5060 1212 5104 ut
1230 5050 1465 5105 doctoris
1488 5060 1541 5104 et
1569 5049 1736 5117 patris
1758 5050 1932 5104 locum

343 5139 570 5210 impleat
594 5142 836 5210 seipsum
865 5140 1087 5196 formam
1118 5141 1364 5211 praibens
1391 5141 1654 5194 bonorum
1683 5155 1932 5209 operum.

343 5229 424 5284 Ad
460 5232 619 5298 cujus
660 5230 1062 5286 ordinationem
1119 5247 1309 5288 omnes
1358 5231 1556 5286 fratres
1606 5233 1935 5302 respiciant;

343 5320 476 5375 nihil
501 5320 622 5378 sine
648 5322 880 5376 consilio
902 5331 956 5377 et
976 5325 1297 5379 auctoritate
1325 5324 1494 5393 ipsius
1523 5322 1803 5379 facientes.
1835 5323 1939 5392 Qui

340 5413 626 5468 sustinens
682 5415 999 5472 monasterii
1050 5417 1400 5472 necessitates
1444 5416 1512 5471 de
1540 5418 1791 5471 omnibus
1817 5433 1938 5487 quae

345 5505 398 5558 in
430 5510 767 5562 monasterio
792 5517 922 5562 sunt
963 5506 1136 5564 libere
1158 5509 1460 5578 judicabit;
1509 5511 1712 5566 nullius
1749 5525 1942 5581 perso-

343 5611 469 5651 nam
495 5599 788 5667 accipiens,
813 5617 909 5657 nec
931 5602 1022 5658 ulli
1047 5605 1274 5672 gratiam
1303 5615 1591 5673 praestans,
1613 5604 1712 5660 sed
1739 5620 1933 5658 unum-

342 5704 624 5758 quemque
661 5693 954 5750 secundum
987 5693 1176 5749 merita
1217 5695 1542 5764 quotidianum
1571 5697 1936 5750 cuitversatio-

346 5783 434 5837 nis
470 5782 529 5838 in
562 5785 785 5843 veritate
807 5787 1062 5855 judicans
1083 5827 1100 5856 ,
1132 5786 1445 5856 admoneat,
1481 5788 1742 5857 hortetur,
1777 5789 1936 5845 casti-

2041 4774 2321 4830 venientes
2348 4774 2413 4829 ad
2441 4775 2856 4840 monasterium;
2893 4776 2974 4828 vel
3014 4772 3225 4844 ejiciat,
3258 4775 3304 4828 si
3337 4774 3407 4828 ita
3441 4787 3625 4828 neces-

2037 4867 2169 4922 sitas
2203 4866 2382 4934 fuerit,
2415 4869 2552 4923 male
2579 4867 2906 4922 habitantes.

2112 4959 2175 5014 ll.
2219 4961 2273 5014 ln
2315 4963 2644 5016 monasterio
2673 4961 2920 5016 seniores
2956 4963 3066 5017 sint
3106 4961 3245 5026 duo,
3283 4961 3347 5014 ad
3379 4976 3513 5029 quos
3543 4965 3626 5016 vel

2038 5062 2304 5122 prtesentc
2330 5053 2524 5108 abbate
2553 5054 2637 5110 vel
2667 5055 2890 5110 absente
2929 5055 3174 5109 omnium
3214 5053 3435 5108 fratrum
3465 5054 3599 5107 diSti

2042 5144 2181 5212 plina
2225 5153 2280 5199 et
2307 5147 2484 5199 omnis
2522 5160 2652 5200 cura
2700 5146 3015 5200 monasterii
3068 5145 3335 5213 pertineat
3383 5161 3396 5196 :
3441 5146 3630 5197 dantes

2039 5237 2138 5292 sibi
2169 5237 2318 5291 vires
2355 5253 2448 5306 per
2477 5237 2611 5300 dies,
2645 5248 2697 5294 et
2736 5237 3044 5293 dividentes
3071 5239 3214 5291 inter
3240 5251 3299 5290 se
3328 5237 3537 5304 pondus
3569 5252 3631 5289 ac

2043 5330 2422 5386 necessitatem
2457 5334 2800 5398 monasterii;
2847 5348 2912 5386 ex
2955 5331 3152 5401 quibus
3200 5345 3338 5384 unus
3383 5338 3631 5397 tempore

2040 5438 2140 5476 suo
2165 5437 2404 5492 pra-setis
2435 5424 2486 5476 in
2519 5427 2850 5479 monasterio
2881 5438 3096 5491 semper
3118 5425 3242 5490 erit,
3275 5422 3339 5475 ad
3374 5433 3630 5490 praestan-

2043 5517 2168 5570 dum
2197 5515 2376 5568 abbati
2409 5515 2660 5569 solatium
2687 5559 2702 5582 ,
2740 5517 2824 5570 vel
2867 5518 3184 5579 obsequium
3216 5515 3630 5569 advenientibus

2043 5605 2332 5671 fratribus;
2369 5616 2423 5660 et
2452 5607 2518 5660 ad
2547 5606 2944 5673 procedendum
2965 5649 2980 5670 ,
3015 5607 3120 5660 ubi.
3145 5608 3439 5661 necessitas
3483 5621 3628 5659 com-

2045 5696 2219 5752 munis
2255 5698 2533 5763 exegerit,
2570 5707 2729 5765 atque.
2769 5698 3100 5768 diligentiam
3130 5699 3271 5752 circa
3304 5696 3481 5753 omnia
3511 5711 3629 5765 qu:e

2045 5791 2111 5846 ad
2137 5789 2504 5862 quotidianam
2542 5792 2841 5846 custodiam
2872 5799 2924 5846 ct
2951 5789 3418 5846 conversationem
3447 5803 3628 5843 inuita.
