3970 6180
383 321 488 380 3Ίᾶ

1730 350 1954 410 VIGILII
1997 354 2266 417 θηοοΜ

3538 396 3640 452 576

375 440 526 494 sterii
559 443 828 510 pertinent
861 447 1218 510 adhibendam
1256 473 1267 510 :
1304 466 1360 513 ut
1387 471 1739 534 quaecumque
1768 471 1833 524 ad
1861 473 1953 525 ob-
1981 474 2031 533 Α
2059 481 2454 543 prmscientiam
2479 487 2762 559 principls,
2777 492 2982 566 absque
2999 512 3108 569 quo
3128 503 3309 561 ηυιιυε
3331 507 3643 580 gul-own“,

375 530 616 580 sequium
667 548 932 580 usnmmm
982 547 1291 580 mnnaclnrii
1334 549 1571 580 r....:.....t..
1621 569 1740 580 η-.
1837 560 1948 580 ,εμ
2061 565 2084 580 ρ
2150 576 2160 580 Α
2310 573 2325 580 -
2384 575 2394 580 -
2450 576 2496 580 ,Α

374 530 616 600 sequium
667 548 932 618 usumque
981 547 1293 601 monasterii
1332 549 1572 606 facienda
1620 569 1781 623 sunt,
1835 560 1953 615 sine

375 621 702 690 negligentia
747 608 801 681 et
845 632 1069 699 querela
1108 637 1324 692 faciant.
1358 641 1509 696 Alius
1539 658 1661 699 cum
1700 645 1952 706 fratribus

367 712 496 779 erit,
527 721 769 785 tempore
794 733 892 776 suo
913 724 1154 782 exiturus
1175 743 1295 785 cum
1324 731 1455 801 ipsis
1480 736 1546 789 ad
1576 739 1758 793 omnia
1788 757 1952 812 Opera

317 831 324 843 η
368 810 421 855 et
450 818 665 860 omnem
711 815 1133 881 necessitatem,
1181 824 1472 889 providens
1513 843 1583 883 ne
1612 831 1734 898 quid
1761 842 1950 891 contra

369 893 704 964 disciplinam
739 901 961 960 faciant.
1014 906 1116 974 Qui
1163 915 1513 974 considerans
1561 937 1749 979 omnes
1797 935 1950 983 actus

365 985 696 1056 singulorum
727 1033 742 1055 ,
789 996 833 1049 si
883 1011 1002 1064 quae
1032 1012 1216 1056 contra
1257 1007 1519 1064 rationem
1558 1011 1695 1068 facta
1729 1017 1943 1085 viderit,

361 1091 457 1130 seu
482 1091 575 1144 per
601 1093 660 1134 se
686 1085 956 1154 emendet,
989 1091 1077 1144 vel
1108 1093 1285 1148 abbati
1321 1099 1540 1155 indicet.

361 1349 582 1406 fratrum
617 1356 866 1412 fratribus
900 1367 1215 1434 praepositus
1244 1382 1355 1434 est.
1392 1389 1608 1432 omnem
1652 1380 1718 1434 ad
1764 1396 1823 1436 se
1851 1398 1942 1437 cu-

357 1455 471 1495 ram
498 1442 566 1498 de
591 1445 875 1518 disciplina
911 1452 1130 1512 fratrum
1170 1472 1224 1516 et
1267 1464 1598 1533 diligentiam
1627 1474 1936 1528 monasterii

356 1536 663 1603 revocabit;
695 1539 898 1598 habens
920 1554 1238 1614 potestatem
1262 1554 1453 1612 abbate
1469 1558 1692 1616 absente
1708 1563 1937 1619 faciendi

353 1626 529 1680 omnia
556 1644 679 1698 qum
717 1632 880 1690 abbas
921 1654 1158 1706 praesens
1185 1644 1334 1702 facit.
1377 1649 1473 1705 Ille
1511 1660 1691 1707 autem
1728 1657 1938 1724 patien-

354 1725 517 1780 tam,
570 1727 1039 1785 mansuetudinem
1063 1773 1079 1798 ,
1135 1733 1489 1795 humilitatem
1517 1783 1532 1810 ,
1585 1744 1928 1818 charitatem,

2059 565 2278 625 fratrem
2310 573 2524 632 habebit
2556 565 2901 648 potestatem.

2127 660 2263 719 XIV.
2304 665 2366 720 Si
2407 669 2654 728 inventus
2686 675 2852 733 fuerit
2889 695 3024 737 unus
3065 699 3093 737 a
3136 685 3395 746 fratribus
3435 695 3636 766 aliquid

2053 763 2149 818 per
2173 757 2574 815 contentionem
2620 779 2824 833 agens,
2871 772 2953 824 vel
3002 777 3378 834 contradicens
3419 786 3638 854 majoris

2051 839 2314 910 imperio,
2357 847 2656 920 increpabit
2683 855 2833 924 juxta
2883 876 3190 920 mensuram
3219 874 3428 938 peccati
3457 839 3563 931 sui.

2131 931 2247 989 IV.
2294 937 2394 1004 Qui
2443 943 2733 1011 mentitur,
2784 961 2877 1005 aut
2921 952 3047 1009 odio
3074 931 3390 1031 quemquam
3435 966 3635 1023 habere

2049 1022 2205 1079 fuerit
2232 1027 2606 1097 deprehensus
2633 1079 2648 1104 ,
2680 1050 2772 1093 aut
2815 1022 3133 1103 inobediens
3159 1092 3173 1116 ,
3214 1022 3305 1108 aut
3349 1058 3472 1125 plus
3509 1060 3634 1126 joco

2045 1128 2205 1182 quam
2239 1117 2524 1178 honestum
2556 1136 2642 1182 est
2664 1129 2875 1188 deditus
2898 1175 2912 1199 ,
2955 1147 3050 1192 aut
3077 1141 3288 1198 otiosus
3311 1186 3328 1211 ,
3349 1117 3466 1202 'aut
3499 1150 3632 1206 dure

2044 1208 2402 1275 respondens.
2431 1224 2524 1268 aut
2553 1217 2756 1274 habens
2783 1230 3230 1287 consuetudinem
3256 1208 3510 1293 fratribus
3533 1241 3630 1296 de-

2043 1295 2292 1352 trahendi
2325 1302 2406 1355 vcl
2441 1301 2522 1358 his
2551 1310 2640 1376 qui
2686 1308 2820 1364 foris
2849 1325 3002 1383 sunt,
3040 1329 3093 1372 et
3119 1325 3340 1380 omnino
3369 1327 3626 1399 quidquid

2041 1395 2226 1442 contra
2262 1390 2526 1464 Regulam
2564 1400 2965 1470 Scripturarum
2997 1418 3081 1464 est
3111 1422 3166 1467 et
3203 1390 3629 1478 mon’asterii'di-

2039 1477 2325 1548 sciplinam
2355 1523 2368 1548 ,
2400 1495 2454 1540 et
2484 1488 2716 1545 audierit
2747 1505 2905 1563 pater
2942 1505 3256 1560 monasterii
3282 1547 3298 1573 ,
3336 1511 3625 1570 vindicabit

2035 1565 2186 1635 juxta
2216 1586 2522 1631 mensuram
2562 1593 2807 1652 opusque
2840 1591 3068 1656 peccati.

2110 1657 2251 1714 XVI.
2292 1662 2349 1718 Si
2396 1680 2586 1725 omnes
2635 1671 2827 1731 fratres
2879 1680 3112 1738 viderint
3152 1691 3500 1758 praepositum
3539 1697 3623 1751 ni-

2037 1749 2202 1806 mium
2235 1757 2618 1829 negligentem,
2649 1777 2740 1821 aut
2768 1767 2902 1825 dure
2932 1773 3296 1845 increpantem
3323 1783 3534 1853 fratres,
3565 1803 3620 1846 et

1916 1809 1927 1818 .
2307 1809 2335 1826 υ
2365 1809 2618 1829 κο-τ--ν---ι
2649 1809 2740 1821 ωε.
2769 1809 2902 1825 υυιν
2932 1809 3296 1845 mucyamcut
3323 1809 3534 1853 Intres,
3565 1809 3611 1846 et

349 1809 660 1876 πρυῖιειεω
687 1854 702 1879 9
750 1817 868 1873 sine
899 1835 1252 1889 personarum
1293 1835 1610 1902 acceptione
1655 1839 1931 1903 servabit;
1966 1831 2011 1891 Β
2039 1854 2341 1900 mensuram
2374 1857 2685 1910 monasterii
2711 1861 3088 1932 excedentem,
3119 1869 3358 1949 referant
3389 1875 3491 1932 hoc
3518 1894 3611 1949 pa-

349 1899 414 1949 Ila
447 1914 629 1949 126118-
663 1916 716 1949 ΙΙΙ
750 1924 850 1949 προ
875 1912 1051 1949 abhis}:
1090 1918 1305 1949 ΙσιὶιΙῖιιανι
1332 1937 1547 1949 ..Α-ιι--.
1605 1943 1699 1949 μ--
1731 1929 1826 1949 οῖ-.
1906 1948 1913 1949 ,
2027 1931 2093 1949 ,με
2157 1943 2197 1949 ᾼ-
2264 1936 2277 1949 ι
2423 1941 2435 1949 .

345 1899 414 1952 ita
447 1914 632 1969 agens,
663 1916 717 1959 ut
750 1924 852 1965 nec
874 1912 1051 1969 abbati
1089 1918 1305 1975 taedium
1330 1899 1574 1994 generet,
1605 1943 1703 1984 nec
1729 1929 1923 1987 fratres

342 1989 758 2062 intemperantia
789 2001 936 2058 illius
966 2004 1224 2064 laborent.
1259 1989 1384 2069 Hrec
1406 1989 1715 2074 obsecrabit
1742 2023 1925 2078 senior

342 2087 658 2141 monasterii
688 2093 778 2158 qui
812 2091 1066 2151 fratribus
1095 2104 1415 2171 praepositus
1444 2116 1548 2175 est,
1581 2109 1829 2168 referens
1854 2115 1917 2168 ad

337 2169 582 2230 abbatem
610 2180 791 2234 omnia
816 2225 832 2250 ,
887 2186 972 2241 vel
1002 2169 1277 2262 praecipue
1322 2195 1408 2250 illa
1447 2213 1569 2267 quae
1595 2216 1692 2272 per
1720 2217 1780 2260 se
1808 2220 1916 2260 non

336 2267 564 2322 voluerit
583 2271 876 2339 explicare.

406 2357 492 2412 IV.
523 2357 968 2422 Commendatum
996 2371 1210 2442 aliquod
1234 2378 1394 2433 etiam
1412 2395 1446 2436 a
1473 2397 1734 2452 germano
1752 2389 1913 2446 fratre

332 2446 510 2501 nullus
541 2452 770 2520 accipiat
802 2470 816 2506 :
852 2457 982 2512 nihil
1022 2460 1076 2516 in
1109 2465 1242 2520 cella
1283 2483 1380 2524 sua
1409 2446 1611 2543 absque
1639 2481 1910 2550 praepositi

324 2533 566 2601 ju~sione
606 2542 875 2610 quispiam
907 2547 1138 2620 haheat,
1181 2571 1282 2614 nec
1318 2575 1473 2629 poma
1505 2533 1720 2635 quidem

325 2625 482 2696 sima,
507 2636 562 2684 et
587 2643 779 2688 cetera
812 2637 1208 2708 hujuscemodi.

397 2718 459 2774 V.
501 2721 799 2794 Operantes
839 2746 968 2787 vero
1007 2734 1200 2794 frtres
1237 2742 1368 2799 nihil
1409 2746 1698 2817 loquantur
1731 2769 1906 2812 saecu-

320 2808 435 2867 lare
468 2829 480 2866 :
515 2813 613 2870 sed
653 2829 743 2874 aut
780 2821 1112 2884 meditantur
1144 2845 1209 2886 ea
1247 2850 1370 2904 qua:
1405 2808 1591 2895 sancta
1629 2857 1775 2917 sunt,
1810 2858 1903 2905 aut

318 2912 468 2958 certe
493 2904 750 2964 silebant.

389 2990 469 3048 VI.
515 2995 616 3063 Qui
653 3009 833 3056 autem
874 3009 1166 3079 coquinat,
1209 3025 1494 3089 antequam
1544 3023 1741 3084 fratres
1771 3033 1898 3086 reﬂ-

312 3086 478 3155 eiant,
511 3105 617 3144 non
647 3096 885 3160 gustabit
909 3102 1221 3172 quidquam.

385 3175 493 3231 VII.
534 3179 704 3236 Nemo
743 3186 798 3240 in
824 3190 960 3244 cella
998 3203 1087 3249 aut
1123 3197 1175 3252 in
1206 3198 1366 3256 domo
1392 3218 1485 3260 sua
1518 3207 1711 3266 habeat
1737 3216 1891 3284 quid-
1918 3193 1965 3257 Ο

312 3280 468 3334 quum
503 3283 697 3336 pra-ter
723 3289 786 3330 ea
812 3321 826 3345 ,
865 3294 987 3349 quae
1026 3282 1079 3339 in
1111 3294 1383 3348 communi
1427 3304 1734 3359 monasterii
1772 3308 1888 3377 lege

309 3370 574 3426 pra'cepta
607 3374 750 3418 sunt.

379 3446 513 3502 VIII.
557 3452 800 3523 Cumque
842 3460 906 3515 ad
951 3461 1322 3527 dormiendum
1375 3493 1434 3532 se
1477 3481 1882 3554 collocaverint,

303 3537 442 3593 alter
469 3539 621 3596 alteri
657 3561 760 3601 non
796 3549 1062 3620 loquatur.
1095 3556 1299 3618 Cellam
1330 3567 1571 3637 alterius,
1604 3575 1703 3630 nisi
1732 3581 1882 3648 prius

301 3630 366 3683 ad
392 3633 586 3688 ostium
616 3642 898 3708 percutiat,
925 3646 1150 3706 introire
1176 3670 1280 3710 non
1308 3660 1522 3716 audeat.

366 3723 457 3778 IX.
499 3726 706 3786 Mutare
735 3732 801 3788 de
829 3735 913 3790 his
935 3754 1054 3809 qum
1084 3759 1114 3797 a
1145 3753 1435 3819 praeposito
1458 3763 1728 3828 acceperit
1755 3778 1878 3821 cum

296 3814 468 3872 altero
499 3835 604 3876 non
629 3825 869 3882 audebit.
916 3830 1026 3889 Nec
1053 3814 1286 3908 accipiet
1315 3846 1506 3902 melius
1531 3814 1758 3910 et'dabit
1785 3858 1879 3914 de-

295 3910 484 3981 terius,
515 3924 607 3968 aut
638 3925 943 3980 eeontrario
978 3927 1114 3984 dans
1152 3935 1348 3992 melius
1387 3951 1440 3995 et
1469 3942 1707 4004 deterius
1732 3954 1877 4007 acci-

293 4001 470 4068 piens.
501 4005 670 4064 Nemo
698 4011 768 4066 ab
791 4015 962 4073 altero
996 4023 1227 4092 accipiat
1251 4030 1560 4104 quidpiam,
1593 4001 1701 4096 nisi
1732 4001 1868 4113 pag.

291 4096 496 4161 positus
520 4099 766 4166 jusserit.

359 4183 425 4238 X.
469 4187 662 4282 Clausa
691 4196 828 4252 cella
867 4201 1045 4260 nullus
1071 4206 1335 4281 dormiat,
1365 4231 1466 4273 nec
1492 4220 1685 4277 haheat
1713 4225 1865 4282 cubi-

285 4274 466 4328 culum
507 4281 648 4346 quod
694 4286 872 4345 claudi
903 4297 1112 4364 possit,
1155 4302 1258 4358 nisi
1297 4274 1437 4365 forte
1463 4274 1867 4388 aetati—alicujus

283 4363 366 4418 vel
400 4365 695 4429 infirmitati
720 4388 874 4446 pater
901 4363 1214 4446 monasterii
1245 4402 1598 4457 concesserit.

353 4453 443 4509 XI.
486 4458 658 4517 Nemo
698 4479 729 4518 a
774 4478 919 4527 terra
947 4476 1128 4534 solvat
1168 4481 1462 4544 funiculum
1503 4492 1709 4563 absque
1750 4497 1864 4566 jus-

279 4544 432 4601 sione
480 4553 664 4619 patris.
719 4558 820 4626 Qui
862 4564 916 4619 in
969 4576 1301 4632 monasterio
1331 4579 1554 4638 fratrum

277 4642 548 4710 quidpiam
576 4689 592 4712 ,
625 4655 922 4721 suspendat
956 4669 1012 4714 ut
1042 4664 1194 4720 tollat
1223 4670 1311 4739 qui
1341 4680 1675 4745 cognoverit.

345 4740 458 4796 XII.
501 4745 582 4799 Ad
625 4749 911 4810 collectam
958 4769 1012 4814 et
1040 4763 1106 4817 ad
1151 4740 1484 4835 psallendum
1529 4779 1706 4836 nullus
1749 4783 1855 4839 sibi

272 4843 584 4899 occasiones
637 4848 916 4925 inveniat,
957 4861 1152 4931 quibus
1199 4882 1259 4926 se
1305 4873 1450 4930 dicat
1497 4893 1847 4954 occupatum,

264 4943 415 5010 quasi
440 4944 518 5002 ire
542 4965 644 5004 non
668 4936 854 5022 possit.
887 4959 1020 5020 Etsi
1044 4966 1097 5022 in
1126 4979 1474 5046 monasterio,
1503 4983 1588 5038 vel
1619 4985 1671 5039 in
1695 5001 1824 5058 agro

266 5056 356 5100 aut
406 5049 456 5102 in
507 5051 740 5122 itinere,
784 5071 874 5116 aut

921 5063 974 5118 in
1021 5070 1260 5140 quolibet
1323 5079 1624 5141 ministerio
1666 5090 1842 5160 fuerit,

262 5148 450 5200 orandi
485 5158 540 5205 et
567 5155 831 5222 psallendi
863 5172 1073 5236 tempus
1101 5187 1205 5226 non
1235 5185 1625 5245 praetermittat.

2027 1931 2115 1997 tri,
2145 1943 2200 1988 et
2230 1936 2298 1990 ab
2323 1953 2392 1993 eo
2423 1941 2750 2014 increpetnr.
2777 1949 2896 2019 Ipse
2924 1965 3100 2010 autem
3131 1935 3449 2031 praepositus
3480 1931 3614 2026 nihil

2025 2022 2206 2093 faciat,
2232 2029 2335 2085 nisi
2365 2034 2508 2102 quod
2545 2047 2698 2106 pater
2721 2040 2944 2106 jusserit
2973 2063 2986 2099 :
3014 2050 3247 2108 maxime
3277 2057 3328 2109 in
3359 2073 3416 2112 re
3448 2075 3608 2119 nova.

2021 2114 2154 2182 Quae
2181 2133 2246 2172 ex
2276 2135 2429 2178 more
2467 2123 2781 2197 descendit,
2829 2136 3071 2193 servabit
3113 2139 3372 2212 Regulam

2020 2209 2196 2264 sterii.

2090 2299 2254 2359 XVII.
2301 2304 2626 2378 Praepositus
2653 2329 2783 2370 vero
2809 2332 2916 2372 non
2947 2320 3267 2393 inebrietur,
3293 2345 3394 2386 nec
3420 2333 3608 2392 sedeat

2014 2389 2069 2445 in
2103 2391 2480 2454 humilioribus
2514 2401 2666 2459 locis.
2711 2405 2789 2463 Ne
2816 2423 3031 2481 rumpat
3063 2389 3275 2474 vincula
3311 2437 3432 2491 quae
3459 2389 3602 2482 Deus

2012 2480 2064 2535 in
2092 2485 2231 2539 cmlo
2260 2489 2500 2545 condidit
2528 2503 2587 2547 ut
2615 2480 2972 2558 observentur
3001 2505 3054 2560 in
3085 2511 3265 2566 terris.
3298 2513 3376 2569 Ne
3417 2516 3598 2586 lugeat

2011 2572 2065 2628 in
2096 2575 2188 2632 die
2213 2577 2349 2633 festo
2373 2580 2584 2639 Domini
2617 2587 2946 2657 Salvatoris;
2977 2595 3288 2657 dominetur
3309 2608 3458 2662 carni
3483 2623 3600 2666 suae

2002 2664 2154 2736 juxta
2178 2684 2486 2728 mensuram
2509 2675 2849 2736 Sanctorum.
2875 2685 2990 2742 Non
3018 2687 3323 2750 inveniatur
3343 2696 3394 2751 in
3417 2702 3597 2756 excel-

2005 2757 2081 2812 sis
2109 2760 2398 2830 cubilibus,
2437 2767 2652 2826 imitans
2680 2788 2882 2830 morem
2913 2781 3213 2847 gentilium.
3244 2787 3360 2844 Non
3395 2791 3466 2846 sit
3492 2794 3594 2850 du-

2004 2849 2159 2918 plicis
2179 2851 2325 2910 lldei.
2354 2855 2470 2912 Non
2502 2873 2757 2932 sequatur
2779 2869 2961 2926 cordia
2986 2873 3070 2928 sui
3098 2877 3466 2949 cogitationes,
3491 2849 3586 2943 sed

2003 2941 2176 3014 legem
2217 2946 2331 3002 Dei.
2372 2949 2489 3007 Non
2517 2956 2738 3012 resistat
2769 2941 3191 3024 sublimioribus
3218 2941 3589 3034 tnmentiyani:

2002 3049 2090 3089 mo
2116 3042 2490 3106 potestatibus.
2532 3044 2610 3100 Ne
2638 3045 2854 3120 fremat,
2885 3069 2983 3109 nec
3013 3056 3204 3114 ltirriat
3231 3064 3398 3120 iratos
3421 3082 3586 3138 super

2004 3125 2348 3194 humiliores;
2382 3148 2481 3189 nec
2509 3137 2796 3195 transferat
2822 3146 3083 3202 terminos
3105 3149 3345 3222 Regulae.
3373 3125 3583 3218 Non-sit

1997 3216 2396 3293 fraudulentus,
2430 3242 2606 3298 neque
2649 3232 2700 3286 in
2741 3235 3155 3304 cogitationibus
3187 3216 3368 3306 verset
3391 3251 3578 3320 dolos;

1993 3322 2093 3364 nec
2149 3312 2382 3384 negligat
2427 3332 2702 3386 peccatum
2747 3328 2942 3382 animae
2985 3345 3131 3400 sua;
3189 3353 3292 3395 nec
3336 3342 3579 3401 vincatur

1988 3401 2167 3456 carnis
2189 3403 2418 3460 luxuria.
2447 3409 2562 3464 Non
2593 3415 2838 3470 ambulet
2867 3422 3220 3492 negligenter.
3252 3429 3366 3485 Non
3391 3433 3579 3504 loqua-

1990 3499 2075 3545 tur
2101 3493 2321 3549 verhum
2351 3499 2603 3556 Otiosum.
2644 3503 2757 3560 Non
2792 3523 2952 3577 ponat
2988 3518 3296 3574 scandalum
3324 3535 3449 3579 ante
3478 3542 3575 3593 ρυ-

1985 3579 2078 3635 des
2102 3584 2255 3638 caeci.
2284 3586 2396 3641 Non
2423 3590 2616 3646 doceat
2639 3597 2967 3658 voluntatem
2989 3608 3222 3664 animam
3253 3625 3424 3668 suam.
3455 3616 3570 3671 Non

1983 3672 2288 3729 resolvatur
2325 3678 2433 3732 risu
2472 3683 2757 3742 stultorum
2796 3706 2858 3745 ac
2885 3694 3031 3763 joco.
3060 3697 3177 3752 Non
3207 3705 3451 3772 capiatur
3474 3722 3570 3763 cor

1981 3761 2096 3829 ejus
2127 3763 2194 3822 ab
2226 3765 2311 3821 his
2336 3770 2428 3838 qui
2457 3772 2635 3844 inepta
2675 3761 2968 3852 lnquunlttr
2989 3796 3044 3842 et
3072 3761 3420 3850 dulcia-Non

1977 3941 2093 3998 Non
2115 3946 2329 4004 deficiat
2353 3953 2406 4006 in
2435 3955 2799 4018 tribulatione.
2825 3965 2940 4022 Non
2972 3980 3199 4027 mortem
3233 3976 3436 4042 timeat,
3465 3983 3562 4037 sed

1981 4034 2179 4103 Deum;
2228 4055 2334 4095 non
2375 4049 2761 4111 praevaricator
2805 4057 2873 4109 sit
2921 4073 3037 4127 pro;
3059 4069 3143 4117 ter
3188 4065 3558 4126 imminentem

1975 4125 2243 4183 timorem.
2271 4131 2386 4187 Non
2417 4137 2678 4210 relinquat
2706 4159 2890 4201 verum
2923 4149 3100 4207 lumen
3134 4168 3356 4226 propter
3386 4163 3558 4218 modi-

1970 4231 2064 4272 eos
2108 4223 2278 4277 cibos.
2330 4224 2445 4281 Non
2489 4240 2641 4286 nutet
2681 4250 2745 4291 ac
2781 4236 3003 4296 fluctuet
3047 4244 3099 4298 in
3137 4249 3392 4317 operibus
3419 4255 3554 4310 suis.

1969 4309 2084 4366 Non
2117 4324 2284 4370 mutet
2314 4323 2632 4379 sententiam
2654 4366 2668 4388 .
2701 4329 2794 4384 sed
2825 4331 3009 4390 ﬁrmus
3049 4338 3120 4393 sit
3157 4342 3426 4414 solidique
3453 4348 3553 4402 de-

1966 4405 2129 4470 creti;
2168 4405 2379 4475 justus,
2409 4425 2598 4469 cuncta
2629 4421 3009 4492 considerans;
3047 4428 3296 4498 judicans
3329 4436 3380 4488 in
3409 4441 3554 4493 veri-

1968 4502 2075 4549 tate
2097 4497 2299 4566 absque
2320 4504 2554 4570 appetitu
2577 4508 2796 4577 gloriae;
2826 4517 3142 4574 manifestus
3167 4522 3277 4578 Deo
3297 4537 3350 4579 et
3376 4526 3544 4583 homi-

2577 4563 2606 4576 υ
2744 4563 2749 4564 ,
2784 4563 2796 4577 ,
2827 4563 3142 4574 _____-.---...-
3167 4563 3276 4578 νυν
3298 4563 3350 4579 υ.

1596 4563 1860 4646 imm—eri;
1893 4563 1938 4620 Ι)
1967 4583 2143 4652 nibus,
2168 4597 2220 4641 et
2241 4603 2268 4642 a
2294 4590 2482 4649 fraude
2509 4601 2716 4664 procul.
2741 4600 2820 4658 Ne
2845 4604 3052 4674 ignoret
3076 4617 3548 4672 conversationem

1963 4691 2204 4747 suorum,
2232 4696 2332 4737 nec
2358 4685 2425 4739 ad
2448 4701 2631 4743 eorum
2656 4692 2934 4750 scientiam
2959 4714 3134 4755 cmcus
3155 4706 3371 4761 existat.
3403 4709 3546 4764 Nn'li

1963 4780 2158 4824 noceat
2188 4789 2282 4838 per
2305 4778 2610 4843 superbiam
2633 4798 2647 4847 ;
2682 4800 2778 4838 nec
2801 4799 3056 4860 sequatur
3077 4800 3546 4867 concupiscentins

1961 4861 2260 4915 oculorum.
2312 4864 2603 4924 Veritatem
2655 4891 2944 4947 numquam
2990 4895 3276 4952 prretereat
3319 4893 3543 4964 :oderit

1958 4947 2296 5018 injustitiam.
2346 4955 2649 5016 Secundum
2698 4947 3541 5048 personam'numqnamjndicet

1955 5058 2052 5108 pro
2086 5047 2417 5113 muneribus,
2451 5068 2549 5108 nec
2577 5061 2899 5116 condemnet
2929 5065 3161 5123 animam
3187 5072 3533 5135 innocentem

1952 5147 2048 5202 per
2074 5137 2400 5203 superbiam.
2436 5141 2550 5198 Non
2592 5146 2766 5204 rideat
2792 5152 2932 5208 inter
2963 5171 3155 5225 pueros
3185 5180 3196 5214 :
3226 5179 3332 5218 non
3375 5167 3533 5225 dese-

329 5241 465 5300 XIII.
517 5248 619 5315 Qui
657 5255 905 5316 minister
933 5274 1053 5334 est,
1098 5241 1292 5328 habeat
1327 5281 1562 5337 stttdium
1605 5300 1674 5342 ne
1711 5289 1838 5356 quid

257 5338 436 5401 operis
461 5355 646 5408 pereat
675 5349 726 5403 in
756 5359 1104 5414 monasterio.
1133 5361 1189 5418 In
1218 5370 1591 5445 qualicumque
1617 5381 1837 5438 omnino

247 5445 394 5503 arte,
425 5455 549 5512 qua:
577 5461 867 5510 exercetur
895 5472 923 5511 a
952 5457 1208 5521 fratribus
1227 5510 1240 5532 ,
1273 5473 1317 5525 si
1353 5475 1478 5543 quid
1519 5481 1757 5550 perierit,
1786 5495 1842 5541 et

245 5549 348 5602 per
372 5541 752 5611 negligentiam
783 5552 946 5612 fuerit
969 5559 1309 5637 dissipatum,
1352 5541 1664 5648 increpetur
1686 5599 1714 5638 a
1741 5541 1834 5655 pa-

244 5641 331 5690 tre
362 5638 609 5701 minister
633 5662 886 5723 operum;
930 5669 986 5716 et
1023 5662 1138 5733 ipse
1177 5668 1371 5730 iterum
1401 5677 1639 5752 increpet
1670 5689 1828 5746 alium

237 5736 332 5803 qui
361 5753 496 5810 opus
541 5748 875 5824 perdiderit,
920 5759 1196 5825 dumtaxat
1224 5771 1374 5842 juxta

1419 5781 1744 5846 voluntatem
1775 5805 1825 5849 et
1933 5797 2226 5856 inebrietur
2259 5818 2412 5872 vnto;
2449 5807 2539 5863 sed
2565 5810 2853 5871 humilitati
2880 5818 3123 5888 junctam
3156 5824 3353 5883 haheat
3383 5834 3520 5890 vert-
