3970 6180
239 301 330 358 δη

1465 298 1744 387 ηεαιξιλ
1789 297 2291 354 MUNACIIORUM.

3407 294 3511 348 ὅτε

240 425 414 469 tatrtn.
450 412 671 480 Quaado
700 412 933 481 judicat,
968 422 1225 483 sequatur
1252 426 1520 484 prmcepta
1552 417 1814 483 majorum
1847 419 1893 474 Α
1924 415 2198 470 seniorum
2246 414 2496 469 consilio.
2549 414 2647 480 Qui
2682 415 2842 470 etiam
2876 415 3049 468 omnia
3101 413 3347 469 utensilia
3388 426 3508 483 qua!

236 517 285 561 et
311 507 481 575 legem
520 502 639 567 Dei.
663 518 787 573 quae
814 506 866 558 itt
894 513 1005 559 toto
1034 506 1167 560 orbe
1196 506 1477 575 prtedicata
1503 517 1604 561 est.

299 596 492 651 XVIII.
533 597 589 650 Si
637 597 1011 664 deprehensus
1047 596 1208 652 fuerit
1246 598 1439 667 aliquis
1483 615 1512 653 e
1559 599 1821 654 fratribus

237 690 466 744 libenter
495 702 616 743 cum
649 688 829 757 pueris
858 690 1036 744 ridere
1063 700 1114 744 et
1147 689 1354 754 ludere,
1387 702 1440 745 et
1465 690 1667 745 habere
1688 692 1822 745 atni-

236 782 386 834 citias
426 781 603 836 astatis
638 781 899 847 infirmae,
931 782 1091 835 tertio
1120 790 1551 845 commoueatur,
1588 792 1641 835 ut
1674 796 1823 835 rece-

235 873 320 927 dat
351 873 419 927 ab
453 888 642 927 eorum
668 870 1087 939 necessitudine,
1116 879 1171 927 et
1195 888 1404 927 memor
1429 873 1498 926 sit
1525 872 1823 927 honestatis

233 976 280 1018 et
318 965 536 1019 timoris
564 964 657 1019 Dei
691 980 704 1016 :
740 964 785 1017 si
832 979 939 1018 non
975 965 1311 1029 cessaverit,
1358 966 1683 1032 corripiatur
1706 1008 1721 1032 ,
1764 975 1819 1018 ut

236 1058 429 1124 dignus
456 1068 534 1109 est
565 1055 907 1120 correptione
936 1054 1301 1110 severissima.

294 1147 449 1203 XIX.
496 1147 595 1214 Qui
629 1155 983 1202 contemnunt
1015 1157 1285 1216 prmcepta
1328 1147 1592 1216 majorum
1632 1156 1686 1201 et
1720 1146 1822 1201 fle-

236 1242 387 1310 gnlas
409 1239 739 1302 monasterii,
764 1254 885 1305 qua:
917 1238 1007 1292 Dei
1038 1247 1308 1308 praecepto
1335 1241 1641 1295 cuostitut-e
1674 1250 1820 1306 sunt,

234 1342 282 1386 et
305 1331 706 1402 parvipcndunt
727 1331 1000 1385 seniorum
1025 1332 1272 1399 consilia,
1298 1333 1655 1399 corripiantur
1671 1334 1820 1402 juxta
1846 1388 1852 1393 ,

235 1426 477 1478 ordinem
507 1424 876 1489 constitutum,
903 1422 1077 1478 donec
1106 1424 1465 1492 Corrigantur.

298 1517 428 1572 XX.
478 1517 700 1583 Majores
728 1557 743 1580 ,
779 1518 868 1585 qui
900 1532 1021 1571 cum
1054 1515 1311 1571 fratribus
1341 1519 1625 1570 mittuntur
1658 1516 1821 1584 foras,

236 1609 494 1678 quamdiu
539 1608 611 1663 ibi
664 1607 901 1675 fuerint,
950 1607 1225 1663 habebmtt
1259 1607 1348 1676 jus
1386 1611 1819 1677 [Il‘tI‘pHSiIOI‘lIIII,

234 1714 281 1757 el
324 1717 517 1756 eorum
569 1709 818 1771 regentur
857 1702 1099 1754 atbiti'io.
1166 1700 1444 1755 Docebuut
1490 1702 1681 1755 fratres
1730 1717 1824 1767 per

1928 507 1979 561 in
2012 508 2339 561 monasterio
2370 517 2524 573 sunt,
2560 506 2612 561 id
2641 515 2751 575 est,
2787 518 2986 560 vestem
3012 547 3027 573 ,
3058 521 3182 571 vas,
3213 508 3509 558 ferramen-

1930 607 2064 661 tum,
2088 606 2139 650 et
2160 597 2418 666 quidquid
2450 597 2630 653 usibus
2654 597 2979 667 quotidianis
3012 596 3378 651 necessarium
3406 606 3507 659 cst.

1927 690 2223 754 custodiat;
2282 700 2336 746 et
2382 706 2814 761 unamquamque
2865 706 2977 744 rem
3031 694 3351 759 proterens,
3384 706 3506 744 cunt

1928 783 2086 837 fuerit
2119 782 2525 847 necessarium,
2570 783 2637 837 ab
2681 797 2746 837 eo
2790 782 2981 836 iterum
3023 783 3086 836 ad
3116 784 3506 850 reponendum,

1925 878 2009 930 cui
2052 877 2255 930 utendo
2302 876 2743 944 consignaverit,
2789 892 3125 944 recepturus.
3176 877 3255 930 Ad
3284 877 3507 931 ’victum

1926 986 2057 1024 vero
2089 972 2312 1023 fratrum
2365 968 2605 1035 proferat
2653 983 2715 1021 ac
2758 968 2929 1021 tradat
2976 968 3410 1036 septitnauariis,
3441 967 3505 1020 ad

1924 1059 2256 1114 condiendus
2300 1059 2449 1113 cibos
2498 1058 2591 1113 det
2636 1059 2940 1112 necessaria
2985 1059 3278 1112 secundum
3334 1060 3510 1125 quoti-

1926 1152 2100 1206 dianae
2130 1167 2382 1221 expensa:
2404 1151 2871 1215 consuetudinem,
2898 1166 3067 1219 neque
3098 1152 3313 1218 protu~e
3340 1164 3513 1219 neque

1925 1261 2121 1314 avare;
2157 1264 2222 1302 ne
2254 1248 2382 1302 vitio
2413 1247 2580 1315 ipsius
2608 1246 2690 1300 vel
2722 1247 3032 1301 monnSterii
3060 1246 3355 1301 substantia
3388 1261 3511 1314 gra-

1925 1348 2103 1403 vetur,
2132 1338 2213 1391 vel
2242 1338 2433 1392 fratres
2463 1338 2733 1406 patiantur
2762 1338 3032 1406 injuriam.
3064 1338 3167 1392 Sed
3196 1347 3246 1391 ct
3277 1337 3517 1391 necessi-

1929 1439 2090 1486 tatem
2119 1431 2456 1486 inftrmorum
2491 1432 2714 1486 fratrum
2749 1448 2810 1487 ac
2855 1433 3093 1486 laborem
3140 1432 3512 1495 considerans,

1929 1523 2058 1577 nihil
2091 1524 2463 1591 :rgrotantium
2498 1523 2784 1579 desideriis
2816 1534 2973 1592 neget
3016 1540 3081 1578 ex
3118 1523 3234 1590 Itis,
3271 1539 3390 1592 quin
3424 1523 3517 1578 ha-

1929 1616 2104 1671 buerit
2130 1657 2146 1682 ,
2179 1625 2438 1685 quantum
2465 1614 2571 1669 illis
2598 1629 2823 1669 necesse
2862 1614 3047 1668 fuerit.
3086 1614 3519 1669 Advenientibus

1929 1707 2162 1764 diversis
2192 1694 2449 1762 fratribus
2477 1723 2630 1763 escas
2654 1707 2881 1776 parabit.
2909 1708 3035 1762 Haec
3060 1707 3164 1762 erit
3188 1724 3318 1762 cura
3340 1719 3520 1763 custo—

232 1794 559 1850 emistitutos
602 1794 747 1860 dies;
777 1802 833 1848 et
869 1795 913 1848 si
956 1793 1095 1848 forte
1140 1795 1281 1847 inter
1309 1810 1402 1848 eos
1444 1808 1619 1849 crtum
1668 1796 1826 1851 tuerit
1860 1793 1900 1850 Β
1928 1800 2012 1855 dis
2033 1799 2257 1858 cellarii.
2282 1815 2567 1854 recurrens
2586 1814 2803 1869 semper
2823 1799 2888 1853 ad
2913 1800 3184 1853 seniorum
3208 1800 3515 1865 consilium,

230 1887 438 1956 aliquid
468 1885 775 1949 simultatis,
802 1885 1015 1940 audient
1052 1886 1151 1953 ipsi
1184 1885 1448 1954 majores,
1480 1899 1529 1941 et
1560 1887 1824 1957 dijudica-

234 1984 378 2036 himt
409 1996 622 2035 causam
643 2022 657 2043 ,
688 1992 738 2034 et
783 1979 1001 2049 dignum
1029 1980 1184 2048 culpa
1216 1980 1595 2045 inrrepahunt;
1642 1981 1722 2034 vel
1757 1979 1821 2034 ad

233 2077 526 2146 imperium
561 2088 743 2127 eorum
778 2074 958 2126 statim
992 2086 1179 2141 pacem
1219 2072 1381 2141 pleno
1424 2072 1592 2126 corde
1630 2087 1823 2126 conso-

232 2170 407 2222 cient.

254 2296 273 2313 .
300 2256 459 2313 XXI.
499 2255 553 2312 Si
591 2255 710 2323 quis
742 2253 906 2310 frater
935 2264 1122 2309 contra
1170 2254 1517 2323 prmposititttt
1546 2267 1698 2307 suum
1732 2253 1827 2305 ba-

234 2351 421 2404 buerit
450 2347 748 2411 tristitiam,
776 2355 867 2399 aut
894 2346 1009 2413 ipse
1037 2346 1358 2414 pra'positus
1388 2357 1575 2399 contra
1606 2345 1824 2399 fratiem

233 2445 479 2510 aliquam
506 2440 927 2508 querimoniam,
963 2438 1202 2507 probatae
1234 2437 1426 2491 fratres
1456 2438 1828 2492 converSatio-

236 2535 324 2589 his
351 2540 407 2587 et
434 2530 557 2585 fidei
582 2544 679 2585 eos
708 2530 899 2584 audire
925 2530 1160 2594 debent,
1199 2538 1255 2583 et
1296 2528 1660 2597 dijudicabunt
1690 2531 1829 2583 inter

234 2641 359 2681 eos.
405 2625 467 2679 Si
495 2633 669 2678 tamen
697 2623 897 2678 absens
930 2630 1015 2676 est
1046 2631 1198 2691 pater
1222 2621 1535 2676 monasterii
1562 2662 1576 2686 ,
1610 2622 1693 2676 vel
1732 2622 1831 2676 ali-

235 2737 301 2773 ω
314 2720 369 2772 bi
402 2715 704 2786 profectus,
734 2715 965 2784 primum
994 2713 1215 2783 quidem
1246 2714 1637 2782 exspectahunt
1662 2730 1782 2767 eum
1813 2730 1828 2768 :

239 2816 328 2867 sin
355 2820 542 2865 autem
564 2810 765 2863 diutius
790 2807 971 2863 vident
997 2805 1130 2861 foris
1150 2805 1439 2871 demorari,
1464 2816 1592 2860 tunc
1611 2804 1834 2861 audient

239 2910 391 2963 inter
424 2904 774 2975 prepositum
807 2912 861 2958 et
892 2902 1148 2968 fratrem;
1181 2918 1249 2958 ne
1277 2903 1367 2957 diu
1397 2917 1663 2972 suspenso
1688 2902 1835 2968 judi-

238 3004 329 3055 cio
361 2996 583 3053 tristitia
620 2996 793 3065 major
823 2995 1066 3063 oriatur,
1102 3004 1157 3047 ut
1183 3003 1238 3049 et
1268 2994 1359 3048 ille
1386 2995 1474 3064 qui
1510 2992 1833 3062 praepositus

244 3103 355 3157 cst,
387 3101 443 3144 et
471 3090 560 3143 ille
583 3090 671 3157 qui
695 3088 967 3155 subjectus
995 3094 1102 3153 est,
1128 3094 1183 3141 et
1205 3084 1283 3140 illi
1305 3087 1393 3156 qui
1417 3084 1661 3149 audiunt,
1679 3083 1830 3152 juxta

1925 1902 1980 1945 et
2012 1893 2290 1959 requirens
2321 1891 2386 1944 de
2414 1891 2666 1945 omnibus
2687 1932 2702 1958 ,
2743 1891 2827 1945 vel
2868 1891 3137 1960 praecipue
3176 1892 3243 1946 de
3286 1890 3370 1946 his
3400 1907 3518 1961 qua:

1926 1986 2147 2056 proprio
2175 2000 2274 2039 suo
2304 1985 2579 2039 intellectu
2614 2000 2718 2039 non
2756 1987 2991 2055 potuerit
3021 1985 3336 2055 adimplere.

1998 2075 2191 2131 XXVI.
2245 2075 2465 2131 Ostiarii
2511 2091 2641 2131 cura
2688 2078 2796 2140 sit,
2832 2086 2888 2129 ιιι
2937 2091 3126 2130 omnes
3171 2077 3520 2132 advenientes

1926 2168 2064 2221 intra
2091 2166 2283 2236 januas
2313 2168 2564 2236 recipiat;
2611 2168 2747 2222 dans
2775 2170 2854 2223 eis
2878 2182 3200 2237 responsum
3234 2167 3515 2231 honestum

1927 2273 2048 2315 cum
2080 2259 2379 2314 humilitate
2405 2270 2458 2315 et
2488 2260 2814 2325 reverentia,
2844 2274 2907 2315 ac
2937 2262 3115 2315 statim
3148 2263 3406 2315 nuntians
3437 2265 3518 2317 vel

1928 2351 2136 2419 abbati,
2161 2351 2244 2406 vel
2273 2352 2600 2420 senioribus,
2631 2353 2754 2423 quis
2786 2355 3013 2418 venerit,
3046 2363 3100 2408 et
3128 2355 3252 2424 quid
3287 2356 3518 2424 petierit.

1928 2440 2040 2495 Nec
2068 2442 2210 2496 ullus
2233 2454 2616 2498 extraneorum
2651 2443 2881 2511 patiatur
2907 2444 3190 2513 injuriam;
3226 2460 3398 2513 neque
3428 2445 3524 2499 ha-

1931 2532 2054 2586 beat
2084 2547 2204 2587 cum
2236 2533 2415 2602 aliquo
2451 2533 2518 2588 de
2548 2532 2802 2589 fratribus
2845 2535 3226 2589 necessitatem
3259 2549 3323 2588 ac
3355 2534 3522 2589 facul—

1932 2630 2096 2677 tatem
2128 2624 2420 2694 loquendi,
2455 2624 2657 2693 absque
2693 2626 2917 2681 scientia
2946 2627 3156 2680 abbatis
3179 2666 3194 2691 ,
3223 2626 3310 2680 vel
3338 2627 3519 2680 senio-

1933 2731 2051 2770 rum
2084 2717 2393 2785 praesentia.
2429 2717 2482 2773 Si
2512 2718 2641 2787 quid
2673 2733 2801 2773 vero
2826 2717 3145 2786 cuicumque
3174 2717 3240 2771 de
3269 2716 3525 2772 fratribus

1932 2810 2161 2864 missum
2190 2810 2607 2880 mandatumque
2636 2810 2832 2876 fuerit,
2872 2811 3002 2863 nihil
3033 2812 3098 2863 ad
3133 2810 3304 2879 ipsum
3338 2824 3527 2874 perve-

1935 2903 2050 2956 niat
2075 2902 2387 2971 priusquam
2418 2903 2597 2957 abbati
2629 2903 2709 2957 vel
2741 2903 3046 2958 senioribus
3073 2904 3358 2958 indicetur.
3385 2905 3525 2959 Ante

1936 2994 2116 3049 omnia
2138 2994 2391 3049 ostiarius
2413 2995 2723 3051 Monasterii
2754 2996 2867 3051 haec
2889 2996 3219 3062 observabit,
3245 3012 3312 3052 ne
3333 3012 3525 3067 quem-

1934 3102 2093 3157 quam
2120 3087 2189 3142 de
2220 3086 2477 3142 fratribus
2503 3088 2634 3142 foris
2660 3088 2880 3159 januam
2910 3090 3062 3144 exire
3087 3090 3378 3158 permittat.

242 3172 499 3240 timorem
529 3182 625 3237 Dei
656 3190 851 3236 cuncta
882 3179 1113 3245 faciant,
1147 3192 1202 3235 et
1228 3195 1333 3235 non
1364 3179 1496 3235 dent
1524 3178 1578 3231 in
1608 3178 1716 3231 ullo
1742 3193 1836 3231 oc-
1864 3159 1909 3222 Ο
2012 3180 2229 3236 XXVII.
2272 3181 2330 3237 Si
2364 3182 2486 3252 quis
2530 3183 2822 3237 accesserit
2862 3183 2928 3237 ad
2971 3183 3167 3237 ostium
3210 3184 3395 3237 volens
3425 3197 3527 3238 sa:-

243 3281 526 3335 (asionem
558 3276 866 3331 discordias.

317 3366 487 3429 XXII.
527 3372 718 3427 Nullus
759 3371 999 3424 mittatur
1030 3368 1174 3422 foras
1219 3367 1285 3422 ad
1316 3366 1533 3436 aliquod
1565 3364 1834 3435 negotium

247 3485 274 3522 s
312 3471 418 3523 lus.
454 3467 600 3521 Missi
634 3480 761 3519 vero
790 3479 895 3517 non
927 3463 1145 3532 singuli,
1172 3461 1269 3516 sed
1298 3461 1407 3515 bini
1436 3460 1519 3513 vel
1556 3458 1693 3513 terni
1723 3474 1841 3512 am-

251 3564 438 3615 bulent
462 3576 475 3612 :
499 3571 557 3613 ut
577 3557 702 3611 dum
727 3571 786 3611 se
808 3556 1038 3609 invicem
1056 3553 1368 3607 custodiunt
1391 3560 1444 3605 et
1459 3550 1834 3615 consolantur,

252 3664 304 3706 et
329 3653 573 3705 seniores
603 3663 789 3703 eorum
829 3645 897 3701 de
955 3646 1177 3699 honesta
1212 3658 1396 3698 eorum
1428 3643 1841 3698 conversatione

252 3744 427 3798 wuri
460 3744 586 3803 sint,
616 3750 672 3795 et
692 3739 769 3793 illi
798 3753 902 3793 nou
941 3738 1335 3807 periclitentur.
1370 3736 1734 3790 Ohservantes
1765 3743 1844 3788 ta-

256 3852 375 3889 men
406 3835 546 3900 hoc,
597 3842 658 3888 ut
694 3847 799 3887 non
830 3847 890 3887 se
939 3831 1168 3886 invicem
1218 3829 1414 3884 fabulis
1456 3829 1705 3883 inanibus
1749 3828 1845 3883 de-

260 3936 487 3995 struant,
514 3940 691 3994 neque
715 3924 1054 3994 negligentiae
1076 3923 1201 3978 dent
1224 3924 1397 3977 locum
1423 3921 1840 3984 destructionis;

260 4022 356 4073 sed
384 4019 748 4089 unusquisque
780 4017 834 4071 in
863 4025 984 4071 actu
1014 4030 1110 4071 suo
1131 4022 1370 4071 attentus
1396 4014 1486 4081 sit,
1521 4021 1679 4082 prout
1705 4020 1843 4067 tem-

261 4126 362 4182 pus
383 4112 556 4165 fuerit.

338 4201 518 4256 XXIII.
561 4198 792 4269 Quando
818 4206 999 4254 autem
1030 4200 1230 4255 reversi
1261 4199 1457 4254 fuerint
1488 4197 1539 4252 in
1570 4203 1845 4251 monaste-

261 4294 436 4359 rium,
465 4295 511 4348 si
551 4302 679 4348 ante
715 4291 913 4347 ostium
958 4291 1192 4347 viderint
1234 4292 1468 4359 aliquem
1515 4296 1844 4359 quaerentem

262 4400 477 4439 suorum
507 4386 751 4440 affinium
774 4428 790 4453 ,
819 4386 888 4440 de
919 4386 1000 4438 his
1029 4384 1119 4455 qui
1166 4385 1218 4439 in
1250 4385 1577 4439 monasterio
1606 4396 1853 4437 commo-

266 4490 446 4533 ruitur
470 4521 484 4545 ,
527 4497 634 4534 non
664 4480 924 4534 valebunt
949 4484 1028 4534 ire
1052 4479 1119 4533 ad
1152 4494 1271 4533 eum
1300 4520 1315 4544 ,
1353 4487 1413 4547 ct
1436 4478 1683 4531 nuntiare
1707 4518 1721 4541 ,
1763 4475 1845 4529 vel

1938 3273 2062 3327 culo
2090 3273 2425 3341 renuntiare,
2453 3282 2509 3327 et.
2556 3274 2779 3329 fratrum
2808 3276 3084 3345 aggregari
3128 3289 3384 3340 numero,
3418 3292 3524 3329 non

1940 3365 2135 3421 habeat
2164 3366 2467 3421 libertatem
2492 3366 2758 3432 intrandi;
2791 3367 2884 3422 sed
2916 3368 3061 3436 prius
3087 3367 3361 3420 nuntietur
3390 3367 3525 3433 patri

1941 3459 2253 3513 monaSterii
2280 3499 2294 3523 ,
2336 3468 2390 3513 et
2422 3459 2659 3512 manebit
2689 3460 2871 3527 paucis
2898 3458 3089 3512 diebus
3127 3459 3255 3511 foris
3295 3470 3420 3509 ante
3450 3456 3529 3523 ja-

1940 3564 2125 3617 nuam,
2160 3566 2222 3604 ac
2250 3550 2534 3605 docebitur
2560 3552 2862 3605 orationem
2897 3551 3232 3604 Dominicam
3254 3590 3269 3615 ,
3303 3560 3355 3602 et
3388 3550 3531 3617 psal-

1941 3658 2059 3699 mos
2088 3651 2322 3713 quantos
2350 3644 2587 3713 potuerit
2615 3641 2857 3707 discere;
2906 3653 2959 3695 et
2991 3642 3278 3707 diligenter
3313 3643 3392 3693 sui
3425 3656 3527 3695 ett-

1943 3733 2308 3804 perimentum
2338 3733 2513 3799 dabit,
2554 3748 2621 3787 ne
2671 3733 2808 3785 forte
2839 3733 2964 3785 mali
3005 3733 3279 3801 quidpiam
3320 3731 3528 3797 fecerit,

1944 3836 2003 3881 ut
2047 3825 2294 3878 turbatus
2336 3823 2403 3877 ad
2445 3823 2632 3877 horam
2666 3821 2861 3876 timore
2910 3821 3262 3889 discesserit,
3294 3831 3386 3874 aut
3430 3822 3533 3875 sub

1944 3916 2119 3986 aliqua
2152 3924 2413 3984 potestate
2441 3915 2547 3979 sit;
2600 3923 2653 3968 et
2688 3922 2864 3968 utrum
2899 3912 3069 3983 possit
3099 3912 3409 3967 renuntiare
3439 3927 3533 3981 pa-

1948 4010 2187 4064 rentibus
2215 4008 2328 4063 suis
2350 4048 2365 4073 ,
2414 4016 2470 4063 et
2507 4008 2777 4078 propriam
2820 4017 3168 4062 contemnere
3199 4006 3529 4060 facultatem.

1942 4104 1999 4158 Si
2024 4120 2147 4158 eum
2182 4101 2422 4156 viderint
2449 4110 2634 4171 aptum
2664 4100 2728 4155 ad
2759 4101 2939 4155 omnia
2964 4145 2977 4169 ,
3008 4110 3133 4153 tunc
3168 4098 3451 4154 docebitur
3479 4107 3537 4153 et

1947 4198 2183 4265 reliquas
2212 4195 2523 4248 monasterii
2554 4193 2900 4262 disciplinas;
2949 4208 3070 4260 qua:
3108 4190 3290 4245 facere
3320 4191 3535 4255 debeat,

1949 4288 2249 4357 quibusque
2279 4285 2509 4350 servire,
2537 4285 2651 4338 sive
2675 4284 2726 4337 itt
2756 4283 2982 4337 collecta
3014 4281 3255 4335 omnium
3287 4281 3537 4343 fratrum,

1950 4380 2067 4445 sive
2091 4378 2140 4431 in
2165 4377 2326 4430 domo
2348 4377 2434 4430 cui
2456 4375 2747 4429 tradendus
2769 4385 2872 4438 est,
2895 4373 3009 4427 sive
3034 4373 3279 4426 vescendi
3305 4373 3491 4425 ordine
3521 4389 3535 4426 :

1953 4480 2008 4523 tit
2040 4470 2333 4523 instrucms
2383 4478 2543 4536 atque
2588 4466 2861 4535 perfectus
2911 4465 2960 4518 in
3006 4464 3150 4517 omni
3196 4479 3360 4533 opere
3396 4464 3539 4515 bono

266 4586 507 4626 m-oetre.
546 4572 613 4626 Et
639 4572 862 4626 omnino
890 4571 1146 4641 quidquid
1182 4572 1312 4625 foris
1332 4544 1618 4640 geSserint,
1649 4572 1699 4624 in
1732 4586 1849 4624 mo-
1878 4538 1925 4598 D
1953 4564 2201 4617 fratribus
2253 4562 2555 4629 copuletur.
2604 4561 2725 4615 Haec
2770 4558 3078 4613 observabit
3119 4568 3299 4611 custos
3328 4559 3536 4624 jatittu',

295 4665 504 4719 nsterio
534 4680 757 4717 narrare
788 4678 893 4718 non
928 4673 1279 4733 praesumant.

349 4750 525 4808 XXIV.
574 4755 838 4809 Omnibus
887 4757 991 4810 erit
1030 4762 1268 4824 potestas
1315 4754 1525 4824 legendi
1573 4768 1741 4824 usque
1784 4753 1849 4808 ad

272 4842 451 4898 horam
479 4847 693 4901 tertiam
729 4865 742 4899 :
773 4847 817 4901 si
846 4856 1022 4902 tamen
1056 4847 1202 4901 nulla
1228 4862 1385 4899 causa
1419 4848 1719 4912 exstiterit,
1750 4863 1850 4915 qua

276 4952 491 4996 necesse
517 4941 588 4995 sit
612 4943 774 4994 etiam
811 4941 1008 5011 aliquid
1044 4941 1180 4995 fieri.
1215 4943 1339 4997 I’ost
1372 4941 1557 4994 horam
1588 4956 1717 4995 vero
1746 4950 1853 4994 ter-

280 5030 401 5083 tiam
426 5033 466 5085 si
496 5049 615 5101 qua!
641 5041 837 5087 statuta
867 5041 1015 5099 sunt,
1047 5035 1188 5088 sicut
1215 5037 1472 5103 scriptum
1506 5044 1605 5098 est,
1643 5049 1738 5102 per
1764 5047 1875 5087 su-

284 5120 533 5189 verbium,
559 5123 643 5178 vel
676 5124 1076 5193 negligentiam,
1111 5127 1196 5180 vel
1228 5127 1486 5180 desidiam
1517 5125 1855 5181 interceden-

288 5223 386 5264 tem
413 5230 512 5266 non
541 5215 863 5269 custodierit
888 5257 902 5278 ,
935 5218 1069 5270 sciat
1094 5233 1152 5272 se
1183 5233 1304 5271 cum
1335 5218 1386 5271 in
1421 5218 1519 5272 hoc
1551 5233 1736 5273 errore
1759 5218 1855 5273 de-

290 5308 572 5371 prehensus
601 5311 760 5363 fuerit
783 5351 799 5376 ,
828 5311 1150 5380 culpabilem
1178 5314 1561 5383 jndicandum;
1610 5316 1732 5385 quia
1763 5330 1860 5385 per

293 5416 432 5453 suum
459 5417 699 5457 errorem
729 5412 784 5457 et
809 5404 941 5458 alios
973 5404 1025 5459 in
1059 5407 1244 5460 vitium
1276 5409 1459 5461 mittit.

356 5491 513 5550 XXV.
558 5492 779 5549 Cellarii
824 5511 956 5551 vero
995 5511 1121 5552 cura
1152 5498 1261 5563 sit,
1309 5509 1368 5553 ut
1398 5500 1777 5555 abstinentiam
1809 5509 1862 5554 et

294 5582 626 5639 sobri-tatem
654 5586 881 5641 studens
911 5588 1051 5641 illata
1086 5589 1136 5642 in
1170 5592 1500 5645 monasterio
1521 5592 1584 5645 ad
1615 5601 1863 5661 sumptus

295 5670 502 5728 fratrum
543 5673 831 5746 diligenter
867 5687 922 5732 et
962 5677 1192 5734 fideliter
1233 5689 1413 5735 servet
1456 5698 1470 5735 :
1513 5681 1645 5736 nihil
1692 5682 1864 5738 susci-

300 5761 474 5834 ricns,
508 5781 608 5823 nec
644 5766 936 5839 quidquam
987 5770 1203 5827 tradens
1246 5772 1365 5829 sine
1411 5773 1730 5831 auctoritate
1776 5771 1864 5832 vel

1953 4654 2195 4709 refeteits
2240 4655 2422 4705 omnia
2449 4697 2463 4719 ,
2499 4656 2636 4707 sicut
2658 4654 2907 4721 superius
2940 4650 3196 4721 scriptum
3228 4658 3339 4715 cst,
3364 4656 3420 4704 et
3445 4667 3534 4702 an-

1950 4750 2207 4804 nuntians
2233 4748 2561 4802 senioribus.

2024 4841 2267 4897 XXVIII.
2309 4838 2690 4908 Septiiuattarii
2722 4837 2786 4890 ad
2823 4838 2972 4892 cibos
3002 4835 3303 4905 parandos.
3350 4834 3430 4885 vel
3472 4832 3537 4887 ad

1954 4933 2237 4990 luminaria
2275 4932 2640 4986 concinnanda
2664 4972 2677 4995 ,
2714 4931 2793 4983 sel
2822 4930 2886 4983 ad
2916 4929 3120 4983 ttitores
3154 4925 3426 4981 faciendos
3446 4967 3459 4989 ,
3489 4935 3540 4976 et

1961 5041 2081 5097 quae
2128 5025 2194 5080 ad
2243 5024 2555 5095 obsequium
2605 5036 2841 5092 ususque
2888 5019 3199 5075 monasterii
3246 5018 3540 5086 pertinent,

1962 5133 2180 5188 semper
2220 5118 2388 5186 parati
2424 5118 2551 5171 sint.
2599 5116 2709 5170 llos
2741 5116 2885 5169 nulla
2920 5113 3021 5167 alia
3065 5113 3358 5168 necessitas
3387 5124 3542 5162 oceu-

1963 5222 2080 5281 pet,
2116 5210 2208 5264 sed
2248 5210 2298 5262 in
2339 5208 2439 5263 hoc
2469 5208 2701 5261 Studium
2746 5206 3085 5272 impendant,
3118 5216 3171 5256 ut
3211 5219 3327 5257 rem
3361 5217 3545 5255 susce-

1964 5314 2110 5372 ptam
2143 5301 2345 5356 utier
2370 5309 2423 5354 et
2451 5300 2738 5369 diligenter
2769 5300 3044 5365 impleant.
3078 5299 3137 5349 Et
3176 5296 3220 5348 si
3254 5293 3377 5364 quid
3411 5294 3547 5347 forte

1969 5399 2208 5449 nesciunt
2229 5436 2242 5457 ,
2277 5393 2344 5446 de
2377 5392 2460 5447 his
2500 5407 2620 5461 quae
2655 5405 2815 5460 agere
2845 5390 3063 5454 debent,
3095 5388 3212 5442 sine
3243 5387 3547 5442 dissimula-

1967 5490 2112 5542 tione
2140 5490 2380 5540 seuiores
2414 5500 2539 5539 suos
2566 5500 2782 5553 semper
2809 5485 3165 5551 interrogent.

2041 5581 2235 5637 XXIX.
2264 5581 2323 5635 IIt
2350 5581 2529 5647 itaque
2554 5578 2749 5648 quibus
2773 5575 3078 5645 disciplina.
3103 5574 3185 5628 vel
3216 5574 3436 5637 utilitas,
3468 5572 3547 5626 vel

1969 5676 2151 5745 Opinio
2177 5717 2191 5741 ,
2224 5674 2308 5727 vel
2341 5671 2657 5741 obsequium
2700 5669 3012 5724 monasterii
3046 5669 3282 5723 creditur
3304 5710 3319 5733 ,
3374 5666 3548 5719 ol'lii-ia

1969 5769 2072 5827 sibi
2103 5766 2342 5839 injuncta
2392 5765 2618 5822 ﬁdeliter
2663 5762 2966 5820 custodiant
3010 5771 3063 5818 et
3113 5763 3390 5829 impleant.
3443 5756 3553 5811 llos
