3970 6180
454 198 560 255 379

1488 193 1871 262 FAS’IIDIUS,
1912 194 2405 252 BBITANNORUiﬁ
2447 192 2833 253 EPISCOPUS.

3618 194 3708 250 380

455 292 597 346 enim
628 306 815 346 errare
841 305 945 347 non
973 288 1149 356 decet,
1177 289 1270 360 qui
1300 289 1364 345 ad
1391 304 1580 344 omnes
1607 306 1823 347 errores
1848 306 2034 347 emen-
2058 294 2110 352 Α
2137 287 2341 343 alienus
2364 302 2393 343 a
2420 289 2616 344 timore
2644 287 2876 352 Domini,
2908 296 2962 342 ttt
2992 296 3067 342 tot
3094 285 3534 359 castigationibus
3564 299 3615 343 et
3642 302 3711 345 tot

455 385 660 438 dandos
693 382 967 454 prtepositi
997 391 1144 436 sunt.
1187 379 1289 448 Qui
1321 381 1364 437 si
1395 381 1480 436 vel
1502 381 1752 453 superbia
1773 427 1789 452 ,
1819 381 1904 438 vel
1936 398 2036 439 ne-

455 475 705 543 gligentia
735 516 751 539 ,
779 474 860 527 vel
894 470 1097 527 desidia
1129 472 1305 540 aliqua
1334 487 1400 526 ex
1446 471 1530 526 his
1575 472 2033 540 prattertniserint,

457 580 577 630 qua:
608 567 657 617 in
690 564 888 632 Regula
915 564 1288 630 continentur;
1334 578 1427 630 per
1455 564 1709 634 ipsosque
1742 564 2038 620 destructio

454 672 577 711 esse
615 658 870 726 cteperit,
920 672 1017 726 per
1062 671 1197 727 quos
1224 656 1388 711 debet
1432 655 1717 712 aediﬁcatio
1766 672 2036 731 crescere,

457 751 709 804 omnibus
735 751 1279 807 coudemuationibus
1302 792 1317 818 ,
1352 765 1485 821 quas
1531 749 1727 821 linguis
1774 752 2032 819 COutinet,

454 839 829 908 subjarebuut.

535 933 703 987 XXX.
758 933 902 988 luter
926 950 1113 989 omnes
1152 934 1345 990 fratres
1373 934 1477 989 hoc
1506 934 1913 1000 observabitur,
1952 934 2035 989 vel

453 1025 768 1079 obedientes
819 1026 1123 1080 senioribus
1167 1025 1282 1081 suis
1303 1066 1317 1084 .
1353 1035 1408 1081 et
1432 1024 1739 1079 deferetttes
1766 1024 1867 1080 sibi
1895 1024 2037 1080 invi-

454 1132 603 1182 cem,
636 1117 867 1171 habeant
901 1117 1210 1183 patientiam
1231 1160 1244 1180 ,
1285 1118 1738 1184 moderationem,
1767 1117 2038 1172 humilita-

454 1219 563 1262 tem
585 1250 601 1275 ,
632 1208 948 1263 cltarltatem
973 1251 986 1272 ,
1018 1224 1203 1279 pacem
1234 1210 1351 1263 sine
1382 1209 1632 1279 ﬁgmento
1654 1218 1707 1264 et
1732 1209 2030 1277 mendacio,

453 1307 510 1354 et
538 1301 935 1364 maledictione,
968 1311 1021 1356 et
1045 1301 1395 1365 verbositate,
1427 1312 1481 1357 et
1504 1300 1720 1371 jurandi
1743 1311 2037 1356 consuetu-

452 1392 579 1447 dine
603 1434 616 1455 ,
649 1392 721 1445 ita
748 1404 803 1446 ut
834 1408 992 1447 nemo
1018 1407 1171 1447 suum
1207 1395 1499 1463 quidquam
1536 1394 1772 1449 vindicet
1795 1434 1810 1459 ,
1858 1409 2035 1464 neque

454 1484 591 1539 ullus
621 1484 818 1553 aliquid
854 1486 1199 1554 peculiariter
1230 1495 1484 1553 usurpet;
1531 1485 1625 1543 sed
1658 1485 1893 1543 habeant
1917 1500 2035 1543 om-

451 1590 537 1629 nia
565 1591 890 1630 COﬂilIillilla.

2137 380 2544 436 remissionibus
2575 394 2683 434 non
2712 377 2986 442 emendet,
3017 378 3336 448 projiciatur
3361 378 3430 433 de
3452 389 3711 436 monaste.

2138 474 2242 535 rio,
2265 485 2315 527 et
2338 475 2486 529 velut
2513 483 2802 528 extraneus
2842 470 3101 527 habeatur
3127 488 3143 526 :
3178 487 3246 527 ne
3272 472 3404 526 vitio
3433 472 3598 543 ipsius
3626 475 3707 529 alii

2139 564 2535 634 periclitentur.

2208 656 2450 713 XXXVI.
2493 655 2645 725 Quod
2685 656 2730 710 si
2760 655 2958 726 aliquis
2992 655 3201 710 locutus
3228 653 3420 722 fuerit,
3457 655 3543 711 vel
3590 656 3710 711 rise-

2139 751 2207 803 rit
2235 750 2284 802 in
2310 750 2594 815 vescendo,
2630 749 2959 818 increpetur,
2991 754 3049 803 et
3075 755 3196 817 agat
3227 746 3612 817 ptenitentiam.

2209 840 2485 896 XXXVII.
2512 841 2569 895 Si
2593 842 2712 910 quis
2734 840 2800 893 ad
2828 837 3257 893 manducandum
3283 838 3487 893 tardius
3515 841 3712 893 venerit

2136 931 2338 999 absque
2369 931 2588 1000 majoris
2620 931 2866 999 imperio,
2898 928 3149 984 similiter
3178 938 3299 999 agat
3327 930 3711 999 penitentiam,

2136 1035 2221 1077 aut
2251 1027 2314 1077 ad
2352 1025 2543 1080 cellam
2571 1038 2723 1079 suam
2748 1021 2970 1093 jejunus
3000 1031 3324 1077 revertatur.

2207 1113 2494 1169 XXXVIII.
2525 1114 2581 1170 Si
2610 1114 2811 1185 aliquid
2834 1113 3200 1169 necessarium
3229 1111 3395 1168 fuerit
3424 1109 3477 1165 iu
3508 1126 3709 1177 mensa,

2136 1221 2294 1262 nemo
2318 1207 2533 1262 audebit
2563 1207 2707 1278 loqui
2733 1249 2748 1274 ,
2780 1206 2874 1260 sed
2904 1205 3328 1261 ministrantibus
3359 1206 3565 1274 signum
3598 1206 3712 1261 soni

2135 1297 2302 1351 dabit.
2332 1298 2558 1353 Mitti-tri
2584 1313 2713 1353 vero
2738 1297 2940 1366 absque
2965 1297 3048 1352 bis
3075 1312 3197 1366 qua?
3224 1295 3276 1350 in
3306 1311 3595 1351 commune
3619 1296 3717 1351 fra-

2139 1393 2312 1447 tribus
2338 1401 2629 1461 praeparata
2657 1398 2803 1455 sunt,
2829 1388 2960 1444 nihil
2980 1387 3123 1442 aliud
3150 1387 3456 1453 comedam,
3481 1401 3581 1442 nec
3603 1402 3714 1442 mu-

2137 1488 2276 1535 tatos
2306 1481 2458 1536 cibos
2494 1480 2597 1535 sibi
2630 1479 2864 1535 audeant
2889 1492 3220 1548 praeparare.

2207 1572 2451 1627 XXXIX.
2492 1572 2661 1628 Nemo
2692 1572 2811 1640 plus
2851 1570 3004 1624 alteri
3047 1568 3197 1624 dabit
3221 1582 3378 1637 quam
3405 1567 3544 1623 alter
3570 1582 3720 1624 acce-

523 1665 715 1719 XXXI.
762 1666 893 1721 Sine
922 1665 1191 1721 seniorum
1229 1667 1396 1721 verbo
1423 1678 1477 1723 et
1507 1669 1831 1725 auctoritate
1857 1670 2033 1726 nullus
2062 1662 2106 1721 Β
2139 1664 2235 1732 pii,
2267 1664 2407 1734 quod
2437 1663 2480 1718 si
2503 1663 2816 1718 ohlendilur
2846 1661 3151 1725 inﬁrmitas.
3188 1660 3505 1729 ρτωροεῖῑυε
3526 1661 3722 1714 domus

448 1752 674 1808 fratrum
703 1758 990 1826 quidquam
1019 1770 1140 1827 agat
1173 1777 1184 1812 :
1226 1775 1401 1828 neque
1427 1760 1649 1830 accipiat
1676 1760 1904 1832 aliquid,
1938 1778 2032 1818 ne-

447 1859 552 1914 que
581 1844 699 1911 det;
734 1861 907 1916 neque
934 1863 1157 1917 usquam
1189 1864 1407 1917 prorsus
1434 1851 1709 1919 procedat.

520 1936 735 1995 XXXII.
777 1937 910 1993 Cum
959 1955 1087 1995 vero
1117 1940 1332 1996 inventa
1365 1941 1524 1997 fuerit
1561 1942 1717 2008 culpa
1742 1982 1758 2008 ,
1802 1942 1894 1998 ille
1938 1943 2032 2014 qui

446 2029 729 2096 culpabilis
757 2030 1051 2095 invenitur,
1077 2032 1404 2101 corripiatur
1432 2033 1500 2086 ab
1528 2032 1720 2087 abbate
1748 2033 2030 2088 secretius.

446 2118 599 2184 Quod
623 2120 668 2174 si
697 2136 800 2174 non
835 2122 1032 2176 ~umcit
1057 2122 1122 2176 ad
1150 2122 1605 2187 emendationem,
1637 2123 1966 2194 corripiatur
1999 2141 2031 2180 a

449 2210 633 2276 paucis
669 2211 995 2267 senioribus.
1031 2214 1182 2278 Quod
1212 2213 1259 2267 si
1287 2229 1385 2268 nec
1410 2216 1488 2269 sic
1514 2214 1909 2281 emendaverit,
1935 2231 2030 2271 ex-

445 2301 903 2367 communit-etur;
953 2312 1007 2357 et
1040 2318 1141 2355 non
1186 2304 1469 2359 manducet
1495 2306 1807 2375 quidquam.
1855 2305 1952 2361 Cui
1983 2307 2028 2361 si

445 2406 547 2447 nec
588 2392 689 2447 hoc
730 2393 945 2461 quidem
995 2393 1294 2462 profuerit,
1333 2396 1384 2449 in
1426 2396 1668 2465 quolibet
1697 2396 1815 2451 loco
1844 2399 2027 2469 fuerit,

447 2493 752 2546 postremus
780 2485 920 2540 inter
949 2502 1141 2542 omnes
1181 2488 1232 2541 in
1272 2487 1530 2556 psallendi
1561 2489 1752 2542 ordine
1781 2501 2026 2560 ponatur.

446 2575 599 2643 Quod
645 2579 689 2632 si
729 2578 783 2631 in
814 2581 1074 2647 pravitate
1111 2588 1450 2648 perseverat,
1491 2582 1653 2636 etiam
1688 2582 1948 2650 psallendi
1978 2582 2026 2638 ei

443 2667 671 2724 facultas
707 2671 1001 2726 auferatur.
1051 2670 1222 2739 Quem
1272 2674 1316 2727 si
1371 2672 1454 2728 vel
1500 2672 1614 2728 haec
1641 2674 1889 2730 confusio
1919 2691 2026 2730 non

443 2764 823 2829 commoverit,
852 2766 1187 2820 abstineatur
1208 2780 1239 2820 a
1271 2773 1537 2821 conventu
1563 2765 1787 2820 fratrum
1813 2782 1829 2834 ;
1869 2766 1943 2822 ita
1971 2776 2029 2822 ut

443 2867 545 2906 nec
571 2870 793 2917 mensae,
823 2870 922 2910 nec
953 2856 1128 2911 Missae
1167 2857 1403 2923 intersit,
1434 2872 1610 2926 neque
1637 2872 1761 2913 cum
1792 2874 1858 2914 eo
1885 2858 2027 2914 ullus
2098 2890 2103 2893 -

443 2942 613 2998 frater
636 2946 1023 3014 dcjuuioribus
1053 2949 1410 3019 colloquatur.
1448 2949 1816 3004 Abstiuebitur
1840 2963 2019 3006 amem

2139 1764 2323 1825 perget
2353 1754 2417 1808 ad
2451 1754 2724 1809 ministros
2750 1752 3148 1823 aegrotantium,
3178 1750 3246 1807 ab
3272 1749 3358 1806 bis
3382 1765 3504 1821 qua:
3534 1764 3722 1806 neces—

2133 1846 2271 1899 Saria
2305 1853 2431 1900 sunt
2456 1845 2707 1915 accipiet.

2202 1935 2316 1991 XL.
2354 1937 2583 2004 Quando
2610 1938 2674 1992 ad
2696 1937 2893 1991 ostium
2923 1935 3238 1992 monasterii
3266 1935 3426 2004 aliqui
3453 1937 3720 2000 venerint,

2130 2028 2175 2083 si
2204 2029 2383 2085 clerici
2413 2029 2611 2085 fuerint
2645 2040 2737 2084 aut
2771 2029 3018 2085 monachi
3046 2070 3061 2096 ,
3094 2028 3283 2097 majori
3317 2028 3520 2084 honore
3553 2031 3725 2084 susci.

2132 2118 2344 2189 pieutur
2374 2138 2387 2175 :
2417 2120 2775 2191 lavabunlque
2806 2120 2971 2189 pedes
2998 2134 3184 2174 eorum
3204 2162 3219 2187 ,
3256 2118 3410 2188 juxta
3440 2118 3724 2190 Evangelii

2130 2220 2475 2279 praeceptum,
2507 2220 2557 2265 et
2590 2211 2903 2279 praebebunt
2929 2212 3009 2265 eis
3038 2209 3219 2265 omnia
3241 2252 3255 2278 ,
3292 2224 3415 2279 qua:
3437 2220 3568 2280 apta
3596 2221 3724 2266 sunt

2132 2304 2252 2357 usoi
2283 2305 2692 2358 monachorum.

2203 2393 2337 2450 XLI.
2376 2395 2431 2450 Si
2464 2396 2585 2464 quis
2611 2395 2677 2448 ad
2708 2396 2903 2449 ostium
2932 2394 3244 2449 monasterii
3275 2392 3505 2459 venerit,
3537 2393 3730 2449 dicens

2130 2487 2268 2541 velle
2292 2502 2351 2540 se
2372 2486 2558 2542 videre
2584 2491 2802 2542 fratrem
2825 2502 2978 2540 suum
3003 2485 3084 2539 vel
3111 2485 3489 2554 propinquum,
3514 2485 3728 2555 janitor

2130 2578 2397 2633 nuntiabit
2418 2580 2623 2647 abbati,
2649 2586 2706 2634 et
2725 2578 3072 2649 permittente
3097 2593 3162 2633 eo
3186 2578 3410 2647 accipiet
3437 2580 3729 2639 comitem.

2126 2670 2279 2739 cujus
2319 2670 2453 2727 lides
2496 2671 2714 2741 probata
2760 2679 2880 2737 est;
2927 2681 2983 2725 et
3018 2670 3098 2724 sic
3123 2670 3365 2724 mittetur
3397 2668 3464 2723 ad
3492 2669 3734 2725 fratrem

2127 2762 2417 2818 videndum
2447 2765 2530 2818 vel
2562 2765 2886 2833 proximum.

2197 2856 2355 2912 XLII.
2402 2855 2461 2914 Si
2491 2857 2818 2927 pr0piuquus
2841 2854 3067 2923 alicujus
3108 2863 3350 2910 mortuus
3374 2853 3567 2923 fuerit,
3606 2870 3740 2923 pro-

2126 2949 2389 3017 sequendi
2439 2947 2596 3004 funus
2642 2964 2749 3003 non
2783 2946 3002 3002 habebit
3049 2945 3319 3001 licentiam
3346 2985 3363 3011 ,
3413 2945 3522 2999 nisi
3570 2957 3738 3016 pater

446 3036 687 3103 tamdiu,
740 3039 993 3106 quamdiu
1045 3040 1127 3094 vel
1182 3040 1409 3110 qualitas
1449 3042 1622 3111 culpa:
1687 3044 2016 3111 p0poscerit,
2051 3025 2095 3087 (ἶ
2129 3041 2440 3095 monasterii
2466 3039 2800 3110 przeceperit.

443 3130 738 3182 secundum
781 3130 988 3186 abbatis
1016 3147 1078 3187 ac
1107 3132 1377 3188 seniorum
1407 3133 1719 3201 arbitrium;
1762 3135 1843 3188 vel
1868 3150 1927 3190 se
1953 3152 2021 3191 ex

442 3220 605 3275 corde
646 3236 742 3290 pro
781 3223 933 3291 culpa
976 3223 1695 3290 pmniteus-ltumiliaverit,
1729 3235 1785 3281 et
1809 3227 2019 3281 veniam

444 3312 650 3366 erroris
680 3312 761 3366 sui
787 3313 1040 3368 omnibus
1070 3315 1429 3383 praesentibus
1455 3316 1684 3382 petierit.
1713 3317 1865 3384 Quod
1892 3319 1936 3372 si
1968 3320 2021 3373 itt

443 3406 662 3462 fratrem
715 3409 987 3476 peccavit,
1021 3409 1179 3464 etiam
1220 3409 1289 3465 ab
1318 3425 1383 3465 eo
1420 3409 1583 3467 fratre
1612 3411 1820 3466 veniam
1850 3422 2018 3482 perat,

440 3499 526 3553 cui
558 3499 805 3567 injuriam
836 3499 983 3556 fecit.

510 3587 752 3647 XXX-Ill.
795 3592 853 3648 Si
881 3593 1003 3662 quis
1025 3595 1197 3648 errori
1225 3593 1341 3663 ejus
1367 3595 1724 3664 consenserit,
1752 3603 1807 3650 et
1833 3610 2023 3651 secun-

437 3679 569 3734 dum
594 3680 844 3736 duritiam
889 3682 1030 3737 ill;us
1072 3685 1242 3755 magis
1269 3685 1547 3740 consilium
1592 3685 1837 3754 dederit,
1873 3695 1932 3740 ut
1960 3701 2022 3742 se

441 3772 644 3827 tardius
677 3773 941 3834 butnilict.
973 3774 1109 3830 sciat
1152 3790 1242 3841 se,
1275 3791 1399 3830 cum
1432 3776 1485 3830 in
1518 3777 1620 3832 hoc
1645 3792 1830 3831 errore
1861 3776 2023 3833 fuerit

438 3864 831 3933 deprehensus,
856 3866 1019 3920 simili
1049 3867 1209 3921 modo
1235 3870 1551 3937 culpabilem
1573 3869 1946 3939 judicaudum.

508 3954 751 4010 XXXIV.
791 3955 906 4011 Hoc
933 3959 1094 4010 etiam
1129 3958 1430 4014 addendum
1462 3961 1559 4014 fuit
1584 4001 1599 4028 ,
1631 3968 1690 4014 ttt
1717 3961 1901 4029 frater,
1927 3961 2019 4031 qui

440 4058 538 4111 pro
571 4045 811 4114 qualibet
854 4048 1011 4116 culpa
1042 4050 1284 4116 arguitur
1308 4051 1397 4104 vel
1432 4049 1739 4120 iucrepatur
1764 4093 1780 4119 ,
1813 4054 2022 4122 patien-

437 4132 569 4188 tiam
603 4134 813 4198 habeat.
841 4146 1023 4192 et'non
1047 4139 1367 4209 respondeat
1391 4141 1637 4211 arguenti
1661 4156 1721 4197 se
1748 4159 1763 4196 :
1794 4142 1889 4198 sed
1922 4144 2021 4198 bn-

437 4226 609 4280 miliet
640 4242 699 4283 se
730 4228 779 4283 in
811 4230 1081 4293 omnibus,
1132 4240 1186 4287 et
1211 4231 1482 4288 emendet.

512 4318 728 4375 XXXV.
771 4322 829 4376 Si
873 4337 1007 4378 vero
1056 4322 1211 4378 fuerit
1254 4325 1450 4394 aliquis
1483 4334 1590 4381 tam
1621 4327 1786 4384 durus
1820 4336 1877 4384 et
1911 4337 2017 4382 tam

439 4468 631 4480 -Δα-

2196 3132 2376 3188 XLIII.
2422 3133 2616 3189 Nullus
2641 3133 2709 3189 de
2744 3133 2903 3187 horto
2931 3130 3081 3185 tollat
3105 3130 3272 3196 olera,
3306 3128 3405 3183 nisi
3434 3128 3506 3185 ab
3542 3130 3746 3186 hortu-

2123 3228 2248 3283 lano
2276 3230 2567 3300 acceperit.

2196 3319 2380 3377 XLIV.
2422 3321 2590 3376 Nemo
2641 3321 2792 3376 alteri
2823 3321 3079 3390 loquatur
3125 3317 3179 3373 in
3226 3314 3507 3378 tenebris;
3549 3316 3750 3371 nullus

2125 3412 2177 3467 itt
2229 3414 2445 3483 psiatho
2488 3429 2610 3469 cum
2660 3413 2835 3469 altero
2896 3411 3163 3475 dormiat;
3223 3423 3442 3463 manum
3497 3407 3756 3463 alterius

2126 3521 2283 3561 nemo
2306 3514 2522 3573 teneat;
2553 3505 2648 3561 sed
2673 3506 2784 3561 sive
2803 3507 3035 3573 steterit,
3062 3504 3176 3559 sive
3195 3500 3593 3569 ambulaverit,
3624 3501 3756 3557 sive

2125 3601 2347 3668 sederit,
2379 3616 2490 3657 uno
2515 3599 2700 3655 cubito
2723 3599 2883 3654 distet
2910 3598 2979 3653 ab
3003 3598 3198 3652 altero.

2196 3692 2349 3748 XLV.
2399 3691 2454 3747 Si
2484 3692 2601 3762 quis
2632 3693 2815 3747 tulerit
2845 3705 2958 3746 rem
2995 3704 3101 3744 non
3139 3701 3324 3755 suam,
3358 3693 3620 3754 ponetur
3653 3700 3760 3739 su-

2125 3800 2225 3854 per
2259 3783 2513 3840 humeros
2542 3783 2695 3852 ejus;
2725 3792 2779 3837 et
2807 3782 2887 3837 sic
2923 3790 3045 3851 agat
3084 3776 3453 3851 paenitentiam
3501 3777 3752 3845 publice

2123 3875 2176 3930 in
2203 3876 2452 3930 collecta.
2538 3892 2541 3901 ·

2194 3965 2380 4021 XLVI.
2427 3963 2485 4021 Si
2515 3963 2838 4035 prapositus
2880 3962 3079 4031 injuste
3102 3957 3458 4032 judicaverit,
3514 3957 3765 4030 injusti-

2122 4056 2212 4112 tiz
2239 4057 2307 4111 ab
2335 4055 2452 4110 aliis
2473 4053 2947 4110 condemnabitur.

2193 4146 2405 4203 XLVII.
2447 4146 2550 4214 Qui
2592 4146 2863 4201 consentit
2892 4144 3161 4216 peccatis,
3194 4152 3250 4198 et
3276 4139 3540 4197 defendit
3568 4141 3766 4195 alium

2121 4238 2544 4309 delinquentem,
2562 4237 2880 4293 maledictus
2902 4238 3005 4292 erit
3020 4233 3159 4306 apud
3181 4234 3345 4289 Deum
3358 4242 3416 4288 et
3435 4230 3770 4297 homines.

2119 4331 2442 4400 corripietur
2467 4329 2836 4399 increpatione
2861 4325 3227 4383 severissima.

503 4453 3771 4489 W

1704 4544 1873 4588 ANNO
1914 4543 2148 4591 DOXINI
2181 4543 2427 4590 αυιιι.

1409 4685 2761 4871 FASTIDIUS,

1243 4942 2122 5031 BRITANNOBUM
2194 4941 2871 5033 EPISCOPUS.

1773 5096 2364 5130 α--ὐ-θ-

1451 5211 2389 5318 PROLEGOME
2402 5215 2603 5319 NA
2625 5280 2664 5319 .

826 5405 1264 5470 GALLAN'DI’I
1305 5406 1637 5470 NOTITIA
1679 5409 2640 5474 HiSTORICO-IJTTERARIA
2685 5408 2766 5470 IN
2812 5404 3276 5469 FASTIDIUM.

1547 5528 1805 5589 (Biblioth.
1831 5529 1968 5581 Vett.
1996 5529 2110 5581 Patr
2151 5529 2392 5581 Gallaudii
2415 5538 2451 5582 ι.
2471 5529 2582 5588 IX.)

505 5654 553 5710 I.
582 5654 699 5723 Quo
728 5664 964 5726 tempore
989 5658 1231 5716 claruere
1253 5657 1486 5731 Cyrillus
1515 5655 1909 5714 Alexandrinus
1936 5673 2000 5713 ac

2105 5656 2418 5714 Theodotus
2475 5657 2790 5729 Ancyranus
2812 5697 2827 5725 ,
2879 5653 3123 5712 ﬂoruisse
3150 5665 3359 5725 quoque
3388 5649 3802 5719 Fastidium

2096 5924 2125 5937 χ,
