3970 6180
441 312 540 370 583

1471 305 1662 362 FASTI
1675 309 1759 364 Dll
1804 309 2303 367 BRITANNORL‘M
2347 308 2651 367 EPISCUPI

3587 309 3655 363 33
3668 311 3695 363 ri

433 430 614 483 aitque
646 427 700 474 tn
728 418 1095 487 Diospolitaua
1122 417 1329 491 synodo
1353 419 1570 490 Pclag'o
1595 420 1761 477 fuisse
1783 424 2013 494 objecta.
2047 431 2094 491 Α
2128 423 2249 478 Vita
2293 422 2590 478 Christiana
2618 425 2809 492 impias
2840 424 3041 494 Pelagii
3083 425 3380 479 sententias
3410 423 3709 492 exscriptus

440 504 636 559 Eadem
686 523 900 577 quoque
953 508 1119 563 refert
1181 518 1398 563 sanctus
1477 511 1837 585 Hieronymus
1896 513 2014 586 (a);

443 597 632 666 quibus
699 600 752 653 in
822 600 1057 655 medium
1109 599 1394 664 adductis,
1453 602 1631 657 statim
1679 605 1944 660 exclamat
2006 623 2020 660 :

441 687 721 742 Christiani
749 699 824 745 est
863 693 1006 757 hac,
1039 709 1105 744 an
1148 691 1405 746 Pharira'i
1443 695 1778 764 superbientis
1819 698 2027 753 oratio?

441 781 554 834 Alia
600 781 816 848 insuper
850 788 1029 838 minus
1065 795 1208 839 recte
1242 788 1585 854 pronuntiata
1635 796 1784 843 notat
1826 789 1876 843 itt
1924 789 2027 846 hoc

441 869 663 926 Fastidii
696 876 957 942 opusculo
986 877 1362 930 'l‘illemontius
1396 879 1490 948 (ιι).
1525 897 1544 930 ‹
1575 879 1782 946 Quare,
1818 891 1874 936 ttt
1903 896 2024 937 cum

439 958 654 1014 Norisio
686 963 873 1032 loquar
899 965 997 1035 (c),
1038 981 1159 1020 cum
1188 966 1463 1022 Fastidius
1498 967 1586 1022 hic
1613 969 1756 1024 dicto
1800 971 1938 1027 libro
1966 975 2028 1030 de

509 1077 588 1143 (α)
619 1077 835 1155 Hieron.
865 1081 957 1133 lib.
985 1079 1279 1155 lllDialog.
1311 1091 1482 1155 rontr.
1520 1084 1724 1155 Pelag.,
1751 1103 1904 1142 num.
1935 1086 2019 1152 14,

439 1161 574 1218 Opp.
599 1158 728 1200 tum.
760 1149 823 1213 11,
861 1165 979 1218 ρης.
1015 1154 1136 1217 784,
1164 1153 1292 1207 edit.
1323 1154 1520 1209 Veron.

510 1215 584 1287 (ὸ)
614 1217 826 1273 Tilletu.
863 1215 990 1275 tuin.
1025 1215 1140 1286 XV,
1173 1239 1292 1291 pag.
1328 1223 1416 1279 17.

458 1335 669 1348 —-——--

677 1340 837 1349 ξ.

1569 1353 2598 1540 Μιετῦἷῆ

2127 516 2448 582 inseruerit,
2501 516 2788 586 Pelagiana
2830 517 2978 570 illum
3012 516 3230 587 loligine
3267 531 3549 584 aspersum
3602 532 3710 570 non

2125 605 2315 660 dubito

2364 624 2376 661 :
2423 607 2654 677 indeque
2702 610 2936 676 suspicio
2989 609 3228 674 crescit,
3275 607 3415 676 quod
3459 606 3712 678 Pelagius

2129 700 2454 754 Britanniam
2487 702 2710 769 patriam
2738 701 2944 765 infecit,
2973 702 3188 770 lateque
3215 715 3280 755 ea
3307 699 3473 767 pestis
3496 701 3715 753 univer-

2129 808 2243 847 sam
2301 794 2532 847 insulam
2563 803 2847 862 pervagata
2878 793 2997 848 fuit.
3031 792 3181 848 Unde
3212 807 3355 847 anno
3381 790 3482 847 429
3513 807 3543 845 a
3583 806 3712 845 con-

2130 883 2256 940 cilio
2303 884 2586 940 Gallicano
2635 885 2792 954 legati
2824 897 3008 940 contra
3043 885 3360 956 Pelagianos
3402 885 3455 940 in
3506 884 3717 939 Britan-

2132 977 2274 1031 niam
2303 978 2451 1031 missi
2483 987 2629 1032 sunt.
2673 997 2691 1030 ›

2131 1177 2163 1232 p
2200 1092 2270 1159 (ε)
2289 1091 2482 1218 1igtgris.
2517 1091 2652 1148 llist.
2687 1091 2869 1163 Pelag.
2899 1093 2975 1148 lib
3027 1091 3070 1158 1,
3094 1109 3208 1162 cap.
3251 1093 3336 1160 i9,
3369 1109 3496 1163 opp.
3526 1093 3716 1154 tom.l,

2168 1178 2250 1232 ag.
2402 1204 2413 1214 .

2168 1178 2413 1232 ag.tuo.

3451 1345 3664 1362 ...ρ

1679 1591 2141 1646 BRITANNORUM
2177 1594 2465 1648 EPISCOPI

994 1710 1259 1852 DE
1355 1713 1818 1862 VITA
1929 1713 3147 1863 CHRISTIANA

1833 1918 2070 1979 LIBER
2112 1919 2340 1981 UNUS.

2116 2049 2290 2059 ———

1846 2128 2327 2235 praefatio.

517 2296 576 2350 lJt
620 2309 720 2364 ego
751 2304 997 2363 peccator
1027 2303 1053 2331 ι
1083 2305 1134 2348 et
1163 2293 1407 2362 ultimus,
1452 2294 1789 2363 insipientior
1815 2296 2028 2348 cmteris
2061 2301 2106 2358 Β
2135 2295 2368 2361 impertit
2400 2311 2412 2347 :
2444 2295 2508 2349 ad
2541 2297 2692 2364 cujus
2733 2311 2839 2350 non
2878 2305 2985 2350 tam
3024 2300 3262 2352 muneris
3292 2309 3475 2365 specto
3555 2313 3726 2366 quam

442 2393 498 2437 et
529 2383 828 2452 imperitior
867 2382 1152 2444 universis,
1197 2393 1269 2448 te,
1303 2393 1360 2436 ιιι
1403 2383 1700 2437 sanctitatis
1731 2391 1787 2436 et
1811 2383 2030 2452 iustitia:

440 2475 587 2526 viam
613 2488 822 2542 pergas,
849 2472 1218 2527 crebrioribus
1239 2475 1465 2528 audeam
1491 2474 1686 2528 litteris
1707 2477 2020 2541 admonere,

443 2583 548 2619 non
582 2580 666 2619 me
691 2566 922 2635 propria:
944 2565 1168 2634 justitia:
1195 2566 1408 2630 ﬁducia,
1442 2581 1547 2620 non
1573 2567 1853 2635 sapientia:
1883 2569 2028 2636 peri-

447 2661 541 2725 tia,
588 2672 694 2711 uon
739 2656 984 2712 scientiae
1025 2658 1215 2726 gloria,
1250 2657 1342 2711 sed
1373 2657 1486 2712 sola
1530 2673 1687 2726 quam
1733 2659 2027 2713 secundum

445 2751 612 2805 Deum
641 2749 823 2804 animo
847 2765 909 2804 ac
933 2759 1112 2804 mente
1141 2749 1384 2819 concepi,
1428 2749 1707 2804 chatitatis
1740 2761 1841 2804 tua:
1865 2766 2028 2806 causa

438 2843 751 2913 compellit;
775 2859 894 2912 quae
919 2859 1006 2897 me
1036 2853 1372 2912 peccatorem
1400 2852 1455 2898 et
1483 2843 1728 2914 ignarum
1756 2843 1821 2897 ad
1846 2845 2028 2900 dicen-

439 2937 566 2989 dum
600 2935 672 2988 ita
704 2933 953 2989 hortatur
982 2944 1038 2990 et
1067 2945 1344 3003 provocat,
1371 2948 1425 2989 ut
1448 2950 1569 2990 cum
1593 2935 1738 3006 loqui
1767 2937 2026 3003 nesciam,

441 3036 623 3083 tacere
653 3042 758 3081 non
789 3027 1015 3096 possim.
1047 3026 1250 3083 Vellem
1281 3029 1462 3098 itaque
1498 3037 1556 3086 et
1597 3029 1830 3086 libenter
1877 3040 2033 3100 opta-

440 3137 552 3174 rem
589 3129 639 3174 te
665 3134 854 3175 eorum
887 3120 1091 3174 habere
1123 3121 1370 3174 notitiam
1400 3136 1627 3188 quorum
1671 3130 1726 3176 et
1766 3123 2029 3192 sapientia

437 3213 750 3267 afﬂuentior
778 3221 884 3274 est,
915 3223 972 3267 et
999 3211 1249 3267 facundia
1291 3229 1485 3282 maior,
1517 3223 1573 3268 et
1613 3215 1846 3269 scientia
1893 3215 2027 3271 ube-

440 3307 570 3365 rior,
601 3313 654 3382 et
689 3304 1024 3358 conscientia
1052 3305 1120 3358 ab
1148 3306 1294 3360 omni
1326 3317 1671 3375 peccatorum
1703 3311 2027 3378 contagione

440 3389 686 3458 liberior,
711 3395 799 3462 qui
833 3402 885 3448 te
913 3394 1093 3448 verbis
1125 3394 1274 3463 juste
1314 3397 1636 3450 instruerent
1667 3406 1720 3452 et
1743 3401 2022 3466 exemplis.

439 3482 550 3536 Nos
588 3483 732 3537 enim
781 3493 1136 3553 przetcrqmm
1186 3484 1326 3552 quod
1373 3498 1608 3539 mentem
1655 3497 1895 3542 nostram
1953 3489 2024 3543 ita

440 3576 766 3644 insipientia:
795 3585 848 3631 et
877 3577 1198 3647 ignorantiae
1230 3578 1400 3644 caligo
1427 3579 1667 3646 cmcavit,
1701 3589 1759 3634 ut
1785 3581 2024 3636 divinum

2133 2386 2294 2438 animi
2327 2388 2537 2454 respice
2563 2388 2922 2452 voluntatem,
2951 2397 3006 2442 et
3034 2388 3320 2458 diligenter
3341 2387 3566 2444 adverte
3582 2392 3723 2459 quid

2132 2475 2224 2530 tibi
2244 2474 2334 2530 illa
2364 2491 2558 2545 negare
2583 2477 2940 2547 poterit,quae
2972 2487 3139 2533 totum
3169 2479 3302 2534 dare
3331 2477 3358 2517 δ
3385 2480 3728 2550 potuitqund

2132 2566 2376 2621 habebat.
2397 2567 2694 2623 Obtulisset
2713 2569 2872 2624 etiam
2887 2569 3029 2639 quod
3054 2585 3158 2626 non
3177 2569 3408 2625 habebat
3433 2570 3477 2624 si
3512 2582 3726 2640 posset,

2131 2673 2248 2718 ante
2279 2668 2449 2712 totum
2479 2669 2501 2696 ο
2535 2657 2708 2728 potuit
2734 2659 2874 2730 quod
2908 2659 3139 2715 habebat
3160 2659 3376 2715 oﬂ'erre.
3393 2658 3516 2715 Sitit
3540 2661 3730 2730 itaque

2117 2746 2245 2829 ille,
2276 2748 2370 2801 sed
2401 2763 2612 2816 parum,
2643 2748 2732 2818 qui
2783 2749 3125 2805 decurrentis
3171 2751 3382 2804 interim
3433 2752 3531 2805 rivi
3583 2768 3730 2821 aqua

2133 2856 2238 2894 non
2270 2850 2444 2909 potest
2469 2857 2591 2897 esse
2620 2851 2931 2908 contentus,
2962 2842 3135 2899 donec
3163 2843 3229 2898 ad
3269 2845 3470 2898 fontem
3502 2845 3728 2899 uberio-

2134 2947 2247 2988 rem
2281 2935 2658 3003 purioremque
2691 2935 2990 3002 perveniat.
3021 2934 3133 2989 Nec
3159 2935 3309 2989 illum
3342 2935 3477 2989 satis
3506 2939 3732 2991 esurire

2130 3027 2316 3091 credo,
2365 3027 2456 3097 qui
2499 3041 2622 3082 cum
2657 3041 2823 3096 panes
2860 3029 3093 3083 cibarios
3126 3027 3340 3093 habeat,
3388 3026 3586 3081 nitidos
3635 3043 3731 3082 ex-

2131 3127 2341 3187 spectat
2370 3130 2422 3173 et
2467 3118 2746 3174 candidos.
2796 3118 2874 3172 lta
2922 3130 2976 3173 et
3023 3128 3101 3183 tu,
3147 3118 3496 3174 dilectissima
3539 3133 3731 3182 soror,

2131 3227 2290 3280 quant
2317 3225 2416 3280 ego
2445 3223 2629 3265 certus
2659 3225 2776 3265 sum
2804 3211 3011 3266 esurire
3039 3211 3264 3264 nimium
3307 3219 3363 3265 et
3408 3209 3560 3262 sitire
3607 3225 3733 3264 cas-

2133 3305 2310 3365 lestia.
2341 3302 2575 3356 cibarius
2607 3303 2824 3358 interim
2854 3301 3047 3356 mande
3079 3317 3266 3370 panes,
3303 3299 3477 3355 donec
3505 3300 3737 3370 siligine

2133 3393 2428 3448 candentes
2456 3393 2699 3448 invenias
2721 3409 2734 3457 ;
2759 3393 2936 3461 exigui
2961 3402 3015 3447 et
3037 3392 3331 3447 turbulenti
3353 3391 3508 3445 rivuli
3530 3407 3738 3460 aquam

2131 3496 2279 3556 pota,
2315 3501 2593 3556 usquequo
2638 3485 3001 3540 afﬂuentioris
3041 3485 3259 3539 haurias
3287 3485 3584 3552 puriorem.
3620 3483 3736 3539 Nec

2131 3577 2224 3632 tibi
2257 3578 2472 3632 interim
2505 3578 2661 3646 panis
2691 3585 2900 3642 noster,
2935 3577 3181 3646 quamvis
3213 3575 3443 3629 rusticus
3471 3573 3738 3630 videatur

442 3667 644 3736 aliquid
677 3677 910 3737 nequeat
935 3671 1142 3723 sentire
1172 3670 1254 3724 vel
1281 3670 1486 3736 dicere,
1516 3671 1693 3726 adhuc
1723 3673 1944 3742 insuper
1971 3684 2027 3730 et
2055 3671 2100 3734 C
2132 3683 2275 3737 esse,
2305 3667 2609 3735 displiceat.
2642 3667 2896 3722 Rusticus
2923 3669 3065 3722 enim
3099 3667 3254 3736 panis
3282 3667 3538 3721 incultior
3569 3669 3738 3723 vide-

438 3759 679 3814 omuium
713 3759 992 3830 redarguit
1019 3761 1349 3816 Conscientia
1379 3772 1747 3828 peccatorum,
1780 3772 1837 3817 ut
1865 3765 2026 3819 etiam

446 3851 492 3904 si
531 3852 656 3917 quid
697 3852 913 3906 luminis
945 3853 1113 3922 possit
1156 3852 1379 3919 habere,
1415 3853 1741 3920 abscondat;
1775 3866 1830 3909 et
1861 3855 1932 3909 ita
1971 3854 2032 3912 ﬁt

443 3953 501 3996 ut
527 3949 880 4012 praeterquam
908 3943 1050 4013 quod
1077 3943 1259 4000 dicere
1287 3960 1397 3999 non
1427 3945 1713 4010 habemus,
1740 3947 1841 4001 hoc
1865 3949 2029 4002 etiam

442 4034 590 4103 quod
623 4035 884 4089 habemus
912 4051 1022 4088 non
1056 4035 1374 4090 ﬁducialiter
1402 4037 1666 4105 proferre,
1699 4038 2028 4092 conscientia

441 4125 788 4194 prohibente,
825 4125 1118 4192 possimus.
1149 4127 1228 4180 Tu
1271 4134 1474 4194 tamen,
1509 4129 1636 4182 dum
1679 4131 1902 4197 peritior
1933 4130 2030 4185 tibi

445 4231 709 4281 apparere
741 4218 912 4284 possit
941 4227 999 4272 et
1046 4218 1259 4284 melior,
1306 4219 1529 4275 rudibus
1572 4221 2032 4277 admonitionibus

446 4306 645 4360 nostris
671 4307 886 4362 interim
911 4319 1029 4364 esto
1051 4320 1319 4376 contenta,
1345 4323 1397 4366 et
1425 4311 1671 4366 cbaritati
1700 4312 1765 4366 da
1793 4313 2030 4380 veniam,

443 4400 602 4466 cujus
653 4410 735 4451 est
786 4416 891 4454 non
947 4401 1300 4457 considerare
1343 4403 1470 4472 quid
1507 4402 1718 4466 oﬂ'erat,
1762 4417 1860 4458 nec
1889 4405 2032 4474 quod

446 4507 553 4544 non
590 4492 742 4545 habet
795 4493 1010 4560 qmerit,
1051 4493 1144 4546 sed
1179 4502 1347 4547 totum
1401 4493 1542 4561 quod
1592 4493 1755 4548 habet
1801 4493 2034 4548 libenter

2135 3768 2220 3814 tur
2262 3774 2407 3824 esse,
2435 3759 2528 3814 sed
2579 3758 2774 3814 fortior
2803 3770 2858 3814 et
2897 3759 3132 3813 celerius
3161 3758 3493 3814 esurientem
3522 3766 3740 3811 stoma-

2133 3853 2291 3906 chum
2323 3852 2505 3916 satiat,
2536 3851 2842 3921 fessumque
2866 3851 3206 3915 corroborat,
3239 3865 3400 3919 quam
3430 3851 3520 3918 qui
3550 3851 3738 3919 siligi-

2136 3959 2271 3999 neus
2295 3943 2510 3998 videtur
2540 3952 2594 3998 et
2621 3942 2823 3996 nitidus
2871 3941 3026 3996 Nunc
3051 3955 3182 4010 ergo
3209 3941 3384 3996 dicam
3416 3955 3740 3995 sermonem

2136 4047 2290 4110 prout
2337 4037 2517 4102 valeo,
2549 4046 2604 4091 et
2634 4035 2764 4105 quid
2808 4033 3178 4089 Christianum
3208 4049 3368 4103 agere
3415 4035 3742 4094 conueniat,

2139 4138 2197 4183 ut
2227 4136 2434 4198 potero,
2463 4126 2768 4196 explicabo.
2801 4124 2966 4193 Cujus
3007 4123 3083 4178 rei
3129 4131 3184 4177 et
3211 4123 3350 4177 unde
3382 4122 3533 4192 prius
3564 4139 3744 4178 exor-

2137 4221 2283 4274 dium
2311 4234 2545 4284 sumam,
2571 4216 2771 4287 justius
2803 4231 2907 4269 non
2939 4216 3180 4278 invenio,
3211 4229 3372 4284 quam
3408 4223 3464 4267 ut
3498 4214 3744 4282 primum

2137 4312 2206 4367 de
2253 4311 2564 4366 Christiano
2608 4310 2725 4378 ipso
2776 4309 3042 4364 vocabulo
3083 4309 3377 4377 disputem,
3404 4317 3458 4361 et
3485 4323 3588 4361 cur
3623 4311 3750 4375 quis

2137 4403 2474 4460 Christianus
2501 4409 2841 4470 nuucupetur
2870 4415 3158 4470 exponam.

1475 4674 2113 4782 INCIPIT
2173 4669 2686 4779 LIBER.

952 4903 1034 4959 CA
1049 4905 1179 4959 PUT
1220 4904 1504 4959 l’liIML'M.

723 4995 1002 5051 Christiani
1029 4996 1416 5050 nomenclatura
1444 5005 1492 5050 et
1523 4996 1769 5066 dignitas.

521 5088 792 5144 Christum
821 5098 1042 5142 unctum
1068 5087 1436 5157 interpretari,
1473 5087 1792 5155 sapientium
1822 5094 1878 5142 et
1909 5085 2040 5140 iide-

453 5181 582 5236 liuttt
615 5181 794 5234 nullus
842 5181 1070 5249 ignorat.
1120 5177 1326 5234 Unctos
1363 5193 1495 5234 vero
1539 5193 1645 5232 non
1689 5177 1790 5232 nisi
1824 5187 2042 5231 sanctos

453 5275 598 5328 viros
627 5284 678 5328 et
706 5273 837 5328 satis
876 5272 984 5327 Deo
1023 5272 1216 5341 dignos
1244 5286 1461 5338 semper
1500 5270 1665 5325 fuisse
1696 5269 2037 5322 manifestum

461 5378 568 5434 est,
604 5381 700 5420 uec
731 5365 865 5419 alios
897 5381 1057 5435 quant
1113 5367 1406 5434 pmpbetas
1455 5371 1546 5416 aut
1589 5359 1899 5416 sacerdotes
1947 5368 2043 5413 aut

459 5472 638 5526 reges.
681 5457 746 5510 Et
776 5467 884 5510 tam
925 5471 1175 5526 magnum
1211 5455 1309 5508 fuit
1335 5455 1501 5524 ipsius
1532 5453 1798 5506 unctionis
1841 5459 2040 5520 myste-

461 5549 620 5613 rium,
655 5549 795 5602 utin
841 5547 1064 5602 Judaico
1110 5547 1308 5619 populo
1359 5561 1462 5599 non
1506 5558 1695 5598 omnes
1745 5541 1899 5605 illud,
1947 5541 2041 5596 sed

533 5669 558 5734 οξ
601 5660 743 5734 Edtti
794 5661 880 5734 hic
922 5661 1047 5717 add.
1100 5664 1317 5733 primus,
1367 5660 1509 5734 quod
1557 5659 1706 5716 abest
1751 5674 1780 5713 a
1813 5673 1943 5714 mss.
1991 5667 2045 5713 ei

461 5730 721 5790 liulstenii
751 5731 1005 5785 editione.

535 5800 561 5841 δ
603 5800 766 5864 Editi,
799 5801 978 5856 voluit.

2079 4905 2122 4961 Ι)
2152 4901 2281 4954 satis
2313 4898 2465 4968 pauci
2495 4898 2563 4952 de
2591 4896 2837 4965 plurimis
2867 4901 3206 4949 mererentur
3229 4891 3476 4958 accipere
3503 4906 3516 4941 :
3549 4899 3610 4942 et
3645 4889 3755 4944 hoc

2153 5007 2318 5063 usque
2339 4990 2404 5044 ad
2428 4990 2716 5043 adventum
2741 4986 2950 5040 Domini
2976 4984 3139 5038 nostri
3166 4983 3292 5038 Jesu
3313 4979 3543 5047 Christi,
3572 4995 3753 5049 quem

2146 5082 2284 5137 Deus
2313 5084 2424 5136 oleo
2450 5080 2661 5145 lmiitiw,
2693 5079 2746 5132 id
2773 5087 2876 5141 est,
2907 5077 3112 5144 Spiritu
3139 5083 3350 5138 sancto,
3381 5087 3490 5141 pra
3516 5073 3758 5127 caeteris

2145 5175 2464 5229 consortibus
2489 5173 2600 5226 suis
2625 5172 2770 5224 unxit
2799 5168 2916 5241 (Ps.
2947 5183 3089 5231 xuv,
3121 5166 3198 5235 8).
3236 5168 3313 5221 Ex
3343 5181 3452 5234 quo
3486 5175 3759 5234 tempore

2144 5267 2428 5323 credentes
2475 5265 2551 5318 illi
2601 5271 2655 5318 et
2709 5259 3052 5330 baptismatis.
3096 5259 3240 5312 illius
3294 5256 3754 5312 sanctificatione

2149 5359 2380 5430 purgati,
2414 5372 2524 5412 non
2550 5355 2826 5425 aliquanti,
2859 5353 2998 5408 sicut
3025 5351 3125 5407 sub
3157 5353 3296 5420 Lege
3325 5350 3484 5419 prius
3520 5345 3748 5411 fuerat,

2149 5451 2242 5505 sed
2274 5465 2464 5504 omnes
2491 5449 2544 5502 in
2571 5445 2847 5518 prophetis
2869 5453 2923 5499 et
2947 5441 3320 5499 sacerdotibus
3381 5446 3674 5508 unguntur
3697 5447 3758 5491 et

2154 5542 2386 5611 regibus.
2420 5539 2584 5610 Cujus
2613 5537 2884 5592 unctionis
2927 5534 3112 5605 quales
3153 5547 3273 5588 esse
3303 5530 3606 5586 debeamus
3656 5531 3750 5581 atl-

2228 5667 2249 5694 ε
2293 5658 2364 5710 lta
2411 5672 2540 5711 mss.
2575 5656 2642 5709 Αι
2687 5654 2964 5716 llolsteu.,
2997 5661 3153 5704 totum
3199 5649 3340 5702 dedit
3386 5645 3522 5713 quod
3576 5643 3759 5713 potuit

2154 5727 2362 5795 o/Terre.
2393 5728 2542 5789 Editi.
2563 5726 2671 5793 alii,
2702 5733 2865 5779 totum
2893 5724 3029 5794 quod
3057 5722 3217 5790 potuit
3246 5716 3508 5786 omnem.
