3970 6180
252 289 348 344 335

1263 294 1349 348 DE
1396 295 1551 350 VITA
1594 295 1729 349 (ΗΒ
1757 294 2004 349 STIANA
2047 295 2246 349 LlBElt
2292 295 2489 353 UNUS.

3416 311 3519 364 586

250 420 524 459 motu-mur
572 407 847 475 exttnplo,
901 416 960 461 ut
1011 408 1062 461 in
1116 409 1309 477 quibus
1363 420 1469 461 tam
1521 419 1705 463 satu-ta
1753 424 1832 462 cst
1864 421 1904 468 Α
1944 409 2195 462 Dominus
2229 410 2484 478 loquitur,
2519 422 2566 465 et
2601 425 2854 479 quantum
2897 418 3023 471 \elit
3065 419 3271 473 homini
3307 422 3521 475 miseri-

251 498 445 563 unetio,
475 499 543 551 sit
576 514 680 553 non
711 500 888 554 minus
917 512 1103 556 sancta
1133 503 1488 556 conversatio.
1530 501 1611 556 Es
1647 518 1827 556 sacra-

250 600 429 642 mento
477 596 621 643 enim
662 590 934 644 unctionis
962 593 1146 660 hujus,
1178 604 1230 647 et
1259 592 1457 647 Christi
1490 603 1544 648 et
1574 595 1834 648 Christia-

251 693 437 733 norum
482 680 747 745 omnium,
784 679 834 734 id
884 693 991 743 est,
1021 683 1072 735 in
1102 682 1320 736 Christo
1349 682 1708 748 credentium,
1742 698 1834 738 ιο-

248 772 495 826 cabulum
526 772 810 825 descendit
841 782 896 826 ct
929 788 1122 827 nomen
1154 789 1168 827 :
1203 773 1345 843 quod
1379 790 1569 828 nomen
1600 776 1686 828 ille
1718 773 1835 829 fiu-

247 873 349 914 stra
382 864 633 927 Sortitur,
676 864 765 929 qui
809 862 1085 917 Christum
1134 865 1357 918 minime
1404 866 1663 920 imitatur.
1693 867 1831 931 Quid

246 957 383 1007 enim
412 954 510 1007 tibi
544 954 764 1023 prodc:t
798 955 976 1008 vocari
1002 955 1142 1024 quod
1184 971 1290 1009 non
1322 972 1398 1023 es,
1432 968 1485 1011 et
1513 974 1705 1012 nomen
1739 958 1833 1011 tibi

248 1060 511 1111 usurpare
554 1046 831 1098 alienum?
862 1044 965 1099 Sed
1004 1045 1048 1097 si
1089 1045 1455 1099 Christianum
1498 1056 1549 1100 te
1580 1062 1702 1102 esse
1741 1047 1835 1102 de—

248 1137 433 1198 let-tat,
468 1150 586 1204 qua:
626 1135 826 1190 Christi
865 1146 990 1189 sunt
1033 1150 1178 1206 gere,
1211 1148 1264 1192 et
1306 1139 1504 1194 merito
1544 1140 1633 1192 tibi
1686 1139 1836 1193 Lbri-

246 1228 401 1280 stiaui
454 1242 655 1281 nomen
700 1242 938 1282 assume.
986 1228 1089 1281 Aut
1134 1228 1356 1283 forsitan
1400 1246 1505 1285 non
1553 1245 1693 1296 esse,
1738 1232 1832 1286 sed

248 1319 424 1371 voeari
466 1319 791 1372 desideras?
822 1319 931 1372 Iloc
961 1318 1091 1373 sa.is
1126 1319 1195 1375 foe
1218 1323 1322 1373 lum
1356 1332 1405 1374 et
1438 1322 1697 1376 miserum
1728 1332 1830 1390 est,

250 1422 294 1463 te
322 1411 473 1463 velle
503 1410 687 1462 vocari
721 1409 861 1477 quod
893 1426 998 1463 non
1040 1412 1134 1464 sis.
1172 1412 1341 1465 Nemo
1368 1412 1509 1467 enim
1543 1413 1610 1466 ita
1645 1415 1837 1467 transit

249 1500 305 1551 ad
337 1501 658 1567 Christum,
686 1510 742 1553 ut
769 1500 1110 1555 Christianus
1140 1504 1462 1571 appelletur,
1495 1513 1548 1556 et
1596 1520 1701 1557 non
1742 1505 1829 1559 sil.

249 1591 343 1657 Qui
374 1590 719 1645 Christianus
749 1591 967 1660 dicitur,
998 1590 1267 1646 Curistum
1315 1609 1373 1648 se
1410 1594 1612 1650 habere
1654 1596 1836 1650 Domi-

251 1699 373 1735 num
418 1683 729 1752 profitetur.
772 1684 838 1736 Et
876 1699 1002 1737 vere
1053 1684 1229 1749 habet,
1283 1686 1328 1737 si
1378 1686 1425 1739 ei
1478 1687 1529 1739 in
1582 1687 1836 1742 omnibus

1933 512 1996 552 co
2027 498 2129 552 diae
2164 501 2482 570 pietatisque
2511 503 2711 572 largiri,
2746 509 2975 574 propriae
3015 511 3162 564 vocis
3193 510 3523 581 benignitate

1933 589 2223 657 depromit,
2258 593 2444 648 dicetis
2471 613 2482 648 :
2518 594 2583 648 Et
2610 597 2810 667 iniquus
2833 600 2875 651 si
2901 612 3164 656 convertat
3188 619 3242 656 se
3266 607 3330 657 ab
3358 608 3523 658 omni-

1933 680 2026 735 bus
2060 683 2417 754 iniquitatibus
2450 688 2552 739 suis
2582 705 2710 757 quas
2741 690 2878 755 fecit,
2914 701 2960 744 et
2993 695 3247 748 custodiat
3279 699 3523 750 maudara

1933 790 2065 835 mea,
2094 787 2140 827 et
2170 777 2329 845 faciat
2349 779 2609 846 judicium
2638 789 2685 832 et
2717 781 2978 849 justitiam
3008 794 3054 836 et
3084 786 3524 850 misericordiam;

1933 863 2035 915 vita
2062 866 2211 929 vivet,
2236 874 2280 917 et
2305 882 2402 918 non
2431 868 2707 933 morietur;
2733 870 2903 923 omnia
2925 871 3108 926 delicta
3130 877 3242 946 ejus
3263 894 3523 946 quacum-

1934 971 2034 1023 que
2060 956 2202 1023 fccit,
2236 973 2337 1009 non
2369 971 2515 1011 erunt
2547 960 2598 1010 in
2631 963 2875 1013 memoria
2900 979 2917 1015 .'
2947 964 3226 1035 injustitia
3253 987 3343 1021 sua
3370 989 3521 1039 quant

1935 1041 2076 1110 fecit,
2111 1046 2235 1097 vivet
2273 1043 2492 1115 (Exeo/1.
2542 1063 2692 1114 XVIII,
2725 1050 2814 1111 2|,
2846 1052 2961 1116 Ἡ).
3014 1055 3073 1107 Et
3100 1074 3110 1103 :
3140 1055 3409 1125 Numquid
3437 1078 3523 1114 vo-

1936 1130 2131 1184 luntate
2179 1136 2291 1186 volo
2332 1150 2546 1189 moriem
2594 1138 2798 1208 injusti,
2844 1141 2967 1193 dicit
3010 1145 3209 1198 Adonai
3246 1147 3520 1219 Dominus,

1935 1240 2089 1293 quam
2117 1234 2169 1277 ut
2197 1239 2390 1280 avertat
2421 1246 2474 1283 se
2498 1246 2529 1283 a
2560 1232 2641 1283 via
2681 1249 2774 1285 sua
2806 1235 2963 1297 mala,
2998 1249 3043 1288 et
3086 1240 3247 1292 vivere
3288 1259 3397 1294 eum
3442 1246 3523 1309 [a-

1937 1317 2072 1368 cium
2104 1316 2268 1386 (Ibid.
2300 1318 2428 1388 :25)?
2456 1321 2518 1372 Et
2548 1322 2672 1374 alibi
2701 1340 2714 1376 :
2751 1321 3008 1391 lniquitas
3050 1330 3211 1399 iniqui
3243 1348 3344 1384 non
3378 1351 3525 1387 noce-

1937 1404 2004 1458 bit
2030 1424 2161 1468 eum,
2194 1410 2242 1460 in
2264 1426 2579 1480 quacumque
2609 1413 2691 1467 die
2721 1418 2955 1470 averterit
2979 1431 3031 1471 se
3075 1436 3105 1471 a
3136 1438 3228 1476 sua
3258 1424 3526 1492 iniquitate

1939 1496 2133 1566 (Επεςή
2175 1515 2360 1564 xxxiii,
2380 1502 2487 1570 12).
2513 1503 2582 1556 Ει
2604 1504 2794 1559 iterum
2815 1524 2829 1563 :
2853 1508 3237 1581 Convertimiui,
3263 1516 3383 1583 ﬁlii,
3406 1534 3528 1571 con»

1936 1597 2203 1652 vertentes,
2236 1600 2281 1643 et
2309 1608 2402 1662 ego
2427 1597 2618 1647 sonabo
2660 1600 3014 1654 contritionem
3045 1616 3264 1659 vestram
3294 1610 3313 1677 (
3330 1608 3521 1665 Jerem.

1938 1693 2017 1744 iit,
2048 1678 2174 1747 22).
2225 1681 2359 1735 Ecce
2402 1686 2673 1753 quomodo
2720 1697 2769 1741 te
2800 1690 2962 1759 Deus,
3010 1703 3064 1746 ut
3094 1710 3123 1748 a
3154 1703 3388 1766 peccatis
3421 1703 3527 1755 tuis

250 1776 585 1843 obsequatur
612 1784 666 1828 et
693 1772 912 1827 serviat.
943 1774 997 1829 Si
1026 1790 1132 1843 quo
1159 1777 1354 1841 minus,
1386 1777 1585 1831 Christi
1618 1779 1705 1832 ille
1726 1793 1831 1831 non
1870 1788 1909 1845 Β
1939 1770 2021 1823 V81
2051 1785 2173 1824 εθτο
2197 1776 2529 1828 ουιινοιίίπί⁴
2558 1787 2611 1830 el
2644 1778 2820 1832 salvus
2847 1797 2967 1835 055°
3015 1788 3207 1854 Ρυδδῖει
3254 1802 3432 1843 mone!
3473 1801 3529 1846 Cl

251 1864 505 1930 famulus,
540 1864 635 1918 sed
667 1866 1030 1918 subsannator
1065 1877 1147 1919 est
1180 1874 1235 1920 et
1265 1866 1477 1921 derisor
1506 1868 1593 1936 qui
1634 1868 1751 1937 ejus
1779 1882 1837 1922 se

248 1971 465 2010 servum
494 1955 647 2018 dicit,
674 1956 758 2009 cui
789 1957 997 2010 servire
1024 1956 1347 2012 dissimulat.
1382 1960 1516 2013 lline
1545 1975 1671 2027 ergo
1695 1960 1839 2028 judi-

248 2047 386 2101 cium
418 2048 694 2118 geminum
728 2056 996 2109 servntur,
1027 2062 1078 2101 et
1129 2064 1223 2116 pro
1268 2049 1359 2103 Dei
1393 2051 1834 2115 Subsaunatione,

246 2154 403 2209 quem
435 2140 559 2194 sine
588 2153 753 2193 causa
788 2138 1070 2193 Dominum
1099 2140 1419 2209 appellavit,
1451 2151 1503 2194 et
1536 2157 1631 2211 pro
1660 2142 1834 2211 quali-

247 2242 352 2287 tate
379 2234 609 2302 peccati.

590 2306 593 2307 ί
872 2322 1098 2378 οΑΡυι
1141 2323 1199 2378 ιι.

248 2430 555 2487 Peccatores
590 2431 731 2486 Deus
772 2433 915 2487 illico
962 2432 1158 2503 duplici
1199 2449 1263 2488 ex
1311 2450 1467 2488 causa
1516 2452 1615 2489 non
1664 2437 1832 2508 punit.

316 2566 425 2621 Sed
471 2566 766 2637 plerosque
805 2567 1112 2622 incredulos
1140 2578 1196 2623 et
1226 2568 1567 2639 impudentes
1594 2581 1646 2625 et
1675 2574 1837 2640 perli-

247 2655 347 2710 dos
373 2658 748 2712 misericordis
781 2658 876 2713 Dei
922 2658 1075 2729 longa
1107 2660 1360 2729 patientia
1403 2677 1627 2731 peccare
1656 2673 1681 2700 ιι
1710 2664 1739 2717 f.
1763 2673 1839 2718 cit

248 2748 571 2815 intrepidos,
602 2760 657 2802 ut
679 2764 743 2802 es
775 2748 877 2803 hoc
905 2761 1247 2819 peccatorum
1280 2768 1500 2807 suorum
1535 2755 1699 2809 Deum
1726 2773 1832 2811 non

245 2839 583 2894 arbitrentur
614 2841 864 2907 ultorem,
896 2841 1037 2909 quod
1088 2857 1197 2896 non
1247 2844 1424 2897 statim
1471 2846 1597 2899 velit
1648 2847 1837 2915 punire

248 2942 560 3000 peccantes.
589 2932 767 2987 Miseri
798 2943 853 2988 et
884 2934 1097 3003 ingrati,
1136 2952 1246 2989 sua:
1292 2936 1483 2992 salutis
1526 2938 1833 3006 improvidi,

249 3025 274 3061 δ
307 3025 430 3093 quia
461 3025 568 3079 huc
594 3026 757 3078 etiam
783 3024 893 3080 Deo
920 3027 1205 3094 imputant,
1237 3030 1379 3097 quod
1406 3045 1593 3084 eorum
1622 3030 1836 3086 differa—

249 3124 336 3169 tur
364 3118 652 3171 interitus:
686 3118 1000 3187 ignorantes
1033 3117 1127 3172 Dei
1160 3121 1491 3189 providentia
1519 3122 1718 3191 duplici
1748 3138 1834 3176 ra-

252 3210 395 3263 tione
428 3210 661 3274 servari,
695 3219 754 3263 ut
797 3218 856 3264 et
895 3209 1133 3265 humano
1174 3214 1356 3282 generi
1389 3213 1549 3283 longa
1576 3214 1696 3284 ejus
1742 3229 1837 3283 pa-

253 3300 438 3354 tientia
465 3300 798 3365 consulatur,
828 3308 883 3354 et
923 3315 991 3355 ne
1034 3301 1128 3356 ille
1160 3301 1433 3370 judicetur
1477 3304 1761 3373 impatiens
1791 3307 1838 3358 sl

254 3391 397 3445 illico
422 3392 655 3445 Voltlel‘ll.
684 3402 706 3429 ο
732 3392 991 3446 damnare
1034 3406 1330 3460 peccantes.
1362 3395 1496 3450 Nam
1530 3397 1575 3451 si
1610 3409 1715 3451 tam
1746 3412 1837 3467 pa-

257 3492 392 3535 tiens
420 3498 527 3536 non
557 3491 723 3549 esset,
750 3484 860 3552 jam
900 3484 989 3537 diu
1038 3484 1257 3538 humani
1306 3489 1519 3556 generis
1562 3488 1714 3557 origo
1745 3490 1838 3544 de-

258 3577 458 3639 siisset;
499 3591 600 3629 nec
639 3575 819 3645 justos
866 3576 934 3630 de
976 3578 1353 3645 peccatoribus
1400 3578 1744 3647 haberemus,
1793 3582 1837 3635 si

257 3669 537 3721 confestim
573 3668 715 3723 Deus
741 3670 898 3724 vellet
936 3674 1123 3738 punire
1145 3672 1233 3739 qui
1269 3683 1512 3740 peccant.
1544 3673 1838 3729 Nounutlos

258 3762 392 3813 enim
440 3762 645 3815 scimus
685 3769 741 3815 et
777 3761 1001 3829 legimus
1040 3763 1128 3831 qui
1163 3773 1343 3828 antea,
1387 3772 1480 3818 aut
1524 3767 1840 3835 ignorantia:

263 3852 524 3917 caecitate,
559 3861 653 3905 aut
679 3868 839 3906 causa
870 3854 1133 3921 perfidiae,
1167 3862 1260 3908 aut
1284 3856 1658 3911 adolescentia:
1695 3859 1842 3911 vani-

264 3951 364 3997 tate
406 3926 649 4012 decepti,
683 3944 962 4014 multiplici
996 3956 1052 3998 et
1081 3945 1231 3999 vario
1263 3957 1608 4016 peccatorum
1640 3965 1840 4018 genere

263 4033 577 4088 tenebantur
606 4034 850 4101 obnoxii,
880 4043 935 4089 et
964 4050 1059 4105 per
1089 4039 1438 4091 sustentantis
1472 4040 1564 4092 Dei
1596 4041 1838 4094 clemen-

263 4122 511 4177 tissimam
546 4126 865 4194 patientiam
891 4128 1227 4194 postmodum
1256 4130 1323 4183 ab
1348 4145 1532 4185 errore
1561 4141 1687 4186 sunt
1711 4149 1841 4187 con-

262 4215 417 4281 versi,
452 4216 692 4284 majores
719 4216 899 4271 adhuc
928 4215 952 4253 δ
985 4233 1178 4287 operas
1212 4220 1401 4277 fecisse
1427 4223 1651 4292 justitite
1681 4242 1838 4295 quam

258 4314 379 4360 ante
424 4317 646 4376 peccata
693 4311 1096 4364 commiserant.
1145 4311 1286 4366 Deus
1336 4314 1479 4368 enim
1521 4330 1627 4369 non
1675 4318 1841 4372 donat

263 4408 496 4463 peccata,
529 4399 627 4452 sed
664 4397 875 4464 differt;
905 4414 1004 4455 nec
1035 4415 1465 4468 perseverantem
1498 4416 1836 4474 peccatorum

262 4500 286 4537 a
316 4497 487 4542 morte
518 4488 739 4553 liberat,
770 4489 863 4543 sed
895 4499 954 4543 ut
984 4491 1065 4545 vel
1098 4506 1221 4545 sero
1246 4504 1591 4549 eonveitatur
1618 4507 1671 4552 et
1699 4500 1839 4551 vivat

264 4578 519 4642 patienter
547 4589 851 4649 exspectat,
901 4588 1039 4640 sicut
1088 4587 1274 4641 beatus
1325 4588 1513 4641 Petrus
1559 4592 1838 4657 apostolus

264 4670 371 4722 ait:
409 4671 531 4725 Non
575 4674 741 4727 tardat
784 4676 1036 4732 Dominus
1060 4688 1083 4716 θ
1108 4682 1405 4749 promissis;
1449 4683 1538 4735 sed
1584 4684 1840 4751 patienter

262 4765 358 4832 agit
386 4776 594 4837 propter
630 4784 739 4833 vos,
778 4768 959 4824 nolens
994 4774 1193 4843 aliquos
1229 4776 1415 4843 perire,
1447 4776 1538 4829 sed
1564 4792 1737 4830 amnes
1771 4778 1840 4830 ad

268 4857 602 4917 penitentiam
647 4861 873 4913 converti
918 4861 983 4933 (ll
1031 4861 1147 4915 Pet.
1198 4880 1276 4929 nt,
1328 4864 1403 4932 9).
1458 4867 1551 4919 Ille
1594 4867 1737 4920 enim
1788 4877 1838 4919 te

266 4947 404 5011 quasi
444 4948 584 5016 pius,
616 4949 881 5020 benignus
910 4964 959 5008 et
993 4954 1255 5020 clemens,
1297 4958 1442 5011 illito
1488 4958 1689 5012 idcirco
1730 4976 1836 5012 nun

270 5038 505 5104 percutit,
534 5048 594 5091 ut
618 5049 670 5093 tu
699 5050 897 5111 quanta
928 5043 1070 5098 illius
1097 5061 1220 5114 erga
1249 5056 1297 5099 te
1324 5048 1392 5101 sit
1418 5049 1607 5116 pietas,
1638 5061 1832 5119 quanta

268 5123 536 5183 clementia
568 5131 637 5185 sit
668 5146 1055 5203 recognoscas,
1088 5137 1177 5204 qtti
1206 5146 1255 5189 te
1287 5152 1622 5205 peccatorem
1653 5153 1704 5195 et
1737 5142 1836 5195 im-

273 5216 401 5281 pium
449 5234 769 5290 exspectare
814 5228 1049 5295 mavult,
1110 5237 1165 5283 et
1218 5246 1435 5285 servare
1489 5249 1833 5300 conversum,

271 5320 414 5373 quam
445 5312 637 5380 punire
672 5326 1024 5384 peccantem:
1054 5320 1196 5374 sicut
1229 5336 1324 5390 per
1366 5322 1677 5393 pr0plietam
1723 5329 1836 5395 ipse

335 5454 359 5514 ξ
400 5448 561 5514 Editi,
586 5454 732 5507 siml.

335 5512 363 5556 δ
399 5512 663 5592 ιιυιειεηη
690 5526 796 5592 qui.

336 5595 359 5662 ξ
402 5591 644 5662 [fierique
675 5591 829 5658 mss”
865 5597 1066 5662 punire.

334 5653 361 5696 ⁸
401 5653 571 5735 _E_diti,'
590 5682 764 5735 opera,
801 5653 1149 5719 renuentibus
1179 5683 1305 5719 mss.

337 5736 363 5767 ε
397 5731 491 5788 lis.
522 5731 711 5799 Corn,
746 5738 994 5791 uromissu
1023 5739 1252 5791 reddere.

1943 1873 2216 1928 provocat.
2251 1864 2388 1920 Ecce
2418 1868 2648 1935 qualiter
2674 1870 2781 1936 jam
2806 1873 2965 1926 morti
2993 1876 3281 1930 obnoxium
3307 1888 3363 1932 ut
3384 1881 3528 1935 vivat

1943 1955 2207 2026 hortatur,
2251 1976 2408 2024 quam
2457 1962 2668 2027 leniter,
2702 1981 2858 2033 quam
2899 1968 3194 2023 clementer
3224 1972 3436 2039 invitat,
3472 1986 3527 2029 ut

1939 2049 2097 2104 etiam
2152 2057 2525 2119 peccatoribus
2575 2059 2739 2125 patris
2783 2075 2885 2112 non
2936 2073 3090 2131 neget
3141 2067 3393 2132 pietatem
3428 2082 3441 2117 :
3474 2079 3526 2120 et

1939 2144 2115 2199 adlme
2158 2146 2300 2199 ﬁlios
2338 2149 2595 2216 appellat,
2645 2152 2733 2220 qui
2785 2162 2990 2220 patrem
3044 2155 3208 2208 Deum
3256 2160 3528 2225 peccando

1942 2236 2320 2302 perdiderunt;
2351 2238 2490 2292 sicut
2532 2249 2582 2293 el
2614 2240 2726 2294 lose
2765 2256 2824 2295 se
2868 2242 3169 2310 perdidisse
3211 2232 3529 2313 peccaturos

1939 2328 2044 2378 alio
2082 2328 2132 2380 in
2169 2327 2182 2381 l
2223 2343 2289 2382 co
2331 2344 2451 2383 cum
2487 2345 2621 2385 voce.
2661 2330 2824 2385 flebili
2866 2342 2917 2386 et
2960 2334 3255 2391 miserabili
3298 2340 3526 2405 quadam

1940 2416 2325 2471 lamentatione
2357 2430 2607 2488 tesmtur,
2638 2422 2823 2475 dicens
2850 2440 2862 2474 :
2892 2422 3021 2477 Sine
3045 2425 3167 2490 ﬁliis
3197 2431 3360 2496 {actus
3388 2445 3524 2494 sum,

1942 2509 2141 2576 perdidi
2164 2510 2410 2580 populum
2441 2528 2604 2565 meum
2626 2522 2833 2583 propter
2863 2525 3071 2583 peccata
3098 2531 3274 2569 eorum
3294 2518 3525 2589 (Jerem.

1942 2614 2028 2665 xv,
2056 2599 2147 2666 7).
2176 2601 2252 2654 Ex
2281 2602 2379 2655 hoc
2400 2618 2529 2671 ergo
2550 2619 2812 2673 cognosce
2834 2607 3065 2674 qualiter
3089 2616 3139 2662 te
3157 2608 3299 2664 Deus
3319 2611 3528 2682 diligat,

1939 2705 2096 2759 quem
2129 2693 2333 2745 mai-ult
2371 2694 2554 2748 vivere
2594 2711 2753 2765 quant
2788 2697 2986 2764 perire.
3022 2699 3087 2752 Et
3129 2711 3181 2752 tu
3225 2718 3346 2755 eum
3398 2719 3531 2757 eon-

1942 2784 2136 2835 temnis
2164 2790 2220 2836 et
2242 2782 2495 2851 despicis,
2541 2785 2628 2853 qui
2658 2786 2887 2855 amplius
2925 2804 3084 2857 quam
3136 2801 3187 2842 tu
3219 2792 3333 2859 ipse
3366 2803 3417 2848 te
3444 2796 3525 2848 di-

1939 2874 2094 2942 ligit,
2133 2876 2221 2942 qui
2283 2886 2333 2930 te
2371 2876 2507 2931 mori
2551 2880 2855 2946 cupientem
2906 2883 3018 2936 vult
3074 2886 3291 2939 vivere?
3344 2886 3526 2954 Nolo,

1940 2964 2106 3032 inquit
2134 2965 2409 3035 Dominus,
2442 2970 2706 3034 mortem,t
2741 2982 3087 3041 peccatorum,
3119 2977 3209 3029 sed
3235 2986 3287 3031 ut
3319 2996 3531 3034 convcr-

1942 3065 2119 3108 tantur
2147 3067 2193 3110 et
2220 3059 2389 3111 vivant
2423 3057 2646 3128 (Euclt.
2679 3078 2826 3133 xvttt,
2859 3062 2986 3135 32).
3017 3067 3096 3121 Tu
3124 3084 3251 3138 ergo
3280 3074 3412 3125 mori
3438 3089 3530 3127 vo-

1863 3159 1908 3222 c
1940 3147 2082 3201 luisti
2113 3151 2414 3217 peccando,
2446 3152 2535 3208 ille
2566 3165 2616 3208 te
2644 3164 2669 3202 α
2709 3158 2892 3212 vivere
2922 3160 3036 3212 vult
3060 3165 3451 3218 convertenda.
3485 3166 3531 3221 0

1939 3241 2122 3305 stulte,
2147 3257 2180 3296 ο
2201 3242 2507 3299 irreverens
2532 3256 2580 3299 et
2615 3246 2837 3317 ingrate,
2865 3252 2952 3318 qui
2981 3265 3079 3305 nec
3100 3251 3152 3306 in
3181 3254 3282 3308 hoc
3306 3257 3414 3309 Deo
3438 3260 3528 3325 qui

1941 3331 2032 3385 tibi
2066 3334 2178 3386 vult
2221 3334 2463 3389 misereri
2498 3340 2791 3405 consentis,
2830 3342 2917 3409 qui
2966 3350 3017 3396 te
3045 3346 3250 3400 mavult
3279 3361 3375 3401 sua
3418 3348 3531 3417 pie-

1943 3434 2052 3480 tate
2079 3427 2287 3482 salvare
2314 3445 2469 3498 quam
2502 3440 2591 3483 ttto
2620 3434 2795 3499 perire
2818 3438 3073 3503 peccatol

2546 3562 2655 3617 CAi
2684 3564 2772 3620 UT
2814 3566 2901 3620 ΙΙΙ.

2149 3654 2350 3710 Pietate
2382 3655 2476 3710 Dei
2505 3660 2794 3723 abutentes,
2824 3661 2979 3713 etiam
3020 3661 3102 3715 hic
3133 3667 3325 3732 puniri.

2016 3770 2183 3824 Nemo
2205 3786 2333 3839 ergo
2361 3772 2461 3823 sibi
2496 3771 2619 3825 ideo
2648 3771 2979 3837 blandiatur,
3009 3790 3170 3830 nemo
3200 3793 3258 3832 se
3284 3780 3443 3833 stulta
3474 3793 3530 3836 et

1949 3878 2082 3915 rana
2112 3864 2419 3930 suspicione
2447 3865 2622 3933 decipi
2644 3874 2702 3931 ιι,
2744 3883 2902 3922 nemo
2943 3870 3144 3925 idcirco
3173 3890 3398 3928 securus
3426 3878 3526 3931 de—

1947 3954 2155 4020 linquat
2190 3964 2245 4008 et
2289 3955 2452 4021 liber,
2495 3958 2638 4026 quod
2683 3975 2844 4027 super
2893 3976 3205 4028 peccatores
3243 3967 3525 4023 confestim

1947 4043 2041 4098 Dei
2071 4045 2145 4099 ita
2173 4045 2539 4118 judiciumque
2580 4064 2683 4104 non
2715 4052 2916 4117 veniat,
2962 4063 3017 4107 ut
3057 4070 3121 4109 ex
3151 4056 3251 4112 hoc
3280 4060 3530 4127 opinetur

1944 4150 2003 4189 se
2032 4136 2250 4204 impune
2273 4154 2545 4205 pearasse,
2580 4142 2722 4211 quod
2757 4158 2861 4196 non
2899 4143 3043 4201 illiCo
3071 4148 3393 4217 perimatur;
3432 4154 3527 4206 sed

1946 4228 2045 4281 hoc
2079 4228 2245 4297 magis
2286 4230 2498 4286 differre
2528 4232 2696 4287 Deum
2740 4250 2898 4303 quam
2947 4236 3289 4295 dissimulare
3330 4257 3529 4311 cogno-

1944 4330 2086 4385 scat,
2141 4331 2193 4374 et
2242 4320 2378 4374 iram
2431 4323 2547 4391 ejus
2608 4326 2977 4393 peccatoribus
3030 4325 3055 4364 ιι
3107 4345 3265 4398 quam
3318 4336 3526 4389 veniam

1944 4411 2122 4465 Subito
2171 4422 2224 4466 et
2274 4424 2494 4482 repente
2543 4426 2853 4481 venturam,
2898 4420 3037 4473 sicut
3086 4424 3345 4490 scriptum
3395 4439 3474 4481 est
3514 4449 3523 4479 ;

1874 4535 1916 4590 D
1945 4501 2029 4555 Ne
2071 4504 2284 4573 dixeris,
2340 4504 2574 4571 Peccavi,
2614 4517 2661 4560 ct
2689 4510 2813 4578 quid
2842 4511 3028 4564 acridit
3068 4514 3192 4566 milii
3235 4516 3413 4569 triste?
3457 4529 3530 4573 est

1944 4596 2079 4648 enim
2107 4597 2403 4651 Altissimus
2429 4599 2659 4653 redditor
2685 4602 2882 4664 patiens
2905 4603 3092 4671 (Eccli.
3116 4622 3165 4672 ν,
3190 4607 3268 4677 4).
3297 4610 3361 4663 Et
3381 4611 3525 4665 alibi:

1949 4687 2028 4740 Ne
2050 4691 2218 4743 tardes
2249 4691 2468 4743 converti
2499 4693 2565 4743 ad
2592 4689 2890 4761 Dominum,
2925 4712 3087 4764 neque
3117 4699 3328 4765 differas
3359 4702 3422 4754 de
3450 4704 3531 4753 die

1941 4779 1993 4832 in
2026 4781 2193 4846 diem;
2240 4781 2407 4835 subito
2454 4785 2586 4836 enim
2635 4787 2793 4837 veniet
2840 4788 2919 4839 ira
2964 4789 3077 4853 eius
3108 4787 3308 4857 (Ibid,
3338 4792 3402 4860 8,
3436 4792 3527 4860 9).

1944 4871 2094 4936 Quod
2119 4873 2168 4925 in
2198 4874 2467 4942 plerisque
2490 4875 2760 4943 impletur,
2784 4877 2977 4944 quibus
2999 4879 3069 4933 ob
3096 4881 3255 4934 nimia
3290 4893 3526 4950 peccata,

1944 4963 2068 5017 etin
2102 4966 2348 5031 prtesenti
2380 4966 2467 5019 Dei
2499 4966 2575 5020 ira
2608 4969 2950 5036 supervenit,
2983 4979 3039 5024 et
3067 4972 3116 5023 in
3146 4973 3322 5025 futuro
3350 4988 3530 5027 serva-

1943 5064 2050 5109 tur.
2082 5055 2186 5111 Sed
2222 5056 2323 5110 hoc
2354 5073 2512 5111 nemo
2540 5059 2809 5129 intelligit,
2860 5076 3017 5113 nemo
3065 5064 3370 5131 cognoscit,
3427 5081 3525 5120 nec

1941 5148 2166 5214 quisque
2214 5146 2434 5201 adver~a
2474 5151 2744 5202 sustinens
2789 5151 2943 5203 malis
2974 5150 3083 5205 suis
3124 5154 3351 5206 aestimat
3394 5153 3528 5211 irro-

1940 5243 2076 5306 gari,
2109 5239 2201 5292 sed
2234 5241 2372 5308 quod
2408 5240 2688 5304 pertulerit
2731 5243 3133 5297 eonsneunlinis
3166 5246 3339 5313 pitius
3382 5260 3530 5315 putat

1942 5344 2063 5384 esse
2086 5345 2242 5399 quam
2274 5329 2537 5385 criminis.
2566 5331 2631 5385 Et
2663 5333 2861 5387 ideirco
2894 5333 3033 5388 Deus
3058 5336 3105 5387 in
3127 5337 3380 5404 prteseuti
3424 5356 3531 5396 non

2024 5461 2043 5499 ί
2090 5463 2754 5539 Ilolsteu._,morientium;
2786 5480 2915 5539 mss.
2948 5466 3179 5539 Sorhnn.
3210 5479 3261 5521 et
3294 5467 3532 5539 Rumig”

1948 5536 2584 5615 morientibus..Micltael.
2605 5576 2618 5599 ,
2650 5537 2994 5605 pxccantitsm.
3027 5536 3213 5598 Curb..
3245 5536 3529 5615 peccqfori;

1949 5603 2041 5656 bus
2076 5606 2425 5659 morientibus.

2023 5683 2047 5720 s
2090 5674 2236 5733 Mss,
2268 5676 2548 5742 viviﬁcare.

2020 5743 2046 5780 ²³
2092 5744 2252 5809 Editi,
2286 5748 2514 5806 quamvis
2546 5763 2728 5808 seram,
2762 5746 2951 5804 sulito.
