3970 6180
465 180 570 234 587

1503 175 1587 232 PA
1600 176 1797 233 STIDil
1843 175 2339 234 DRiTANNOitUM
2383 173 2690 232 El‘iSCOPl

3656 178 3759 232 ὄδὲ

465 299 681 353 videtur
724 299 912 368 punire
944 304 1250 368 peccantes,
1299 296 1421 364 quia
1467 309 1588 348 cum
1625 296 1775 363 punit
1815 310 1920 348 non
1971 309 2061 348 co-
2091 304 2139 357 Α
2237 296 2342 350 Sed
2372 295 2473 349 hoc
2503 293 2672 364 magis
2698 292 2903 348 sentire
2924 305 3021 346 nos
3036 290 3312 351 convenit.
3341 293 3543 345 tamdiu
3567 309 3758 372 uniun-

465 390 769 459 gnoscitur.
798 389 943 443 Multi
968 398 1093 443 sunt
1116 387 1258 441 enim
1293 399 1432 455 quos
1463 399 1622 439 nemo
1651 384 1937 454 intelligit,
1966 385 2056 452 qui

465 486 536 538 ob
569 483 962 537 multitudinem
1009 492 1352 550 peccatorum
1385 477 1496 547 jam
1545 485 1671 532 ante
1696 477 1883 546 judicii
1915 476 2056 531 diem

466 579 520 631 in
543 576 794 644 prsesenti
824 576 987 628 etiam
1019 572 1348 639 iudicantur.
1381 570 1484 624 Aut
1512 569 1654 623 dicit
1679 569 1798 637 quis
1825 569 1868 622 si
1899 583 2057 637 quem

467 666 816 736 sacrilegum,
847 666 1275 734 sanguinarium,
1317 677 1588 731 rapacem,
1637 662 1931 725 falsarium,
1966 660 2060 712 Ιιο-

471 757 744 820 tnicidam,
775 757 965 820 furem,
999 756 1420 821 fraudulentum,
1465 753 1788 814 adulterum,
1829 759 2058 806 ca-tero-

469 865 698 920 rumque
738 849 1026 905 criminum
1073 863 1250 913 reum,
1292 847 1372 900 vel
1422 847 1474 898 in
1521 845 1773 913 prmseuti
1817 853 2060 911 tempore

466 943 704 1010 potuerit
748 941 930 995 videre
980 939 1311 1010 longaevum?
1359 937 1470 992 Nos
1511 936 1652 991 enim
1705 938 2059 1006 plurimorum

469 1033 715 1102 exempla
745 1033 1012 1094 videmus,
1045 1049 1138 1100 per
1163 1047 1284 1101 quae
1316 1031 1544 1099 probare
1565 1029 1863 1083 sufficimus
1891 1027 2062 1082 scele-

468 1135 619 1181 ratos
646 1136 699 1181 et
731 1125 943 1194 impios,
983 1136 1323 1193 peceatorqu
1355 1139 1573 1178 suorum
1616 1124 1720 1178 fine
1747 1122 2018 1192 completo
2042 1164 2057 1188 ,

469 1228 520 1274 et
552 1223 650 1271 boe
672 1219 833 1271 etiam
867 1228 1112 1286 tempore
1133 1216 1385 1284 judicari.
1413 1223 1466 1268 et
1499 1224 1820 1283 praesentem
1858 1214 1938 1268 eis
1979 1213 2061 1266 vi-

470 1322 576 1365 tam
613 1312 792 1379 negari
824 1324 927 1362 non
961 1313 1136 1361 minus
1165 1324 1324 1376 quam
1357 1307 1612 1360 futuram.

540 1401 642 1454 Sed
679 1401 776 1454 huc
806 1401 898 1454 ille
939 1399 1146 1453 facilius
1174 1399 1474 1467 intelligere
1503 1404 1700 1466 potest,
1739 1397 1830 1464 qui
1864 1411 1958 1464 per
1981 1395 2064 1449 di-

472 1509 623 1547 Versa
655 1502 892 1558 tempora
925 1491 1266 1544 diversorum
1296 1489 1536 1558 judicum
1570 1487 1738 1555 impie
1779 1489 2065 1542 sce'erate-

471 1599 576 1648 que
607 1583 1041 1638 conversantium
1075 1591 1104 1621 ι
1133 1585 1467 1647 exsiiectavit
1490 1580 1788 1634 interitum.
1822 1580 2060 1643 Quorum

2163 403 2428 457 quemque
2462 388 2553 442 Dei
2588 385 2844 456 patientia
2873 383 3185 448 sustentari,
3223 385 3476 453 quamdiu
3518 387 3757 439 nomium

2165 490 2504 547 peccatorum
2554 494 2774 532 suorum
2821 477 3110 532 terminum
3165 479 3432 544 [itumque
3479 478 3760 546 replevit:

2163 586 2268 637 quo
2301 579 2678 623 consummato
2710 585 2833 622 eum
2866 569 3011 623 il;ico
3051 569 3276 638 percuti,
3309 584 3407 623 nec
3435 567 3508 623 illi
3535 569 3646 638 jam
3671 585 3763 626 ve-

2165 665 2306 717 niam
2340 664 2501 717 ullam
2526 661 2812 718 reservari.

2767 777 2808 832 C
2827 777 2993 833 \PUT
3052 773 3144 832 iV.

2164 868 2312 924 Certo
2339 880 2663 939 peccatorum
2686 885 2898 925 numero
2920 871 3174 942 completo
3217 874 3383 928 Deum
3419 872 3605 940 punire
3645 889 3763 944 pec-

2835 950 3077 994 calorem.

2239 1032 2374 1087 Esse
2423 1041 2599 1086 autem
2647 1045 2856 1086 certum
2921 1040 3268 1101 peccatorum
3321 1032 3538 1088 modum
3600 1045 3762 1105 atque

2167 1141 2497 1189 mensuram,
2527 1123 2623 1178 Dei
2657 1124 3150 1194 ipsiustestimtmio
3174 1126 3499 1181 declaratur.
3537 1128 3598 1181 Et
3619 1129 3763 1195 quod

2169 1217 2535 1294 unusquisque
2569 1216 2653 1270 vel
2689 1217 2923 1272 Celerius
2955 1217 3040 1271 vel
3074 1219 3300 1285 tardius,
3331 1229 3488 1286 prout
3514 1237 3765 1288 peccatoo

2167 1327 2283 1364 rum
2309 1327 2527 1365 suorum
2559 1312 2777 1364 modum
2806 1311 3442 1381 exjilevcrit,judicc-tur,
3472 1314 3766 1369 evidentis-

2167 1407 2300 1458 sime
2346 1406 2770 1467 demonstratur,
2817 1404 3038 1474 quando
3065 1405 3132 1459 de
3183 1405 3544 1460 Sodomorum
3574 1417 3628 1462 et
3656 1407 3766 1463 Gn.

2169 1498 2560 1552 morrbrcorutu
2595 1498 2812 1552 interitu
2860 1507 3020 1567 atque
3073 1498 3347 1563 incendio,
3375 1500 3467 1569 qni
3507 1516 3602 1554 sua
3646 1499 3764 1568 jam

2169 1599 2386 1659 peccata
2417 1592 2776 1660 repleverant,
2809 1589 2875 1642 ad
2905 1591 3174 1643 Abraham
3215 1591 3357 1646 Deus
3383 1591 3646 1661 loquitur,
3675 1591 3765 1644 di-

471 1690 579 1744 quo
609 1685 844 1742 poteStas
875 1673 1162 1729 sublimior
1193 1682 1297 1738 est,
1331 1688 1398 1726 eo
1427 1671 1492 1725 ad
1525 1671 1853 1740 peccandum
1892 1670 2056 1738 major

2168 1698 2295 1737 cens
2323 1702 2335 1735 :
2365 1681 2573 1736 Clamor
2601 1681 2947 1737 Sodomorum
2976 1694 3020 1736 et
3048 1674 3502 1736 Gomonhworum
3538 1683 3768 1748 repletus

469 1769 716 1834 audacia,
749 1783 868 1834 quae
893 1777 1062 1821 totum
1087 1766 1186 1820 sibi
1220 1766 1384 1819 licere
1411 1764 1584 1819 credit
1608 1766 1751 1834 quod
1779 1771 1976 1832 potest,
2009 1771 2066 1816 et

469 1860 596 1913 dmn
627 1861 850 1914 alterius
873 1860 1133 1928 judicium
1166 1875 1270 1911 non
1315 1861 1506 1912 timent
1531 1857 1620 1923 qui
1657 1857 1792 1910 alios
1818 1855 2067 1924 judicant

468 1952 532 2004 ad
569 1953 897 2018 poorandnm
926 1951 1228 2018 praecipites
1255 1959 1399 2023 sunt.
1429 1949 1504 2003 Ita
1537 1950 1597 2002 lit
1623 1959 1681 2002 ut
1708 1949 1798 2018 qui
1829 1947 2068 2001 hominis

471 2060 576 2097 non
605 2044 792 2098 timent
820 2044 872 2096 in
909 2043 1275 2113 delinquendo
1299 2041 1589 2110 judicium,
1634 2040 1799 2094 Deum
1827 2040 2067 2109 judicem

467 2138 700 2191 sentiant
743 2147 798 2192 et
842 2139 1096 2190 ultorem.
1146 2137 1220 2192 Ex
1263 2136 1459 2206 quibus
1489 2135 1580 2188 alii
1627 2135 1717 2205 qui
1764 2133 2064 2188 insontium

467 2229 765 2281 animarum
790 2227 1104 2296 sanguinem
1135 2227 1444 2296 frequenter
1471 2225 1798 2291 effuderant,
1833 2225 1902 2278 ita
1931 2225 2067 2278 iram

471 2322 564 2375 Dei
597 2322 966 2392 judiciumque
1007 2335 1250 2384 sensere,
1297 2329 1354 2374 ut
1396 2320 1499 2389 ipsi
1549 2317 1892 2388 postmodum
1942 2333 2071 2371 san-

468 2417 688 2484 guinem
725 2416 945 2468 fundere
974 2424 1299 2480 cogerentur
1327 2429 1512 2473 suum,
1546 2414 1634 2481 qui
1684 2413 1918 2466 libenter
1948 2409 2070 2464 fun-

469 2508 672 2560 debant
699 2507 958 2562 alienum.
993 2506 1096 2559 Alii
1122 2521 1252 2559 vero
1278 2507 1366 2574 qui
1412 2505 1606 2558 simiiia
1636 2504 2064 2566 commiserant,

468 2600 546 2652 sic
573 2599 662 2654 Dei
699 2598 1068 2666 indignatione
1101 2597 1353 2667 prostrati
1401 2605 1546 2658 sunt,
1591 2606 1652 2650 ut
1691 2596 1948 2664 insepulti
1986 2596 2069 2664 ja—

467 2701 674 2757 cerent,
705 2702 757 2746 et
785 2707 910 2747 esca
942 2693 1070 2747 feris
1112 2702 1166 2746 et
1192 2693 1312 2747 cteli
1347 2689 1661 2745 volucribus
1712 2690 1921 2744 fierent.
1961 2689 2064 2743 Alii

466 2795 645 2838 autem
685 2785 774 2852 qui
827 2785 1278 2838 innumerabilem
1329 2784 1604 2836 hominum
1663 2782 2063 2836 multitudinem

467 2875 666 2944 injuste
697 2885 1059 2945 peremerunt,
1095 2875 1435 2929 metnbratim
1471 2873 1902 2941 partienlatimve
1929 2889 2064 2927 cou-

465 2966 518 3019 ci
555 2967 590 3026 i,
644 2976 699 3018 ut
750 2979 854 3018 non
903 2967 1078 3018 utiuor
1128 2965 1288 3019 fuerit
1354 2963 1642 3018 cotnisura
1695 2965 2060 3018 membrorum

2172 1784 2270 1842 est,
2308 1786 2352 1829 et
2399 1785 2604 1838 peccata
2630 1789 2804 1826 eorum
2835 1789 3019 1843 magna
3048 1773 3364 1826 vehementer
3406 1773 3599 1842 repleta
3643 1786 3769 1828 sunt

2170 1868 2326 1937 (ϐτιιι.
2366 1885 2494 1922 xuii
2516 1910 2528 1930 ,
2561 1869 2678 1933 ΞΟ).
2711 1867 2785 1921 De
2813 1867 3145 1920 Atnorrhaeis
3172 1880 3302 1920 vero
3330 1865 3452 1936 quid
3484 1867 3639 1928 dicit,
3671 1871 3766 1936 qui

2171 1976 2264 2014 Sua
2294 1959 2528 2014 nondum
2553 1966 2774 2028 pcccala
2807 1958 3082 2019 finierant,
3113 1971 3252 2024 quos
3285 1966 3408 2023 post
3439 1958 3639 2010 multos
3669 1973 3768 2010 an-

2171 2066 2271 2105 nos
2302 2066 2458 2114 quam
2504 2065 2666 2115 supra
2697 2049 2856 2103 dicta:
2886 2049 3136 2103 civitates
3163 2057 3416 2102 cretiiaue
3453 2060 3601 2115 sunt,
3631 2065 3763 2105 con-

2169 2153 2274 2198 stat
2304 2159 2424 2196 esse
2457 2142 2700 2196 deletos?

2243 2234 2494 2288 Nondum
2523 2234 2716 2303 repleta
2751 2241 2875 2286 sunt
2909 2241 3114 2300 peccata
3152 2230 3568 2287 Amen/urorum
3607 2249 3766 2301 usque

2169 2326 2338 2380 adhuc
2378 2326 2532 2397 (Gen.
2565 2341 2654 2389 xv,
2692 2323 2802 2396 16).
2850 2325 2969 2390 Quo
3019 2323 3268 2394 exemplo
3326 2325 3766 2379 manifestissime

2172 2418 2484 2470 iustruiumr
2519 2424 2575 2470 et
2601 2416 2878 2476 dooemur,
2909 2414 3152 2484 singulos
3181 2415 3474 2468 secundum
3511 2428 3766 2484 peccato-

2170 2525 2286 2562 rum
2319 2523 2539 2561 snorunt
2574 2507 2960 2576 pienitudinem
3009 2507 3400 2570 consummari,
3451 2517 3508 2560 et
3556 2509 3764 2562 tamdiu

2172 2613 2224 2654 ut
2243 2610 2630 2654 convertantur
2647 2601 2926 2668 sustineri,
2955 2598 3209 2668 quamdiu
3242 2599 3514 2652 cunmlum
3537 2613 3760 2653 suci-um

2173 2708 2276 2745 non
2311 2691 2964 2747 balnicrintdelictorum.
2995 2690 3164 2744 Nemo
3193 2704 3272 2756 se,
3308 2690 3548 2759 inquam,
3589 2691 3759 2756 fallat,

2170 2798 2328 2837 nemo
2354 2799 2411 2837 se
2437 2783 2670 2851 decipiat
2697 2800 2708 2835 :
2747 2785 2916 2835 malos
2943 2799 3050 2836 non
3080 2790 3224 2836 amat
3255 2782 3414 2846 Dens,
3443 2793 3766 2852 peccatores

2168 2891 2273 2930 non
2298 2885 2461 2942 amat,
2491 2877 2721 2944 tnjustos
2751 2893 2854 2929 non
2875 2887 3041 2940 amat,
3075 2889 3319 2944 rapaces,
3354 2876 3630 2936 crudeles.
3659 2877 3765 2930 im-

2173 2969 2318 3037 pios;
2351 2969 2444 3021 sed
2479 2977 2622 3022 amat
2665 2969 2858 3034 bonos,
2883 2967 3082 3035 justus,
3119 2968 3254 3035 pios,
3299 2966 3552 3032 humiles,
3604 2967 3764 3022 inno-

465 3071 624 3123 quam
651 3071 787 3124 quos
811 3053 1048 3108 interimi
1082 3053 1320 3107 fecerant
1350 3069 1605 3108 nume-rus
1634 3054 1968 3122 punitorum.
1999 3055 2063 3106 Ει
2092 3047 2136 3108 C
2167 3071 2375 3121 centes,
2427 3062 2608 3126 mites,
2660 3059 2799 3113 sicut
2850 3061 3107 3129 scriptum
3147 3069 3230 3113 est
3259 3075 3272 3111 :
3336 3059 3597 3125 Quoniam
3660 3077 3764 3114 non

463 3164 691 3216 quorum
721 3146 925 3212 judicio
959 3149 1162 3199 maritis
1195 3147 1391 3214 injuste
1422 3149 1715 3216 peremptis
1762 3148 1940 3200 multa:
1981 3147 2061 3202 ef-

464 3239 615 3290 fecne
646 3238 837 3300 viduae,
865 3238 1014 3289 multi
1045 3238 1269 3304 nrpbaui
1299 3239 1538 3304 patribus
1565 3239 1761 3293 occisis
1787 3239 2055 3304 derelicti,

462 3331 654 3396 Quibus
704 3341 900 3398 praeter
942 3331 1228 3383 orbitatem
1279 3330 1598 3384 mendicitas
1641 3332 1973 3385 inferebatur
2003 3342 2058 3386 et

465 3421 676 3473 ntiditos
706 3419 856 3491 [nam
889 3419 1160 3473 addebant
1194 3419 1454 3487 impietati
1492 3432 1544 3474 et
1575 3420 1880 3475 crudelitati
1911 3421 2052 3491 quod

463 3513 670 3576 deerat,
705 3523 760 3566 ut
800 3528 987 3567 comm
1017 3529 1151 3585 quos
1184 3512 1437 3567 fecissent
1467 3515 1637 3569 occidi
1669 3517 1973 3585 spoliarent
2001 3526 2056 3570 et

463 3601 699 3674 liberos]
721 3645 734 3667 ,
768 3620 912 3658 nunc
951 3620 1081 3659 vero
1114 3605 1347 3672 ipsorum
1399 3604 1654 3674 conjuges
1683 3607 1856 3658 vidue
1887 3616 1938 3659 et
1964 3605 2053 3659 lilii

459 3696 687 3764 orphani
728 3697 917 3751 alienis
943 3697 1182 3766 quotidie
1209 3706 1367 3767 egent
1398 3698 1645 3764 panibus.
1684 3696 1872 3752 Nonne
1900 3699 2052 3751 vide-

462 3800 547 3842 tur
575 3790 668 3843 tibi
713 3789 854 3842 istud
899 3789 1262 3843 testiinonium
1296 3789 1348 3842 in
1381 3789 1510 3858 ipsis
1554 3804 1676 3844 esse
1721 3791 2050 3858 completum

459 3885 845 3936 eotnminantis
889 3883 980 3934 Dei
1013 3893 1066 3936 et
1108 3882 1339 3935 dicentis
1365 3921 1381 3944 ,
1443 3881 1661 3934 Viduam
1702 3893 1747 3935 et
1795 3885 2053 3949 orphauos

460 3991 562 4027 non
592 3974 858 4027 vexabitis.
893 3974 1044 4039 Quod
1071 3973 1114 4025 si
1141 3975 1436 4026 removerint
1477 3990 1580 4032 eos.
1626 3986 1673 4026 et
1712 3975 2053 4040 vocifrruutes

459 4067 790 4120 clmnat'erint
815 4066 882 4117 ad
909 4083 1002 4122 me.
1039 4066 1314 4118 exaudiam
1340 4066 1756 4133 vociferationem
1785 4083 1984 4128 eorum,
2007 4077 2054 4120 ct

459 4163 657 4213 irascar
686 4161 879 4218 animo.
914 4169 959 4211 et
991 4158 1235 4226 perimam
1266 4173 1354 4211 uos
1381 4159 1576 4227 gladio,
1617 4168 1664 4212 et
1691 4168 1839 4211 erant
1865 4163 2051 4230 conju-

459 4268 546 4319 ges
576 4260 755 4304 vestrte
784 4251 967 4314 eidute,
1011 4260 1055 4305 et
1086 4251 1184 4321 ﬁlii
1214 4251 1365 4304 vestri
1387 4235 1621 4315 .orplumi
1647 4249 1854 4321 (Exod.
1909 4267 2012 4304 xxii
2035 4293 2049 4316 ,

457 4343 696 4412 '22-‘24)?
724 4343 768 4397 Ο
798 4344 1078 4412 indignum
1112 4342 1295 4396 nefas!
1335 4357 1366 4395 ο
1409 4341 1700 4395 scelestum
1749 4342 1982 4396 facinus!
2019 4360 2050 4395 ο

2168 3153 2306 3207 Deus
2340 3155 2510 3207 volens
2546 3153 2861 3217 iniquitatem
2903 3162 2956 3206 tu
2985 3169 3056 3206 cs.
3092 3152 3214 3206 Non
3251 3151 3499 3205 habitabit
3520 3157 3683 3223 juxta
3715 3167 3764 3207 te

2163 3248 2438 3314 ttt'tligtttts,
2473 3262 2631 3316 neque
2653 3245 3021 3309 permanebunt
3061 3246 3240 3313 iujusti
3263 3253 3382 3297 ante
3417 3246 3597 3299 oculos
3622 3256 3756 3298 tuos.

2165 3337 2332 3390 Odisti
2356 3355 2528 3390 omnes
2553 3337 2639 3400 qui
2667 3349 2944 3409 operantur
2982 3337 3325 3407 iniquitatem,
3354 3336 3536 3408 perdes
3581 3352 3758 3390 oman

2159 3431 2243 3498 qui
2262 3429 2538 3495 loguuntur
2568 3429 2896 3482 mendacium
2920 3427 3041 3500 (Ps.
3068 3445 3121 3494 v,
3154 3429 3294 3498 5-7).

2785 3564 3014 3621 CAPUT
3056 3565 3116 3618 V.

2160 3674 2302 3729 Hor:
2333 3691 2551 3746 pmpera
2583 3677 2728 3729 malis
2753 3678 2820 3727 at
2849 3692 3071 3747 ptenam,
3105 3677 3252 3730 bonis
3280 3676 3348 3729 ad
3393 3678 3750 3733 securitatem.

2226 3791 2331 3845 Sed
2375 3794 2505 3845 dicit
2545 3792 2760 3860 aliquis,
2793 3791 2932 3858 Quid
2977 3800 3060 3845 est
3103 3791 3245 3861 quod
3280 3791 3525 3846 videmus
3577 3794 3753 3848 bonos

2155 3898 2186 3937 e
2215 3883 2317 3936 iam
2359 3884 2536 3950 perire
2577 3897 2700 3936 cum
2747 3882 2939 3936 malis?
2970 3883 3050 3938 llli
3083 3899 3186 3938 Ιὶοιι
3215 3893 3460 3953 pereunt,
3493 3887 3592 3940 sed
3625 3902 3756 3942 eta-

2155 3976 2306 4039 dunt,
2342 3976 2431 4044 qui
2477 3975 2544 4030 de
2574 3975 2838 4029 malorum
2869 3975 3146 4029 consortio
3187 3985 3244 4030 et
3284 3978 3752 4044 persecutionibus

2158 4065 2475 4129 liberantur,
2511 4075 2563 4121 et
2596 4066 2660 4118 ad
2698 4066 2938 4134 requiem
2993 4066 3416 4120 transferuntur.
3467 4068 3548 4120 llli
3586 4070 3754 4138 plane

2157 4159 2461 4211 moriuntur
2490 4166 2544 4213 et
2571 4167 2816 4225 pereunt,
2851 4171 2990 4227 quos
3021 4158 3089 4212 de
3118 4157 3220 4211 hoc
3251 4157 3452 4211 mundo
3485 4160 3753 4214 receden-

2155 4253 2235 4300 tes
2264 4249 2481 4315 majoris
2504 4248 2880 4318 adliucjud'eii
2904 4249 3227 4316 supplicium
3247 4259 3523 4315 exapectat
3554 4258 3616 4304 et
3640 4265 3755 4319 pte-

2157 4357 2244 4394 na.
2283 4341 2553 4394 Vocantur
2580 4342 2721 4396 enim
2747 4351 2870 4396 ante
2903 4349 3113 4409 tempus
3133 4341 3284 4408 boni,
3323 4355 3388 4393 ne
3421 4340 3632 4394 dimins
3663 4357 3756 4396 ve-

458 4437 624 4490 nimia
653 4450 705 4492 et
735 4454 837 4491 non
878 4437 1097 4491 ferenda
1139 4435 1468 4491 crudelitas!
1516 4435 1630 4488 Duo
1667 4436 1964 4489 saevissima
1997 4446 2049 4488 et
2081 4414 2130 4472 Ῑ)
2160 4445 2355 4486 xenlur
2377 4449 2406 4485 a
2435 4449 2465 4486 ιι
2494 4433 2637 4498 diis;
2679 4433 2800 4486 mali
2834 4449 2962 4486 vero
2989 4443 3043 4486 et
3066 4433 3211 4502 impii
3240 4434 3520 4497 tolluntur,
3562 4450 3634 4488 ne
3658 4434 3758 4488 bo-

456 4530 792 4582 atrccissima
839 4545 946 4581 uno
986 4535 1365 4596 perpetrantur
1407 4527 1460 4581 in
1509 4536 1775 4594 tempore,
1826 4526 2050 4579 homici-

455 4622 600 4672 dium
628 4621 686 4672 lit
715 4630 774 4674 ut
794 4619 979 4688 rapina
1011 4618 1296 4682 succedat;
1330 4618 1651 4672 occiduntur
1678 4620 1878 4684 nutriti,
1907 4621 2050 4670 orci-

455 4713 658 4766 duntur
686 4721 740 4766 et
781 4722 978 4780 patres,
1025 4725 1131 4780 quo
1177 4711 1386 4764 facilius
1432 4710 1605 4763 viduae
1651 4711 1954 4778 spolientur
1995 4724 2047 4764 et

453 4803 684 4873 orphani
719 4822 734 4858 :
764 4813 815 4856 et
843 4803 914 4856 ita
942 4804 1170 4872 quisque
1198 4803 1249 4855 in
1273 4802 1492 4856 alterius
1517 4812 1690 4855 morte
1719 4803 2042 4870 congaudet.

452 4897 606 4966 quasi
632 4911 736 4949 non
760 4895 832 4949 sit
854 4897 968 4964 ipse
999 4894 1320 4965 quandoque
1353 4895 1665 4946 moriturus.
1703 4893 1893 4947 Merito
1915 4910 2043 4958 ergo

457 4991 595 5044 lieus
624 4987 930 5058 hujusmodt
961 4987 1375 5042 erudelitatibus
1406 4996 1459 5036 et
1489 4984 1852 5053 impietatibus
1894 5001 2043 5040 com-

455 5093 718 5136 movetur.
749 5082 938 5136 Merito
966 5079 1226 5150 judicium
1261 5094 1414 5132 suum
1453 5079 1502 5131 in
1530 5078 1847 5146 quibusdam
1878 5079 2040 5132 etiam

449 5186 573 5231 ante
606 5185 816 5245 tempus
858 5174 1114 5228 ostendit.
1167 5171 1354 5226 Merito
1401 5172 1506 5223 vita
1538 5171 1734 5223 talibus
1774 5185 1872 5224 nec
1905 5187 2040 5235 pne-

449 5283 575 5322 sens
606 5285 704 5322 nec
751 5268 925 5321 futura
955 5266 1290 5320 conceditur.
1343 5263 1583 5331 Quorum
1619 5280 1738 5332 nos,
1775 5279 1840 5317 ne
1869 5266 2044 5316 scele-

448 5369 593 5413 ratos
622 5367 678 5414 et
705 5361 894 5427 impios
929 5361 980 5412 in
1011 5358 1259 5428 prxsenti
1293 5358 1452 5412 etiam
1497 5354 1592 5411 Dei
1616 5355 1878 5425 judicium
1911 5371 2035 5410 eta-

444 5451 574 5522 tlerc
605 5467 762 5520 posse
788 5451 1183 5516 existimemus,
1219 5447 1574 5504 admonemur
1613 5447 1888 5517 exemplo.

515 5643 542 5673 ⁸
587 5633 707 5689 i‘ro.
737 5636 1004 5701 spectavit.

2158 4542 2255 4578 nos
2288 4526 2488 4579 diutius
2522 4536 2934 4595 persequantur.
2976 4525 3115 4581 Justi
3159 4530 3225 4579 de
3256 4526 3545 4594 pressistis,
3580 4528 3756 4580 tribuo

2157 4617 2446 4671 latinnilms
2479 4629 2534 4672 et
2580 4617 2843 4686 angusuis
2867 4630 3132 4670 vocantur
3174 4621 3237 4669 ad
3281 4620 3544 4687 requiem,
3600 4621 3753 4690 impii

2154 4725 2290 4763 vero
2319 4710 2386 4764 de
2428 4711 2657 4763 luxuriis
2683 4719 2737 4764 et
2782 4710 2974 4777 Opibus
3014 4718 3068 4762 et
3096 4709 3304 4763 deliciis
3348 4711 3640 4774 rapiuntur
3687 4716 3754 4763 a.t

2155 4802 2491 4870 pinnamJtli
2516 4803 2657 4856 enim
2686 4802 2972 4857 vaduntut
2994 4801 3258 4869 jttdicent.
3295 4803 3378 4854 isti
3411 4816 3463 4854 Ill
3491 4803 3758 4868 judicen-

2150 4906 2262 4960 tnr;
2299 4896 2372 4948 illi
2407 4906 2460 4948 ιιι
2485 4895 2856 4957 vindicentur,
2887 4896 2972 4948 isti
3009 4905 3065 4948 ut
3096 4895 3146 4946 in
3186 4908 3282 4948 eos
3329 4893 3572 4946 vindicta
3607 4898 3756 4949 cclc-

2147 4989 2350 5050 lu‘utut‘,
2398 4989 2824 5058 sicutscriptum
2871 4998 2954 5043 est
2993 5007 3003 5040 :
3047 4987 3229 5043 Justus
3277 4997 3446 5040 autem
3493 4989 3541 5041 si
3589 5001 3757 5044 morae

2145 5089 2533 5146 prwoccupatus
2559 5079 2734 5150 fuerit,
2770 5081 2823 5133 in
2853 5081 3120 5150 refrigerio
3147 5081 3242 5133 erit
3277 5077 3434 5148 (Sap.
3458 5095 3528 5140 tv,
3565 5080 3652 5148 7).
3687 5083 3754 5136 Et

2144 5171 2334 5224 iterum
2367 5189 2378 5223 :
2425 5170 2605 5224 Vivens
2629 5172 2759 5224 inter
2789 5183 3080 5244 percolat-es
3120 5171 3398 5224 translatus
3427 5180 3499 5222 est
3533 5167 3749 5236 (Ibid.,

2149 5266 2257 5331 ιιι).
2297 5267 2358 5318 lit
2388 5265 2579 5318 iterum
2609 5281 2622 5319 :
2659 5262 2864 5318 Placita
2893 5264 3026 5318 enim
3049 5273 3158 5317 erat
3199 5261 3308 5316 Deo
3338 5262 3510 5314 animo
3536 5265 3678 5332 ejus,
3698 5273 3748 5316 et

2142 5357 2258 5410 ideo
2291 5357 2580 5428 properauit
2611 5355 2674 5409 de
2702 5357 2866 5410 medio
2896 5355 3182 5427 iniquitatis
3213 5356 3408 5423 eripere
3429 5369 3542 5408 eum
3568 5355 3744 5421 (Ibid.

2147 5446 2263 5520 it.)
2300 5449 2361 5503 Et
2389 5449 2580 5505 iterum
2612 5466 2626 5502 ε
2666 5448 2792 5502 Cum
2812 5447 2984 5518 impiis
3014 5449 3110 5502 iter
3146 5449 3215 5504 ad
3244 5457 3454 5504 mortem
3467 5459 3491 5510 ,‘
3521 5443 3608 5497 ἰδἰὶ
3643 5461 3744 5496 ακ-
