3970 6180
278 311 376 369 589

273 529 466 574 hostem
494 516 918 588 corporisjustis
939 522 994 570 et
1018 515 1112 569 Dei
1140 514 1435 570 cultoribus
1454 516 1847 584 requiemesse,

270 627 369 668 non
396 626 644 680 pinnam;
670 620 725 665 et
751 626 871 664 cum
902 609 1289 674 dissolvuntur,
1319 608 1534 663 liberari
1557 623 1652 663 eos
1678 609 1852 678 potius

266 724 414 777 quam
444 709 645 776 perire.
679 705 750 760 Et
778 705 981 760 idcirco
1025 705 1193 771 ipsam
1237 704 1562 758 solutionem
1595 705 1683 772 qui
1718 703 1852 756 fide-

264 801 336 855 les
361 811 483 854 sunt
511 814 615 853 nec
649 798 841 852 timent
875 812 975 851 nec
1004 805 1279 862 verentur,
1326 795 1421 849 sed
1468 796 1652 848 venire
1681 794 1850 865 magis

261 891 568 945 desiderant
599 900 653 944 et
686 899 711 926 ι
742 896 1022 955 exoptant,
1057 903 1154 957 per
1180 903 1336 956 quam
1367 887 1468 941 sibi
1507 887 1743 956 requiem
1770 890 1849 942 in-

261 984 503 1053 tclligunt
534 982 810 1047 exhiberi,
840 997 947 1034 non
980 994 1220 1050 pinnam.
1253 979 1420 1049 Iniqui
1460 995 1590 1034 vero
1617 989 1670 1034 et
1700 980 1847 1049 impii

258 1087 307 1132 et
330 1093 556 1131 suorum
584 1075 858 1130 scelerum
881 1074 1084 1129 conscii
1110 1089 1226 1128 eam
1250 1073 1440 1128 merito
1463 1071 1695 1126 naturali
1723 1089 1846 1142 pro-

257 1168 491 1222 videntia
519 1168 932 1235 pertimescunt,
963 1181 1061 1235 per
1088 1181 1248 1232 quam
1274 1181 1334 1219 se
1358 1179 1462 1218 n0n
1493 1165 1739 1219 nesciunt
1763 1165 1850 1233 ju-

254 1263 442 1318 dicari.
475 1261 823 1331 Quapropter
869 1260 970 1314 hac
1008 1259 1217 1312 ratione
1245 1257 1457 1312 reddita
1504 1266 1558 1311 et
1604 1268 1844 1325 accepta,

256 1374 354 1410 non
378 1364 600 1424 oportet
631 1369 730 1408 nos
755 1352 976 1417 omnino
998 1366 1244 1421 peccare,
1273 1350 1571 1420 praesertim
1594 1365 1715 1404 cum
1742 1367 1844 1403 non

256 1451 569 1512 ignoremus
587 1442 966 1515 peccatoribus
988 1443 1248 1513 judicium
1275 1453 1328 1497 et
1353 1441 1405 1496 in
1425 1443 1677 1512 praesenti
1705 1455 1843 1507 esse,

252 1552 297 1593 et
333 1541 383 1592 in
419 1538 607 1593 futuro
635 1535 861 1592 servari.

870 1624 1098 1682 CAPUT
1138 1625 1228 1679 Vl.

254 1720 571 1774 ludecorum
605 1729 677 1773 est
718 1716 1000 1772 Christiani
1027 1734 1211 1771 nomen
1245 1716 1342 1770 sibi
1367 1732 1610 1788 arrogare
1635 1717 1744 1770 sine
1769 1732 1840 1769 re.

1293 306 1382 363 ΒΞ
1425 307 1582 363 VITA
1620 304 2029 362 CHRISTMNA
2073 307 2276 363 LIBER
2319 306 2518 365 UNUS.

274 439 364 481 tam
401 435 518 481 sunt
547 428 600 481 in
627 441 751 492 pace
772 421 932 493 (Sep.
959 439 1046 488 ιιι,
1072 423 1152 490 5).
1185 423 1346 478 Vides
1375 439 1504 493 ergo
1529 423 1666 480 hanc
1705 424 1849 477 solu-
1880 428 1926 483 Α

3445 309 3551 367 δυο

2553 426 2781 484 CAPUT
2836 429 2920 484 \‘ll

1961 517 2097 572 Deus
2123 534 2327 587 semper
2354 519 2561 590 justitia
2595 531 2828 592 plut-ritus
2859 522 2981 592 fuit,
3011 531 3058 574 et
3087 522 3342 592 injuslitia
3379 521 3547 590 oﬁen-

2700 609 2806 645 sus.

2025 701 2130 759 Sed
2164 717 2231 757 ne
2260 719 2345 757 me
2376 720 2440 757 ex
2470 718 2629 758 sensu
2667 704 2886 772 proprio
2917 704 3064 775 loqui
3102 706 3224 776 quis
3251 704 3546 760 arbitretur

1952 803 2044 848 aut
2069 796 2271 859 credat,
2302 806 2394 848 aut
2419 812 2539 850 eum
2575 805 2722 864 putet
2758 811 2817 850 se
2850 796 3006 852 facile
3038 814 3198 867 posse
3233 810 3548 854 contemne-

1953 903 2040 952 re,
2075 889 2214 956 quod
2244 904 2337 941 sua
2373 888 2551 954 potius
2575 888 2852 942 Voluntatc
2884 904 3040 957 quam
3067 889 3201 958 legis
3223 900 3546 944 auctoritate

1953 975 2004 1031 lo
2028 987 2228 1044 ,uatur;
2253 978 2362 1047 jam
2395 995 2534 1032 nunc
2561 978 2729 1045 ipsius
2760 979 2914 1048 legis,
2943 980 3095 1046 cujus
3120 981 3405 1049 prmceptis
3438 996 3534 1033 no-

1955 1067 2033 1120 bis
2082 1069 2204 1121 vita:
2256 1068 2437 1122 aditus
2486 1070 2744 1137 apt-ritur,
2790 1077 2897 1122 tam
2935 1070 3133 1123 veteris
3181 1085 3340 1138 quam
3391 1085 3546 1125 novre

1951 1159 2199 1228 incipiam
2226 1161 2473 1229 exempla
2517 1159 2782 1229 proferre,
2814 1172 2871 1215 et
2909 1161 3201 1215 ostendere
3243 1163 3367 1230 quid
3405 1163 3542 1216 Deus

1951 1253 2018 1306 ab
2051 1252 2202 1306 initio
2232 1249 2451 1306 dstatus
2496 1253 2681 1306 mundi
2730 1253 2965 1306 humano
3018 1254 3206 1323 generi
3255 1253 3545 1307 observare

1949 1349 2290 1416 praeceperit,
2324 1347 2375 1400 in
2407 1363 2514 1416 quo
2544 1363 2761 1415 semper
2797 1349 3039 1416 placatus
3072 1348 3231 1402 fuerit
3263 1347 3343 1401 vel
3376 1346 3544 1401 offen-

1950 1453 2062 1492 sus.
2095 1438 2238 1506 Lego
2270 1441 2412 1492 enim
2449 1450 2568 1508 post
2612 1440 2804 1504 Adam,
2849 1441 2938 1509 qui
2971 1455 3000 1493 a
3043 1441 3151 1494 Dco
3185 1440 3386 1509 pritntts
3437 1439 3542 1490 for-

1951 1543 2128 1585 matus
2161 1541 2244 1586 est
2280 1530 2432 1602 (Gen.
2478 1549 2525 1600 ι,
2553 1533 2670 1600 27),
2709 1534 2775 1586 de
2810 1537 2964 1600 cujus
2996 1549 3159 1587 causa
3193 1551 3332 1586 nunc
3359 1533 3542 1586 dicen-

1947 1623 2073 1677 dum
2102 1639 2204 1675 non
2236 1633 2338 1687 est,
2368 1624 2418 1675 in
2450 1624 2672 1677 evnrdio
2702 1624 2883 1677 mundi
2917 1625 3046 1677 Cain
3090 1633 3145 1677 et
3175 1622 3305 1678 Abel
3343 1621 3539 1675 fratres

1950 1715 2113 1769 fuisse
2154 1731 2444 1783 germanos
2475 1714 2627 1784 (Gen.
2661 1731 2730 1779 tv,
2774 1718 2792 1770 l
2841 1721 2973 1788 seq.)
3011 1733 3024 1769 :
3073 1731 3103 1769 e
3149 1716 3344 1784 quibus
3401 1731 3540 1767 unus

326 1812 435 1866 Nec
461 1813 515 1865 in
552 1810 654 1865 huc
679 1811 836 1864 nobis
879 1809 1095 1863 nomine
1126 1817 1355 1874 tantum,
1389 1809 1529 1876 quod
1555 1807 1840 1862 Christiani
1880 1796 1919 1854 Β
1949 1807 2057 1861 Deo
2084 1807 2303 1875 piat-uit,
2338 1822 2404 1861 eo
2437 1807 2577 1876 quod
2607 1809 2868 1861 innocens
2903 1819 3050 1862 esset
3080 1816 3134 1862 et
3159 1807 3366 1875 justus:
3401 1807 3541 1858 alter

252 1904 511 1965 dicimur,
544 1901 911 1965 blandiantur,
945 1901 1038 1956 sed
1073 1915 1292 1974 propter
1321 1899 1423 1955 hoc
1452 1901 1614 1955 etiam
1641 1916 1737 1955 nos
1761 1901 1842 1968 ju-

249 1996 508 2048 dicaudos
543 1993 847 2058 credamus,
877 1994 922 2047 si
957 2008 1153 2047 nomen
1185 1992 1338 2046 nobis
1379 1993 1575 2045 frustra
1605 1991 1844 2045 vindice-

249 2103 290 2138 ιιι
305 2102 368 2139 us
398 2087 664 2140 alienum.
697 2086 804 2139 Aut
827 2084 873 2139 si
901 2083 1095 2152 aliquis
1120 2093 1228 2137 tam
1255 2083 1572 2138 incredulus
1601 2091 1703 2143 est.
1738 2093 1844 2136 tam

250 2176 510 2241 infidelis,
547 2185 654 2228 tam
693 2175 963 2244 pertinax,
997 2182 1103 2228 tam
1145 2175 1474 2240 obstinatus,
1509 2182 1613 2228 tam
1645 2176 1842 2241 audax,

251 2281 308 2323 ut
362 2286 484 2338 quae
515 2269 840 2338 quandoque
873 2276 1093 2320 ventura
1127 2276 1229 2331 est,
1273 2265 1300 2304 b
1332 2266 1424 2320 Dei
1467 2265 1670 2334 judicis
1710 2270 1843 2320 iram

251 2361 800 2432 indignationemque
830 2376 934 2414 non
955 2369 1178 2416 metuat.
1197 2359 1279 2413 vel
1300 2359 1588 2412 humanam
1616 2374 1846 2413 consue-

247 2455 494 2509 tudinem
528 2454 840 2518 erubescat;
869 2463 921 2507 et
948 2451 1127 2506 videat
1155 2467 1314 2520 quam
1345 2452 1551 2514 brutus,
1578 2467 1736 2522 quam
1764 2454 1848 2506 in-

246 2547 452 2615 sipiens
481 2547 794 2614 ille,,quam
827 2544 1021 2598 stultus
1047 2545 1114 2598 ab
1136 2543 1266 2610 ipsis
1289 2546 1453 2598 etiam
1487 2544 1735 2614 gentibus
1755 2545 1842 2613 ju-

247 2641 482 2703 dicetur,
518 2640 674 2706 enjus
710 2648 856 2690 tanta
887 2647 971 2692 est
1000 2638 1213 2690 vanitas
1261 2646 1515 2704 tantaque
1546 2636 1841 2701 dementia,

247 2743 308 2788 ut
335 2733 438 2787 sibi
472 2748 671 2788 nomen
711 2733 1039 2800 adipiscatur
1068 2731 1324 2784 alienum.
1369 2730 1501 2797 Quis
1541 2731 1684 2784 enim
1735 2739 1843 2783 tam

248 2839 418 2876 vanus
448 2832 506 2877 et
537 2823 704 2877 miser
735 2830 841 2888 est,
875 2821 966 2889 qui
995 2821 1338 2882 advocatum,
1367 2836 1486 2874 cum
1519 2819 1724 2875 litteras
1754 2837 1848 2874 ne-

248 2914 375 2980 scit,
400 2915 600 2968 audeat
631 2913 911 2982 profiteri?
957 2912 1088 2980 Quis
1122 2921 1226 2966 tam
1272 2914 1493 2966 insanus
1525 2920 1580 2965 et
1624 2925 1842 2974 excors,

250 3013 313 3059 ut
337 3006 660 3075 profiteatur
699 3004 950 3068 militem,
1003 3005 1090 3071 qui
1143 3003 1349 3058 nesciat
1391 3018 1541 3055 arma
1588 3001 1847 3070 gesture?

250 3095 426 3152 Nemo
452 3096 596 3150 enim
626 3096 1007 3164 quodcumque
1039 3110 1232 3148 nomen
1264 3096 1380 3148 sine
1406 3108 1566 3147 causa
1597 3100 1842 3145 sortitur.

253 3188 418 3244 Sutor
455 3197 515 3241 ut
544 3187 790 3251 dicatur,
827 3199 1050 3246 necesse
1075 3196 1154 3238 est
1188 3194 1244 3236 ut
1275 3184 1640 3238 calceamenta
1673 3184 1841 3235 contio
1874 3168 1916 3230 C

257 3281 392 3345 ciat;
425 3289 486 3334 ut
515 3288 737 3332 vocetur
763 3277 882 3346 quis
911 3275 1060 3331 faber
1096 3288 1187 3330 aut
1226 3275 1446 3340 artifex,
1490 3275 1624 3328 artis
1657 3274 1846 3342 peritia

263 3372 425 3436 facit;
467 3380 530 3425 ut
573 3370 851 3440 negotians
898 3379 1239 3436 nuncupetur
1281 3368 1424 3437 quis,
1494 3365 1677 3421 carius
1707 3367 1848 3435 quod

264 3465 423 3520 vilius
450 3474 663 3518 emerat
705 3461 979 3516 distrahit.
1031 3461 1352 3530 llujusmodi
1399 3460 1542 3516 enim
1587 3461 1852 3530 exmnplis

263 3557 603 3624 agnoscimus
636 3555 839 3609 nullum
882 3555 1001 3610 sine
1031 3564 1153 3608 actu
1187 3568 1408 3620 nomen,
1455 3553 1548 3606 sed
1581 3568 1741 3606 omne
1788 3568 1849 3606 ex

263 3659 381 3704 actu
411 3664 633 3704 nomen.
667 3648 744 3702 Tu
779 3663 908 3716 ergo
943 3647 1215 3718 quomodo
1245 3644 1590 3700 Christianus
1628 3645 1850 3712 diceris,

269 3744 315 3793 in
347 3758 455 3811 quo
488 3742 666 3794 nullus
695 3740 987 3793 Christiani
1014 3748 1197 3800 actus,
1235 3734 1578 3791 ChriStiauus
1603 3733 1852 3804 justitize,

271 3833 547 3895 bonitatis,
586 3830 935 3901 integritatis,
980 3830 1276 3897 patientiae,
1307 3828 1593 3894 castitatis,
1626 3827 1860 3895 pruden—

274 3930 378 3990 ιὶειδ,
415 3937 437 3965 ε
472 3926 815 3992 humilitatis,
847 3924 1213 3982 humanitatis,
1251 3921 1597 3986 inuocentim,
1645 3919 1859 3988 pietatis

273 4029 351 4073 est
382 4035 580 4074 nomen
618 4037 629 4072 :
667 4029 721 4072 et
769 4030 821 4071 tit
871 4016 1001 4071 illud
1048 4016 1141 4070 tibi
1189 4016 1464 4085 quomodo
1513 4011 1757 4067 defendis
1806 4021 1862 4064 et

277 4113 533 4175 vindicas,
568 4111 657 4166 cui
683 4112 750 4166 de
787 4122 892 4165 tam
930 4111 1176 4176 plurimis
1218 4110 1378 4165 rebus
1409 4123 1506 4163 nec
1535 4122 1705 4177 pauca
1735 4106 1865 4160 sub-

275 4207 502 4261 sistunt?
529 4205 870 4260 Christianus
896 4205 988 4258 ille
1009 4213 1112 4272 est,
1140 4204 1226 4273 qui
1259 4219 1363 4256 non
1392 4201 1608 4256 nomine
1631 4209 1859 4264 tantum,

277 4299 362 4352 Sed
395 4315 561 4363 opere
585 4308 699 4364 est;
735 4298 828 4353 ille
849 4299 937 4367 qui
967 4295 1239 4356 Christtun
1271 4298 1321 4350 in
1347 4297 1597 4349 omnibus
1624 4294 1864 4348 imitatur

281 4400 333 4444 et
360 4394 631 4460 sequitur;
656 4391 747 4460 qui
780 4399 1024 4458 sanctus,
1059 4391 1347 4455 innocens,
1385 4389 1860 4453 incontaminattts,

284 4481 513 4536 intactus
539 4491 654 4536 est:
687 4480 845 4549 cujus
878 4481 928 4534 in
968 4489 1186 4550 pectore
1224 4479 1422 4533 malitia
1458 4495 1561 4532 non
1596 4479 1756 4533 habet
1789 4479 1867 4532 lo-

1948 1917 2099 1962 vero,
2133 1902 2256 1970 quia
2297 1901 2531 1970 injusnis
2563 1913 2615 1954 et
2647 1916 2869 1961 nocens.
2915 1901 3025 1956 Deo
3058 1901 3270 1969 plectere
3309 1916 3414 1952 non
3449 1913 3541 1966 po-

1950 1993 2068 2046 tuit.
2113 1993 2316 2045 Deinde
2359 1993 2754 2046 interveniente
2788 2004 3052 2060 tempore,
3086 1991 3266 2044 Enoch
3300 1991 3432 2043 Satis
3459 1990 3540 2058 ju-

1947 2091 2088 2136 stum
2113 2081 2280 2136 fuisse
2310 2081 2589 2151 Scriptura
2623 2083 2871 2151 designat
2901 2078 3052 2150 (Gen.
3085 2095 3134 2137 ν,
3167 2079 3241 2134 22
3263 2077 3416 2147 θείῃ),
3450 2079 3537 2132 cui

1950 2183 2154 2228 tantum
2182 2173 2390 2242 justitia
2433 2173 2683 2242 contulit,
2725 2182 2783 2226 ut
2820 2187 2920 2226 nec
2952 2181 3270 2239 praesentem
3309 2178 3535 2224 mortem

1949 2267 2132 2334 sciret,
2165 2268 2260 2322 sed
2292 2277 2347 2322 et
2377 2268 2440 2320 ad
2481 2266 2946 2322 immortalitatem
2979 2265 3045 2318 de
3080 2263 3258 2319 medio
3295 2264 3533 2316 omnium

1951 2359 2256 2413 mortalium
2289 2359 2636 2428 singulaiiter
2667 2365 2966 2425 raperetur.
3011 2355 3174 2423 Cujus
3207 2363 3538 2408 moastratur

1948 2453 2218 2520 exemplo,
2271 2466 2435 2504 unum
2480 2450 2590 2503 Deo
2629 2449 2830 2517 justum
2877 2446 3123 2516 plurimis
3169 2443 3540 2513 peccatoribus

1949 2541 2274 2596 chariorem.
2316 2542 2431 2595 Noe
2461 2554 2674 2609 quoque
2704 2547 2758 2593 et
2784 2539 2873 2593 ille
2918 2539 3095 2606 justus
3136 2535 3291 2605 (Gen.
3341 2551 3425 2602 VI,
3461 2532 3535 2606 9).

1948 2636 2286 2704 cuijustitim
2318 2637 2568 2689 meritum
2619 2633 2749 2702 quid
2810 2631 3123 2701 praestiterit
3173 2634 3440 2692 novimus,
3486 2637 3542 2680 ut

1949 2725 2048 2792 ipsi
2080 2742 2202 2780 cum
2236 2727 2351 2778 suis
2377 2735 2580 2778 tantum
2612 2727 2717 2777 vita
2751 2722 2995 2787 dut‘t‘llll‘,
3026 2736 3121 2786 per
3145 2719 3401 2771 diluvium
3431 2730 3542 2770 toto

1950 2816 2150 2869 mundo
2181 2825 2456 2870 damnato.
2486 2815 2758 2869 Abraham
2787 2812 2912 2881 quid
2961 2828 3054 2878 per
3087 2809 3209 2861 fidei
3239 2822 3285 2861 et
3317 2807 3541 2875 justitia:

1951 2908 2202 2962 meritum
2234 2918 2554 2961 consecutus
2588 2907 2653 2957 sit
2687 2905 2964 2972 Scriptura
3004 2908 3231 2953 testatur
3264 2896 3418 2969 (Gen.
3447 2914 3538 2963 xv,

1949 2998 2004 3062 5,
2033 2999 2113 3064 6),
2149 3009 2203 3050 ut
2238 2999 2327 3050 illo
2370 2999 2420 3050 in
2459 3008 2701 3062 tempore
2751 2995 2901 3048 solus
2948 3007 3160 3045 anni-us
3192 2991 3284 3044 Dei
3314 2999 3456 3042 esset
3489 2990 3539 3041 in

1951 3092 2128 3154 terris,
2162 3091 2248 3158 qni
2303 3089 2452 3141 solus
2501 3085 2878 3154 {UCl‘at‘iUsUIS
2925 3087 3195 3136 inventus.
3232 3080 3366 3134 Loth
3415 3093 3544 3132 vero

1953 3181 2104 3254 (Gen.
2140 3197 2249 3246 χιχ,
2287 3179 2375 3250 1‘2.)
2419 3189 2474 3234 ut
2503 3177 2856 3248 pereuntibus
2884 3177 3094 3228 cunctis
3128 3175 3195 3226 de
3237 3169 3542 3222 Sodomita-

1954 3289 2071 3328 rum
2113 3273 2443 3326 liberaretur
2487 3269 2756 3334 incendio,
2791 3266 2916 3334 qu‘d
2947 3265 3093 3320 aliud
3123 3279 3285 3332 quam
3315 3260 3542 3329 justitia!

1956 3366 2203 3419 meritum
2250 3363 2385 3416 fuit?
2418 3362 2659 3429 Longum
2692 3371 2771 3413 est
2803 3375 2901 3414 nos
2955 3360 3031 3411 ire
3063 3371 3157 3427 per
3200 3351 3466 3421 sitia-ulos,
3492 3363 3546 3406 et

1956 3457 2194 3509 omnium
2232 3455 2427 3510 inet-ita
2459 3467 2768 3509 recensere.

2551 3567 2775 3622 CAPUT
2817 3564 2948 3619 Vill.

1961 3662 2225 3718 Israelita:
2246 3663 2360 3717 ideo
2383 3662 2555 3740 multis
2589 3661 2803 3740 miseriis
2826 3657 3000 3727 nﬂlixit
3036 3655 3194 3720 Deus,
3215 3661 3271 3709 ut
3296 3653 3366 3707 ad
3392 3669 3548 3724 opera

2493 3731 2692 3800 pietatis
2723 3731 3016 3782 instrueret.

2033 3825 2292 3894 Populum
2323 3823 2627 3887 Iudaicum,
2656 3835 2815 3888 quem
2861 3819 2925 3870 ad
2971 3833 3029 3871 se
3057 3816 3198 3869 Deus
3222 3814 3452 3885 primum
3482 3830 3546 3869 ex

1961 3916 2168 3968 semine
2223 3913 2495 3966 Abraham
2556 3926 2666 3980 pra:
2718 3909 2928 3963 cteteris
2970 3906 3229 3978 gentibus
3281 3905 3551 3974 peitinere

1962 4007 2191 4075 Optavit,
2224 4004 2494 4072 quomodo
2527 4002 2806 4066 erudierit,
2839 3999 2965 4070 quid
2996 4016 3142 4063 eum,
3183 4009 3240 4052 ut
3285 3996 3389 4051 sibi
3440 3997 3551 4062 pla-

1963 4110 2133 4165 ceret,
2161 4100 2359 4165 facere,
2385 4096 2511 4167 quid
2545 4096 2838 4150 observare
2879 4093 3224 4162 perceperit,
3267 4093 3410 4145 scire
3452 4104 3550 4142 nus

1964 4195 2236 4246 convenit.
2263 4190 2446 4245 Primo
2484 4188 2538 4242 in
2574 4188 2718 4250 loco,
2749 4186 2888 4256 quod
2918 4184 3179 4238 derelicta
3230 4183 3453 4252 regione
3501 4185 3552 4235 in

1964 4299 2068 4355 qua
2112 4283 2354 4336 habitare
2382 4296 2597 4348 semper
2638 4287 2939 4347 optaverat,
2988 4277 3261 4346 patriaque
3316 4273 3554 4336 deserta,

1967 4379 2020 4432 in
2046 4377 2274 4431 alienam
2306 4373 2665 4445 provinciam,
2700 4375 2802 4424 hoc
2831 4379 2938 4433 est,
2977 4370 3027 4420 in
3062 4365 3357 4436 Egyjitutu
3394 4374 3417 4401 °
3449 4365 3551 4417 mi-

1968 4488 2124 4542 grare
2153 4471 2302 4532 fecit,
2338 4486 2442 4522 non
2477 4469 2594 4520 sine
2615 4479 2776 4519 causa
2815 4477 2914 4515 nec
2940 4462 3060 4515 sine
3093 4458 3185 4511 Dei
3219 4457 3556 4526 providentia

284 4590 420 4637 cuin,
450 4574 607 4643 cujus
648 4574 700 4628 in
735 4583 954 4642 pectore
985 4573 1099 4627 sola
1142 4574 1310 4643 pietas
1339 4573 1588 4628 consistit
1625 4584 1675 4627 et
1706 4572 1864 4627 boni-
1895 4549 1942 4607 Ῐ)
1971 4565 2172 4619 factum
2206 4577 2328 4617 esse
2367 4576 2517 4615 reor.
2548 4557 2654 4614 Sed
2689 4555 2829 4609 hanc
2859 4552 3024 4607 fuisﬁe
3062 4557 3194 4621 puto
3242 4548 3510 4602 τθιῖοιιυιῑὶ
3548 4563 3562 4598 ε

287 4675 390 4729 tas;
420 4667 514 4733 qui
550 4666 824 4719 neminem
867 4665 1015 4719 novit
1042 4679 1238 4720 nocere
1263 4666 1344 4718 vel
1373 4664 1594 4728 laedere,
1629 4664 1721 4717 sed
1752 4679 1868 4717 om-

289 4758 434 4810 nibus
461 4771 620 4826 opem
646 4754 810 4810 ferre.
843 4756 1182 4810 Christianus
1220 4756 1314 4810 ille
1360 4764 1464 4816 est,
1497 4756 1586 4824 qui
1617 4755 1866 4822 exemplo

289 4846 482 4902 Christi
525 4864 626 4903 nec
665 4849 914 4903 inimicos
945 4849 1097 4903 novit
1120 4847 1432 4906 odisse,sed
1466 4847 1637 4916 magis
1683 4847 1869 4900 adwr-

292 4942 526 4997 santibus
557 4942 658 4998 sibi
689 4941 1036 5006 benefacere,
1077 4948 1133 4996 et
1171 4955 1270 5009 pro
1297 4940 1733 5009 per~ecutoribus
1757 4942 1871 4993 suis

296 5045 344 5084 et
381 5034 626 5088 hostibus
655 5048 884 5088 exorare
916 5050 930 5088 :
975 5049 1097 5086 nam
1142 5041 1196 5086 et
1231 5029 1472 5100 quisquis
1523 5030 1755 5099 aliquem
1788 5031 1879 5084 lae-

299 5125 423 5180 dere
450 5135 544 5180 aut
573 5141 770 5182 nocere
822 5134 1038 5196 paratus
1092 5135 1193 5186 est,
1229 5126 1319 5180 ille
1373 5125 1636 5179 mentitur
1670 5139 1729 5177 se
1759 5138 1881 5178 esse

304 5218 682 5273 Christianum.
725 5217 1062 5274 Christianus
1091 5227 1192 5282 est,
1241 5218 1329 5286 qui
1366 5225 1540 5283 potest
1567 5216 1708 5284 ju-ta
1749 5231 1882 5271 voce

301 5307 824 5368 dicerezNeminem
856 5311 1012 5366 nocui
1067 5309 1370 5374 hominum,
1411 5309 1554 5378 justc
1606 5309 1708 5364 vixi
1758 5325 1880 5364 cum

303 5401 562 5457 omnibus.

373 5563 398 5626 ξι
441 5555 563 5610 Mss.
597 5565 740 5617 tres.
775 5565 1087 5626 exspectant.

375 5624 400 5663 δ
444 5626 603 5681 Abest
633 5642 733 5680 vox
769 5624 913 5681 Dei'a
939 5640 1066 5680 mss.

381 5707 401 5734 ε
448 5697 601 5752 Deest
635 5699 838 5752 inmss.
874 5713 973 5750 vox
1008 5695 1325 5750 humilitatis.

376 5763 402 5803 ἀ
443 5768 530 5823 Sic
559 5769 796 5825 uctiores
829 5784 958 5824 mss.
989 5771 1053 5820 At
1081 5767 1232 5821 editi.
1267 5769 1455 5822 statim.

1971 4659 2096 4730 quia
2127 4659 2264 4710 Deus
2299 4653 2555 4724 populum
2581 4664 2738 4704 suum
2784 4661 2941 4716 quem
2981 4644 3222 4711 elegerat
3255 4639 3301 4705 ί,
3345 4637 3558 4692 iniseri-

1972 4729 2196 4816 cordiae,
2221 4747 2461 4819 pietatis,
2492 4743 2735 4814 justitize,
2767 4738 3089 4805 caaterisque
3118 4734 3274 4788 bonis
3305 4729 3560 4801 operibus

1972 4845 2196 4911 cupiens
2235 4841 2473 4906 erudire,
2526 4837 2697 4891 voluit
2750 4848 2869 4888 eum
2921 4833 2972 4885 in
3001 4839 3191 4884 extera
3245 4828 3414 4897 patria
3464 4838 3560 4892 pro

1975 4947 2220 5005 tempore
2251 4949 2374 4987 esse
2398 4929 2738 5000 peregrinum
2772 4933 2826 4979 et
2854 4925 3151 4992 captivum,
3185 4928 3242 4972 ut
3283 4917 3565 4985 captivita-

1983 5030 2051 5082 tis
2079 5037 2132 5080 et
2159 5023 2607 5096 peregrinationis
2657 5020 2927 5073 miseriam
2958 5013 3194 5068 disceret
3234 5021 3287 5065 et
3332 5009 3563 5074 laboris;

1983 5137 2092 5191 qno
2116 5119 2325 5174 facilius
2355 5114 2692 5184 p0>llll0tilﬂll
2728 5107 2974 5163 misereri
3021 5102 3490 5175 peregrinantibus
3512 5113 3563 5154 et

1988 5209 2357 5268 laborantibus
2387 5213 2590 5265 nosset,
2623 5204 2666 5257 si
2698 5204 2813 5269 ipse
2836 5208 2960 5252 ante
2985 5192 3436 5264 peregrinationis
3468 5192 3569 5246 mi-

1985 5305 2155 5360 serias
2185 5301 2482 5356 didicisset.
2513 5295 2681 5350 Nemo
2710 5292 2855 5346 enim
2889 5289 3173 5359 peregrino
3205 5294 3309 5338 tam
3341 5284 3572 5338 libenter

1991 5398 2276 5453 miseretur
2301 5401 2354 5447 et
2385 5390 2630 5453 adveuzn,
2665 5385 2764 5439 nisi
2796 5383 2885 5453 qui
2923 5376 3367 5452 peregrinationis
3396 5377 3574 5430 exitus

2061 5557 2084 5586 °
2136 5547 2304 5602 Abest
2333 5559 2361 5598 a
2404 5540 2704 5608 potioribus
2752 5551 2882 5592 mss.
2929 5534 3171 5605 migrare,
3234 5547 3330 5604 pro
3360 5547 3465 5604 quo
3523 5533 3574 5585 in

1993 5617 2225 5676 Sorbnn.
2255 5617 2358 5678 ire,
2392 5605 2530 5680 apud
2563 5605 2808 5667 Holsten.
2840 5609 2955 5662 iter.

2073 5687 2092 5729 τ
2131 5689 2224 5745 Sic
2255 5674 2497 5742 Holsten.
2529 5693 2695 5738 recte.
2732 5682 2894 5735 Abest
2924 5693 3020 5731 vox
3050 5694 3199 5749 quem
3232 5677 3283 5730 in
3307 5675 3439 5729 edit.
3473 5674 3568 5728 su.
