3970 6180
416 163 514 223 "5'4!

1448 161 1533 216 ΡΑ
1544 162 1739 217 S'l'lDll
1783 157 2222 216 BRlTANNORU
2235 158 2278 211 ιι
2324 157 2628 214 EPISCOPI

3591 169 3689 224 59?.

419 279 587 333 novit.
615 276 782 330 Nemo
823 275 900 329 sic
945 274 1210 342 hospitem
1243 282 1296 328 et
1333 273 1449 328 sine
1483 283 1645 341 tecto,
1691 290 1794 328 suo
1832 276 2002 328 intro-
2031 279 2074 334 Α
2108 291 2266 343 quam
2316 273 2705 343 Prophetarum
2754 287 3003 332 constare
3049 287 3398 348 praeceptum,
3451 291 3506 336 et
3545 281 3684 338 illum

420 370 566 426 ducit
595 369 851 437 IwSpitio,
887 367 988 420 nisi
1017 373 1075 418 ut
1117 364 1205 434 qui
1238 375 1367 419 ante
1399 364 1627 434 iudiguit
1667 365 1866 421 alieno.
1901 365 2005 420 Ne-

417 478 504 518 mo
536 463 608 516 ita
639 461 966 515 esurientem
999 458 1161 519 cibat,
1211 473 1370 511 nemo
1412 460 1490 512 sic
1523 458 1796 513 sitientem
1827 469 1997 528 potat,

417 554 519 607 nisi
574 563 629 604 ut
669 552 758 620 qui
804 552 950 604 sitim
999 550 1344 619 esuricinque
1375 564 1665 618 perpessus
1703 559 1808 605 est.
1836 550 2006 605 Nemo

418 657 522 699 tam
556 643 706 696 facile
735 641 934 696 nudum
966 641 1077 696 suis
1106 643 1285 710 operit
1311 643 1670 709 vestimentis,
1715 657 1876 712 quam
1910 643 2001 711 qui

418 737 677 792 nudiiatis
709 746 763 790 et
798 735 1014 806 frigoris
1046 736 1193 788 iiovit
1230 735 1502 803 injuriam.
1534 735 1704 791 Nemo
1734 735 1810 789 sic
1840 735 2008 790 tribu-

417 829 544 884 laiiti
597 837 653 883 ct
683 830 890 883 misero
929 837 984 882 et
1031 826 1300 880 laboranti
1346 828 1636 891 succurrit,
1689 826 1792 879 nisi
1831 825 2004 896 utqui

417 921 826 974 tribulationum
860 928 914 972 et
940 919 1278 972 miseriarum
1329 934 1486 973 casus
1533 929 1789 986 expertus
1833 927 1914 971 est
1952 929 2005 971 et

419 1013 690 1066 laborum.
725 1010 912 1064 Merito
944 1024 1071 1079 ergo
1105 1009 1244 1062 Deus
1279 1009 1665 1062 misericordia:
1695 1018 1749 1062 et
1787 1009 2004 1078 pietatis

419 1105 695 1173 magister,
742 1101 832 1171 qui
861 1107 1030 1170 legem
1086 1099 1427 1170 postmodum
1473 1110 1590 1153 erat
1618 1099 1880 1164 editurus,
1909 1115 2004 1169 per

417 1211 578 1267 quam
608 1195 803 1264 populo
835 1207 933 1246 suo
978 1191 1365 1246 misericordia:
1394 1201 1449 1245 et
1473 1191 1688 1260 pictatis
1729 1191 1998 1244 omnium-

419 1305 528 1360 que
571 1289 829 1342 bonorum
879 1301 1103 1354 operum
1161 1294 1428 1352 pra'cepta
1483 1282 1797 1344 traditurus,
1831 1282 2006 1337 voluit

418 1398 540 1437 eum
569 1381 715 1449 prius
741 1393 930 1433 omnes
963 1392 1239 1444 pressurus
1275 1387 1326 1431 et
1361 1374 1733 1430 tribulationes
1759 1382 1812 1428 et
1836 1389 2004 1444 angu-

419 1476 552 1528 stias
583 1475 632 1526 in
667 1481 805 1526 terra
835 1469 1039 1536 perpeti
1065 1470 1262 1534 aliena,
1292 1485 1398 1538 quo
1425 1468 1635 1522 facilius
1664 1477 1846 1535 postea
1880 1481 2003 1535 pos-

413 1574 498 1618 set
534 1564 658 1618 talia
709 1563 1022 1630 patientium
1073 1559 1338 1621 misereri,
1375 1570 1423 1614 et
1473 1559 1586 1612 suis
1625 1558 2000 1626 obtemperare

2113 368 2280 436 legem
2308 366 2562 434 implesse
2585 369 2674 436 qui
2706 368 2820 422 luce
2845 371 3078 436 potuerit
3107 373 3368 441 implere;
3397 369 3530 426 nihil
3553 375 3684 429 enim

2109 459 2253 514 aliud
2278 459 2330 513 iii
2357 459 2472 528 lege
2492 460 2659 515 veteri
2677 463 2842 530 quaeri
2864 479 3024 531 quam
3056 470 3114 516 ut
3131 463 3294 518 Deum
3317 473 3372 519 et
3394 464 3684 532 proximum

2109 551 2321 622 diligas.
2349 555 2412 607 Et
2432 567 2560 607 vere
2587 553 2674 606 ille
2703 554 2834 623 legis
2860 567 3264 610 consuminator
3303 565 3358 610 et
3386 556 3556 612 l'actor
3583 564 3682 622 est,

2107 644 2198 714 qui
2230 659 2328 699 nec
2349 645 2401 698 in
2432 643 2626 709 Deum,
2661 661 2760 700 nec
2782 646 2833 700 in
2864 646 3166 715 proximum
3201 657 3410 716 peccat.

2731 778 2963 834 CAPUT
3001 778 3091 834 lX.

2629 891 2791 946 Deum
2816 893 2934 964 quis
2964 891 3170 966 diligat.

3439 905 3464 914 ..ι

2182 1001 2288 1059 Sed
2317 1002 2442 1072 quid
2475 1002 2666 1070 Deum,
2695 1002 2821 1072 quid
2853 1008 3161 1072 proximum
3190 1007 3261 1060 sit
3283 1006 3529 1079 diligere,
3554 1026 3685 1080 prm-

2109 1093 2275 1148 terire
2308 1094 2529 1148 minime
2574 1107 2639 1147 ac
2682 1093 3028 1150 dissimulare
3055 1095 3249 1152 debeo.
3302 1099 3465 1154 Deum
3499 1100 3685 1172 diligit,

2106 1187 2195 1254 qui
2249 1185 2361 1241 suis
2399 1186 2452 1240 in
2485 1187 2732 1242 omnibus
2782 1188 3464 1268 mandatispbtemmrat.
3522 1195 3686 1250 Deum

2105 1279 2306 1350 diligit,
2340 1279 2430 1347 qui
2487 1273 2636 1348 leges
2678 1279 2796 1348 ejus
2835 1291 2888 1333 et
2921 1293 3187 1351 praecepta
3233 1286 3486 1339 custodit.
3519 1287 3685 1342 Deum

2105 1373 2297 1444 diligit,
2327 1374 2415 1443 qui
2446 1384 2504 1428 ut
2533 1374 2624 1428 ille
2650 1384 2873 1429 sanctus
2905 1382 3010 1440 est,
3044 1384 3103 1430 et
3131 1377 3245 1446 ipse
3274 1391 3334 1431 se
3363 1379 3682 1440 sanctiﬁcat.

2105 1468 2240 1521 sicut
2291 1468 2548 1535 seriptum
2600 1475 2685 1521 est
2721 1484 2732 1519 :
2763 1467 2946 1520 Sancti
2989 1475 3183 1534 estate,
3229 1471 3473 1536 quoniam
3518 1480 3569 1525 et
3600 1490 3686 1542 ego

2103 1567 2311 1611 sanctus
2355 1575 2468 1611 sum
2519 1557 2773 1611 Dominus
2827 1557 2965 1611 Deus
3015 1569 3176 1613 vester
3225 1559 3412 1630 (Leuit.
3445 1577 3564 1628 six,
3609 1563 3682 1628 Ξ).

415 1653 701 1708 mandatis.
734 1651 804 1708 Ut
833 1666 986 1719 putes
1009 1667 1128 1703 cum
1160 1651 1358 1703 bouum
1385 1648 1549 1702 fuisse
1572 1649 1887 1718 agricolam,
1911 1649 1998 1716 qui
2035 1651 2076 1710 Β
2109 1649 2276 1702 Deum
2306 1649 2499 1718 diligit,
2533 1649 2621 1717 qui
2666 1658 2720 1702 et
2759 1647 2892 1702 illud
2925 1649 3208 1718 Propheta:
3238 1651 3467 1708 dicentis
3501 1653 3688 1718 implet

413 1748 726 1816 priusquam
772 1757 957 1799 semen
1019 1742 1218 1806 mittat,
1263 1740 1352 1795 diu
1381 1751 1576 1796 terram
1609 1739 1802 1793 aratris
1833 1749 1882 1792 et
1916 1753 1999 1792 ra-

412 1840 538 1893 stris
572 1839 776 1902 doiuai,
821 1851 890 1889 ne
933 1834 1074 1903 quud
1111 1835 1184 1887 illi
1223 1833 1528 1887 crediturus
1555 1841 1640 1886 est
1667 1845 1853 1884 semen
1887 1844 2002 1898 per-

413 1942 544 1986 eat:
581 1930 651 1983 ita
693 1941 745 1984 et
792 1928 932 1980 Deus
965 1926 1221 1996 populum
1265 1939 1419 1978 suum
1468 1923 1499 1976 d
1527 1939 1557 1976 u
1591 1931 1712 1976 ante
1763 1929 2001 1976 macerat

411 2031 467 2078 et
503 2022 708 2084 domat,
753 2034 910 2086 quam
942 2019 989 2071 ei
1041 2017 1354 2069 salutarium
1406 2015 1779 2068 mandaturum
1815 2027 2000 2067 semen

412 2116 706 2182 impertiat.
737 2112 976 2179 Denique
1009 2109 1149 2162 utob
1177 2113 1314 2161 lianc
1339 2123 1556 2161 causam
1585 2107 1697 2159 lia-c
1728 2121 1848 2160 eum
1875 2119 2001 2175 per-

416 2208 600 2261 tulisse
647 2203 948 2260 evidentius
979 2202 1206 2261 clareat.
1255 2202 1423 2270 ipsius
1453 2199 1664 2254 Domini
1695 2198 2003 2254 intueamur

413 2297 680 2360 mandata,
711 2294 943 2349 dicentis
968 2315 981 2349 :
1016 2293 1271 2346 Adveuam
1300 2309 1400 2345 non
1430 2293 1694 2356 rexabitis,
1734 2305 1822 2344 nec
1843 2288 2004 2342 tribu-

411 2391 580 2446 labitis
634 2406 780 2452 eum,
820 2387 990 2455 fuistis
1037 2388 1219 2440 etenim
1273 2395 1318 2438 et
1357 2400 1442 2438 ros
1497 2385 1704 2436 advena:
1749 2384 1803 2435 in
1859 2389 1998 2434 terra

410 2481 631 2553 Egypti
657 2479 849 2551 (Exod.
887 2493 1032 2544 xxii,
1073 2477 1192 2544 2|).
1220 2477 1284 2531 Et
1332 2477 1524 2530 iterum
1562 2475 1786 2544 legimus
1819 2491 1832 2527 :
1862 2473 2002 2528 Deus

408 2590 643 2646 magnus,
675 2572 761 2642 qui
791 2588 890 2624 uati
916 2570 1098 2640 accipit
1131 2583 1420 2637 personam,
1452 2567 1541 2621 sed
1564 2584 1608 2620 it.
1627 2583 1652 2620 c
1678 2566 1861 2638 accipit
1888 2583 2000 2618 mu-

409 2683 552 2730 nera,
605 2666 795 2735 faciens
837 2663 1090 2732 judicium
1138 2660 1417 2733 proselyta,
1452 2660 1681 2726 arpltaua
1725 2668 1770 2711 et
1815 2658 1997 2712 t'idua’.

410 2757 546 2813 Dare
573 2773 754 2825 partem
782 2766 828 2809 et
861 2755 1210 2809 restimeittum
1246 2754 1420 2824 dilige,
1471 2753 1590 2822 quia
1629 2761 1672 2806 et
1695 2751 1803 2820 ipse
1857 2751 2003 2822 fuis'i

407 2850 460 2904 in
487 2859 623 2904 terra
651 2848 868 2919 ngypti
900 2847 1076 2918 (Deut.
1111 2863 1143 2900 x
1167 2889 1179 2907 .
1216 2847 1424 2914 17-19).
1461 2845 1528 2899 Et
1560 2844 1685 2899 alibi
1715 2843 1844 2898 dicit
1877 2859 1892 2896 :
1943 2842 2004 2896 Si

406 2952 577 2997 autent
600 2959 790 2995 messus
813 2941 969 3009 {ueris
996 2956 1207 2996 messem
1236 2940 1288 2992 in
1329 2955 1454 3010 agro
1479 2951 1586 3005 tua,
1620 2948 1668 2992 et
1693 2939 2003 2993 ablivisceris

2105 1741 2375 1808 eloquium
2407 1757 2419 1793 :
2456 1739 2559 1804 Qui
2585 1740 2800 1812 diligitis
2825 1737 3132 1808 Dominum,
3165 1743 3302 1797 adite
3330 1744 3522 1798 malum
3567 1743 3683 1815 (Ps.

2103 1847 2244 1896 xcvi,
2281 1831 2391 1902 10).
2419 1831 2586 1886 Deum
2615 1831 2806 1900 diligit,
2839 1831 2929 1901 qui
2974 1848 3079 1888 non
3123 1833 3222 1887 alia
3253 1849 3412 1904 quam
3443 1836 3684 1891 cmlestia

2102 1927 2303 1994 cogitat
2348 1935 2402 1980 et
2431 1925 2631 1978 divina.
2676 1925 2816 1980 Deus
2857 1925 3000 1979 enim
3033 1942 3136 1979 non
3171 1927 3270 1981 nisi
3308 1931 3611 1982 sanctitatis
3637 1938 3688 1984 et

2101 2016 2320 2084 iustitiae
2349 2025 2403 2071 et
2434 2017 2649 2082 pietatis
2695 2028 2904 2070 amator
2947 2026 3059 2082 est;
3090 2027 3144 2072 et
3171 2019 3260 2073 ille
3289 2019 3458 2072 Deum
3487 2020 3681 2090 diligit,

2103 2108 2192 2177 qui
2223 2123 2328 2162 nou
2359 2108 2501 2161 aliud
2534 2123 2692 2175 quam
2735 2108 2876 2174 quod
2911 2109 3049 2163 Deus
3089 2125 3271 2165 amare
3320 2111 3527 2167 videtur
3560 2130 3689 2181 ope.

2107 2209 2283 2252 ratur;
2308 2198 2448 2266 Quid
2481 2200 2547 2254 sit
2575 2200 2716 2253 enim
2747 2200 2915 2254 Deum
2955 2201 3197 2271 diligi-re,
3243 2202 3453 2257 Domini
3485 2213 3539 2258 et
3572 2205 3688 2261 Sal-

2103 2293 2308 2346 vatoris
2333 2292 2582 2345 doctrina
2625 2291 2881 2358 declarat,
2913 2293 3141 2346 dicentis
3170 2311 3182 2345 :
3220 2295 3319 2359 Qui
3348 2296 3493 2348 audit
3533 2301 3687 2350 verba

2103 2399 2234 2446 mea,
2269 2392 2314 2435 et
2339 2385 2463 2452 facit
2485 2399 2564 2444 ea,
2594 2383 2684 2437 ille
2713 2392 2783 2437 est
2805 2384 2891 2453 qui
2919 2385 3091 2456 diligit
3120 2401 3198 2439 me
3221 2385 3402 2455 (lauit.
3428 2401 3539 2458 xw,
3574 2387 3682 2459 21).

2103 2474 2156 2526 Si
2192 2472 2352 2542 igitur
2383 2473 2472 2527 ille
2515 2474 2678 2529 Deum
2707 2473 2900 2544 diligit,
2929 2475 3021 2544 qui
3069 2476 3211 2545 quod
3256 2476 3399 2532 Deus
3446 2482 3690 2550 prmcipit

2107 2567 2268 2630 facit;
2301 2566 2389 2634 qui
2421 2581 2527 2620 non
2557 2567 2701 2634 iacit,
2725 2567 2829 2622 iste
2852 2582 2956 2622 non
2986 2567 3182 2638 diligit.
3211 2570 3402 2627 Omnis
3439 2587 3575 2627 vero
3601 2576 3688 2644 qui

2106 2673 2210 2710 non
2272 2658 2468 2726 diligit,
2525 2657 2658 2712 odit.
2717 2658 2868 2714 Unde
2916 2659 3117 2714 clarum
3149 2670 3309 2732 atque
3339 2663 3690 2721 manifestum

2104 2761 2210 2812 est,
2260 2750 2329 2803 ab
2375 2748 2456 2804 eis
2499 2749 2666 2805 Deum
2697 2749 2860 2816 odiri,
2890 2752 2979 2821 qui
3021 2766 3116 2807 sua
3150 2753 3400 2808 mandata
3429 2769 3536 2810 non
3571 2771 3689 2812 ser-

2107 2849 2250 2904 vant,
2299 2839 2366 2894 de
2397 2840 2590 2910 quibus
2623 2851 2644 2878 °
2677 2839 3002 2911 Prophetam
3044 2844 3248 2899 dixisse
3299 2854 3464 2916 puto:
3496 2845 3692 2902 Νυηηε

2106 2931 2193 3002 qui
2240 2932 2459 2985 aderunt
2513 2941 2580 2996 te,
2615 2931 2854 3000 Domine,
2901 2935 3132 3000 aderam,
3163 2944 3212 2990 et
3253 2952 3406 3006 super
3452 2939 3692 2993 inimicos

409 3043 434 3069 ⁸
464 3049 722 3092 manuum,
751 3049 850 3083 non
875 3031 1140 3083 reverteris
1174 3030 1408 3099 accipere
1435 3029 1618 3093 illam;
1659 3030 1916 3100 proselon
1955 3041 2002 3083 et
2031 3021 2076 3082 C
2109 3033 2224 3075 ιιιοδ
2257 3021 2605 3076 ιαὺϐδεεὺαηιῖ
2638 3021 2878 3092 Perfecto
2921 3025 3043 3078 odio
3089 3027 3297 3081 oderam
3332 3020 3472 3096 illos,
3507 3041 3563 3084 et
3594 3031 3694 3084 iiii-

407 3123 642 3192 orpliano
669 3131 715 3173 et
748 3121 914 3173 vidua:
943 3121 1058 3184 erit,
1083 3128 1139 3171 ut
1171 3119 1432 3172 benedicot
1461 3129 1507 3171 te
1539 3116 1674 3171 Deus
1695 3119 1746 3170 in
1767 3119 2000 3188 operibus

409 3230 649 3265 manuum
678 3221 880 3263 tuarum
907 3227 924 3273 ;
974 3220 1019 3262 et
1045 3225 1236 3262 memor
1277 3210 1376 3262 eris
1405 3209 1526 3279 quia
1552 3209 1777 3273 famulus
1805 3226 1916 3263 eras
1948 3197 1997 3262 iii

407 3315 544 3359 terra
565 3303 780 3374 .Egypti
796 3319 920 3372 ,°ega
945 3303 1056 3355 ideo
1090 3302 1334 3370 pra’cipio
1360 3301 1447 3354 tibi
1469 3303 1674 3354 verbum
1705 3302 1995 3372 liac(Deut.

408 3412 555 3459 Inv,
594 3394 798 3463 19-22).
836 3392 986 3448 Unde
1016 3392 1174 3446 facile
1201 3391 1512 3460 pervidetur
1542 3401 1703 3461 atque
1733 3393 2000 3460 dignosci-

407 3497 496 3541 tur
521 3504 640 3540 cuui
669 3486 921 3555 populum
956 3485 1024 3538 ob
1062 3483 1200 3537 liauc
1243 3498 1458 3537 causam
1490 3483 1700 3538 cunctis
1731 3483 1990 3538 afﬂictum

407 3579 573 3633 fuisse
596 3578 853 3643 miseriis,
869 3577 1185 3631 utmisereri
1201 3575 1354 3629 alteri
1380 3590 1476 3630 suo
1498 3575 1789 3630 doceretur
1813 3591 1997 3631 exem-

407 3674 517 3744 plo,
545 3673 683 3725 sicut
705 3671 964 3740 scriptum
995 3646 1075 3722 est
1112 3686 1124 3721 :
1155 3667 1390 3721 Dacuisti
1418 3669 1551 3720 enim
1580 3668 1824 3738 populum
1851 3679 1996 3721 tuum

405 3782 492 3835 per
518 3765 640 3817 talia
667 3780 844 3828 apera,
869 3762 1106 3830 quoniam
1135 3770 1330 3830 oportet
1349 3762 1521 3832 justas
1549 3777 1655 3814 esse
1676 3768 1722 3814 et
1748 3760 1996 3814 humanos

413 3855 567 3926 (Sap.
602 3870 706 3916 xu.
743 3855 854 3922 19).
900 3852 1125 3921 Qualem
1161 3852 1413 3919 pupulum
1463 3865 1616 3904 suum
1670 3865 1794 3905 esse
1843 3853 1992 3917 velit,

407 3950 533 4011 late,
567 3958 624 4000 ut
669 3947 924 4009 arbitror,
973 3952 1149 4012 patet;
1181 3952 1234 3997 et
1282 3943 1478 4012 quibus
1520 3945 1688 4010 possit
1736 3943 1994 4014 operibus

405 4037 722 4106 promereri,
753 4036 999 4104 plurimis
1025 4035 1284 4103 probatur
1309 4034 1598 4102 exemplis.

472 4127 578 4182 Sed
610 4141 678 4180 ne
709 4125 772 4179 ad
805 4123 1255 4179 manifestandaui
1299 4125 1417 4194 ejus
1447 4126 1772 4180 Voluiitatcm
1803 4141 1990 4195 parum

401 4219 648 4273 videatur
676 4232 798 4273 esse
827 4217 968 4288 quod
999 4217 1229 4271 diximus
1250 4258 1262 4279 ,
1294 4217 1452 4286 Legis
1479 4217 1643 4270 etiam
1666 4226 1722 4270 et
1751 4216 1992 4286 Prophe—

401 4323 577 4366 tarum
609 4319 872 4380 prmccpta
893 4309 1214 4380 jungamus;
1241 4320 1292 4363 et
1324 4308 1451 4379 quid
1482 4308 1593 4362 Deo
1614 4309 1819 4377 placeat
1850 4325 1990 4362 Sem-

2104 3112 2224 3164 mici
2257 3113 2384 3182 facti
2411 3123 2532 3167 sunt
2563 3114 2689 3168 mihi
2711 3114 2829 3186 (Ps.
2859 3131 3116 3182 cxxxviit,
3141 3119 3231 3183 21,
3261 3117 3377 3191 2‘2).
3407 3120 3538 3176 Odit
3565 3122 3692 3178 Pro-

2105 3207 2262 3270 pheta
2291 3206 2468 3274 justus
2499 3217 2834 3275 peccatores,
2860 3209 3132 3264 adulteros
3162 3220 3216 3266 et
3244 3212 3489 3281 injustas,
3517 3224 3579 3269 et
3597 3214 3690 3269 Dei

2101 3299 2349 3352 mandata
2380 3311 2738 3367 spernentes;
2773 3302 2912 3356 sicut
2954 3303 3060 3356 alio
3092 3304 3143 3357 in
3189 3304 3311 3360 loco
3353 3305 3529 3361 dicit:
3568 3307 3698 3362 Vidi

2102 3393 2494 3457 prarvaricairtas
2517 3404 2722 3462 pactum
2744 3410 2762 3459 ;
2781 3403 2828 3448 et
2857 3396 3172 3450 tabescebam
3188 3396 3305 3470 (Ps.
3327 3413 3514 3463 csvm,
3541 3399 3688 3470 158).

2102 3481 2168 3535 Ει
2197 3483 2388 3537 iterum
2417 3500 2431 3537 :
2458 3485 2678 3556 hiiquas
2707 3487 2826 3540 odia
2850 3487 3026 3556 habui,
3056 3500 3104 3542 et
3137 3491 3296 3561 legem
3341 3501 3483 3546 tuam
3528 3493 3694 3546 dilexi

2099 3571 2291 3641 (Ibid.
2325 3577 2468 3645 115).
2524 3577 2654 3631 Vide
2713 3593 2843 3648 ergo
2887 3594 3044 3649 quam
3073 3581 3224 3649 justi,
3271 3598 3433 3653 quam
3484 3585 3688 3654 integri

2099 3677 2220 3718 es~e
2249 3664 2542 3720 debeamus
2586 3676 2642 3722 et
2671 3671 2865 3735 sancti,
2898 3671 3092 3739 quibus
3144 3684 3498 3742 praeterquam
3547 3678 3691 3731 male

2099 3757 2410 3809 conversari
2463 3771 2570 3813 non
2624 3758 2772 3824 licet,
2817 3761 2913 3815 sed
2960 3777 3059 3817 nec
3113 3764 3254 3819 male
3293 3779 3690 3822 conversantes

2099 3861 2416 3916 agnoscere.
2445 3850 2557 3905 lloc
2586 3862 2639 3906 et
2670 3852 2857 3908 beatus
2879 3856 3171 3924 Apostolus
3195 3858 3476 3914 evidenter
3497 3871 3690 3916 osten-

2097 3938 2200 4005 dit,
2235 3941 2324 4010 qui
2364 3957 2464 3997 nec
2495 3958 2660 4012 panes
2704 3960 2826 3998 cum
2876 3949 3247 4015 peccatoribus
3279 3950 3444 4022 frangi
3476 3967 3690 4021 praece-

2097 4032 2195 4099 pit,
2227 4032 2414 4089 dicetis
2453 4051 2466 4086 :
2500 4035 2563 4088 Si
2607 4037 2720 4104 quis
2765 4037 2926 4106 frater
2976 4042 3374 4109 cognominatur
3419 4043 3562 4098 inter
3605 4062 3694 4099 vis

2094 4124 2396 4194 fornicator,
2427 4136 2517 4182 aut
2543 4144 2750 4191 avarus,
2782 4138 2873 4183 aut
2900 4129 3058 4184 idolis
3081 4134 3326 4200 serviens,
3350 4144 3440 4188 aut
3460 4138 3692 4190 maleiti-

2095 4231 2206 4283 cus,
2239 4227 2329 4270 aut
2361 4218 2605 4286 ebriosus,
2629 4230 2718 4273 aut
2737 4237 2931 4288 rapax,
2962 4239 3079 4276 cum
3113 4226 3369 4288 eiusmodi
3390 4243 3480 4280 nec
3511 4229 3690 4281 cibum

2091 4327 2289 4366 sumere
2323 4312 2364 4384 (l
2393 4312 2512 4367 Car.
2545 4329 2597 4381 ν,
2635 4312 2743 4385 11).

399 4417 601 4471 perque
635 4401 923 4470 placuerit,
957 4409 1012 4452 et
1042 4399 1167 4468 quid
1201 4399 1443 4451 crebrius
1472 4397 1589 4452 ﬁeri
1621 4407 1676 4451 et
1705 4397 1988 4453 observ-ari
2021 4389 2070 4447 Ι)
2167 4401 2431 4456 Sanctum
2482 4418 2604 4458 esse
2649 4404 2901 4475 populum
2933 4420 3086 4461 suum
3123 4409 3262 4463 Deus
3309 4411 3500 4479 voluit,
3539 4424 3596 4469 et
3624 4416 3692 4467 ah

397 4498 736 4564 prreceperit,
773 4505 880 4546 tam
918 4493 1117 4545 veteris
1142 4508 1211 4558 qu
1233 4507 1298 4544 im
1329 4491 1356 4529 δ
1387 4506 1537 4545 nova:
1565 4490 1723 4561 Legis
1747 4492 1987 4546 testiino-

396 4587 496 4640 iiiis
525 4585 962 4655 comprobemus.
999 4584 1189 4654 Diliges
1234 4583 1511 4637 Dominum
1543 4583 1706 4638 Deum
1748 4595 1893 4638 tuum
1922 4601 1986 4639 ea:

395 4687 500 4732 tota
529 4682 682 4732 corde
710 4686 818 4743 tuo,
851 4686 896 4730 et
939 4694 1002 4730 ex
1028 4686 1130 4730 tota
1159 4678 1329 4730 anima
1371 4687 1480 4742 tua,
1511 4685 1557 4730 et
1586 4693 1650 4730 ex
1676 4686 1780 4730 tota
1820 4688 1985 4732 mente

394 4780 503 4838 tua,
529 4782 578 4825 et
601 4787 664 4825 ex
694 4771 812 4825 tatis
839 4771 1028 4824 viribus
1081 4771 1180 4823 tuis
1237 4768 1416 4842 (Deut.
1451 4785 1534 4834 vt,
1585 4771 1673 4838 5);
1705 4780 1751 4822 et
1800 4771 1982 4840 diliges

394 4862 682 4931 proximum
713 4871 857 4915 tuum
878 4862 1009 4916 sicut
1037 4871 1085 4915 te
1110 4861 1275 4931 ipsum
1303 4859 1485 4931 (Leuit.
1525 4876 1620 4914 six
1639 4905 1652 4928 ,
1691 4861 1799 4929 18).
1825 4861 1983 4930 Legis

394 4963 447 5008 et
474 4953 871 5023 Prophetarum
896 4955 1224 5024 praecipuum
1249 4968 1370 5008 esse
1398 4954 1736 5020 mandatum,
1769 4954 1982 5008 Domini

394 5055 448 5100 et
475 5045 774 5101 Salvatoris
804 5047 972 5100 nostri
1019 5046 1334 5100 testimonio
1364 5047 1770 5116 comprobatur,
1800 5046 1982 5100 dicen-

395 5138 463 5190 tis
494 5155 506 5190 :
542 5135 606 5190 In
633 5137 710 5190 Itis
737 5137 934 5191 duabus
964 5137 1220 5189 mandatis
1245 5144 1348 5189 tota
1371 5134 1452 5189 lea:
1479 5136 1659 5206 pendet
1687 5147 1732 5190 ct
1761 5141 1983 5209 prophe-

396 5235 460 5281 ιω
489 5227 700 5298 (Matth.
731 5243 837 5283 xiii
858 5270 872 5290 ,
903 5226 1014 5298 l0).
1045 5227 1197 5294 Quod
1249 5226 1481 5280 rescindi
1523 5242 1625 5281 uon
1661 5237 1834 5296 potest
1879 5244 1981 5285 nec

395 5321 609 5388 mutari,
655 5324 705 5375 iii
735 5321 942 5376 duobus
977 5322 1090 5375 istis
1140 5318 1407 5375 mandatis
1454 5333 1616 5375 omne
1671 5330 1776 5375 lam
1819 5321 1978 5392 chis

466 5452 492 5530 ξ
526 5458 695 5530 Alias,
723 5458 1061 5530 manipulum,
1095 5458 1451 5513 renuentibus
1480 5472 1611 5513 mss.

393 5592 416 5661 ί
462 5523 490 5563 δ
534 5527 663 5650 Msa,
693 5523 955 5608 plerique,
983 5545 1135 5598 quant
1167 5531 1571 5600 uaswiiicipiam
1592 5531 1824 5600 exempla
1847 5547 1973 5602 pra-

416 5612 544 5651 erre.
649 5614 812 5666 urges.

2098 4495 2242 4548 omni
2283 4495 2604 4566 contagione
2640 4498 2917 4565 injustittte
2962 4509 3017 4554 et
3065 4500 3364 4570 iniquitatis
3415 4505 3688 4561 alienum.

2097 4586 2281 4641 Talem
2313 4602 2433 4642 cum
2465 4602 2586 4643 esse
2616 4589 2800 4658 voluit,
2834 4599 2939 4645 tam
2966 4592 3194 4661 justum,
3225 4603 3332 4650 tam
3363 4597 3536 4668 pium,
3575 4611 3690 4654 tam

2096 4673 2450 4748 piirumptain
2493 4680 2920 4749 immaculatum,
2966 4693 3072 4739 tam
3103 4689 3424 4756 simplicem,
3455 4701 3515 4744 ut
3550 4693 3689 4746 nihil

2093 4770 2232 4840 quod
2256 4771 2308 4824 in
2333 4786 2399 4826 eo
2425 4785 2611 4841 gentes
2639 4773 3039 4845 redarguerem,
3066 4777 3390 4846 invenirent,
3413 4781 3508 4836 sed
3535 4784 3688 4853 quod

2092 4863 2508 4929 admirarentur,
2542 4871 2597 4918 et
2625 4865 2906 4922 dicerent:
2941 4867 3103 4923 Beata
3123 4886 3246 4940 gens
3271 4875 3419 4944 cujus
3452 4883 3535 4927 es:
3569 4876 3687 4931 Da-

2089 4955 2259 5009 minus
2290 4953 2429 5010 Deus
2461 4957 2592 5026 eius,
2625 4966 2674 5011 et
2693 4960 2918 5029 populus
2948 4976 3096 5026 quem
3122 4963 3273 5033 elegit
3301 4963 3354 5017 in
3394 4962 3689 5020 heredita-

2085 5057 2182 5101 tem
2227 5049 2324 5103 sibi
2360 5047 2479 5120 (Ps.
2539 5065 2705 5119 sxxii,
2759 5051 2873 5118 12).
2920 5051 3080 5107 Tales
3107 5055 3363 5108 convenit
3403 5069 3531 5111 esse
3585 5058 3687 5112 Dei

2085 5140 2339 5195 cultores.
2378 5150 2433 5195 et
2477 5155 2681 5208 servos,
2717 5151 3049 5210 mansuetos,
3101 5159 3316 5215 graves,
3349 5145 3681 5214 prudentes.

2085 5233 2224 5301 pios,
2281 5232 2814 5301 irrepreheiisibiles,
2869 5234 3118 5304 intactas,
3156 5236 3568 5301 immaculatos;
3626 5254 3683 5294 ut

2081 5323 2322 5394 quisquis
2354 5337 2448 5377 eos
2480 5323 2694 5392 viderit,
2722 5335 2956 5395 stupeat,
2986 5335 3044 5381 et
3068 5327 3385 5396 admiretur,
3417 5339 3466 5384 et
3499 5330 3683 5397 dicat,

2158 5475 2180 5502 ε
2225 5465 2298 5518 lta
2331 5463 2709 5532 rescripsimus
2738 5479 2860 5519 cum
2909 5467 3078 5523 llolst.
3113 5478 3169 5524 et
3192 5483 3257 5524 ex
3287 5477 3575 5525 contextu.
3610 5479 3682 5531 Αι

2083 5535 2214 5591 edit.
2251 5537 2379 5602 88.,
2412 5537 2474 5589 de
2499 5537 2676 5600 quibus
2703 5553 2794 5601 per
2822 5536 3020 5601 PrOpk.
