3970 6180
311 295 413 350 395

1337 295 1427 349 DE
1469 295 1628 352 VITA
1666 294 2077 352 ClllllSTlANA
2121 297 2324 354 LIBER
2362 297 2565 359 UNUS.

3448 300 3579 364 ⁸594

308 415 454 468 Vere
485 413 536 466 hi
564 410 811 466 homines
836 411 928 466 Del
957 419 1102 474 sunt,
1136 420 1360 479 quorum
1408 413 1527 466 talis
1557 421 1640 467 est
1668 427 1894 467 conver-
1922 419 1970 476 Α
2000 412 2197 467 bonum
2230 431 2334 469 non
2388 416 2652 483 fecerunt,
2696 418 3144 474 condemnamur.
3201 422 3272 476 Ex
3306 424 3407 479 hoc
3435 429 3577 480 enim

306 511 471 564 satio.
505 508 580 562 Ita
610 522 670 563 se
705 507 866 562 homo
909 506 1001 562 Dei
1046 507 1306 562 exhibere
1350 508 1514 562 debet
1543 516 1599 562 et
1627 522 1809 578 agere,
1840 515 1897 561 ut

307 618 470 657 nemo
501 603 574 656 sit
600 602 692 670 qui
738 615 861 656 eum
894 615 1000 654 non
1028 601 1157 654 velit
1187 599 1392 665 videre,
1437 601 1527 669 qui
1575 614 1680 653 non
1710 599 1896 655 audire

303 693 620 758 desideret;
665 708 825 748 nemo
873 705 1000 757 non,
1033 706 1154 746 cum
1186 692 1402 760 viderit,
1430 692 1524 747 Dei
1575 706 1697 747 esse
1727 691 1892 745 lilium

300 786 526 851 credat;
557 796 616 840 ut
645 800 772 840 vere
804 785 860 839 in
891 798 960 839 eo
989 770 1361 854 propheticum
1407 784 1535 839 illud
1565 783 1848 853 impleatur
1876 800 1888 835 :

305 877 508 930 Fauces
537 879 650 948 ejus
678 877 989 940 dulcedinis,
1035 887 1082 930 et
1113 887 1247 930 totus
1292 876 1603 930 desiderium
1632 873 1805 944 (Cant.
1835 888 1887 939 v,

303 970 416 1032 t6).
450 968 581 1021 Nam
611 968 655 1020 si
687 982 745 1021 se
776 969 934 1020 talem
965 967 1220 1022 exhibeat
1245 965 1604 1031 Christianus,
1641 965 1685 1018 si
1715 978 1775 1018 se
1813 973 1892 1016 ta-

298 1062 409 1112 lem
444 1061 699 1114 exhibeat
744 1061 836 1114 Dei
864 1073 1078 1124 servus,
1103 1069 1161 1114 ut
1207 1059 1290 1113 itis
1319 1059 1406 1128 qui
1436 1056 1718 1112 daemoniis
1769 1054 1889 1110 ido-

297 1155 480 1224 lsqne
524 1155 862 1221 deserviunt,
895 1156 1272 1212 conversaudo
1319 1155 1581 1212 elliciatur
1626 1152 1887 1222 aequalis;

295 1247 522 1312 incipiet
552 1261 650 1314 per
678 1262 800 1301 eum
831 1249 973 1301 Deus
1004 1246 1368 1314 blasphemari
1401 1255 1452 1301 et
1479 1244 1616 1310 dici,
1655 1244 1700 1298 Ο
1729 1242 1888 1297 Chri-

292 1340 535 1390 stianum
569 1336 665 1391 Dei
693 1337 941 1391 servum!
969 1336 1126 1405 cujus
1149 1344 1252 1390 tam
1281 1336 1408 1390 ntali
1437 1343 1612 1402 actus,
1641 1343 1746 1388 tam
1777 1342 1889 1387 tur-

292 1435 381 1498 pis
452 1444 613 1498 opera
647 1471 661 1494 ,
711 1438 820 1485 tant
868 1446 1098 1500 nequam
1169 1437 1254 1487 est
1305 1429 1682 1494 conversatio;
1733 1429 1888 1498 cujus

296 1524 409 1574 vita
448 1533 551 1576 tam
604 1523 763 1593 impia
790 1564 805 1589 ,
860 1531 968 1578 tam
1015 1523 1268 1588 scelesta,
1306 1533 1412 1577 tant
1436 1521 1746 1587 luxuriosa,
1777 1529 1884 1574 tam

290 1615 540 1668 sordida.
610 1616 677 1669 Et
748 1617 850 1670 erit
915 1617 1056 1671 illius
1112 1617 1412 1685 prophetiae
1460 1629 1618 1679 reus,
1679 1612 1885 1668 Nomen

290 1712 431 1763 mini
464 1710 558 1764 Dei
587 1729 673 1780 per
702 1727 787 1765 vos
819 1711 1362 1782 blnsphematurinter
1392 1719 1567 1781 gentes
1603 1708 1620 1780 (
1646 1706 1757 1762 Isa.
1785 1721 1882 1774 stt,

2000 507 2226 576 quisque
2253 507 2485 574 prudens
2509 519 2563 563 et
2587 508 2807 578 sapiens
2839 526 2945 566 rect
2965 525 3190 581 gnoscat
3227 531 3386 581 quam
3424 533 3574 586 spem

2001 596 2076 651 illi
2111 598 2308 653 habere
2352 600 2559 666 possint
2587 601 2676 670 qui
2709 613 2995 657 versantur
3041 605 3091 658 itt
3141 606 3325 672 malis,
3356 609 3575 677 quando

1997 689 2158 743 etiam
2191 690 2296 745 illis
2324 691 2428 744 vita
2461 703 2683 761 negatur
2723 694 2812 762 qui
2843 696 2970 750 mali
3018 697 3148 750 nihil
3177 698 3441 765 iecerunt,
3474 704 3573 755 nisi

1996 780 2156 833 etiam
2190 780 2390 848 aliquid
2424 782 2692 849 gesserint
2717 783 2864 837 boni.
2905 783 3088 855 Neque
3119 789 3258 842 enim
3291 789 3433 844 Deus
3473 792 3576 846 hoc

1997 880 2201 924 tantum
2234 874 2479 940 quaerita
2519 874 2695 939 nobis,
2727 884 2782 927 ut
2825 877 2950 929 mali
2993 893 3096 931 non
3139 879 3328 947 simus,
3375 882 3470 937 sed
3519 895 3576 938 ut

1995 961 2296 1015 efficiamur
2328 962 2477 1018 boni.
2521 963 2594 1017 Ex
2649 966 2806 1020 malis
2844 965 2986 1021 cnim
3033 970 3288 1038 operibus
3315 983 3575 1028 vocantur

1995 1052 2154 1116 ntali,
2191 1059 2262 1106 ita
2308 1069 2339 1108 e
2365 1055 2641 1110 contrario
2672 1071 2738 1110 ex
2777 1058 2932 1113 bonis
2960 1062 3302 1130 appellantur
3328 1067 3472 1119 boui.
3509 1069 3573 1122 Et

1994 1142 2100 1198 duo
2117 1154 2242 1198 sunt
2265 1145 2459 1215 quibus
2480 1145 2604 1201 boni
2623 1158 2642 1185 ε
2657 1150 2862 1205 servire
2882 1150 3129 1207 videntur
3151 1164 3204 1209 et
3227 1156 3383 1211 mali:
3403 1158 3574 1212 bonus

1995 1233 2158 1300 Deus,
2190 1238 2278 1290 cui
2307 1251 2497 1292 omnes
2524 1238 2661 1295 bene
2686 1253 3074 1298 conversantes
3101 1245 3434 1311 deserviunt;
3459 1250 3574 1303 dia-

1995 1325 2152 1382 bolus
2176 1337 2354 1384 autem
2376 1331 2571 1396 malus,
2597 1333 2747 1402 cujus
2761 1333 3002 1404 quisquis
3017 1335 3109 1404 qui
3131 1338 3271 1392 male
3291 1349 3570 1407 operatur,

1991 1426 2079 1473 est
2098 1420 2346 1474 famulus.
2371 1420 2486 1475 Non
2516 1422 2656 1476 enim
2678 1438 2708 1477 a
2727 1425 2882 1479 nobis
2905 1426 3008 1482 hoc
3026 1427 3200 1482 solum
3227 1431 3494 1500 poscitur,
3517 1448 3571 1483 ιιι

1991 1524 2098 1564 non
2138 1511 2367 1566 vivendo
2392 1513 2530 1569 male
2549 1514 2690 1569 servi
2715 1531 2837 1570 esse
2864 1515 3063 1572 diaboli
3103 1518 3435 1588 desinamus,
3473 1525 3569 1578 sed

1991 1603 2220 1658 vivendo
2234 1605 2372 1660 bene
2389 1606 2500 1661 Deo
2516 1608 2723 1664 servire
2744 1609 3453 1685 videamur.l\'amdquisquis
3472 1631 3573 1671 nec

1991 1695 2190 1750 tnalum
2237 1697 2450 1751 videtur
2500 1699 2714 1769 operari
2763 1716 2861 1756 nec
2911 1701 3152 1771 bonum,
3193 1705 3345 1775 cujus
3379 1721 3570 1762 servus

290 1805 364 1866 5;
400 1802 551 1857 Rom.
585 1819 642 1866 tt,
672 1804 788 1871 24).
822 1803 927 1858 Sed
960 1819 1041 1858 vze
1070 1803 1178 1858 illis
1221 1818 1316 1872 per
1364 1815 1500 1872 quos
1535 1815 1731 1856 nomen
1772 1800 1880 1855 Do-

1996 1787 2237 1844 videatur
2283 1804 2405 1844 esse
2447 1791 2674 1862 ignoro;
2733 1794 2816 1848 vel
2859 1796 3129 1864 quomodo
3172 1797 3332 1853 vitam
3379 1815 3410 1853 a
3461 1801 3572 1855 Deo

291 1893 428 1946 mini
459 1892 618 1947 luerit
652 1891 1102 1959 blasphematum.
1145 1893 1289 1948 Deus
1317 1894 1460 1948 enim
1489 1907 1520 1947 a
1548 1891 1707 1946 nobis
1749 1890 1880 1946 nihil

289 1986 466 2053 magis
494 1985 768 2039 desiderat
795 1993 850 2040 et
878 1985 1126 2056 requirit,
1158 2001 1318 2056 quam
1351 1994 1408 2039 ut
1439 1999 1535 2054 per
1585 1991 1738 2039 actus
1785 1998 1882 2037 no-

289 2091 440 2132 stros
474 2092 669 2132 nomen
711 2093 868 2131 suum
914 2077 1287 2146 magniﬁcetur
1315 2076 1385 2131 ab
1412 2075 1661 2131 omnibus
1686 2116 1701 2141 ,
1745 2074 1883 2128 sicut

287 2170 556 2238 scriptum
609 2180 692 2224 est
743 2188 757 2224 :
801 2177 826 2206 ⁸
875 2169 1128 2238 Sacri/ica
1171 2168 1485 2237 sacri/icium
1538 2165 1709 2221 laudis
1758 2165 1879 2237 (Ps.

291 2279 446 2325 ειη,
480 2261 590 2331 ll).
624 2262 737 2316 lloc
767 2272 849 2315 est
879 2262 1021 2316 enim
1050 2262 1378 2317 sacriﬁcium
1425 2260 1567 2330 quod
1600 2261 1742 2316 Deus
1789 2276 1881 2315 su-

289 2372 397 2426 per
425 2371 614 2409 otnnes
652 2354 858 2408 hostias
897 2354 1090 2423 quat-it
1113 2362 1168 2409 et
1191 2354 1381 2423 diligit,
1413 2363 1469 2406 ut
1517 2367 1613 2422 per
1659 2352 1882 2421 justitiae

289 2460 500 2503 nostra:
528 2461 693 2517 opera
717 2462 910 2502 nomen
941 2462 1098 2502 suum
1130 2446 1330 2516 ubique
1362 2446 1630 2514 laudetur,
1654 2455 1709 2500 et
1737 2444 1882 2500 Dens

292 2556 458 2595 verus
481 2555 603 2595 esse
631 2555 912 2595 servorum
957 2555 1176 2594 suorum
1204 2549 1326 2594 actu
1367 2548 1421 2594 et
1443 2553 1605 2609 opere
1631 2552 1882 2609 compro-

289 2635 475 2687 brtnr.
506 2633 588 2687 llli
619 2648 751 2687 vero
785 2632 950 2686 Deum
993 2632 1242 2702 diligunt,
1274 2631 1366 2702 qui
1399 2647 1504 2687 non
1530 2631 1675 2687 aliud
1722 2648 1879 2704 quam

290 2725 442 2778 unde
472 2739 666 2782 nomen
685 2723 803 2790 ejus
827 2722 1156 2794 gloriﬁcetur
1177 2732 1456 2780 exercent.

970 2857 1196 2914 CAPUT
1238 2857 1306 2914 Χ.

911 2970 1142 3025 Proximi
1179 2968 1401 3027 dilectio.

369 3086 651 3154 Quomodo
684 3084 824 3140 Detts
865 3084 1012 3155 diligi
1057 3085 1270 3153 debeat,
1314 3097 1372 3140 ut
1416 3085 1706 3156 potuimus,
1747 3084 1882 3139 dixi-

1984 1880 2185 1951 poterit
2207 1896 2426 1951 sperare
2462 1895 2797 1954 perpetuam,
2829 1903 2988 1956 quam
3017 1889 3151 1944 bene
3173 1889 3421 1946 faciendo
3459 1908 3566 1946 non

1987 1975 2208 2028 tneruit.
2235 1974 2424 2040 Nemo,
2462 1986 2484 2013 ε
2517 1976 2758 2048 inquam,
2803 1995 2965 2034 sensu
3003 1983 3219 2050 proprio
3239 1998 3300 2038 se
3332 1983 3560 2053 decipiat

1983 2073 2040 2122 et
2088 2065 2297 2130 illttdat,
2351 2082 2509 2122 nemo
2559 2083 2620 2122 se
2679 2084 2814 2123 vana
2870 2071 3264 2128 existimatione
3323 2076 3564 2131 sedueat.

1985 2158 2237 2230 Quisquis
2268 2159 2440 2216 bonus
2473 2177 2580 2217 non
2612 2160 2795 2227 fuerit,
2848 2165 3015 2218 vitam
3066 2182 3174 2220 non
3208 2167 3386 2222 habet.
3414 2169 3572 2234 Quis-

1984 2256 2105 2324 quis
2151 2255 2376 2324 justitia:
2431 2266 2484 2311 et
2535 2256 2924 2313 misericordia?
2975 2275 3141 2329 opera
3198 2278 3304 2316 nott
3347 2261 3570 2328 iecerit,

1993 2359 2104 2399 non
2153 2355 2334 2416 potest
2393 2363 2620 2418 regnare
2684 2363 2804 2404 cum
2853 2348 3094 2406 Christo.
3154 2353 3410 2425 Quisquis
3461 2371 3568 2411 non

1987 2437 2148 2494 fuerit
2193 2440 2460 2495 humanus
2494 2481 2508 2505 ,
2562 2441 2702 2510 pius,
2760 2442 3062 2512 hospitalis,
3116 2443 3403 2515 benignus,
3457 2451 3573 2502 cle-

1988 2545 2163 2596 mens,
2195 2533 2460 2601 gehennae
2490 2548 2596 2587 non
2628 2533 3178 2591 evadctincendimn.
3212 2538 3356 2593 Deus
3401 2543 3572 2596 malos

1988 2639 2093 2679 non
2125 2634 2289 2688 autat,
2344 2639 2448 2680 non
2498 2626 2671 2696 diligit
2713 2636 3046 2696 peccatores.
3079 2629 3331 2700 Quisquis
3373 2634 3568 2687 maltnn

1989 2718 2198 2782 fecerit,
2247 2717 2502 2774 inimicus
2551 2728 2632 2774 est
2686 2718 2800 2774 Dei.
2849 2721 3101 2792 Quisquis
3144 2722 3262 2778 sine
3307 2723 3434 2780 dolo
3464 2741 3569 2779 non

1987 2811 2172 2877 fuerit,
2205 2820 2411 2880 partem
2444 2827 2550 2866 non
2580 2822 2755 2882 potest
2784 2813 2982 2868 habere
3011 2828 3133 2868 cum
3163 2814 3401 2870 Christo.
3427 2815 3569 2871 Nihil

1986 2903 2132 2958 enim
2163 2904 2394 2973 amplius
2425 2914 2512 2958 est
2535 2902 2843 2959 Christiano
2871 2904 3240 2972 qumrendum,
3267 2904 3400 2961 nihil
3421 2908 3569 2962 desi-

1985 2994 2283 3050 derantium
2313 2996 2502 3064 magis,
2531 2992 2775 3064 nihilque
2821 2995 2940 3064 plus
2970 2996 3100 3051 totis
3129 2997 3335 3053 viribus
3357 3000 3570 3054 eniten-

1987 3085 2140 3154 dum,
2193 3101 2353 3156 quatn
2401 3096 2458 3140 ut
2508 3087 2770 3140 malitiam
2811 3101 2915 3141 suo
2962 3088 3216 3144 excludat
3259 3105 3327 3144 ex
3379 3091 3567 3160 corde,

294 3193 421 3231 unus
453 3195 466 3230 :
497 3192 637 3230 nunc
667 3191 796 3231 vero
828 3175 954 3246 quid
986 3176 1056 3230 sit
1088 3177 1390 3245 proximum
1415 3185 1688 3246 tamquam
1714 3191 1773 3231 se
1804 3177 1884 3246 ip—
1912 3169 1957 3231 C
1989 3191 2148 3248 quam
2187 3185 2246 3232 ut
2293 3176 2589 3248 nequitiam
2620 3177 2760 3231 intra
2794 3178 3028 3246 pectoris
3071 3181 3153 3234 sui
3185 3182 3572 3236 conscientiam

295 3287 418 3324 sum
450 3271 694 3340 diligere,
734 3279 790 3324 ut
823 3284 1126 3339 possumus,
1160 3270 1492 3340 explicemus
1519 3289 1532 3323 :
1557 3285 1881 3342 quamquam

297 3365 474 3430 ipsius
522 3378 700 3420 causa:
742 3362 1007 3431 expositio
1042 3362 1150 3416 alio
1195 3363 1250 3417 in
1301 3363 1416 3418 loco
1446 3351 1683 3417 breviter
1713 3363 1885 3419 disse-

297 3467 476 3520 ratur,
506 3472 626 3510 cum
657 3456 859 3511 dicitur
889 3474 901 3510 :
940 3457 1087 3522 Quod
1118 3457 1206 3511 tibi
1240 3473 1342 3511 non
1372 3457 1444 3510 vis
1469 3456 1604 3524 ﬁeri,
1644 3455 1794 3510 alteri
1823 3472 1885 3510 ne

298 3549 486 3619 feceris
537 3547 690 3620 (Tob.
723 3564 796 3610 tv,
832 3548 937 3620 l6).
964 3548 1222 3603 Dominus
1268 3562 1483 3617 quoque
1531 3557 1587 3601 et
1636 3548 1885 3603 Salvator

301 3652 492 3694 no-ter
517 3641 647 3694 dicit
676 3657 688 3691 :
725 3638 912 3692 Omnia
951 3655 1282 3708 quaecumque
1303 3638 1456 3693 cultis
1485 3647 1542 3693 ut
1564 3640 1757 3708 faciant
1792 3655 1884 3693 uo-

299 3736 378 3786 bis
407 3734 659 3797 homines,
693 3732 766 3783 ita
793 3743 839 3784 et
863 3748 946 3784 vos
969 3733 1120 3802 facite
1147 3732 1253 3786 illis
1279 3732 1514 3784 similiter
1542 3728 1759 3803 (Matth.
1789 3746 1883 3798 vtt,

301 3826 416 3892 i=2).
455 3826 618 3878 Nemo
649 3835 728 3878 est
763 3823 905 3878 enim
936 3822 1025 3892 qtti
1056 3823 1156 3878 sibi
1185 3824 1383 3878 malum
1431 3831 1583 3892 optet
1611 3826 1680 3880 ab
1705 3824 1887 3892 aliquo

306 3919 442 3969 lteri.
472 3916 566 3970 llle
612 3931 744 3984 ergo
788 3914 1094 3984 proximum
1124 3931 1276 3969 suum
1324 3925 1590 3984 tamquam
1622 3931 1682 3969 se
1713 3916 1887 3984 ipsum

304 4009 499 4076 diligit,
532 4009 619 4077 qui
649 4009 697 4061 ei
732 4022 837 4062 non
879 4008 1005 4062 mali
1053 4007 1277 4077 aliquid,
1306 4008 1428 4078 quia
1475 4023 1574 4062 nec
1620 4007 1746 4074 sibi,
1776 4006 1890 4061 vult

306 4101 456 4164 ticri;
485 4102 576 4155 sed
609 4100 654 4154 si
684 4099 810 4170 quid
853 4099 1001 4169 boni,
1050 4112 1208 4170 prout
1240 4102 1352 4169 ipse
1382 4101 1450 4154 ab
1491 4100 1739 4155 omnibus
1770 4115 1892 4170 per-

302 4194 484 4260 cipere
511 4201 659 4261 optat
679 4201 732 4246 et
759 4193 1041 4262 consequi,
1075 4194 1306 4248 libenter
1334 4193 1605 4262 impertit;
1637 4193 1758 4262 quia
1783 4206 1888 4245 non

308 4285 412 4338 hoc
457 4285 632 4337 solum
683 4299 713 4337 a
755 4284 1060 4340 Christiano
1089 4287 1369 4355 quaeritur,
1421 4294 1476 4338 ut
1515 4285 1658 4338 malo
1684 4293 1887 4349 careat,

304 4380 400 4432 sext
437 4388 490 4430 nt
516 4387 770 4433 exerceat
797 4378 998 4432 bonum
1034 4396 1046 4429 :
1077 4379 1164 4446 qui
1189 4379 1398 4432 etiamsi
1430 4377 1561 4432 nihil
1593 4378 1717 4431 mali
1750 4379 1892 4432 lece-

304 4471 376 4524 rit
407 4485 507 4524 ttcc
535 4471 683 4535 boni,
719 4478 896 4524 tamen
942 4469 1006 4522 ad
1057 4480 1272 4524 internas
1303 4471 1428 4524 vita:
1459 4469 1736 4538 prtctttiutn
1783 4486 1888 4524 non

1988 3289 2093 3327 non
2118 3257 2393 3338 admittat,
2427 3287 2585 3344 quant
2642 3280 2698 3326 ttt
2738 3272 3033 3328 bonitatem
3082 3283 3280 3339 teneat,
3311 3275 3571 3345 justitiam

1983 3373 2188 3429 servet,
2238 3364 2526 3434 puritatem
2573 3363 2775 3418 mentis
2803 3365 3095 3420 custodiat.
3130 3366 3257 3420 Esto
3286 3368 3570 3433 innocens,

1985 3457 2034 3511 si
2064 3457 2143 3510 vis
2171 3471 2292 3511 cum
2325 3456 2438 3511 Deo
2470 3457 2672 3510 vivere.
2702 3456 2830 3511 Esto
2860 3458 3120 3526 simplex,
3150 3459 3198 3512 si
3237 3461 3316 3512 vis
3352 3475 3575 3530 regnare

1984 3562 2106 3604 cum
2136 3548 2371 3604 Christo.
2402 3548 2544 3616 Quid
2576 3549 2669 3604 tibi
2701 3549 2924 3618 prodest
2953 3550 3315 3620 malitia,th
3346 3553 3399 3607 in
3432 3571 3575 3608 mur-

1988 3650 2094 3697 tem
2121 3641 2322 3696 trahit?
2343 3642 2468 3712 quid
2490 3639 2753 3712 nequitia,
2781 3655 2899 3710 qua:
2934 3641 3178 3711 prohibet
3204 3660 3431 3713 regnare
3451 3662 3573 3701 cum

1985 3731 2227 3801 Christo,
2255 3747 2378 3802 quae
2425 3746 2486 3785 se
2533 3731 2820 3787 habentem
2852 3733 3219 3787 exterminat?
3247 3741 3387 3790 sicut
3444 3742 3578 3793 scri-

1989 3831 2138 3892 ptum
2169 3831 2254 3878 est
2287 3838 2302 3877 :
2333 3823 2520 3876 Anima
2547 3821 2682 3876 enim
2709 3839 2926 3890 nequam
2949 3824 3211 3893 disperdet
3238 3828 3327 3893 qui
3352 3845 3406 3882 se
3427 3827 3574 3884 habet

1990 3914 2182 3987 (Eccli.
2215 3929 2265 3968 vr
2290 3957 2304 3981 ,
2334 3911 2416 3984 4).
2463 3914 2518 3968 Si
2567 3913 2649 3969 vis
2678 3914 2882 3983 vivere,
2937 3917 3061 3971 audi
3095 3917 3418 3988 Prophetatn
3449 3926 3575 3992 qttitl

1991 4005 2262 4077 loquitur;
2308 4006 2352 4060 si
2391 4019 2614 4074 regnum
2664 4006 2864 4062 Christi
2909 4007 3115 4078 diligis,
3153 4011 3278 4066 audi
3305 4017 3576 4083 quomodo

1992 4099 2124 4153 illud
2157 4096 2419 4153 merearis
2464 4098 2715 4168 adipisci.
2763 4098 2892 4166 Quis
2923 4110 3018 4166 est,
3053 4101 3241 4173 inquit,
3297 4105 3448 4158 homo
3489 4110 3580 4176 qui

1992 4192 2098 4246 vult
2127 4191 2304 4257 vitam,
2334 4200 2382 4245 et
2408 4193 2549 4260 cupit
2577 4191 2746 4245 videre
2774 4192 2882 4246 dies
2910 4193 3102 4247 bonos!
3131 4194 3321 4249 Cohibe
3347 4197 3577 4267 linguam

1994 4292 2139 4337 tuam
2163 4299 2196 4336 a
2223 4283 2382 4348 ma.'o,
2412 4294 2458 4336 et
2485 4283 2620 4336 labia
2649 4293 2738 4336 tua
2764 4299 2826 4336 nc
2849 4285 3128 4353 loquantur
3147 4287 3343 4342 dolum.
3378 4288 3582 4343 Dicat-te

1993 4393 2026 4430 a
2054 4378 2216 4440 malo,
2244 4383 2290 4428 et
2318 4377 2401 4443 [ac
2439 4375 2626 4428 bonum
2647 4390 2667 4439 ς
2695 4375 2894 4443 inquire
2918 4392 3117 4446 pacem,
3144 4387 3191 4430 et
3218 4394 3425 4447 sequere
3468 4397 3578 4433 eam

1999 4465 2118 4535 (Ps.
2150 4481 2340 4530 xxxnt,
2380 4464 2588 4534 15-15).
2621 4465 2941 4535 Hujustnodi
2971 4465 3117 4520 enim
3159 4466 3402 4522 homines
3439 4469 3581 4524 Deus

305 4561 732 4628 admutitur,sed
763 4562 1024 4633 gehennae
1054 4563 1262 4632 ignibus
1291 4565 1644 4633 manciputur,
1675 4566 1814 4619 sicut
1840 4566 1890 4619 in
1924 4583 1975 4643 ι)
2001 4560 2233 4614 honorat
2257 4568 2312 4613 et
2336 4557 2530 4627 diligit,
2561 4557 2653 4628 qui
2692 4557 2892 4612 ntalum
2941 4558 3210 4626 nesciunt,
3241 4559 3333 4627 qui
3364 4566 3581 4616 mentiri

308 4656 611 4725 Evangelio
646 4655 927 4710 Dominum
957 4656 1159 4710 dixisse
1197 4656 1422 4726 legimus
1445 4658 1511 4712 de
1542 4658 1606 4710 iis
1637 4659 1730 4726 qtti
1762 4657 1894 4712 nilul

309 4749 436 4802 tnali
481 4747 718 4811 t'..cinnt,
771 4763 871 4802 nec
911 4748 1037 4801 boni
1079 4757 1256 4803 tamen
1306 4749 1503 4817 aliquid
1555 4761 1892 4819 operantur:

314 4839 574 4892 Discedite
603 4856 635 4891 α
666 4855 766 4903 me,
796 4840 1071 4903 maledicti,
1113 4841 1165 4893 in
1195 4840 1362 4908 ignem
1389 4854 1662 4908 retentum,
1697 4840 1724 4878 δ
1747 4858 1897 4910 quem

314 4933 623 5002 preparavit
679 4931 835 4984 Patcr
860 4948 1000 4985 meus
1027 4933 1232 4986 diabolo
1277 4942 1323 4986 et
1370 4932 1565 5002 angelis
1597 4935 1730 5005 ejus.
1765 4932 1901 4986 Esu-

313 5024 407 5075 riri
447 5023 600 5085 enim,
637 5030 684 5074 et
730 5038 831 5074 non
881 5023 1091 5077 dedistis
1122 5024 1247 5076 mihi
1275 5022 1618 5088 manducare;
1669 5025 1823 5090 sitioi,
1851 5034 1899 5080 et

315 5132 418 5168 non
448 5115 665 5168 dedistis
695 5115 822 5168 mihi
854 5116 1049 5180 bibere;
1078 5117 1264 5185 hospes
1294 5118 1392 5186 fui,
1439 5125 1484 5170 et
1515 5134 1618 5170 non
1644 5120 1902 5187 suscepis.

316 5211 378 5260 tis
409 5224 524 5273 me;
553 5209 746 5272 nudus,
779 5216 824 5262 et
857 5225 955 5261 non
999 5210 1213 5262 vestistis
1264 5226 1374 5274 me;
1414 5210 1672 5279 inﬁrmus,
1702 5222 1749 5263 et
1798 5227 1900 5265 non

319 5301 562 5352 risitastis
589 5316 703 5365 me;
735 5301 786 5352 in
813 5314 1038 5366 carcere,
1069 5309 1114 5353 et
1136 5317 1236 5354 non
1260 5301 1467 5354 venistis
1491 5301 1559 5354 ad
1582 5318 1660 5357 me
1681 5301 1897 5374 (Matth.

321 5406 446 5458 xxv,
475 5394 690 5460 ιι-ιδ).
723 5392 839 5446 Non
871 5394 992 5462 quia
1044 5392 1239 5447 malum
1282 5405 1589 5463 gesserunt,
1631 5396 1725 5450 sed
1777 5399 1899 5466 quia

393 5561 418 5587 "
457 5551 550 5607 Sic
582 5565 715 5606 mss.
766 5550 934 5616 Alias,
968 5546 1292 5620 Sacriﬁcium
1338 5551 1508 5606 laudis
1551 5553 1904 5623 honoriﬁcavit

323 5638 421 5730 me;
462 5692 832 5768 llolstenihic
863 5699 919 5745 et
941 5691 1080 5746 inira
1103 5707 1231 5768 cap.
1266 5693 1351 5760 l5,
1385 5710 1531 5762 quem
1569 5698 1770 5764 pararit
1817 5713 1912 5768 pa-

325 5774 399 5814 ter
427 5773 588 5818 vester
620 5763 855 5815 diabolus
882 5774 930 5815 et
961 5765 1149 5832 angeli.

618 5856 892 5916 Ριτιιοι..
933 5854 999 5913 ι.

1999 4667 2106 4707 non
2135 4659 2361 4716 norunt,
2393 4665 2620 4718 quorum
2653 4648 2834 4703 dolutn
2864 4649 3001 4704 labia
3032 4664 3138 4705 non
3180 4650 3497 4721 loquuntur,
3530 4654 3582 4706 in

1997 4747 2196 4816 quibus
2221 4760 2327 4799 non
2363 4744 2463 4798 nisi
2494 4743 2710 4798 bonitas
2735 4742 2946 4798 videtur
2972 4752 3024 4798 et
3057 4744 3286 4813 puritas.

2075 4838 2383 4894 lnnoccntia
2409 4847 2494 4892 est
2522 4852 2642 4905 qute
2687 4850 2792 4891 nos
2821 4837 3169 4891 commendat
3215 4835 3346 4903 Deo,
3379 4837 3588 4904 simpli-

2003 4935 2138 4989 citas
2164 4942 2249 4988 est
2293 4947 2415 5001 qua:
2463 4930 2588 4985 facit
2627 4944 2855 4999 regnare
2881 4943 3008 4983 cum
3035 4929 3276 4984 Christo.
3303 4929 3589 4995 Quomodo

2006 5026 2154 5080 Deus
2194 5040 2297 5078 non
2329 5022 2433 5077 nisi
2481 5023 2805 5076 innocentes
2847 5021 3054 5089 diligat,
3104 5019 3283 5074 etsibi
3314 5021 3444 5075 velit
3467 5037 3588 5076 esse

2004 5116 2350 5185 conjunctos,
2387 5111 2708 5167 testimoniis
2735 5111 2980 5180 plurimis
3007 5111 3334 5175 declaratur,
3369 5114 3500 5166 sicut
3535 5116 3588 5167 in

2008 5210 2238 5265 Psalmis
2267 5211 2524 5276 scriptum
2557 5218 2637 5260 est
2667 5224 2678 5258 :
2711 5204 3016 5259 lnnocentes
3037 5212 3082 5256 et
3111 5204 3238 5257 recti
3262 5202 3588 5266 adhmerunt

2010 5305 2134 5360 mihi
2162 5303 2280 5374 (Ps.
2310 5316 2454 5364 xxrv,
2487 5299 2603 5366 Sil).
2661 5298 2726 5353 Et
2762 5298 2892 5351 alibi
2925 5297 3208 5349 mandatur
3247 5307 3302 5350 et
3351 5295 3586 5350 dicitur:

2011 5398 2226 5452 Custodi
2259 5396 2626 5460 innocentiam,
2659 5401 2710 5445 et
2737 5393 2850 5444 ride
2877 5391 3189 5459 aquittttcm,
3213 5391 3454 5458 quoniam
3476 5400 3590 5443 sunt

2087 5566 2110 5593 ο
2156 5553 2401 5606 llolsten.
2430 5561 2483 5604 et
2510 5565 2666 5612 mss.,
2699 5550 2912 5602 erudiri.

2087 5625 2112 5662 ά
2155 5624 2242 5677 Sic
2268 5624 2496 5691 legimus
2523 5637 2645 5675 cum
2671 5618 2912 5674 llolsten.
2942 5618 3046 5673 Sed
3079 5618 3212 5674 edit.
3235 5619 3337 5675 BB.
3365 5620 3594 5694 quisquis

2017 5698 2106 5766 qui
2138 5712 2246 5747 nec.

2097 5777 2119 5802 ⁶
2161 5765 2402 5820 llolsten.
2438 5771 2489 5817 et
2517 5777 2673 5828 tnss.,
2700 5763 2880 5830 inquit.

3002 5853 3076 5912 13
