3970 6180
438 401 552 459 τθό

451 612 697 667 nocentia
744 607 947 663 homini
1001 614 1222 675 prmetet
1265 614 1325 660 et
1349 602 1617 673 conferat,
1648 603 1859 658 etiamsi
1906 617 2029 656 sero

447 711 716 767 servetur,
752 698 1035 769 propheta:
1065 697 1232 753 David
1262 697 1576 753 testimonio
1602 696 1987 765 comprobatur
2012 713 2026 762 ;

440 798 534 865 qui
565 810 686 849 cum
733 793 966 863 graviter
993 799 1121 847 ante
1162 798 1460 861 peccasset,
1494 800 1682 859 postea
1709 788 1940 859 judicari
1971 803 2031 842 se

425 900 551 941 =non
586 887 757 949 timet,
790 900 856 940 ex
895 900 1002 954 quo
1049 883 1415 938 innocentiam
1461 896 1623 937 nosse
1666 881 1862 951 ccepit,
1892 880 2032 934 sicut

443 981 559 1048 ipse
580 978 711 1034 dicit
737 976 965 1034 :Judica
987 991 1088 1042 me,
1119 976 1283 1039 Deus,
1315 974 1560 1043 quoniam
1584 990 1676 1044 ego
1700 975 1754 1026 in
1785 974 2031 1027 innocen-

442 1073 517 1125 tia
545 1088 659 1125 mea
680 1073 938 1141 ingressus
958 1084 1071 1123 sum
1084 1066 1212 1138 '(Ps.
1242 1082 1370 1133 xxv,
1401 1064 1477 1137 ι).
1501 1065 1716 1120 Sciebat
1742 1064 1903 1135 igitur
1927 1064 2029 1118 sibi

442 1167 551 1236 jam
583 1180 687 1218 non
742 1161 1089 1218 metuendum
1120 1174 1244 1215 esse
1289 1157 1574 1227 judicium,
1622 1156 1743 1225 quia
1775 1159 2030 1211 innectu-

422 1260 576 1312 rtiam
608 1256 693 1311 vel
741 1271 867 1311 sero
897 1260 1242 1323 cognoverat.
1276 1252 1339 1306 Et
1366 1250 1473 1304 alio
1501 1250 1553 1304 in
1583 1250 1701 1306 loco
1731 1248 1862 1303 dicit
1895 1266 1909 1303 :
1942 1246 2031 1301 Me

441 1362 613 1407 autem
637 1358 845 1421 propter
862 1346 1204 1403 innocentiam
1231 1345 1498 1416 suscepisti
1517 1342 1637 1415 (Ps.
1665 1359 1752 1409 an,
1781 1341 2032 1413 l5).Sus-

442 1444 587 1514 cepit
616 1440 961 1513 postmodum
1009 1449 1231 1508 propter
1275 1435 1638 1493 innocentiam
1673 1435 1834 1498 Deus,
1866 1448 2025 1503 quem

443 1546 664 1606 propter
719 1532 977 1589 malitiam
1021 1540 1149 1585 ante
1206 1528 1496 1598 repulerst.
1530 1525 1851 1581 lnnocentcs
1898 1538 2029 1579 vero

442 1647 544 1687 nec
570 1627 825 1686 confundi
849 1641 1031 1682 coram
1066 1622 1176 1679 Deo
1200 1635 1376 1692 posse.
1406 1620 1747 1676 manifestum
1777 1625 1880 1683 est,
1902 1630 2026 1674 cum

441 1723 639 1777 dicitur
672 1738 685 1775 :
720 1721 927 1788 Quanto
955 1726 1179 1788 tempore
1205 1715 1500 1768 innocentes
1547 1706 1880 1766 custodierint
1902 1713 2023 1778 jus-

434 1817 631 1879 titiam,
662 1830 765 1868 non
810 1811 1192 1882 confundantur
1236 1807 1419 1879 (Prov.
1448 1821 1566 1871 xm,
1595 1804 1674 1875 ϐ).
1707 1804 1847 1859 Nihil
1876 1803 2025 1858 enim

1482 394 1774 453 FASTlDll
1818 391 2315 451 BRITANNURUM
2362 392 2664 451 EPlSCOPl

436 518 675 579 reliquiae
706 519 899 571 Itonttm
926 506 1144 583 paci/tea
1168 510 1286 582 (Ps.
1320 522 1504 576 xxxvi,
1531 509 1641 580 57).
1664 508 1933 575 Quantum
1952 509 2030 561 in-
2058 509 2109 567 Α

3618 402 3722 459 596

2743 508 2968 564 CAI‘UT
3010 509 3101 564 XI.

2420 602 2653 667 Quorum
2680 617 2851 672 preces
2884 600 3025 656 Deus
3048 617 3149 656 non
3176 603 3443 659 exaudiat.

2203 694 2339 749 Nam
2370 693 2397 732 δ
2428 704 2482 749 ιιι
2514 695 2666 749 illum
2713 694 3080 749 Christianum
3115 703 3289 765 putas,
3322 698 3374 751 in
3404 712 3514 768 quo
3541 701 3722 755 nullus

2134 784 2559 841 Christianitatis
2589 795 2674 841 est
2702 797 2893 854 actus,
2943 786 3000 843 in
3036 802 3146 857 quo
3186 792 3526 846 conversatio
3573 794 3719 849 nulla

2127 878 2353 948 justitim
2381 889 2485 946 est,
2533 879 2631 934 sed
2658 881 2920 948 nequitia,
2950 880 3200 949 impietas
3227 891 3283 938 et
3316 886 3531 940 scelus?
3563 886 3719 942 Illum

2132 970 2501 1027 Christianum
2534 983 2711 1043 putas,
2756 975 2846 1043 qui
2873 974 3130 1042 opprimit
3158 975 3437 1043 miserum,
3468 979 3561 1048 qui
3588 994 3721 1049 pau-

2134 1079 2317 1134 perem
2344 1076 2550 1134 gravat,
2582 1068 2671 1135 qui
2705 1079 2794 1119 res
2817 1067 3151 1136 concupi-cit
3174 1067 3400 1136 alienas,
3432 1069 3527 1137 qui
3573 1080 3634 1125 ut
3661 1086 3721 1126 se

2133 1158 2358 1212 divitem
2392 1158 2575 1225 faciat,
2608 1158 2795 1226 plures
2826 1158 2997 1212 cilicit
3047 1158 3373 1227 indigentes,
3415 1161 3507 1230 qui
3551 1161 3718 1217 lucris

2131 1250 2330 1323 gaudet
2358 1251 2594 1321 injustis,
2625 1253 2719 1321 qui
2741 1251 2812 1305 de
2835 1251 3029 1307 alienis
3055 1251 3308 1324 lacrymis
3348 1253 3526 1309 cibum
3549 1255 3714 1325 capit,

2131 1345 2223 1415 qui
2272 1345 2591 1399 miserorum
2645 1343 2846 1397 ditatus-
2895 1343 3135 1409 interitu,
3186 1345 3339 1413 cujus
3387 1358 3450 1400 os
3497 1346 3721 1400 assidue

2134 1436 2420 1492 mendacio
2469 1435 2722 1500 violatur,
2755 1435 2911 1503 cujus
2940 1434 3077 1489 labia
3122 1450 3230 1490 non
3262 1437 3363 1490 nisi
3417 1436 3632 1509 indigna
3661 1447 3722 1491 et

2132 1530 2367 1587 obscena
2397 1537 2453 1584 et
2478 1528 2707 1583 scelesta
2737 1528 3032 1598 loquuntur
3056 1538 3113 1583 et
3134 1531 3335 1599 turpia,
3363 1531 3449 1586 eui
3480 1546 3617 1585 cum,
3631 1532 3722 1600 ju-

2132 1622 2323 1676 beatur
2351 1620 2682 1676 distribuere
2707 1634 2826 1685 sua,
2861 1621 3065 1675 inradit
3093 1622 3306 1676 aliena?
3337 1622 3405 1677 Et
3446 1623 3513 1678 ad
3540 1624 3720 1679 eccle-

2130 1714 2267 1768 siam
2294 1713 2419 1769 talis
2444 1715 2707 1768 audenter
2735 1712 2965 1775 accedit,
2991 1720 3049 1768 et
3073 1722 3274 1768 temere
3301 1724 3355 1768 et
3408 1715 3721 1783 importune

2132 1806 2389 1878 expandit
2440 1804 2635 1875 impias
2681 1820 2873 1859 manus
2919 1805 3105 1860 illicito
3151 1813 3306 1876 raptu
3332 1815 3390 1860 et
3418 1805 3717 1861 insontium

430 1904 556 1961 Deo
601 1906 842 1973 dignius,
896 1902 1031 1958 nihil
1076 1901 1295 1957 charius
1344 1914 1467 1955 esse
1510 1906 1712 1968 potest,
1758 1909 1921 1966 quam
1968 1904 2026 1949 ut
2058 1893 2103 1955 Β
2129 1913 2324 1956 cruore
2362 1900 2613 1970 violatas,
2647 1909 2702 1955 et
2742 1915 2838 1956 ore
2879 1900 2975 1955 illo
3000 1900 3205 1970 polluto
3233 1911 3397 1971 atque
3423 1901 3717 1971 sacrilego,

424 1998 747 2053 innocentia
778 2006 890 2051 tota
928 1994 1312 2051 observatione
1339 2000 1609 2047 teneatur.
1640 1989 1793 2045 Licet
1818 1989 1939 2058 quis
1971 1989 2023 2044 in

437 2092 561 2146 aliis
575 2089 827 2160 operibus
844 2088 1072 2143 devotus
1086 2084 1419 2155 appareat,si
1447 2082 1592 2136 illam
1616 2096 1723 2135 non
1755 2079 2023 2145 habuerit,

422 2183 542 2238 sibi
558 2182 752 2237 frustra
772 2179 1043 2235 blanditur
1056 2178 1124 2233 de
1137 2191 1231 2231 sua
1246 2177 1554 2231 devotione.
1571 2174 1627 2228 Si
1650 2173 1797 2228 illam
1821 2170 2025 2228 Judtels

419 2272 601 2328 'etiam
616 2273 716 2327 sub
731 2272 903 2327 veteri
919 2271 1035 2340 lege
1044 2266 1611 2340 degentibus,quando
1623 2265 1801 2321 adhuc
1814 2265 1919 2320 illis
1932 2263 2029 2318 inl-

422 2368 639 2420 ‘tnicum
665 2365 858 2420 licebat
880 2363 1081 2428 odisse,
1095 2362 1395 2416 observare
1412 2368 1741 2430 prmceptum
1760 2366 1874 2423 est;
1898 2354 2024 2426 quid

422 2472 495 2513 1e
512 2472 666 2512 nunc
692 2470 852 2526 agere
877 2454 1131 2510 convenit
1160 2453 1552 2517 Christianum,
1603 2451 1696 2521 qui
1744 2450 2023 2505 inimicum

423 2548 813 2619 'tuum‘juberis
830 2561 1014 2601 amare
1035 2544 1252 2617 (Matth.
1280 2562 1331 2610 ν,
1361 2542 1494 2615 tu)?
1515 2542 1744 2610 Quando
1775 2542 1921 2596 enim
1944 2541 2026 2595 in-

424 2656 645 2696 -noeens
657 2654 762 2695 non
781 2641 912 2706 eris,
927 2638 1014 2693 vel
1030 2637 1116 2693 cui
1129 2652 1251 2693 esse
1266 2636 1468 2706 poteris
1486 2633 1779 2705 malus,qui
1794 2633 2027 2688 inimicis

442 2733 754 2802 pmciperis
784 2746 909 2787 esse
938 2730 1143 2786 bonust
1168 2728 1275 2785 Sed
1310 2738 1366 2783 tu
1393 2727 1618 2784 forsitan
1643 2735 1699 2782 et
1722 2726 2025 2796 proximum

422 2824 582 2889 tedis,
612 2825 700 2879 cui
748 2838 850 2879 nec
899 2829 1186 2877 externum
1217 2818 1400 2874 odisse
1447 2816 1802 2882 conceditur;
1830 2827 1882 2871 et
1917 2814 2023 2869 fra-

424 2927 577 2970 ιιι-ειη
617 2913 979 2985 persequeris,
1013 2913 1105 2985 qui
1144 2927 1327 2967 amare
1358 2910 1668 2981 prmeiperis
1712 2908 2021 2967 inimicum:

424 3006 890 3062 etClrristianum
914 3016 966 3060 te
988 3019 1115 3061 esse
1146 3002 1351 3071 credis,
1393 3004 1480 3073 qui
1511 3017 1612 3057 nec
1648 3000 1771 3057 novi
1803 3014 1903 3056 nec
1931 3016 2026 3056 vc-

443 3099 575 3154 teris
616 3097 951 3153 Testamenti
1002 3104 1270 3166 praecepta
1316 3094 1603 3151 custodis?
1631 3093 1737 3149 Sed
1785 3107 1855 3149 ne
1903 3092 2026 3147 sine

440 3206 605 3246 causa
634 3198 687 3244 te
719 3189 1087 3245 Christianum
1113 3190 1350 3243 aestimes
1374 3195 1429 3243 et
1452 3185 1520 3241 de
1548 3186 1669 3240 solo
1686 3185 1783 3243 tibi
1808 3184 2025 3242 nomine

443 3280 759 3349 blandiaris;
787 3280 1004 3347 qualem
1032 3289 1085 3333 te
1114 3294 1234 3334 esse
1262 3285 1511 3348 oporteat
1536 3276 1857 3347 Apostolum
1898 3275 2021 3330 audi
2052 3274 2097 3339 C

442 3373 711 3427 dicentem
738 3386 757 3425 :
787 3370 888 3437 Qui
921 3370 1192 3440 [urebatur
1214 3410 1231 3437 ,
1277 3370 1395 3439 jam
1440 3385 1544 3423 non
1588 3371 1827 3437 foretur;
1862 3366 2027 3436 magis

436 3474 618 3520 autem
641 3463 835 3519 laboret
869 3463 1133 3533 operando
1164 3462 1399 3515 manibus
1416 3461 1531 3515 suis
1551 3460 1693 3531 quod
1714 3459 1901 3513 bonum
1928 3466 2024 3524 est,

445 3569 499 3612 ut
544 3556 730 3612 habent
771 3555 909 3610 unde
940 3556 1129 3613 tribuat
1173 3553 1524 3608 necessitatem
1572 3551 1804 3620 patienti.
1847 3549 2027 3604 Omnis

434 3667 611 3705 sermo
640 3651 811 3704 malus
836 3648 900 3702 de
930 3663 1017 3702 ore
1046 3657 1210 3702 vestro
1248 3660 1353 3699 non
1385 3643 1662 3715 procedat;
1712 3643 1799 3696 sed
1839 3644 1885 3695 si
1911 3641 2028 3709 quis

444 3746 609 3799 bonus
636 3744 704 3798 ad
746 3741 1160 3812 aediﬁcationem
1175 3739 1322 3809 ﬁdei,
1349 3749 1405 3793 stt
1441 3740 1525 3792 det
1550 3737 1773 3808 gratiam
1812 3735 2030 3789 audien-

442 3837 599 3891 tibus.
629 3833 698 3889 Et
724 3833 894 3889 nolite
918 3833 1224 3888 contristare
1249 3831 1507 3904 Spiritum
1548 3836 1783 3885 sanctum
1814 3824 1932 3892 Dei,
1972 3826 2027 3879 in

442 3945 543 3998 quo
588 3929 774 4000 signati
817 3928 937 3982 estis
982 3927 1038 3981 in
1073 3926 1157 3980 die
1197 3925 1579 3994 redemptionis.
1630 3920 1809 3977 Omnis
1837 3919 2029 3973 amari-

444 4022 588 4085 tudo,
609 4029 657 4075 et
683 4022 784 4086 ira,
812 4029 857 4074 et
882 4020 1195 4090 indignatio,
1217 4028 1265 4072 et
1288 4018 1509 4081 clamor,
1533 4025 1581 4069 et
1600 4012 1918 4087 blasphemia
1934 4026 2025 4067 au-

445 4117 642 4180 feratur
664 4130 696 4167 a
722 4113 860 4167 nobis
876 4127 994 4165 cum
1015 4111 1153 4164 omni
1181 4108 1606 4164 malitia.-Estots
1624 4119 1793 4162 autem
1813 4108 2027 4161 invicem

2129 2007 2238 2062 quo
2278 1993 2455 2047 fuerat
2482 1993 2644 2062 paulo
2689 2002 2816 2048 ante
2844 2002 2938 2048 aut
2966 1992 3100 2047 falsa
3130 1993 3341 2048 loculus
3370 2004 3461 2047 aut
3510 1996 3719 2062 turpia,

2129 2099 2322 2154 preces
2350 2085 2416 2138 ad
2447 2084 2755 2151 Dominum,
2780 2085 2933 2156 quasi
2966 2084 3103 2140 nihil
3148 2084 3247 2139 sibi
3289 2085 3412 2139 mali
3440 2088 3717 2151 conscius,

2129 2177 2320 2233 fundit.
2338 2177 2485 2243 Quid
2510 2178 2627 2248 agis
2659 2177 2945 2248 impudens
2967 2188 3023 2233 et
3048 2176 3248 2232 miser?
3277 2176 3416 2243 Quid
3445 2188 3497 2232 te
3537 2178 3714 2248 majo-

2128 2282 2248 2323 rum
2298 2277 2641 2338 peccatorum
2673 2284 2841 2325 onere
2894 2268 3123 2338 gravas?
3168 2269 3304 2337 Quid
3355 2271 3470 2326 Deo
3517 2280 3721 2341 prater

2127 2370 2497 2428 contemptum
2546 2359 2800 2429 injuriatn
2857 2360 3098 2431 irrogas?
3125 2360 3261 2429 Quid
3293 2361 3358 2415 ad
3412 2376 3720 2432 provocan-

2127 2449 2251 2504 dam
2296 2451 2527 2507 celerius
2555 2450 2671 2521 ejus
2701 2452 2835 2506 itam
2883 2451 2939 2507 in
2991 2448 3358 2508 testimonium
3406 2467 3579 2523 pietate
3609 2465 3722 2509 tua:

2126 2546 2426 2601 sceleratas
2464 2545 2532 2601 ad
2584 2546 2754 2602 Deum
2805 2547 3040 2617 porrigis
3090 2548 3401 2613 manus,ad
3430 2562 3564 2617 quas
3619 2548 3721 2603 ille

2128 2654 2236 2694 non
2266 2640 2513 2710 respicit,
2567 2641 2657 2711 qui
2697 2655 2804 2696 non
2836 2639 2936 2695 nisi
2981 2651 3195 2699 sanctas
3241 2652 3295 2696 et
3342 2642 3723 2696 immaculatas

2129 2734 2229 2787 sibi
2259 2732 2421 2803 jussit
2453 2733 2682 2790 offerri?
2729 2733 2868 2802 Quid
2904 2748 3000 2789 ore
3044 2734 3134 2788 illo
3166 2734 3332 2788 Deum
3376 2750 3552 2805 rogas,
3606 2751 3722 2803 quo

2127 2829 2289 2897 paulo
2326 2835 2451 2883 ante
2482 2828 2692 2884 locutus
2722 2841 2783 2882 es
2826 2827 2987 2893 male,
3035 2828 3211 2896 cujus,
3256 2828 3501 2898 quamvis
3533 2830 3726 2883 multi-

2127 2923 2419 2993 plicemur,
2469 2922 2815 2977 abominatur
2856 2920 3069 2995 preces,
3119 2921 3258 2977 sicut
3297 2924 3556 2991 scriptum
3587 2937 3676 2979 est
3708 2943 3722 2979 :

2128 3012 2257 3067 Cum
2275 3032 2281 3039 ο
2299 3014 2625 3069 extendetitis
2653 3028 2837 3068 manus
2857 3023 3069 3079 uestras,
3093 3022 3319 3068 avertam
3342 3014 3522 3083 facient
3548 3031 3727 3069 meant

2127 3123 2160 3161 α
2188 3107 2359 3174 vobis;
2388 3115 2434 3160 et
2453 3109 2498 3160 si
2527 3105 2989 3176 multiplicaveritis
3033 3122 3229 3175 preces,
3259 3122 3361 3160 non
3402 3108 3725 3171 exaudiam;

2128 3215 2312 3254 manus
2340 3200 2475 3254 enim
2502 3211 2682 3254 sestrte
2720 3200 2971 3269 sanguine
3016 3200 3183 3268 plene
3222 3210 3363 3253 sunt.
3402 3198 3684 3253 Lanamim'
3707 3240 3725 3265 ,

2131 3293 2311 3346 mundi
2336 3300 2511 3358 estote,
2540 3295 2742 3362 auferte
2771 3292 3026 3360 nequitias
3054 3290 3118 3344 ab
3142 3291 3330 3344 animis
3361 3292 3535 3344 restria
3561 3288 3724 3361 (Ian.

2131 3397 2168 3447 ι,
2202 3383 2289 3450 l5,
2318 3381 2447 3452 16).
2482 3382 2627 3439 Bene
2649 3384 2754 3437 sibi
2782 3382 2877 3438 ille
2899 3383 3154 3437 conscius
3180 3396 3300 3437 esse
3322 3382 3481 3437 debet
3509 3396 3566 3437 et
3595 3399 3729 3437 θεῖς

2129 3483 2241 3543 tus,
2289 3482 2345 3529 et
2381 3489 2495 3529 sua:
2529 3474 2856 3529 innocentia:
2902 3473 3061 3538 fidus,
3090 3473 3183 3544 qui
3211 3473 3277 3529 ad
3310 3473 3477 3527 Deum
3520 3488 3726 3528 manus

2130 3566 2376 3622 extendit
2395 3574 2451 3621 et
2479 3565 2731 3636 porrigit,
2764 3580 2889 3619 cum
2916 3563 3210 3634 Apostolus
3244 3564 3409 3632 dicat,
3449 3563 3581 3618 Vola
3623 3582 3728 3617 au-

2130 3669 2228 3713 tem
2268 3660 2403 3713 viros
2432 3674 2580 3713 orare
2620 3660 2673 3712 in
2699 3660 2838 3712 omni
2884 3659 3016 3722 loco,
3061 3656 3286 3712 levantes
3326 3674 3482 3724 puras
3529 3649 3730 3712 manus

2129 3752 2189 3822 (l
2222 3750 2357 3807 Tim.
2381 3766 2451 3816 tt,
2488 3750 2577 3821 8).
2610 3761 2632 3788 ε
2658 3751 2756 3806 Ille
2786 3760 2966 3805 autem
2992 3749 3057 3805 ad
3081 3750 3248 3804 Deum
3279 3750 3474 3804 merito
3501 3752 3730 3813 extollit

2130 3860 2343 3910 tttanus,
2380 3843 2472 3899 ille
2498 3857 2690 3914 preces
2723 3843 2863 3897 bona
2893 3842 3226 3899 conscientia
3260 3840 3455 3903 fundit,
3493 3843 3584 3909 qui
3616 3858 3729 3910 po-

2129 3945 2239 3992 test
2266 3937 2448 3993 dicere
2474 3953 2488 3991 :
2519 3934 2600 3990 'l'u
2632 3935 2799 4001 nosti,
2830 3933 3079 4004 Domine,
3114 3950 3271 4005 quam
3295 3942 3519 4000 sancto,
3550 3950 3728 4003 quam

2128 4029 2479 4095 innocentes,
2506 4042 2669 4100 quam
2698 4043 2845 4099 pura:
2871 4029 2979 4083 sint
3006 4028 3078 4083 ab
3105 4027 3252 4083 eunti
3276 4027 3462 4081 fraude
3489 4038 3546 4081 et
3575 4028 3731 4098 inju-

2130 4120 2204 4175 ria
2249 4128 2305 4176 et
2343 4120 2553 4189 rapina,
2586 4134 2718 4189 quas
2761 4121 2827 4173 ad
2858 4130 2909 4173 te
2946 4119 3215 4188 crpando,
3270 4132 3496 4176 manus;
3549 4134 3729 4187 quam

443 4204 646 4274 benigni
688 4212 735 4256 et
784 4200 1174 4266 misericordes;
1230 4202 1477 4257 donantes
1526 4199 1763 4263 inuicem,
1807 4200 1939 4252 sicut
1982 4206 2024 4251 et

2134 4215 2292 4284 iusta,
2324 4228 2486 4283 quam
2519 4213 2863 4268 immaculata
2894 4212 3032 4267 labia
3060 4221 3111 4266 et
3144 4211 3213 4265 ab
3239 4211 3384 4266 omni
3427 4211 3587 4265 mentl
3608 4214 3732 4266 icio

444 4296 585 4349 Deus
622 4294 675 4348 in
707 4291 910 4347 Christo
929 4292 1139 4346 donauit
1165 4292 1302 4345 uobis
1331 4288 1550 4361 (Ephes.
1580 4305 1653 4355 tv,
1687 4287 1893 4360 28-32).
1926 4285 2027 4343 Es-

442 4397 548 4441 tote
588 4394 764 4440 autem
790 4385 1073 4439 imitatores
1104 4394 1129 4420 ι
1162 4383 1277 4449 Dei,
1318 4384 1451 4437 sicut
1487 4383 1583 4452 ﬁlii
1621 4383 1952 4449 charissimi;
1978 4394 2025 4438 et

442 4480 701 4535 ambulate
724 4480 776 4533 in
811 4478 1113 4545 dilectione,
1144 4478 1273 4533 sicut
1309 4487 1355 4533 et
1400 4475 1642 4533 Christus
1688 4476 1867 4530 dilexit
1909 4494 2020 4544 nos,

439 4583 487 4626 et
516 4572 727 4626 tradidit
756 4571 1078 4642 semetipsum
1101 4586 1194 4637 pro
1226 4570 1371 4623 nobis
1396 4568 1707 4623 oblationem
1733 4578 1777 4622 et
1802 4568 2023 4623 hostium

2128 4307 2322 4370 libera,
2353 4303 2548 4376 quibus
2569 4303 2687 4372 tibi,
2714 4303 2919 4359 utmibi
2938 4304 3276 4365 miserearis.
3307 4320 3499 4373 preces
3526 4305 3730 4361 fmulo.

2127 4396 2177 4470 [4
2200 4397 2347 4453 Talis
2372 4397 2515 4452 enim
2544 4397 2653 4451 cito
2682 4404 2924 4451 meretur
2959 4395 3133 4450 audiri
3153 4439 3167 4458 ,
3206 4408 3258 4451 et
3286 4406 3575 4465 antequam
3626 4413 3733 4467 pe.

2128 4490 2271 4544 nitus
2294 4503 2482 4558 preces
2504 4486 2748 4560 fundat,]
2776 4499 2951 4557 potest
2976 4488 3268 4555 impetrare
3288 4486 3428 4555 quod
3456 4490 3730 4555 postulat.

2199 4580 2325 4637 Scio
2354 4581 2497 4635 enim
2530 4594 2651 4635 esse
2678 4595 2813 4650 quos
2846 4580 2915 4633 ita
2950 4581 3200 4649 nequitia:
3230 4591 3285 4636 et
3314 4579 3554 4635 avaritia:
3591 4597 3732 4650 pro-

443 4664 554 4719 Deo
582 4665 634 4719 in
659 4663 867 4719 odorem
894 4664 1184 4717 suavitatis.
1219 4660 1558 4735 fmpudicitia
1583 4673 1753 4717 autem
1779 4672 1827 4716 et
1858 4661 2022 4717 omnis

2134 4674 2294 4727 l'untla
2326 4673 2500 4742 caligo
2526 4673 2781 4737 ctecavit,
2816 4681 2874 4725 ut
2903 4687 3026 4727 cum
3058 4671 3167 4726 illis
3199 4687 3457 4742 prospere
3484 4677 3732 4729 cessi-rit

436 4756 767 4811 inmunditia
797 4765 842 4808 et
866 4755 1087 4810 araritia
1129 4770 1219 4807 nec
1258 4756 1548 4809 nominetur
1590 4755 1720 4808 inter
1758 4770 1866 4819 eos,
1890 4756 2021 4809 sicut

436 4849 579 4902 decet
622 4854 846 4911 sanctos,
876 4856 967 4901 aut
1007 4846 1293 4918 turpitudo,
1350 4854 1442 4899 aut
1487 4847 1885 4917 stultiloquium,
1930 4857 2022 4902 aut

432 4938 722 4993 scurrilitas
750 4952 866 5007 quae
891 4936 961 4990 ad
990 4953 1101 4991 rem
1126 4954 1228 4990 non
1256 4937 1494 5008 pertinet,
1523 4938 1613 4991 sed
1642 4939 1804 5008 magis
1827 4939 2022 5008 gratia-

431 5050 545 5087 rum
581 5033 738 5089 actio.
771 5030 887 5086 Hoc
913 5032 1051 5085 enim
1093 5033 1293 5095 scitote,
1335 5035 1474 5100 quod
1505 5033 1671 5086 omnis
1699 5032 2014 5101 impudicus,

429 5137 519 5178 aut
549 5126 865 5195 immundus,
896 5134 983 5181 aut
1003 5140 1210 5191 auem,
1239 5124 1374 5193 quod
1395 5134 1471 5177 est
1496 5123 1753 5178 idolorum
1778 5126 2012 5191 servitus,

430 5234 533 5270 non
560 5218 653 5271 erit
680 5218 843 5273 limes
882 5218 936 5271 in
976 5232 1134 5286 regno
1159 5215 1352 5269 Christi
1394 5224 1443 5270 et
1492 5215 1585 5270 Dei
1622 5215 1840 5286 (Ephes.
1870 5234 1922 5284 v,
1963 5219 2015 5273 l-

430 5304 507 5377 5).
542 5306 636 5364 llle
662 5322 723 5363 se
748 5307 944 5364 merito
967 5306 1330 5362 Christianum
1358 5305 1581 5375 judieet,
1620 5310 1709 5375 qui
1738 5310 1851 5363 htec
1877 5325 2015 5378 prte-

429 5407 585 5468 copta
612 5399 870 5467 custodit,
902 5398 994 5468 qui
1044 5405 1285 5463 sanctus,
1331 5397 1548 5453 humilis
1588 5408 1644 5455 et
1688 5400 1916 5470 pudicus
1958 5413 2014 5457 et

426 5489 604 5558 justus
626 5502 729 5558 est,
760 5490 854 5562 qui
893 5492 947 5545 in
993 5489 1380 5545 misericordia:
1421 5499 1478 5543 et
1504 5488 1728 5561 justitia:
1757 5494 2010 5564 operibus

358 5580 363 5585 ’
427 5593 797 5640 conversatur.

498 5720 523 5786 ξι
562 5712 711 5779 his-3.,
743 5725 968 5786 excepto
997 5716 1266 5779 Micltael.,
1300 5716 1421 5773 mei.

494 5781 520 5825 ι
564 5786 650 5838 Sic
679 5786 850 5840 llolst.
881 5781 935 5841 et
969 5787 1069 5840 BR.
1103 5788 1268 5841 Forte
1305 5786 1462 5839 Num.

496 5870 513 5895 ι
559 5856 677 5924 Ιμε
737 5857 936 5930 Pelagii
993 5857 1154 5912 Vt'l‘ba
1219 5858 1361 5927 apud
1413 5858 1634 5915 llicron.
1690 5861 1788 5916 sub
1844 5861 2001 5917 linem

2127 4764 2268 4835 quod
2296 4772 2388 4819 aut
2417 4778 2705 4833 pauperem
2736 4779 2830 4830 per
2859 4764 3150 4833 potentiam
3177 4764 3480 4830 vinxerint,
3513 4780 3607 4817 aut
3648 4768 3735 4821 in.

2130 4870 2408 4913 nocentem
2439 4857 2765 4911 testimoniis
2796 4856 2944 4911 falsis
2970 4856 3283 4926 obruerint,
3314 4870 3404 4911 aut
3438 4858 3735 4916 inﬁrmum

2124 4952 2324 5006 virtute
2356 4950 2761 5021 superaveﬁnt,
2796 4962 2889 5004 aut
2921 4951 3117 5003 furtum
3163 4949 3389 5004 fecerint
3429 4959 3525 5003 aut
3566 4954 3736 5022 rapi.

2127 5061 2250 5101 nam
2277 5062 2291 5110 ;
2328 5046 2438 5100 Deo
2464 5045 2665 5115 gratias
2695 5053 2853 5115 agant
2883 5059 2989 5114 quo
3020 5043 3313 5113 opitulante
3342 5044 3465 5097 talia
3512 5062 3699 5114 perpe

2125 5148 2296 5195 trasse
2326 5154 2387 5194 se
2417 5138 2679 5204 credunt,
2711 5145 2767 5192 ct
2797 5147 2903 5191 tam
2935 5137 3174 5207 iniquum
3219 5136 3387 5191 Deum
3427 5136 3724 5205 juilit-ent,

2125 5240 2185 5287 ut
2212 5240 2391 5302 putent
2421 5246 2541 5287 eum
2575 5230 2845 5286 scelerum
2876 5244 3099 5282 suorum
3132 5228 3295 5284 fuisse
3322 5227 3689 5299 participem.

2690 5412 2691 5415 η
2724 5363 2952 5419 CAPUT
2994 5361 3109 5419 XII.

2462 5479 2815 5551 Eleetnosynte
2843 5480 2907 5533 de
2938 5479 3095 5534 lucris
3124 5480 3351 5550 injuslis.

2188 5592 2352 5648 Stulti
2375 5602 2427 5647 et
2452 5591 2634 5647 miseri
2659 5606 2829 5661 usque
2855 5589 2989 5645 adeo
3012 5592 3123 5644 suis
3144 5590 3511 5660 iniquitatibus
3531 5605 3727 5646 ρςςιιξ.

2115 5722 2247 5775 dial.
2280 5724 2332 5777 '5.

2185 5792 2210 5830 ιι
2243 5794 2351 5847 l’rtr
2372 5794 2453 5847 his
2479 5795 2655 5850 verbis
2678 5793 2830 5850 unica
2861 5794 2911 5848 itt
2942 5808 3071 5850 mss.
3098 5809 3198 5849 vox
3223 5806 3305 5851 est
3328 5794 3455 5862 iste,
3478 5804 3527 5848 el
3560 5800 3722 5865 apud

2116 5863 2361 5921 llolstctt.
2392 5867 2458 5923 is.
