3970 6180
296 366 388 421 307
1329 370 1414 425 DE
1458 371 1611 426 VITA
1655 373 2059 429 CllllISTltN.\
2106 376 2303 432 LIBER
2347 379 2546 434 IASUS.

3457 391 3568 446 898

297 485 394 537 rati
421 525 437 550 ,
467 493 527 538 ut
558 497 660 538 non
695 483 995 556 intelligant
1027 485 1135 538 Deo
1169 501 1274 538 nou
1306 499 1461 554 posse
1496 487 1706 554 placere
1735 489 1872 557 quod
1909 502 1951 549 Α
1986 489 2149 542 .\dam
2181 508 2208 544 a
2238 492 2345 546 Deo
2369 494 2537 548 iactus
2564 507 2641 548 e.t
2672 497 2832 548 homo
2862 498 3062 564 primus
3087 509 3109 536 α
3135 499 3187 554 in
3223 499 3396 568 primo
3423 510 3565 555 statu

297 574 580 644 prohibet;
611 585 664 628 et
693 577 841 645 quasi
877 592 1037 628 unum
1068 577 1272 630 crimen
1314 579 1445 630 satis
1491 591 1594 631 non
1638 578 1707 631 sit
1736 618 1747 638 .
1779 579 1880 631 nisi

289 667 465 722 adhuc
511 667 653 721 male
697 667 979 720 sentiendo
1021 669 1086 721 de
1133 663 1246 721 Deo
1288 669 1571 736 adjiciatur
1609 677 1664 724 et
1707 669 1878 722 aliud.

291 760 386 812 Alii
423 773 554 812 vero
587 758 688 812 hoc
716 773 774 811 se
801 759 1084 826 jnstitlcari
1112 759 1418 813 existimant
1440 800 1455 824 ,
1487 761 1628 828 quod
1661 759 1728 814 de
1754 760 1881 813 sub-

1990 585 2170 636 mundi
2189 627 2202 646 ,
2233 586 2466 652 perﬁdia:
2489 603 2554 639 an
2586 589 2784 654 peccati
2812 604 2968 642 rausa
2995 590 3280 644 damnatus
3305 601 3386 645 est
3407 591 3560 662 (Gott.

1988 689 2039 727 Ill
2060 718 2072 737 ,
2094 675 2208 745 l7)?
2231 676 2285 730 lu
2305 693 2410 745 quo
2432 677 2559 731 nihil
2584 680 2747 734 fuisse
2771 681 3164 737 incredulitatis
3185 683 3406 738 invenio
3429 701 3565 753 pne-

1987 775 2072 820 ter
2101 767 2268 821 solam
2299 768 2716 824 inobedientlam
2737 813 2750 834 ,
2781 772 2937 839 cujus
2967 789 3127 827 causa
3156 773 3250 828 ille
3278 775 3556 830 damnatus

283 850 478 902 stantia
515 864 810 918 pauperum
842 849 1086 918 exiguam
1121 851 1521 918 eleemosyuam
1555 851 1750 905 faciant
1779 867 1792 915 ;
1825 861 1879 905 et
1981 867 2086 921 est,
2117 866 2170 911 et
2193 874 2380 911 omnes
2410 875 2511 914 suo
2540 860 2867 915 damnantur
2893 865 3313 934 exemplo.Cain
3344 879 3558 936 quoque

283 943 345 994 de
369 957 436 996 eo
460 942 601 1012 quod
629 941 870 1010 plurimis
897 941 1278 1009 abstulerunt,
1308 944 1398 996 uni
1429 943 1684 1012 quiddam
1716 945 1875 998 mini-

282 1047 428 1085 mum
457 1033 778 1101 largiamur.
808 1031 1028 1086 Cibatur
1055 1046 1193 1086 unus
1218 1032 1360 1087 unde
1389 1033 1572 1102 plures
1599 1034 1869 1100 esuriunt,

279 1133 328 1177 et
361 1124 431 1178 de
461 1124 752 1178 multorum
786 1123 972 1193 spoliis
999 1123 1086 1177 vix
1119 1124 1271 1192 pauci
1305 1130 1579 1194 teguntur.
1623 1122 1740 1178 Non
1785 1133 1869 1178 ta-

280 1218 382 1272 lem
412 1219 815 1288 eleemosynam
843 1218 984 1272 Deus
1001 1218 1214 1287 quaerit.
1233 1231 1333 1272 nec
1359 1217 1472 1271 vult
1497 1217 1748 1287 pietatem
1779 1217 1870 1271 uni

1981 964 2086 1002 non
2121 949 2356 1017 perﬁdite
2387 966 2546 1005 causa
2567 991 2582 1016 ,
2616 953 2710 1007 sed
2743 955 2866 1023 quia
2906 955 3128 1010 fratrem
3171 958 3556 1022 interemerat.

1977 1041 2365 1095 condemnatus
2395 1053 2479 1097 est
2508 1037 2661 1114 (Cen.
2689 1058 2764 1106 tv,
2793 1047 2901 1117 ll).
2930 1045 3068 1113 Quid
3099 1049 3296 1117 plura?
3330 1049 3556 1106 Univers

1977 1146 2070 1185 sus
2094 1132 2178 1186 hic
2204 1133 2436 1189 mundus
2459 1143 2517 1187 ut
2533 1135 2733 1189 diluvio
2754 1136 3023 1202 interiret,
3040 1153 3145 1192 non
3173 1140 3556 1207 perliditceau—

1975 1234 2089 1276 sam
2111 1266 2125 1289 ,
2159 1223 2252 1278 sed
2283 1225 2568 1279 criminum
2599 1226 2720 1296 lego
2748 1228 2915 1283 fuisse
2941 1228 3100 1298 (Gen.
3126 1246 3212 1297 vr,
3241 1232 3352 1302 13).
3388 1233 3554 1288 Sudo-

276 1309 343 1365 de
374 1310 603 1364 alterius
642 1309 964 1364 crudelitate
1005 1311 1273 1379 praestari.
1317 1309 1509 1363 Melius
1536 1317 1619 1364 est
1645 1310 1787 1363 enim
1817 1318 1869 1364 te
1971 1331 2054 1366 ma
2087 1323 2142 1369 et
2163 1314 2462 1370 Gomorrha
2494 1327 2548 1371 ut
2575 1319 2861 1386 repentino
2884 1330 3256 1377 cremarentur
3277 1321 3553 1390 incendio,

277 1419 378 1456 non
417 1403 598 1456 facere
627 1403 1029 1472 eleemosynam
1054 1441 1067 1465 ,
1099 1416 1258 1470 quam
1296 1401 1438 1455 unde
1469 1415 1668 1470 paucos
1695 1399 1829 1470 tegis
1849 1440 1862 1463 ,

275 1494 398 1547 inde
429 1495 697 1562 plurimos
729 1492 893 1547 fcias
921 1491 1234 1557 deuudare;
1265 1502 1321 1546 et
1355 1501 1410 1546 ut
1437 1508 1605 1546 unum
1633 1493 1863 1555 vestias,

1967 1407 2171 1460 nullam
2221 1422 2436 1462 causam
2491 1409 2884 1465 incredulitatis
2916 1413 3160 1476 invenio.
3217 1415 3319 1468 nisi
3357 1429 3549 1482 pecca-

1967 1507 2140 1552 torum
2171 1508 2226 1553 et
2251 1501 2518 1555 scelerum
2553 1501 2710 1572 (Gen.
2741 1518 2908 1568 xvm,
2937 1504 3067 1572 '20);
3101 1505 3240 1573 quod
3271 1507 3550 1577 Scriptura

274 1588 454 1654 plures
505 1586 740 1652 spoliare
779 1587 1026 1639 vestitos.
1073 1577 1223 1639 Illam
1264 1585 1668 1655 eleemosynam
1720 1583 1865 1638 Deus
1963 1592 2362 1647 evidentissime
2395 1594 2768 1660 demonstrat,
2801 1605 2858 1651 et
2888 1597 3065 1652 dicit:
3100 1598 3352 1653 Homines
3383 1602 3559 1655 Sodo-

270 1677 631 1742 comprobat,
661 1690 780 1744 quas
810 1676 877 1729 de
905 1674 1065 1744 justis
1098 1675 1372 1729 laboribus
1401 1674 1757 1737 ministratur,
1791 1674 1864 1726 si-

269 1779 352 1821 cut
381 1767 649 1835 scriptum
679 1776 802 1821 est:
834 1766 1049 1820 Honora
1075 1766 1240 1819 Deum
1266 1766 1331 1818 de
1359 1767 1460 1819 tuis
1480 1766 1642 1836 justis
1673 1765 1838 1819 labori
1847 1796 1857 1804 -

1961 1686 2096 1738 mitte
2126 1685 2249 1738 mali
2276 1695 2322 1739 et
2352 1697 2644 1757 peccatores
2673 1700 2818 1744 erant
2846 1691 2899 1743 in
2939 1704 3215 1763 conspectu
3259 1694 3353 1750 Dei
3409 1698 3558 1751 valde

1961 1775 2126 1845 (Gen.
2152 1793 2277 1843 xm,
2309 1778 2432 1847 15).
2473 1779 2708 1848 Populus
2745 1781 2834 1836 ille
2862 1780 3120 1840 Judaicus
3151 1796 3206 1842 ut
3236 1787 3260 1827 δ
3297 1797 3404 1843 tam
3437 1792 3548 1845 fre-

269 1859 381 1922 ὖυε.
401 1869 448 1911 ει
469 1858 646 1911 ddum
666 1859 714 1912 εί
739 1857 804 1912 de
825 1867 927 1911 ιιιω
943 1859 1168 1929 imm“?
1190 1857 1443 1926 Ῐνυεῑίθυε
1473 1855 1657 1950 (ξηιλ
1681 1872 1756 1920 ηι,
1776 1854 1854 1924 9)-
1890 1870 1936 1929 Β
1962 1878 2190 1938 quenter
2217 1870 2437 1926 interire
2467 1867 2743 1929 videretur
2767 1884 2822 1931 ct
2849 1876 3051 1947 ουτ-ινὶρὶ
3071 1917 3088 1944 ,
3136 1895 3313 1935 nonne
3358 1897 3551 1950 pecca-

268 1950 395 2005 Nam
421 1952 574 2005 illam
597 1950 942 2005 sbominatur
966 1961 1020 2004 et
1045 1950 1300 2018 reprobat
1324 1990 1337 2013 ,
1365 1965 1488 2019 qua:
1515 1948 1582 2003 de
1607 1949 1860 2019 lacrymis

267 2052 558 2111 precstatur
583 2043 799 2096 alienis.
832 2041 968 2109 Quid
1001 2043 1146 2097 enim
1179 2041 1437 2112 prodest,
1464 2041 1510 2095 si
1544 2050 1596 2096 te
1638 2041 1861 2095 benedi-

265 2147 347 2189 tat
375 2153 519 2189 nmis
547 2135 691 2190 unde
720 2136 940 2205 plurimi
973 2134 1342 2190 maledicunt?
1371 2133 1468 2189 γει
1494 2133 1622 2204 quid
1649 2133 1860 2190 confert

266 2227 356 2282 tibi
392 2230 481 2282 illa
516 2230 860 2300 eleemosyna
891 2245 1009 2298 qute
1037 2228 1104 2282 de
1136 2228 1438 2282 substantia
1469 2238 1754 2296 praestatur
1780 2228 1860 2282 al-

267 2321 473 2373 terius?
509 2321 714 2376 Res-era
751 2322 1048 2376 timendum
1079 2329 1164 2375 est
1185 2321 1323 2390 quod
1348 2318 1490 2376 Deus
1515 2333 1620 2375 non
1663 2318 1860 2376 habeat

265 2415 406 2469 unde
432 2429 700 2485 pauperes
726 2429 856 2470 suos
883 2422 1101 2485 pascat,
1130 2414 1228 2468 nisi
1258 2422 1313 2468 tu
1340 2413 1513 2469 aliena
1539 2411 1782 2483 diripias.

864 2545 1092 2602 CAPUT
1131 2538 1270 2601 Xlll.

551 2658 738 2714 Fidem
767 2661 876 2714 sine
905 2660 1139 2731 operibus
1169 2675 1270 2712 non
1311 2659 1568 2728 prodesse.

340 2796 490 2849 Alios
523 2804 700 2849 autem
734 2795 854 2848 novi
877 2833 892 2860 ,
926 2807 1061 2863 quos
1107 2793 1178 2847 ita
1219 2791 1544 2861 insipientia:
1573 2801 1629 2846 et
1656 2793 1857 2861 impru-

269 2886 468 2940 (lentia:
503 2888 790 2941 tenebrosa
823 2886 1126 2955 ignorantia
1157 2885 1294 2938 fallit
1327 2899 1390 2939 ac
1418 2883 1621 2954 decipit
1645 2925 1660 2950 ,
1697 2895 1753 2938 ut
1794 2888 1853 2938 li-

269 2981 390 3035 dem
415 2997 576 3049 quam
603 2981 802 3035 habere
824 2996 881 3034 se
909 2979 1165 3034 simulant
1182 3020 1197 3044 ,
1220 2979 1337 3033 sine
1355 2979 1579 3048 justitite
1601 2980 1854 3049 operibus

271 3072 412 3137 apud
439 3073 607 3126 Deum
635 3071 737 3126 sibi
763 3082 1018 3127 censeant
1047 3071 1379 3140 profuturam
1407 3088 1418 3122 :
1449 3069 1629 3125 ethoc
1655 3068 1854 3124 erroris

272 3177 466 3231 genere
495 3165 614 3217 sine
644 3171 788 3217 metu
812 3162 1037 3216 crimina
1066 3162 1294 3216 nefanda
1325 3162 1698 3222 committunt,
1723 3159 1850 3214 dum

1963 1970 2142 2017 terum
2171 1976 2332 2018 causa
2367 1966 2678 2032 przestabat?

2032 2056 2138 2111 Sed
2168 2057 2295 2112 dicit
2319 2059 2544 2124 aliquis:
2568 2063 2776 2137 (veteris
2808 2064 2961 2134 Legis
2991 2067 3296 2122 testimonia
3330 2078 3536 2124 tantum

1963 2145 2072 2228 non
2089 2137 2321 2228 accipio,
2337 2141 2440 2196 nisi
2455 2143 2584 2199 mihi
2603 2155 2656 2200 et
2669 2147 2795 2203 novi
2813 2147 3144 2208 Testamenti
3163 2159 3409 2225 eserupla
3425 2175 3549 2228 pro-

1965 2225 2177 2280 tuleris.
2195 2229 2398 2299 Accipe
2416 2232 2678 2290 Ananiam
2697 2247 2752 2292 et
2767 2238 3110 2308 Sapphiram,
3134 2263 3269 2310 quos
3282 2225 3490 2313 apcslul
3518 2281 3544 2292 -

1963 2325 2025 2371 'ca
2048 2323 2345 2388 sententia,
2368 2341 2476 2380 non
2518 2329 3028 2396 perﬁdiaerimine,
3048 2340 3140 2390 sed
3162 2337 3287 2392 furti
3311 2351 3364 2393 et
3385 2355 3507 2394 tuen
3523 2372 3538 2381 -

1959 2407 2280 2467 dacilcausa
2295 2413 2574 2473 damnavit
2595 2420 2736 2490 (Act.
2767 2438 2820 2489 ν,
2841 2424 2979 2492 6ο9).
3021 2425 3539 2487 FO'sitandicturc-s

1953 2507 2016 2554 ‘e's
2037 2493 2172 2558 mihi
2197 2523 2210 2556 :
2232 2505 2373 2571 Quid
2390 2525 2521 2580 ergo
2543 2514 2837 2581 Apostolus
2854 2515 3018 2572 dicit:
3046 2520 3382 2576 Arbitrantur
3399 2527 3537 2578 enim

1950 2606 2238 2675 justiﬁcari
2257 2603 2510 2659 hominem
2533 2623 2624 2679 per
2643 2605 2799 2674 ﬁdem
2821 2609 2930 2661 sine
2954 2611 3190 2680 aperibus
3213 2611 3339 2684 legis
3365 2613 3540 2682 (llam.

1961 2713 2014 2753 Ill
2034 2741 2048 2764 ,
2073 2697 2166 2769 28)
2190 2700 2213 2751 ’ἐ
2244 2698 2419 2768 Ipsum
2448 2699 2538 2768 qui
2570 2701 2672 2753 hoc
2700 2698 2867 2766 dicit,
2898 2700 3018 2769 lego
3047 2701 3319 2760 hominem
3351 2707 3545 2761 absen-

1961 2799 2066 2844 tem
2097 2789 2260 2843 etiam
2303 2789 2730 2854 condemnasse,
2759 2791 2887 2861 quia
2924 2807 3148 2848 uxorem
3180 2796 3350 2863 patris
3387 2813 3543 2854 acce-

1961 2885 2098 2951 perit
2128 2883 2168 2954 (l
2187 2881 2306 2937 Cor.
2325 2896 2374 2947 ν,
2403 2883 2474 2953 1).
2507 2881 2856 2952 lntelligeuda
2883 2883 3158 2954 Scriptura
3177 2927 3191 2951 ,
3217 2901 3340 2955 quae
3368 2889 3544 2942 scien-

1961 2976 2106 3029 tibus
2132 2977 2427 3030 couvenire
2454 2975 2664 3030 videtur
2694 2976 2748 3029 iu
2774 2975 3046 3041 omnibus,
3072 2987 3128 3032 et
3151 2993 3256 3034 non
3288 2982 3388 3034 nisi
3413 2983 3540 3035 solis

1957 3084 1986 3122 a
2032 3068 2226 3138 quibus
2259 3068 2479 3123 minime
2521 3069 2838 3138 intelligitur
2877 3069 3210 3141 discrepare.
3251 3069 3540 3141 laetificari

1958 3159 2210 3212 hominem
2241 3159 2532 3228 Apostolus
2562 3175 2650 3227 per
2674 3158 2828 3228 ﬁlem
2856 3162 2968 3213 sine
2991 3163 3229 3230 operibus
3257 3164 3382 3236 legis
3411 3164 3542 3218 dicit

273 3255 500 3308 credunt
529 3255 696 3308 Deum
729 3271 833 3308 nou
862 3254 1188 3319 criminum,
1220 3254 1315 3308 sed
1358 3253 1600 3323 perﬁdia:
1643 3260 1850 3307 tantum
1883 3241 1928 3304 C
1962 3249 2143 3320 (Rom.
2170 3265 2258 3314 ιιι,
2287 3251 2379 3320 $23)
2409 3268 2420 3304 :
2453 3249 2548 3304 sed
2582 3265 2688 3305 non
2720 3251 2840 3306 sine
2871 3251 2978 3306 illis
3005 3254 3259 3321 operibus
3281 3296 3296 3320 ,
3329 3255 3396 3311 de
3423 3257 3540 3326 qni-

275 3347 524 3399 ultorem.
573 3345 636 3398 Et
682 3345 942 3414 ejusmodi
987 3360 1092 3398 nou
1133 3345 1308 3399 solum
1354 3360 1412 3398 se
1458 3345 1603 3413 ipsos
1648 3344 1854 3415 perisse

271 3437 508 3491 contenti
545 3445 705 3497 sunt.
739 3438 833 3492 sed
865 3447 919 3491 et
947 3438 1084 3492 alios
1106 3478 1121 3503 ,
1156 3438 1208 3492 in
1237 3438 1432 3507 quibus
1472 3438 1676 3491 nullum
1719 3437 1854 3492 divi-

272 3545 354 3582 nae
385 3530 625 3584 scientiae
654 3529 834 3584 lumen
864 3541 978 3598 est,
1010 3531 1120 3584 suis
1153 3531 1398 3584 nituntur
1429 3531 1634 3599 laqueis
1677 3530 1856 3599 impli-

270 3636 414 3675 care.
447 3621 511 3674 Et
541 3621 798 3688 impletur
828 3622 880 3674 in
915 3621 1020 3675 illis
1049 3619 1354 3676 Salvatoris
1384 3622 1555 3674 nostri
1584 3619 1853 3676 sententia

271 3714 535 3767 dicentis:
569 3712 744 3766 Cacus
783 3716 828 3766 si
866 3729 1000 3766 circo
1039 3714 1282 3766 ducatum
1322 3719 1528 3783 proruet
1551 3753 1566 3777 ,
1606 3711 1755 3766 ambo
1798 3713 1852 3766 in

276 3810 468 3875 foveam
497 3806 686 3858 cadunt
716 3804 932 3876 (Matth.
959 3821 1052 3870 xv,
1086 3805 1197 3872 14).
1229 3804 1362 3859 Nam
1400 3805 1444 3860 si
1485 3805 1693 3860 nullum
1739 3804 1850 3860 eri-

277 3913 426 3960 men,
469 3897 564 3950 sed
611 3896 725 3950 sola
769 3897 990 3966 perﬁdia
1031 3898 1460 3964 condemnatur;
1507 3912 1637 3966 ergo
1676 3896 1851 3952 securi

279 4003 554 4058 peccamus
585 4001 638 4044 et
668 3990 844 4044 liberi.
881 3991 945 4044 Et
969 3990 1090 4045 sine
1115 4005 1274 4045 causa
1317 3991 1466 4047 dedit
1511 3991 1652 4045 Deus
1695 4005 1849 4044 man-

279 4079 389 4133 data
425 4082 652 4148 justilim
674 4126 687 4150 ,
720 4080 767 4136 si
796 4077 912 4136 sola
958 4083 1076 4138 sine
1109 4083 1335 4152 justitia:
1366 4098 1530 4153 opera
1564 4083 1697 4137 ﬁdes
1729 4097 1854 4152 pro-

280 4172 406 4228 dest.
462 4173 616 4230 llnde
665 4175 750 4229 hic
798 4184 906 4229 tam
953 4176 1182 4246 irupius,
1241 4184 1350 4230 tam
1397 4175 1700 4240 scelestus,
1744 4186 1851 4230 tam

282 4265 505 4332 perﬁdus
533 4267 854 4334 ignorantia?
880 4283 1034 4322 error
1061 4268 1362 4337 obrt-pserit
1383 4310 1398 4334 ,
1428 4269 1570 4323 scire
1596 4282 1701 4322 non
1733 4283 1854 4335 pos-

279 4371 452 4412 sumus
473 4396 489 4422 ,
523 4357 630 4412 nisi
659 4357 799 4412 forte
826 4373 894 4412 ex
927 4359 1033 4412 illis
1077 4360 1167 4429 qui
1214 4360 1314 4414 hoc
1358 4361 1608 4429 exemplo
1652 4361 1704 4414 in
1736 4360 1853 4429 lege

279 4453 433 4504 veteri
467 4452 730 4521 pupulum
757 4452 1089 4507 scducebant
1113 4493 1127 4516 ,
1153 4461 1206 4506 et
1233 4465 1416 4506 secum
1449 4462 1666 4506 :eterna:
1693 4453 1852 4507 murti

276 4553 323 4597 et
352 4552 613 4613 perpetuo
645 4540 932 4599 uidebant
963 4545 1202 4598 interitui
1225 4586 1239 4608 ,
1271 4545 1339 4598 de
1366 4545 1560 4613 quibus
1589 4546 1849 4613 scriptum

1955 3346 2056 3400 bus
2085 3345 2316 3400 alterum
2356 3345 2660 3414 apOstolum
2701 3346 2862 3400 audio
2904 3347 3174 3402 dicentem
3203 3367 3215 3402 :
3249 3348 3407 3405 Fides
3431 3353 3538 3405 sine

1953 3437 2191 3506 operibus
2220 3447 2423 3491 mortua
2452 3447 2526 3491 est
2559 3435 2698 3508 (Jac.
2726 3454 2762 3492 ιι
2780 3481 2796 3505 ,
2819 3439 2946 3510 20).
2981 3440 3176 3494 Paulus
3207 3443 3355 3496 enim
3383 3459 3534 3514 apos-

1956 3529 2099 3584 tolus
2122 3528 2190 3584 de
2218 3528 2473 3598 operibus
2502 3529 2632 3598 legis
2660 3529 2876 3586 locutus
2899 3540 3018 3595 est,
3050 3531 3152 3587 hoc
3183 3542 3298 3598 est,
3335 3535 3406 3592 de
3433 3538 3541 3592 cir-

1953 3622 2290 3678 cumcisione
2327 3622 2567 3688 carnali,
2610 3632 2664 3678 et
2709 3626 3033 3691 neomenia,
3073 3633 3129 3680 et
3171 3626 3434 3694 sabbato,
3484 3639 3542 3684 et

1958 3712 2268 3783 huiusmodi
2298 3715 2547 3781 caeteris,
2580 3729 2704 3784 quas
2730 3714 2813 3770 lex
2847 3713 2961 3769 ﬁeri
2994 3725 3120 3772 ante
3164 3730 3498 3788 praeceperat
3521 3763 3536 3783 ,

1954 3815 2008 3860 et
2031 3805 2142 3874 jam
2183 3805 2382 3859 Christi
2424 3815 2668 3873 tempore
2713 3819 2820 3858 non
2863 3816 3017 3860 erant
3058 3810 3404 3874 necessaria;
3439 3812 3539 3865 iste

1957 3912 2088 3952 vero
2114 3897 2182 3952 de
2207 3897 2461 3966 operibus
2484 3895 2709 3966 iustitia:
2736 3896 2994 3967 loquiur,
3027 3913 3148 3969 qua:
3179 3902 3269 3972 qui
3309 3917 3414 3956 non
3456 3905 3538 3959 fe-

1953 3989 2091 4045 cerit
2118 3996 2360 4042 mortuus
2386 3997 2470 4043 est
2488 4029 2502 4052 ,
2531 3988 2781 4058 quamwis
2807 4005 2866 4056 se
2895 3990 3111 4046 simulet
3138 4005 3259 4048 esse
3300 3994 3534 4050 lidelem.

2029 4081 2133 4138 Sed
2163 4080 2296 4136 dicit
2324 4079 2444 4150 quis
2471 4080 2602 4134 illud
2632 4080 2880 4150 Apostoli
2911 4081 3138 4137 dicentis
3168 4101 3180 4136 :
3209 4081 3380 4140 Corde
3402 4089 3538 4141 enim

1957 4173 2188 4226 creditur
2215 4172 2284 4224 ad
2304 4172 2560 4244 justitiam
2582 4213 2597 4238 ,
2641 4187 2728 4226 ore
2765 4182 2937 4226 autem
2967 4177 3223 4246 confessio
3261 4177 3321 4246 ﬁt
3354 4178 3423 4232 ad
3449 4195 3538 4232 sa-

1958 4265 2116 4318 lutem
2147 4261 2341 4336 (Rom.
2369 4279 2434 4330 χ,
2464 4261 2592 4334 10).
2622 4263 2832 4331 Stulte,
2869 4265 2975 4321 hoc
3004 4266 3254 4335 baptismi
3287 4269 3541 4340 impletur

1960 4358 2012 4411 in
2048 4369 2293 4427 tempore
2314 4401 2328 4424 ,
2364 4371 2470 4427 quo
2494 4365 2555 4411 ut
2585 4357 2896 4425 baptizetur
2921 4359 3075 4427 quis,
3118 4361 3230 4414 sola
3271 4363 3540 4418 confessio

1959 4449 2301 4504 desideratur
2328 4457 2384 4503 et
2419 4448 2574 4502 ﬁdes.
2605 4447 2738 4502 Nam
2772 4447 2898 4518 quid
2941 4449 3034 4503 tibi
3077 4450 3244 4520 ipsius
3287 4451 3538 4522 baptismi

1965 4541 2234 4595 lavacrum
2268 4539 2526 4610 prodest,
2557 4539 2600 4594 si
2629 4539 2742 4594 sola
2780 4540 2896 4594 sine
2926 4539 3133 4609 justitia
3176 4542 3309 4597 lides
3345 4546 3541 4614 quaeri-

275 4612 386 4691 est:
418 4637 603 4692 Nolite
630 4639 813 4691 audire
839 4654 1096 4691 sermones
1125 4612 1485 4707 praphetarum
1513 4638 1599 4703 qui
1629 4612 1853 4704 prophe-
1881 4612 1934 4672 υ
1963 4634 2090 4688 tur?
2123 4636 2398 4702 Baptismo
2428 4635 2571 4687 cnim
2604 4642 2823 4702 peccata
2853 4634 2995 4688 ablui
3028 4635 3160 4689 ﬁdes
3193 4612 3430 4693 otnniuut
3463 4647 3545 4693 te-

191 4783 213 4796 ,
277 4737 373 4782 tant
399 4731 541 4782 vobis
560 4771 574 4792 ,
605 4729 849 4798 quoniam
873 4729 992 4780 vani
1020 4738 1139 4780 sunt
1163 4727 1264 4794 ipsi
1287 4765 1302 4791 ,
1330 4737 1376 4779 ct
1401 4727 1619 4778 visiones
1644 4741 1676 4777 η
1701 4725 1854 4778 corde

276 4839 360 4876 ssw
387 4823 692 4893 loquuntur,
725 4831 773 4875 et
803 4837 905 4874 non
931 4823 996 4874 ab
1021 4835 1106 4873 ore
1137 4818 1363 4872 Domini.
1394 4818 1584 4872 Dicunt
1609 4818 1742 4872 enim
1773 4817 1853 4870 his

275 4916 354 4981 qui
379 4915 639 4981 repellant
670 4915 817 4968 verba
848 4912 1056 4966 Domini
1083 4953 1096 4974 ,
1125 4911 1242 4965 Pax
1268 4914 1363 4966 erit
1391 4911 1528 4965 vobis
1553 4927 1572 4977 ;
1601 4920 1651 4964 et
1685 4911 1853 4964 omni-

278 5009 359 5060 bus
386 5009 474 5077 qui
502 5008 694 5060 vadunt
723 5008 774 5059 in
805 5004 1150 5059 voluntatibus
1178 5005 1288 5058 suis
1309 5045 1322 5068 ,
1354 5004 1493 5057 omni
1518 5004 1605 5072 qui
1629 5002 1767 5055 vadit
1799 5002 1853 5054 in

279 5115 437 5153 errore
476 5102 646 5155 cordis
681 5101 762 5154 sui
801 5101 1022 5153 dicunt:
1071 5097 1186 5153 Non
1227 5099 1424 5151 venient
1463 5111 1613 5166 super
1643 5106 1690 5148 te
1716 5095 1854 5149 mala

280 5190 484 5255 (Jcrem.
514 5208 680 5256 χχιιι,
710 5193 793 5258 16,
828 5192 942 5259 17).
981 5191 1141 5245 Multa
1186 5190 1402 5260 quidem
1449 5188 1638 5250 nobis,
1685 5185 1852 5240 immo

282 5285 432 5336 totius
456 5283 584 5351 lrgis
611 5283 915 5336 testimonia
947 5281 1172 5335 aderant
1191 5321 1206 5344 ,
1231 5279 1429 5349 quibus
1455 5289 1556 5330 tatu
1589 5275 1855 5345 pernicio-

283 5389 389 5428 sum
419 5392 659 5430 errorem
694 5375 975 5429 de~truerc
1006 5391 1068 5429 ac
1110 5375 1342 5443 sepelire
1375 5379 1680 5441 poteramus
1708 5385 1723 5434 ;
1758 5368 1852 5423 sed

285 5481 345 5519 nc
385 5467 647 5538 lugentem
690 5468 889 5520 diutius
934 5466 1222 5536 fatigemus
1245 5509 1259 5530 ,
1291 5463 1563 5518 sufﬁciant
1592 5477 1760 5532 pauca
1789 5461 1856 5516 de

283 5559 532 5624 plurimis.
564 5560 908 5630 Respondeat
931 5560 1056 5614 tuihi
1084 5561 1171 5614 ille
1191 5559 1342 5628 cujus
1369 5559 1492 5611 talis
1510 5566 1595 5611 est
1621 5569 1814 5610 sensus
1844 5571 1857 5608 :

344 5764 366 5789 "
400 5756 488 5812 Sic
517 5773 683 5819 mss.;
717 5768 767 5809 at
799 5757 924 5811 (διΙὶιὶ
945 5800 958 5820 ,
992 5757 1164 5810 statim
1197 5756 1246 5806 in
1279 5755 1528 5822 principio
1559 5754 1756 5804 mundi.

342 5822 368 5864 δ
395 5828 521 5883 Ilus.
556 5831 832 5899 plerique,
867 5839 967 5882 tam
999 5830 1174 5881 rrcbro
1203 5828 1426 5879 illlt‘l'lf't'l
1447 5867 1460 5890 ,
1493 5842 1678 5879 nonne.

1965 4736 2076 4782 net.
2109 4727 2163 4781 Si
2194 4727 2450 4795 deinceps
2481 4727 2812 4795 peccandum
2840 4735 2958 4794 est,
2991 4727 3232 4784 abluisse
3260 4730 3386 4799 quid
3418 4745 3543 4800 pro-

1961 4819 2113 4874 dest?
2146 4819 2280 4874 Audi
2309 4818 2434 4885 quid
2457 4818 2600 4872 dicat
2625 4818 2879 4874 Dominus
2901 4820 3102 4874 homini
3129 4822 3296 4876 semel
3329 4833 3540 4876 sanato:

1961 4908 2099 4964 Ecce
2119 4927 2276 4963 sanus
2304 4910 2471 4979 fectus
2501 4926 2552 4963 es
2571 4951 2585 4974 ,
2619 4921 2643 4949 ε
2675 4911 2784 4980 iam
2805 4910 2912 4964 noli
2940 4928 3170 4978 peccare,
3213 4928 3274 4967 ne
3297 4915 3421 4982 quid
3451 4915 3543 4968 tibi

1965 5003 2186 5054 deterius
2215 5003 2413 5054 eveniat
2440 5001 2618 5071 (Joon.
2649 5017 2702 5066 ν,
2730 5001 2842 5072 li).
2888 5002 2998 5056 Hoc
3035 5012 3090 5056 et
3124 5002 3314 5057 beatus
3350 5003 3543 5058 Petrus

1965 5092 2242 5162 apostolus
2273 5091 2710 5148 manifestissime
2741 5094 2930 5157 docet,
2959 5094 3010 5148 ei
3040 5094 3282 5149 deterius
3312 5095 3540 5162 aliquid,

1960 5186 2050 5252 qui
2081 5193 2201 5250 post
2229 5184 2462 5253 agnitum
2489 5183 2712 5253 iustitia:
2739 5185 2879 5239 viam
2909 5187 3248 5253 peccaverit,
3283 5187 3502 5243 evenire
3525 5233 3538 5254 ,

1961 5291 2084 5331 cum
2114 5275 2276 5329 dicit:
2303 5275 2364 5328 Si
2383 5275 2515 5326 enim
2541 5276 2846 5346 refugientes
2871 5277 3312 5343 coinquinationes
3339 5281 3540 5347 nsuntli,

1963 5369 2017 5420 in
2045 5367 2332 5436 cognitione
2357 5364 2568 5420 Domini
2594 5368 2759 5422 nostri
2787 5378 2834 5421 et
2865 5369 3148 5424 Saluatoris
3173 5370 3300 5425 .lcsu
3323 5373 3545 5436 Christi,

1968 5461 2048 5513 ln's
2077 5476 2278 5513 rursum
2309 5459 2556 5527 implicati
2586 5471 2919 5532 superantur,
2954 5463 3092 5529 {ecta
3122 5476 3240 5518 sunt
3269 5467 3343 5519 eis
3375 5475 3546 5536 postc-

1966 5555 2109 5606 riora
2141 5551 2399 5605 deteriora
2427 5553 2704 5623 prioribus.
2741 5553 2928 5608 Helius
2959 5557 3096 5608 enim
3128 5567 3240 5610 erat
3267 5556 3376 5612 illis
3395 5599 3412 5624 ,
3447 5577 3546 5614 non

2036 5764 2054 5791 ε
2089 5754 2214 5809 .‘l::s.
2250 5756 2486 5809 llOl'llu'II
2511 5800 2522 5819 ,
2557 5756 2772 5809 ulterius
2806 5759 2930 5810 noli.
