3970 6180
393 376 522 434 390

402 505 717 568 cognoscere
744 488 874 540 viam
892 478 1132 553 justitiw,
1160 488 1314 544 quant
1342 478 1453 539 post
1481 466 1795 539 agnitionem
1818 472 2000 514 retror-
2032 462 2081 522 Α

423 555 536 641 cuin
548 578 772 637 converti
785 575 847 628 ab
861 590 918 626 eo
928 569 1061 641 quod
1074 567 1179 620 illis
1193 563 1440 618 traditum
1454 567 1527 612 cst
1541 564 1719 611 sancto
1735 555 1999 606 mandato:

426 677 672 746 contingit
698 672 833 725 enim
861 668 933 721 eis
971 662 1102 717 illud
1132 659 1240 713 veri
1272 653 1558 725 proverbii,
1591 648 1747 704 Canis
1776 661 2003 700 reversus

406 770 495 823 ad
523 735 673 820 .qu
700 759 976 819 vomitum,
1009 765 1088 816 et,
1123 750 1224 805 Sus
1257 750 1362 801 tota
1400 746 1455 798 in
1494 740 1758 797 volutabra
1797 738 1891 792 luti
1922 735 2004 806 (ll

429 859 573 913 Petr.
598 871 671 921 tt,
692 850 921 919 20-22).
949 847 1062 901 Hoc
1083 854 1138 898 et
1156 845 1347 896 beatus
1373 835 1653 905 apostolus
1678 831 1873 885 Paulus
1894 836 2007 921 tes-

428 962 569 1007 tatur
593 920 934 1015 etloquitur,
963 937 1237 993 hominem
1270 940 1391 1002 post
1423 926 1674 999 baptismi
1705 920 2008 1015 sanetilica:

430 1047 631 1101 tionem
665 1010 892 1110 pristino
930 1044 1117 1087 errore
1158 1032 1470 1096 peccantem
1514 1034 1620 1073 non
1662 1015 1780 1071 sine
1811 1010 2008 1081 ingenti

431 1105 746 1207 paenitentia
775 1124 1127 1186 conservari,
1161 1117 1351 1172 dicens
1376 1132 1389 1167 :
1424 1108 1749 1182 Impossibile
1777 1113 1851 1159 est
1877 1105 2012 1156 enim

432 1200 519 1281 eos
555 1224 643 1294 qui
663 1266 677 1291 ,
708 1228 980 1293 postquam
1009 1210 1163 1267 semel
1187 1204 1467 1261 illuminati
1494 1210 1651 1265 sunt,
1684 1200 2015 1269 gustaveruut

430 1287 583 1375 etiam
611 1287 805 1370 donum
830 1287 1031 1364 cwleste
1052 1348 1065 1368 ,
1097 1314 1143 1358 et
1173 1300 1447 1371 participes
1478 1304 1593 1349 sunt
1622 1290 1743 1363 facti
1786 1287 2015 1360 Sp‘ritus

424 1412 634 1477 sancti,
677 1411 1005 1478 gustaverunt
1054 1394 1388 1452 nihilominus
1435 1390 1626 1443 bonum
1668 1383 1762 1437 Dei
1812 1379 2018 1434 verbum

432 1508 741 1573 virtutesque
769 1496 943 1553 seaculi
974 1490 1204 1553 venturi,
1236 1496 1283 1541 et
1325 1481 1555 1554 prolapsi
1595 1486 1713 1531 sunt
1736 1515 1750 1540 ,
1785 1470 2020 1527 renovari

434 1612 615 1650 rursus
654 1565 723 1645 ad
766 1583 1153 1662 paenitentiam,
1195 1592 1381 1633 rursus
1425 1571 1777 1641 cruci/igentes
1821 1565 2021 1619 sibimet

435 1688 563 1758 ipsis
592 1654 784 1739 Filium
815 1679 941 1744 Dei,
976 1684 1023 1729 et
1054 1672 1272 1728 ostentui
1302 1667 1544 1723 habentes
1570 1662 1758 1735 (Hebr.
1778 1675 1859 1722 γι,

508 1778 804 1849 Quemdam
843 1771 912 1827 ad
949 1770 1284 1825 Salvatorcm
1323 1758 1647 1820 accessisse,
1686 1765 1740 1810 et
1779 1750 1907 1822 quid
1947 1748 2023 1803 la-

441 1872 637 1929 eiendo
662 1871 826 1924 vitam
852 1872 1106 1920 aeternam
1132 1857 1437 1929 perciperet
1460 1852 1841 1918 interrogasse,
1868 1858 2025 1899 evan-

438 1965 630 2036 gelism
666 1970 911 2025 testatur,
936 1955 1023 2011 cui
1052 1954 1120 2007 ita
1150 1966 1180 2004 a
1209 1947 1439 2003 Domino
1464 1954 1787 2010 responsum
1814 1944 1897 1989 est
1908 1932 2027 2036 ξ.δί

442 2024 516 2110 in
538 2056 693 2108 vitam
719 2024 927 2113 habere,
952 2060 1099 2100 serva
1123 2039 1365 2095 mandata
1390 2033 1607 2107 (Matth.
1624 2046 1713 2087 xxx
1732 2069 1747 2094 ,
1772 2029 1881 2097 l7).
1905 2024 2025 2080 Non

443 2148 605 2214 dixit,
635 2159 787 2200 serva
822 2150 1027 2195 tantum
1062 2135 1247 2190 (idem.
1279 2130 1413 2185 Nam
1442 2129 1489 2183 si
1516 2128 1630 2182 sola
1663 2124 1797 2179 lides
1823 2121 2026 2192 quieri-

418 2252 552 2306 tur,
590 2212 861 2305 superﬂue
888 2230 1145 2300 jubentur
1184 2222 1436 2279 mandata
1471 2216 1696 2274 servari.
1740 2213 1846 2271 Sed
1889 2212 2030 2267 absit

449 2343 506 2385 ut
525 2345 624 2398 ego
647 2326 933 2381 Dominum
963 2334 1141 2374 meum
1165 2313 1364 2384 aliquid
1393 2312 1569 2367 dicam
1599 2306 1922 2379 praecepisse
1943 2320 2032 2358 su-

422 2394 734 2491 rperlluuin.
766 2414 873 2472 Sed
900 2414 1085 2469 dicunt
1110 2410 1215 2464 hoc
1242 2407 1317 2462 illi
1342 2448 1357 2471 ,
1385 2404 1474 2475 qui
1502 2399 1776 2472 peccando
1797 2398 1908 2468 jam
1934 2394 2030 2491 lilii

434 2487 763 2583 perditionis
781 2506 956 2564 eﬂ‘ecti
979 2514 1138 2568 sunt;
1162 2500 1339 2556 ethoc
1361 2505 1567 2552 tantum
1589 2492 1843 2548 solatium
1865 2505 1924 2544 se
1944 2487 2035 2541 ha-

449 2609 579 2659 bere
603 2600 861 2663 credunt,
893 2597 938 2652 si
967 2594 1106 2650 alios
1134 2605 1317 2647 secum
1352 2586 1625 2659 potuerint
1656 2583 1812 2637 morti
1842 2595 2033 2651 perpe-

450 2708 555 2751 tua:
583 2691 913 2760 mancipare.
940 2687 1071 2743 Nam
1102 2685 1149 2740 si
1171 2683 1317 2738 Deus
1343 2687 1686 2750 peccatorem
1712 2689 1818 2729 non
1846 2672 2033 2743 punit,

422 2790 535 2844 ubi
565 2796 647 2841 est
677 2784 809 2838 illud
844 2776 1214 2851 propheticum
1242 2791 1255 2825 :
1292 2772 1353 2828 Si
1375 2771 1547 2841 justus
1579 2770 1663 2821 via:
1692 2764 1868 2820 salvus
1895 2762 2030 2828 erit,

449 2886 753 2949 peccator‘et
774 2874 963 2942 impius
988 2870 1072 2925 ubi
1103 2866 1352 2940 parebunt
1385 2861 1574 2934 (Prov.
1599 2874 1653 2913 ιι
1671 2899 1686 2923 ,
1709 2858 1772 2913 3|
1796 2872 1811 2919 ;
1845 2853 2031 2911 lPttr.

444 2978 522 3038 iv,
546 2969 669 3042 l8)?
692 2969 758 3023 Et
781 2966 944 3021 alibi:
974 2962 1107 3030 Quia
1131 2966 1421 3029 peccatores
1445 2952 1682 3025 peribunt
1707 2949 1823 3020 (Ps.
1848 2963 2030 3014 xxsvt,

448 3065 564 3134 ‘10).
594 3041 659 3117 Et
680 3062 882 3114 iterum
908 3074 921 3109 :
950 3054 1208 3122 Deﬁciunt
1234 3058 1526 3120 peccatores
1555 3062 1588 3100 a
1614 3054 1749 3098 terra
1775 3051 1821 3097 et
1852 3041 2033 3109 iniqui,

449 3132 533 3210 ita
554 3166 606 3207 ut
627 3170 737 3208 non
762 3153 863 3203 sint
891 3147 1007 3218 (Ps.
1032 3161 1120 3200 Clll
1138 3185 1153 3209 ,
1178 3144 1291 3211 '55).
1326 3142 1391 3195 Et
1418 3139 1613 3193 iterum
1641 3154 1655 3190 :
1685 3136 1833 3209 Sicut
1862 3132 2037 3201 deﬁcit

824 362 1146 424 'FASTIUII
1186 352 1678 413 BRITANNORUM
1722 344 2023 404 El‘lSCUPl
2082 340 2283 400 LIBER
2326 338 2416 393 DE
2458 335 2615 393 VITA
2657 328 3083 389 CllRlSTlANA.

3578 324 3682 380 ωσι

2107 453 2415 511 credidistis
2446 449 2574 504 mihi
2599 466 2614 516 ;
2647 447 2789 503 unde
2816 445 3037 515 intelligi
3066 444 3227 499 datur
3254 457 3349 500 eos
3380 457 3487 499 non
3516 444 3681 499 incre-

2104 546 2343 601 dulitatis
2373 557 2533 598 causa
2556 584 2572 607 ,
2607 539 2703 595 sed
2734 546 2954 609 prOpter
2984 538 3247 593 bonorum
3278 551 3502 607 operum
3534 538 3684 593 steri-

2107 640 2311 696 litatem
2340 651 2463 694 esse
2495 633 2853 691 damnandos.

2693 723 2923 779 CAPUT
2964 720 3105 777 XIV.

2532 818 2661 884 Quis
2686 818 2752 872 sit
2782 832 2895 871 vere
2925 815 3274 870 Christianus.

2181 915 2353 971 Nemo
2382 912 2545 983 igitur
2567 910 2801 966 alterum
2827 906 3093 977 decipiat,
3122 919 3285 961 nemo
3311 903 3554 969 seducat.
3583 904 3694 961 Nisi

2112 1010 2232 1079 quis
2254 1008 2431 1077 justus
2457 1004 2651 1071 fuerit,
2676 1002 2840 1057 vitam
2871 1016 2977 1055 non
3010 999 3211 1065 habet;
3238 999 3340 1055 nisi
3364 1000 3483 1069 quis
3505 998 3558 1054 in
3583 1016 3697 1055 ont-

2115 1102 2275 1156 nibus
2301 1096 2507 1155 Christi
2538 1096 2787 1151 mandata
2819 1094 3156 1158 servaverit,
3203 1099 3409 1161 partem
3456 1108 3561 1147 non
3606 1108 3699 1163 po-

2118 1202 2225 1249 test
2249 1194 2449 1248 habere
2478 1205 2600 1246 cum
2634 1189 2769 1255 illo;
2812 1189 2916 1244 nisi
2951 1186 3074 1259 quis
3111 1196 3325 1242 terrena
3354 1186 3698 1257 despexerit.

2118 1291 2297 1346 divina
2329 1306 2433 1345 non
2463 1290 2639 1358 capiet
2665 1307 2678 1341 :
2712 1289 2814 1345 nisi
2846 1288 3086 1343 humana
3125 1288 3549 1357 contempserit,
3592 1299 3703 1339 non

2122 1390 2300 1451 potest
2330 1382 2605 1450 possidere
2631 1381 2897 1436 ccelestia.
2941 1379 3053 1436 Nec
3089 1382 3380 1450 quisquam
3418 1394 3479 1435 se
3516 1379 3706 1435 Chris-

2123 1474 2327 1529 tianum
2355 1472 2562 1543 judicet
2584 1517 2598 1542 ,
2631 1472 2735 1527 nisi
2765 1473 2855 1543 qui
2883 1472 3084 1527 Christi
3110 1480 3167 1527 et
3194 1472 3497 1528 doctrinam
3528 1472 3709 1541 sequi-

2124 1575 2210 1621 tur
2230 1576 2285 1621 et
2314 1565 2557 1620 imitatur
2581 1564 2910 1633 exemplum.
2938 1563 3044 1619 Sed
3074 1573 3131 1618 tu
3160 1562 3311 1621 illum
3342 1563 3707 1619 Christianum

2127 1668 2303 1728 putas,
2325 1656 2480 1725 cujus
2505 1671 2795 1724 numquam
2819 1670 2956 1724 pane
2980 1655 3119 1709 ullus
3144 1644 3418 1712 saturatur
3440 1658 3707 1721 esuriens,

2127 1750 2279 1819 cujus
2304 1758 2430 1817 potu
2454 1749 2634 1802 nullus
2660 1748 2902 1803 relicitttr
2921 1746 3136 1812 sitiens,
3159 1747 3318 1816 cujus
3346 1762 3588 1803 mensam
3620 1762 3712 1802 ne-

2055 1846 2099 1905 B
2129 1857 2216 1895 mo
2244 1840 2554 1911 cognoscit,
2580 1839 2681 1893 sub
2705 1839 2860 1907 cuius
2889 1846 3032 1895 tecto
3063 1853 3164 1894 nec
3187 1838 3396 1894 advena
3429 1854 3531 1894 nec
3560 1853 3711 1908 pere-

2125 1934 2314 2004 grinus
2343 1931 2634 2002 aliquando
2659 1930 2929 1996 succedit,
2958 1929 3113 1999 cujus
3135 1942 3299 1985 nemo
3321 1928 3496 1984 nudus
3517 1930 3716 1999 tegitur

2126 2026 2460 2081 vestimentis
2477 2066 2493 2091 ,
2515 2024 2673 2094 cujus
2696 2037 2901 2094 pauper
2924 2023 3105 2078 nullus
3128 2022 3343 2078 fovetur
3363 2021 3565 2077 auxilio
3584 2063 3598 2085 ,
3625 2038 3716 2077 cu-

2122 2121 2211 2191 jus
2239 2120 2440 2175 bonum
2472 2132 2631 2173 nemo
2660 2118 2859 2183 sentit,
2893 2116 3051 2186 cujus
3083 2115 3513 2172 misericordiam
3554 2130 3716 2171 nemo

2126 2212 2445 2283 Cognoscit;
2477 2213 2568 2280 qui
2600 2211 2654 2265 in
2681 2210 2830 2266 nullo
2861 2210 3108 2265 imitatur
3149 2210 3350 2273 bonos,
3390 2209 3486 2263 sed
3527 2207 3718 2263 irridet

2130 2306 2311 2376 potius
2340 2313 2394 2359 et
2423 2305 2747 2367 subsannat,
2783 2312 2836 2358 et
2866 2317 3131 2373 pauperes
3159 2300 3406 2370 persequi
3449 2317 3555 2355 non
3599 2315 3716 2356 ces-

2131 2398 2253 2451 sat?
2283 2396 2437 2452 Absit
2465 2396 2568 2449 hoc
2592 2409 2623 2449 a
2656 2394 2928 2450 mentibus
2961 2392 3390 2448 Christianorum
3434 2393 3713 2458 ominum,

2133 2492 2277 2548 absit
2313 2501 2370 2547 ut
2400 2490 2709 2561 hujusmodi
2737 2488 3074 2546 Christianus
3102 2487 3335 2553 dicatur,
3364 2486 3504 2543 absit
3532 2497 3587 2539 ιιι
3625 2486 3715 2540 Del

2134 2582 2275 2639 ﬁlius
2300 2586 2467 2653 possit
2485 2582 2743 2653 appellari
2766 2581 2855 2652 qui
2880 2580 3001 2635 talis
3026 2588 3124 2635 est.
3146 2579 3480 2634 ('hristianus
3502 2579 3594 2631 ille
3617 2586 3715 2639 est,

2135 2676 2227 2742 qui
2256 2674 2459 2731 Christi
2487 2676 2630 2729 viam
2663 2673 2929 2742 sequitur,
2962 2672 3053 2743 qui
3081 2670 3358 2726 Christum
3387 2668 3439 2723 in
3470 2669 3723 2722 omnibus

2135 2768 2394 2833 imitatur,
2429 2767 2569 2822 sicut
2597 2765 2858 2835 scriptum
2888 2774 2970 2820 est
2996 2781 3008 2817 :
3038 2764 3139 2830 Qui
3168 2762 3293 2816 dicit
3330 2778 3382 2816 se
3420 2761 3474 2814 in
3516 2759 3724 2815 Christo

2136 2876 2366 2924 manere,
2399 2858 2566 2925 debet,
2596 2857 2727 2911 sicut
2758 2854 2847 2910 ille
2876 2854 3153 2908 ambulavit
3175 2894 3189 2918 ,
3232 2862 3278 2907 et
3317 2853 3426 2924 ipse
3463 2852 3726 2905 ambulare

2140 2952 2437 3022 (lJoan.n,
2464 2949 2543 3021 6).
2575 2950 2913 3005 Christianus
2949 2956 3062 3012 est,
3090 2947 3179 3017 qui
3218 2945 3469 3002 omnibus
3507 2944 3727 3001 miseri-

2137 3045 2378 3100 cordiam
2412 3043 2534 3099 facit
2556 3083 2570 3107 ,
2596 3042 2684 3110 qui
2710 3042 2932 3096 omnino
2960 3055 3067 3095 non
3098 3049 3345 3095 movetur
3374 3038 3573 3108 injuria
3592 3080 3609 3102 ,
3638 3038 3728 3108 qui

2140 3135 2372 3205 opprimi
2405 3148 2699 3204 pauperem
2727 3147 2787 3187 se
2821 3140 3086 3199 praesente
3115 3147 3219 3186 non
3249 3132 3467 3201 patitur,
3498 3129 3595 3199 qui
3628 3129 3729 3185 nti-

451 3250 624 3316 {umus
647 3288 661 3312 ,
692 3215 970 3310 deficiant;
1002 3238 1131 3290 sicut
1156 3236 1269 3304 ﬂuit
1298 3249 1414 3286 cera
1436 3248 1466 3283 a
1495 3231 1626 3299 [acie
1656 3228 1820 3298 ignis,
1850 3227 1924 3280 sic
1950 3242 2037 3295 pe—
2066 3215 2111 3277 C
2142 3229 2279 3284 seris
2307 3226 2596 3290 subvenit,
2625 3225 2717 3294 qui
2744 3224 3111 3294 indigentibus
3138 3224 3410 3280 succurrit
3436 3264 3450 3287 ,
3481 3222 3579 3292 qui
3608 3238 3728 3277 cum

451 3347 596 3395 seaut
617 3344 908 3406 peccatores
930 3350 960 3384 a
985 3331 1114 3401 facie
1140 3326 1238 3381 Dei
1263 3325 1380 3395 (Ps.
1401 3339 1547 3380 ιινιι
1567 3366 1581 3389 ,
1603 3322 1682 3391 3).
1706 3320 1923 3376 Nullum
1952 3319 2040 3374 hic

355 3450 357 3453 ·
453 3441 657 3485 tantum
684 3423 1025 3481 int't‘cdulum
1056 3429 1112 3475 et
1142 3418 1443 3483 intldelem,
1478 3414 1575 3469 sed
1607 3421 1917 3483 peccatores
1945 3425 2041 3465 au-

454 3525 542 3579 dio
562 3514 928 3577 condemnari.
955 3515 1020 3567 Et
1039 3511 1374 3566 Salvatorem
1398 3519 1642 3562 nostrum
1664 3503 1899 3575 quodam
1917 3502 2041 3558 loco

453 3618 656 3671 dixisse
696 3613 820 3681 lego
854 3626 868 3662 :
911 3606 1035 3663 Non
1074 3621 1248 3660 omnes
1277 3603 1363 3673 qui
1393 3603 1570 3655 dicunt
1597 3598 1761 3665 mihi,
1791 3597 2037 3664 Domine,

460 3706 694 3772 Domine,
714 3700 976 3757 intrabunt
998 3698 1049 3752 in
1075 3710 1286 3768 regnum
1307 3693 1548 3748 calorum
1568 3734 1581 3757 ,
1606 3690 1695 3744 sed
1724 3688 1812 3759 qui
1840 3688 2041 3759 faciunt

456 3800 769 3854 voluntatem
794 3792 969 3847 Patris
992 3789 1089 3844 inci
1107 3789 1192 3860 qui
1213 3788 1269 3841 in
1290 3785 1431 3841 caelis
1456 3795 1532 3840 est
1556 3782 1773 3853 (Matth.
1792 3797 1865 3836 vtt
1883 3822 1899 3848 ,
1921 3780 1985 3835 2|
2000 3778 2038 3849 ).

458 3892 655 3962 Utique
681 3889 733 3943 in
761 3884 1037 3941 Christum
1066 3880 1392 3945 credebant,
1430 3877 1522 3949 qui
1561 3891 1683 3933 eum
1728 3876 1892 3931 etiam
1936 3874 2042 3930 Do-

424 4026 425 4029 η
457 3983 661 4038 ιιιίιιιιιιι
698 3975 1117 4045 nuncupabant;
1162 3987 1266 4027 nec
1303 3969 1506 4026 idcirco
1536 3968 1647 4024 illis
1675 3967 1913 4024 ccelestis
1951 3981 2041 4022 re-

455 4075 548 4144 gni
579 4075 744 4142 janua
783 4067 1052 4139 panditur,
1084 4063 1207 4133 quia
1239 4062 1391 4116 illum
1419 4076 1545 4126 ore,
1577 4075 1737 4131 quem
1768 4060 1923 4115 lactis
1949 4058 2043 4112 ab-

458 4175 658 4231 nuunt,
690 4161 1039 4216 conﬁtentur.
1071 4155 1268 4225 Negari
1298 4163 1475 4207 autem
1520 4154 1685 4208 Deum
1731 4152 1893 4207 lactis
1933 4166 2041 4207 non

461 4260 640 4314 minus
670 4248 828 4325 Quam
855 4251 1036 4307 verbis
1063 4248 1360 4319 Apostolus
1391 4246 1567 4301 dixit:
1602 4244 1767 4298 Deum
1792 4244 2043 4312 conﬁten-

459 4361 545 4406 tur
567 4365 621 4406 se
648 4362 828 4412 nosse,
856 4343 1007 4412 {actis
1031 4350 1204 4395 autem
1231 4348 1419 4409 negant
1451 4336 1590 4406 (Tit.
1615 4352 1663 4401 ι,
1698 4335 1807 4407 ib).
1843 4338 1906 4390 Et
1934 4336 2044 4390 Do-

462 4444 639 4499 minus
684 4441 735 4494 in
781 4435 1072 4506 Evangelio
1101 4450 1119 4490 :
1164 4430 1322 4486 Multi
1363 4430 1487 4485 mihi
1518 4430 1684 4484 dicent
1714 4430 1769 4484 in
1796 4429 1896 4483 illa
1923 4430 2043 4484 die:

468 4535 683 4588 Domine
702 4571 717 4597 ,
752 4527 971 4583 Domine
992 4567 1007 4588 ,
1036 4540 1203 4578 nonne
1231 4524 1285 4575 in
1313 4523 1517 4577 nomine
1546 4531 1637 4574 tuo
1665 4521 1907 4593 ejecimus
1936 4524 2043 4575 dte-

2143 3320 2499 3377 mmrentibus
2523 3327 2750 3387 moeret,
2775 3320 2867 3388 qui
2893 3319 3139 3374 dolorem
3169 3318 3390 3373 alterius
3420 3318 3577 3388 quasi
3611 3333 3734 3388 pro-

2142 3414 2320 3484 prium
2348 3412 2547 3480 sentit,
2572 3412 2662 3482 qui
2685 3410 2752 3466 ad
2782 3412 2966 3467 ﬂetum
2993 3410 3210 3467 ﬂetibus
3241 3420 3570 3480 provocatur
3602 3410 3734 3465 alie-

2144 3508 2259 3573 nis,
2290 3506 2447 3575 cujus
2475 3505 2716 3559 omnium
2758 3502 3065 3560 communis
3104 3512 3189 3559 est
3214 3502 3438 3568 domus,
3470 3503 3631 3572 cujus
3658 3502 3738 3571 ja-

2145 3614 2247 3654 nua
2279 3597 2488 3654 nemini
2518 3596 2813 3663 clauditur,
2842 3595 2996 3666 cujus
3026 3609 3266 3651 mensam
3310 3608 3513 3664 pauper
3553 3594 3737 3648 nullus

2143 3691 2391 3761 ignorat,
2418 3689 2573 3759 cujus
2601 3689 2757 3745 cibus
2794 3688 3007 3743 cunctis
3041 3687 3288 3755 ollertur,
3330 3686 3489 3755 cujus
3526 3685 3735 3741 bonum

2143 3795 2337 3836 omnes
2359 3789 2589 3843 norunt,
2615 3786 2674 3835 et
2699 3793 2861 3834 nemo
2886 3778 3055 3833 sentit
3080 3777 3332 3847 injuriam
3355 3776 3484 3847 ;qui
3506 3776 3625 3831 Deo
3649 3776 3736 3831 die

2145 3883 2415 3944 noctuque
2452 3872 2712 3938 deservit,
2754 3871 2847 3942 qui
2883 3870 3001 3940 ejus
3046 3878 3316 3940 praecepta
3357 3868 3736 3924 indesinenter

2146 3965 2435 4022 meditatur
2462 3974 2518 4018 et
2546 3963 2786 4033 cogitat;
2813 3961 2904 4031 qui
2932 3976 3135 4032 pauper
3158 3960 3362 4019 mundo
3388 3960 3651 4026 efﬁcitur,
3680 3971 3735 4015 ut

2146 4059 2259 4115 Deo
2289 4057 2530 4128 locuples
2560 4056 2691 4118 liat;
2722 4055 2812 4125 qui
2846 4055 2984 4110 inter
3015 4054 3263 4113 homines
3296 4054 3528 4110 habetur
3558 4054 3735 4123 inglov

2143 4151 2258 4207 rius
2280 4192 2296 4218 ,
2328 4160 2390 4206 ut
2418 4166 2603 4207 coram
2634 4150 2746 4206 Deo
2785 4159 2841 4203 et
2877 4147 3086 4218 angelis
3126 4146 3395 4216 gloriosus
3434 4156 3738 4215 appareat;

2144 4245 2234 4314 qui
2265 4243 2317 4297 in
2348 4242 2516 4299 corde
2544 4257 2642 4296 suo
2674 4241 2803 4296 nihil
2835 4240 3048 4295 videtur
3076 4240 3277 4295 habere
3304 4239 3624 4295 simulatum
3657 4239 3740 4293 vel

2147 4335 2367 4400 ﬁctum;
2396 4335 2549 4403 cujus
2577 4333 2810 4403 simplex
2839 4343 2892 4386 et
2919 4332 3262 4387 immaculata
3287 4342 3368 4387 est
3396 4331 3579 4385 anima
3601 4373 3617 4397 ,
3648 4348 3744 4385 cu-

2143 4426 2232 4497 jus
2260 4427 2591 4483 conscientia
2623 4427 2799 4481 ﬁdelis
2829 4434 2884 4481 et
2906 4441 3036 4496 pura
3065 4435 3180 4492 est,
3207 4424 3362 4494 cujus
3395 4432 3504 4479 tota
3539 4424 3598 4478 in
3628 4424 3743 4477 Deo

2150 4534 2333 4587 mens,
2364 4519 2517 4589 cujus
2546 4519 2722 4574 omnis
2751 4534 2876 4589 spes
2903 4519 2954 4572 in
2983 4516 3203 4572 Christo
3226 4527 3308 4572 est
3332 4532 3347 4581 ;
3377 4516 3466 4585 qui
3491 4515 3742 4571 celestis

459 4629 633 4683 monia
653 4667 665 4689 ,
695 4634 743 4678 ct
772 4623 826 4676 in
863 4620 1068 4675 nomine
1094 4627 1181 4671 tuo
1208 4617 1418 4669 virtutes
1455 4615 1643 4668 multas
1680 4615 1939 4684 fecimus?
1976 4614 2042 4667 Et
2071 4593 2121 4652 Ῐ)
2152 4612 2328 4679 potius
2356 4626 2516 4680 quam
2546 4620 2757 4665 terrena
2782 4609 3087 4673 desiderat,
3112 4608 3201 4678 qui
3234 4608 3467 4662 humana
3499 4608 3742 4676 spernit,

462 4724 636 4777 dicam
664 4716 805 4773 illis:
842 4713 1140 4783 Numquam
1181 4726 1267 4764 vos
1295 4709 1529 4779 cognovi.
1572 4708 1832 4762 Discedite
1860 4726 1891 4762 a
1923 4726 2002 4763 me
2023 4754 2039 4779 ,

464 4828 636 4871 omnes
661 4810 749 4879 qui
780 4804 1062 4876 operamini
1088 4802 1411 4873 iniquitatem
1437 4799 1655 4872 (Matth.
1682 4815 1788 4867 vtt,
1807 4798 1921 4871 22).
1952 4801 2046 4855 Us-

460 4924 567 4977 que
608 4905 744 4961 adeo
785 4901 872 4958 isti
901 4896 1199 4954 credidisse
1223 4894 1497 4956 dicuntur,
1524 4903 1579 4945 ut
1606 4892 1661 4945 in
1692 4891 1906 4946 nomine
1938 4892 2043 4946 Do-

464 5000 595 5056 mini
626 4998 853 5051 virtulcs
880 4990 1039 5046 etiam
1069 4996 1422 5058 operarentur
1446 5000 1462 5040 :
1489 4998 1588 5039 nec
1610 4994 1790 5039 tamen
1813 4983 1891 5039 tis
1920 4999 2043 5053 pro-

414 5128 417 5133 .
461 5092 607 5149 derit
637 5088 802 5152 fides,
835 5082 959 5155 quia
988 5080 1208 5151 justitite
1237 5092 1399 5146 opera
1428 5091 1535 5131 non
1560 5074 1823 5129 fecerunt.
1856 5074 2042 5144 Itaque

462 5184 510 5238 si
538 5181 653 5237 sola
686 5178 818 5233 ﬁdes
849 5172 1108 5243 prodest,
1133 5184 1231 5224 cur
1259 5168 1336 5223 illi
1364 5182 1485 5224 cum
1511 5167 1717 5236 angelis
1742 5166 1960 5222 Satanm
1992 5167 2044 5221 in

467 5283 784 5345 perpetuum
825 5265 1091 5337 gehennae.
1130 5260 1338 5331 ignibus
1376 5258 1773 5327 mancipantur,
1805 5258 1894 5327 qui
1938 5272 2046 5311 non

410 5404 411 5409 η
470 5365 706 5435 perﬁdia:
734 5374 928 5423 causa,
958 5354 1052 5411 sed
1082 5354 1207 5424 quia
1237 5351 1365 5408 boni
1407 5352 1539 5405 nihil
1583 5351 1860 5414 fecerant,
1899 5349 2047 5418 judi-

467 5459 696 5512 cantur?
740 5452 876 5506 sicut
921 5446 1182 5517 scriptum
1225 5454 1347 5499 est:
1392 5441 1461 5496 Et
1502 5443 1633 5496 dicet
1672 5446 1746 5497 eis
1769 5441 1883 5497 Rex
1906 5444 1993 5513 qui
2019 5458 2052 5496 a

464 5547 689 5603 sinistris
716 5554 829 5600 sunt
858 5558 879 5598 :
907 5538 1169 5596 Discedite
1186 5555 1218 5592 a
1244 5554 1343 5604 me,
1370 5536 1631 5592 maledicti
1651 5577 1663 5599 .
1690 5536 1743 5590 in
1769 5538 2051 5609 gehennam

469 5648 712 5696 aeternam
733 5677 747 5702 ,
776 5651 928 5702 quam
957 5632 1157 5705 paravit
1188 5629 1347 5685 Pater
1372 5645 1514 5683 meus
1543 5627 1752 5683 diabolo
1783 5637 1827 5681 et
1854 5626 2052 5699 angelis

466 5735 604 5809 ejus.
648 5728 853 5785 Esurivi
893 5729 1025 5782 enim
1049 5769 1062 5790 ,
1091 5734 1138 5780 et
1167 5742 1267 5780 non
1300 5724 1510 5779 dedistis
1539 5722 1667 5776 nti/ti
1696 5722 2012 5776 manducare
2036 5762 2052 5787 ,

467 5807 573 5885 etc.
602 5819 820 5892 (ΜαιιΙι.
842 5816 1079 5881 ιιν,Η,
1103 5807 1215 5884 49³).
1245 5817 1355 5869 Non
1386 5817 1519 5869 dixit
1545 5815 1726 5884 utique
1748 5854 1760 5877 ,
1792 5816 1912 5885 quia
1944 5829 2049 5867 non

2151 4712 2211 4756 ut
2239 4704 2409 4771 possit
2439 4703 2637 4756 habere
2666 4700 2867 4756 divina.
2900 4698 3034 4753 Nam
3065 4699 3149 4753 his
3189 4699 3277 4764 qui
3325 4696 3432 4751 hoc
3471 4697 3743 4750 StrCttitttlt

2150 4793 2414 4863 diligunt,
2447 4801 2500 4847 et
2528 4792 2620 4861 qui
2664 4791 2722 4846 in
2764 4790 3019 4859 pmsenti
3062 4797 3303 4856 tempore
3342 4785 3653 4855 gloriantur
3694 4793 3748 4836 et

2147 4888 2524 4956 complaceut,
2546 4883 2676 4939 audi
2698 4883 2822 4952 quid
2848 4882 3044 4937 dicitur
3067 4896 3083 4937 :
3116 4878 3336 4933 Nescitis
3359 4878 3483 4948 quia
3506 4876 3750 4929 amicitia

2150 4984 2313 5052 hujus
2342 4978 2543 5043 mundi,
2572 4977 2779 5031 inimica
2805 4985 2878 5029 est
2906 4972 3057 5029 Dei“?
3087 4971 3153 5025 Et
3179 4971 3490 5042 quicumque
3519 4969 3748 5022 voluerit

2147 5089 2255 5128 esse
2299 5073 2498 5125 amicus
2537 5071 2695 5136 huius
2734 5067 2943 5131 saeculi,
2986 5065 3221 5119 inimicus
3264 5060 3365 5117 Dei
3402 5062 3749 5117 constituitur

2151 5164 2294 5235 (Jac.
2320 5179 2393 5229 Iv,
2424 5162 2506 5232 4).

2744 5229 2971 5285 CAPUT
3009 5227 3126 5282 XV.

2584 5324 2870 5376 Viduarttm
2902 5322 3093 5390 triplex
3120 5335 3303 5391 genus.

2223 5441 2349 5497 llaec
2390 5441 2523 5507 tibi,
2566 5453 2723 5494 soror
2766 5437 3155 5503 dilectissima,
3197 5433 3328 5505 quid
3368 5431 3751 5489 Christianum

2156 5548 2320 5606 agere
2363 5531 2680 5596 conveniat,
2728 5538 2887 5599 prout
2930 5528 3109 5598 potui,
3156 5526 3443 5595 explicavi.
3494 5525 3560 5580 Si
3611 5542 3756 5595 ergo

2157 5638 2350 5679 omnes
2378 5622 2705 5693 generaliter
2733 5619 2827 5690 qui
2853 5619 3148 5675 Christiani
3182 5627 3585 5685 nuncupantur,
3622 5632 3754 5673 esse

2157 5717 2292 5772 tales
2341 5724 2589 5785 oportet;
2640 5729 2781 5768 nunc
2829 5721 2935 5767 tua:
2989 5711 3287 5782 prudentia:
3340 5722 3422 5767 est
3462 5711 3757 5766 testimare

2157 5812 2370 5883 qualem
2411 5818 2465 5865 tu
2498 5820 2550 5864 te
2588 5808 2799 5862 videant
2841 5807 3038 5863 debeas
3082 5805 3365 5867 exhibere,
3406 5819 3568 5870 quam
3616 5819 3749 5857 "an
