3970 6180
223 333 308 390 ιω

927 335 1280 394 I‘OSSIDIUS
1321 336 1693 392 LPISCOI’US
1733 334 1799 390 Cl

1905 333 2181 392 MENSIS.
2227 332 2761 391 PROLEGOMENA.

3339 395 3344 400 _
3380 339 3487 395 402
3503 355 3513 388 :-

221 447 312 499 ctis
350 447 491 501 bene
533 447 989 502 conversantibus
1034 465 1155 504 esse
1197 459 1410 519 Oportet
1457 451 1790 520 cxornplum.
1825 452 1873 511 Α
1902 450 2118 505 viduam
2152 451 2306 517 dicit,
2342 467 2461 523 qute
2493 451 2622 506 nihil
2654 453 2757 506 tale
2789 453 3078 523 aliquando
3107 465 3326 523 operata
3365 458 3489 511 est?

222 540 334 593 Tria
369 552 546 594 autem
590 556 712 596 esse
751 541 1033 597 viduarum
1072 559 1268 612 genera
1315 561 1419 597 non
1461 546 1710 614 ignorare
1747 555 1798 601 te

222 633 394 688 credo.
452 632 630 688 Unum
683 619 828 703 quod
887 635 1344 704 perfectissimum
1403 648 1523 702 est,
1585 637 1796 693 caelesti

222 727 435 794 praemio
469 725 828 792 destinatum,
863 728 1005 796 quod
1029 769 1043 791 ,
1074 728 1178 782 ritu
1217 728 1360 782 illius
1401 729 1466 782 dc
1505 729 1796 800 Evangelio

219 819 383 873 vidua:
413 819 567 891 (Luc.
599 835 667 885 tt,
695 821 821 890 37),
857 820 968 875 Deo
996 821 1336 875 orationibus
1369 829 1422 874 et
1454 821 1672 890 jejuniis
1702 821 1797 877 die

220 924 479 982 noctuque
509 913 772 970 deservit.
809 913 966 968 Aliud
997 928 1145 978 vero,
1175 915 1317 984 qund
1353 914 1583 968 filiorum
1612 930 1794 969 curam

219 1005 413 1059 habere
451 1004 651 1059 dicitur
690 1015 740 1058 et
781 1005 1008 1070 domus,
1049 1021 1153 1058 non
1204 1014 1351 1058 tanto
1401 1006 1654 1074 dignum,
1697 1022 1799 1063 nec

219 1107 391 1150 tamen
427 1097 666 1165 peccatis
692 1096 1004 1150 obnoxium.
1037 1096 1275 1150 Tertium
1305 1105 1482 1151 autem
1515 1113 1684 1165 genus
1715 1107 1800 1154 est

217 1187 262 1240 in
289 1188 469 1257 epulis
498 1197 552 1242 et
583 1188 825 1257 deliciis,
860 1188 1001 1258 quod
1029 1199 1248 1242 auertite
1279 1189 1436 1242 morti
1467 1203 1717 1244 servatur
1744 1200 1800 1245 et

217 1296 419 1348 pirum;
446 1279 583 1334 sient
611 1281 873 1348 scriptum
902 1290 984 1335 est
1009 1298 1024 1335 :
1057 1280 1256 1334 Viduas
1279 1282 1508 1347 honora,
1534 1299 1648 1353 qua
1670 1299 1800 1338 verte

217 1374 378 1425 ridua:
406 1381 522 1425 sunt
557 1371 612 1439 (l
643 1371 774 1426 Tim.
805 1388 859 1438 v,
885 1371 979 1442 5).
1013 1371 1130 1426 Ista:
1160 1383 1286 1426 sunt
1314 1373 1534 1443 primae,
1568 1389 1688 1444 qua:
1718 1375 1798 1430 di—

214 1475 404 1530 cuntur
428 1473 482 1518 et
511 1480 653 1518 verm
678 1508 692 1532 ,
724 1472 777 1520 et
804 1480 921 1534 qua:
946 1464 1208 1533 jubentur
1234 1480 1264 1518 a
1298 1474 1448 1519 tanto
1479 1467 1796 1533 sacerdote,

216 1560 307 1613 hoc
335 1567 450 1623 est,
479 1573 507 1611 a
537 1556 824 1612 TimOtheo
852 1557 1127 1612 licuorari.
1179 1558 1442 1614 Secunda:
1483 1569 1640 1627 sunt,
1682 1562 1799 1630 qui-

216 1651 304 1704 bus
331 1650 444 1718 jam
488 1650 673 1705 haberi
713 1667 819 1704 non
856 1650 1078 1719 jubetur
1106 1651 1296 1718 honor,
1327 1669 1427 1708 nec
1468 1661 1648 1709 tamen
1687 1655 1797 1709 vita

212 1751 465 1809 negatur;
499 1741 564 1796 de
595 1741 790 1811 quibus
816 1741 1013 1797 dicitur
1039 1761 1052 1796 :
1084 1744 1212 1811 Qua:
1251 1755 1418 1800 autem
1447 1746 1583 1812 ﬁlios
1613 1745 1800 1800 habent

1902 547 2008 603 Sed
2038 556 2163 601 sunt
2189 546 2380 617 aliquae
2409 546 2626 612 divites,
2663 547 2870 602 nobiles
2896 557 2946 601 et
2983 557 3252 615 potentes,
3291 549 3487 617 quibus

1901 639 2122 694 forsitan
2153 638 2364 694 videtur
2393 639 2695 708 indignum,
2734 650 2790 694 ut
2823 649 2915 693 aut
2958 641 3095 694 filios
3125 640 3260 708 Deo,
3290 651 3345 695 et
3374 658 3480 696 non

1900 733 2100 787 smculo
2122 733 2371 798 educent,
2405 743 2494 786 aut
2524 733 2758 802 hospitio
2791 734 3052 802 recipiant
3080 733 3367 798 advenam,
3392 747 3487 788 aut

1901 835 2208 879 sanctorum
2246 826 2410 895 pedes
2455 825 2778 891 laboriosos,
2825 825 3121 880 lutulentos
3153 835 3210 880 et
3236 825 3486 881 horridos

1899 918 2101 982 lavent,
2132 926 2186 971 et
2220 917 2466 972 de'icatis
2504 926 2558 972 et
2597 916 2779 970 nitidis
2818 917 3063 971 manibus
3106 926 3347 986 tangant.
3377 919 3482 972 Sed

1901 1024 2002 1064 nec
2030 1008 2203 1078 dignm
2233 1018 2390 1064 erunt
2420 1008 2553 1062 tales
2585 1007 2636 1061 iu
2671 1006 2849 1062 futuro
2896 1018 3138 1076 tempore
3173 1017 3481 1061 sanctorum

1901 1116 2022 1155 esse
2051 1109 2353 1165 consortes,
2382 1114 2516 1168 quos
2546 1099 2614 1152 ita
2649 1100 2699 1152 in
2731 1097 2990 1168 prazsenti
3017 1107 3357 1168 spreverunt;
3384 1115 3483 1153 nec

1900 1201 2108 1261 partem
2152 1191 2348 1245 habere
2396 1200 2649 1260 p0terunt
2688 1206 2810 1245 cum
2839 1188 3079 1253 Christo,
3119 1203 3278 1257 quem
3311 1191 3484 1244 susci-

1899 1301 2026 1356 pere
2076 1285 2397 1348 noluerunt,
2428 1293 2484 1339 et
2527 1285 2683 1354 cujus
2731 1283 2940 1353 plautas
2983 1282 3095 1336 suis
3141 1291 3507 1337 contrectare-

1899 1378 2145 1432 mauibus
2193 1378 2519 1432 horruerunt
2552 1394 2564 1428 :
2604 1377 2726 1444 quia
2767 1375 3037 1430 Christum
3082 1373 3320 1442 spernit,
3361 1375 3484 1442 qui-

1898 1483 2131 1539 cumque
2173 1469 2290 1537 ejus
2330 1468 2560 1522 famulos
2589 1467 2824 1536 spernit,
2858 1468 2992 1521 sicut
3022 1466 3138 1534 ipse
3169 1465 3300 1520 dicit
3331 1482 3343 1517 :
3382 1465 3486 1530 Qui

1897 1577 1984 1614 vos
2030 1561 2242 1631 spernit,
2299 1576 2379 1613 me
2424 1561 2619 1626 spernit
2665 1557 3053 1630 (Luc.x,16).
3098 1557 3296 1625 Marim,
3345 1559 3486 1612 unde

1898 1650 2098 1706 Christi
2126 1652 2288 1722 pedes
2318 1651 2542 1717 levaret,
2571 1651 2820 1722 lacryma:
2850 1649 3225 1712 abundarunt;
3258 1648 3284 1687 ι)
3317 1650 3485 1704 nostri

1899 1754 2076 1798 autem
2123 1744 2384 1812 temporis
2431 1742 2644 1798 feminis
2689 1742 2829 1798 unde
2875 1742 3276 1812 peregrinorum
3320 1741 3502 1810 pedes-

211 1845 291 1886 aut
335 1844 573 1903 nepotes,
618 1835 817 1888 discant
845 1837 1069 1906 primum
1099 1837 1308 1889 domum
1339 1855 1483 1890 suam
1515 1839 1598 1906 pie
1629 1849 1655 1876 ι
1689 1849 1797 1892 tra-
1829 1831 1870 1890 B
1899 1839 2105 1906 lavent,
2154 1839 2267 1907 ipsa
2313 1837 2494 1892 deficit
2540 1852 2694 1906 aqua.
2744 1836 2823 1890 Tu
2867 1851 2998 1905 ergo
3042 1834 3382 1889 sanctissima
3428 1843 3486 1888 et

211 1938 378 1992 ctare,
406 1938 454 1980 et
483 1945 658 1998 parem
687 1929 909 1998 gratiam
938 1930 1148 1983 reddere
1177 1931 1473 2000 parentibus
1500 1929 1690 2001 (Ibid.,
1711 1931 1792 2002 4).

213 2019 311 2072 lla:
354 2034 486 2074 vero
518 2020 693 2074 tertia:
732 2030 888 2087 sunt,
928 2020 995 2075 de
1025 2021 1215 2090 quibus
1246 2022 1505 2090 scriptum
1538 2032 1658 2077 est:
1699 2025 1794 2079 Vi-

211 2110 306 2160 dua
358 2119 534 2161 autem
579 2126 691 2178 quae
735 2111 788 2163 in
841 2111 1045 2165 deliciis
1094 2123 1197 2178 est,
1249 2114 1416 2166 vivens
1466 2123 1672 2168 mortua
1721 2124 1797 2170 est

211 2198 502 2268 (lbid.,6).
538 2199 694 2256 Unde
733 2201 958 2272 intelligi
1002 2202 1178 2267 datur,
1223 2219 1327 2257 non
1369 2219 1560 2260 omnes
1601 2205 1795 2259 viduas

211 2306 326 2345 esse
356 2292 628 2361 aequales;
674 2307 774 2346 nec
818 2308 910 2347 cas
961 2293 1070 2346 Dco
1112 2295 1359 2363 placere,
1403 2311 1522 2365 quae
1569 2311 1795 2367 corpore

211 2389 419 2434 tantum
451 2381 623 2435 viduze
654 2382 901 2436 videntur
930 2399 1050 2438 esse
1072 2430 1084 2452 ,
1122 2403 1228 2439 non
1261 2401 1448 2455 opere.

271 2475 466 2542 Qualis
493 2485 674 2530 autem
701 2475 901 2531 Christi
930 2478 1087 2531 vidua
1117 2479 1310 2534 debeat
1335 2495 1478 2548 esse,
1505 2482 1795 2550 Apostolus

210 2565 337 2620 dicit
367 2583 380 2620 :
412 2567 541 2633 Qua:
565 2578 736 2621 autem
763 2585 874 2622 vere
896 2569 1046 2624 vidua
1075 2581 1168 2638 est,
1199 2583 1368 2642 sperat
1396 2576 1448 2626 in
1476 2573 1715 2641 Domino,
1747 2585 1796 2630 et

211 2660 366 2712 instat
404 2661 721 2714 orationibus
767 2663 849 2715 die
888 2679 948 2716 ac
994 2674 1138 2718 nocte
1175 2665 1376 2737 (lbid.,
1403 2667 1490 2738 5).
1526 2668 1634 2724 Nec
1663 2669 1793 2724 illud

212 2752 488 2819 prmterire
521 2763 572 2807 te
603 2753 746 2819 volo,
780 2754 919 2823 quod
966 2755 1184 2825 quando
1233 2773 1391 2814 veras
1435 2760 1623 2815 viduas
1652 2763 1796 2834 Apo-

211 2844 382 2897 stolus
411 2845 682 2910 nominat,
717 2861 838 2900 esse
868 2847 1208 2903 demonstrat
1245 2859 1298 2906 et
1336 2851 1519 2917 falsas,
1555 2853 1657 2908 hoc
1686 2867 1789 2920 est,

211 2943 352 3001 actu,
387 2945 588 3001 mente,
633 2939 1067 3004 conversatione,
1123 2957 1227 2994 non
1277 2958 1523 3011 corpore.
1559 2946 1626 3000 Et
1665 2947 1793 3002 alibi

211 3026 383 3080 viduae
411 3043 552 3082 vera)
582 3039 636 3082 et
659 3029 847 3083 electae
875 3039 1054 3102 actum
1087 3035 1670 3108 conversationemque
1695 3039 1793 3094 de-

213 3117 397 3170 scribit
471 3117 614 3172 idcm
681 3120 976 3186 Apostolus
1040 3122 1224 3178 dicens
1276 3142 1288 3178 :
1342 3125 1514 3180 Vidua
1575 3129 1796 3196 eligatur

1898 1931 2313 2002 prudentissima
2362 1931 2561 1985 femina
2585 1973 2598 1998 ,
2645 1945 2710 1984 ne
2743 1929 2874 1984 velis
2914 1928 3116 1982 imitari
3154 1926 3502 1996 lmjusmodi,.

1897 2038 2017 2092 qua:
2048 2037 2166 2077 cum
2203 2022 2470 2077 audenter
2511 2021 2902 2086 malcfecerint,
2944 2019 3262 2074 benefacere
3289 2020 3502 2072 erube—-

1895 2125 2080 2180 scunt;
2119 2125 2172 2170 et
2208 2113 2612 2170 confunduntur
2654 2113 2800 2181 juste
2828 2113 3036 2179 vivere,
3064 2125 3185 2181 qua:
3217 2126 3324 2164 non
3353 2118 3483 2163 sunt

1899 2221 2120 2276 peccare
2148 2205 2419 2270 confusas;
2447 2212 2499 2258 et
2529 2219 2650 2274 qua:
2681 2217 2740 2258 se
2776 2203 2934 2256 morti
2968 2200 3109 2255 ultro
3140 2201 3477 2263 obtulerunt,

1898 2313 1998 2353 nec
2045 2298 2287 2352 invitata:
2327 2305 2675 2352 revertuntur
2703 2294 2771 2348 ad
2798 2294 2995 2356 vitam;
3039 2307 3158 2362 quae
3201 2291 3478 2346 hominum

1897 2392 2068 2461 magis
2092 2391 2253 2453 risus,
2284 2388 2740 2444 subsannationes
2763 2395 2818 2442 et
2843 2385 3072 2450 fabulas,
3093 2400 3254 2453 quam
3279 2383 3371 2438 Dei
3397 2382 3480 2452 ju-

1897 2482 2098 2537 dicium
2128 2485 2542 2551 pertimescunt:
2570 2490 2624 2534 et
2656 2478 2854 2548 quibus
2879 2477 3096 2531 cbarius
3143 2483 3224 2530 est
3268 2475 3482 2529 miseris

1899 2575 2205 2629 hominibus
2233 2575 2447 2644 placere
2473 2587 2634 2642 quam
2657 2569 2893 2625 Christo.
2917 2568 3021 2624 Sed
3048 2578 3168 2623 esto
3197 2568 3484 2637 talis,qua-

1897 2670 2001 2725 lem
2050 2678 2103 2724 te
2135 2670 2396 2724 Dominus
2443 2683 2565 2724 esse
2605 2668 2883 2736 praecepit,
2933 2665 3146 2735 qualem
3193 2666 3483 2734 Apostolus

1893 2763 2047 2833 jubet
2081 2774 2102 2801 ε
2129 2762 2370 2818 exhiberi
2398 2761 2632 2815 Christo.
2670 2759 2842 2814 Vidua
2873 2767 2987 2812 esto
3020 2766 3230 2824 sancta,
3261 2757 3482 2810 humilis

1898 2864 1951 2909 et
1979 2854 2198 2924 quieta;
2231 2850 2615 2908 misericordim
2643 2859 2698 2905 et
2721 2849 2944 2919 iustitia:
2973 2862 3136 2917 opera
3170 2847 3481 2902 indesinen-

1899 2955 1980 3002 ter
2007 2961 2220 3002 exerce.
2265 2946 2332 2999 Et
2375 2945 2603 3014 quisque
2650 2952 2705 2996 te
2754 2944 2809 2996 in
2857 2941 3210 3010 opprobrium
3260 2939 3478 3003 habeat,

1898 3039 2126 3110 quisque
2172 3036 2470 3092 subsannet
2516 3044 2570 3090 et
2599 3034 2849 3102 irrideat,
2884 3043 2939 3088 tu
2972 3041 3179 3086 tantum
3218 3031 3332 3086 Deo
3363 3031 3480 3099 pla-

1899 3144 2044 3194 ceas,
2076 3138 2130 3184 et
2168 3143 2290 3198 qua:
2316 3125 2521 3182 Christi
2550 3135 2674 3182 sunt
2711 3139 2890 3195 geras.
2926 3125 3066 3179 Ante
3093 3123 3275 3177 omnia
3311 3123 3483 3175 inces-

213 3225 321 3277 qua:
357 3210 514 3277 fuerit
552 3211 603 3262 in
634 3213 870 3280 aperibus
911 3214 1054 3269 bonis
1086 3219 1424 3272 testimonium
1468 3220 1654 3274 habens
1688 3239 1705 3274 :
1735 3223 1798 3277 Si
1828 3206 1873 3268 C
1904 3220 2142 3276 sabiliter
2171 3216 2387 3273 Domini
2426 3216 2498 3270 lui
2542 3215 2802 3271 meditare
2839 3213 3115 3278 mandata,
3145 3212 3484 3267 orationibus

215 3301 344 3369 ﬁlios
383 3303 634 3370 educarit,
664 3292 804 3374 (ιιῖοά
845 3309 1285 3380 suliintelligitttr,
1332 3313 1473 3378 Deo;
1506 3313 1548 3366 si
1578 3315 1796 3384 hospitio

215 3395 412 3464 recepit,
445 3397 490 3448 si
531 3405 824 3449 sanctorum
867 3400 1019 3466 pedes
1059 3401 1199 3465 lavit,
1231 3403 1276 3454 si
1303 3403 1677 3457 tribulationem
1707 3423 1799 3474 pa-

217 3487 448 3540 tientibus
469 3489 890 3556 subministravit,
914 3493 959 3548 si
981 3511 1127 3546 omne
1160 3511 1285 3564 Opus
1313 3497 1497 3549 bonum
1528 3499 1800 3552 subsecuta

218 3589 304 3630 est.
337 3579 487 3650 (Ibid
519 3623 533 3646 ,
561 3584 678 3653 10).
718 3584 865 3638 llanc
905 3601 1024 3642 esse
1053 3602 1235 3642 veram
1267 3588 1479 3643 viduam
1511 3589 1794 3660 judicavit,

219 3674 365 3738 cujus
397 3674 520 3728 talia
551 3686 672 3728 sunt
705 3691 902 3746 Opera:
938 3678 1028 3732 illa
1054 3694 1181 3734 vero
1206 3680 1478 3749 quomodo
1509 3694 1567 3736 se
1595 3680 1799 3736 Christi

289 3835 313 3898 ξι
353 3823 412 3898 lu
439 3827 714 3898 plerisque
747 3845 900 3889 mss..
942 3832 1082 3886 bene.

225 3894 473 4021 [05}.Vivli.
530 3901 587 3954 S.
628 3894 775 3970 'Aug.
825 3918 988 3957 serm.
1047 3905 1177 3972 M5,
1237 3921 1293 3960 n.
1351 3907 1401 3971 1,
1454 3907 1509 3962 in
1559 3906 1794 3977 append.

231 4094 400 4112 :1?
421 4098 680 4112 ’μ-φ--ᾐ

309 4110 704 4126 m

1903 3321 1960 3369 et
1989 3312 2206 3382 psalmis
2251 3311 2516 3365 instanter
2563 3308 2845 3372 incumbe;
2895 3316 2950 3359 ut
2999 3307 3042 3359 si
3085 3304 3483 3375 possibileest,

1905 3421 2066 3461 nemo
2104 3414 2154 3460 te
2193 3403 2480 3473 aliquando
2527 3401 2628 3454 nisi
2673 3411 2764 3454 aut
2812 3400 3076 3469 legentem
3133 3398 3367 3451 inveniat
3398 3405 3489 3446 aut

1904 3506 2171 3551 orantem.
2214 3493 2431 3548 Etcum
2477 3491 2641 3547 fueris
2669 3490 2810 3553 talis,
2858 3487 3028 3542 nostri
3068 3494 3363 3549 memento,
3397 3487 3486 3553 qui

1906 3601 1957 3646 te
1982 3599 2185 3644 tantum
2215 3586 2509 3655 diligimus,
2535 3593 2591 3637 ut
2613 3583 2754 3650 quod
2782 3589 3080 3650 prtesetites
3105 3590 3360 3648 pra-stare
3381 3595 3484 3631 nou

1908 3694 2212 3752 possumus,
2237 3676 2582 3733 cenferamus
2611 3674 2881 3728 absentes.

1987 3847 2009 3874 ο
2052 3835 2127 3889 Ita
2159 3833 2386 3902 legimus
2436 3846 2561 3902 cum
2591 3829 2892 3902 liolstenjo.
2926 3828 3110 3902 Neque
3139 3830 3280 3885 enim
3314 3829 3491 3902 placet

1911 3897 2380 3974 ltujusmodi'edit.
2414 3902 2520 3956 ΒΒ.
2552 3900 2709 3957 lectio
2745 3917 2755 3952 :
2786 3897 2938 3954 lubet
2967 3897 3192 3955 exhiberi
3217 3910 3263 3953 et
3300 3899 3510 3955 Christi

1909 3977 2081 4042 vidua,
2106 3983 2236 4044 esto,
2267 3982 2374 4030 etc.

685 4097 3466 4132 Μ

1488 4209 1650 4255 ΔΣΝΟ
1694 4209 1924 4254 DOMINI
1968 4210 2214 4253 CDXXX.

1131 4318 2582 4610 posﬁws,

920 4655 1743 4741 EPISCOPUS
1817 4655 2810 4740 CALAMENSIS.

1248 5003 2405 5109 PROLEGOMENA
2433 5069 2474 5105 .

555 5273 1172 5343 SCHOENEMANNI
1220 5282 1547 5344 NOTITIA
1597 5281 2568 5348 HISTORICO-LlT'l‘EltAltlA
2620 5287 2696 5347 ΙΝ
2747 5284 3188 5348 POSSIDIUM.

1286 5405 1500 5467 (SchCBn.
1524 5407 1649 5457 Bibl.
1676 5408 1802 5461 Hist.
1828 5408 1944 5459 Litt.
1971 5407 2102 5457 Patr.
2123 5407 2228 5457 Lat.
2252 5416 2363 5458 tom.
2391 5408 2474 5472 II.)

894 5511 921 5584 ς
963 5512 1001 5568 Ι.
1040 5514 1181 5569 Vita.

331 5601 468 5669 Aicr,
503 5605 782 5676 Augustini
827 5607 1123 5677 discipulus
1163 5619 1216 5664 et
1264 5609 1561 5675 familiaris,
1592 5627 1696 5681 quo
1739 5613 1829 5666 vix

266 5691 549 5752 cbariorun
600 5698 689 5754 itte
733 5709 825 5754 aut
867 5702 1221 5756 amantiorem
1265 5702 1343 5756 sui
1378 5702 1580 5758 habuit.
1617 5704 1829 5773 Quippe

269 5790 367 5855 ipse
395 5792 457 5846 de
499 5807 556 5849 se
588 5802 770 5849 narrat
803 5793 1076 5851 Possidius
1117 5796 1260 5850 annis
1301 5793 1458 5864 ferme
1499 5812 1566 5853 XL
1642 5798 1830 5869 absque

1938 5534 2119 5571 amara
2165 5518 2276 5571 ulla
2317 5517 2629 5572 dissensione
2671 5519 3013 5588 familiariter
3039 5536 3100 5573 ac
3135 5521 3356 5575 duicitrr
3401 5540 3514 5578 cum

1936 5610 2225 5681 Augustino
2261 5611 2471 5677 vixisse,
2506 5627 2605 5666 nec
2644 5612 2821 5666 minus
2864 5613 3218 5668 honorificum
3261 5625 3342 5669 est
3369 5621 3519 5670 teeti-

1938 5706 2198 5769 monium,
2230 5704 2370 5773 quod
2395 5705 2752 5773 Hipponensis
2774 5707 3063 5776 episcopus
3086 5707 3150 5762 de
3172 5710 3346 5761 amico
3366 5708 3518 5775 juxta

1937 5815 2094 5870 quam
2130 5799 2394 5872 discipulo
2430 5800 2547 5856 tulit
2581 5799 2630 5854 in
2667 5799 2861 5858 litteris
2891 5799 2956 5856 ad
2991 5801 3279 5858 Memorem
3311 5799 3512 5869 Capua-
