  <div class='ocr_page' id='page_1' title='image "/cluster/home/n/w/nwhite01/storage/ocr_20150623/50/hvd.32044096580717/239.png"; bbox 0 0 3970 6180; ppageno 0'>
   <div class='ocr_carea' id='block_1_1' title="bbox 398 360 503 424">
    <p class='ocr_par' dir='ltr' id='par_1_1' title="bbox 398 360 503 424">
     <span class='ocr_line' id='line_1_1' title="bbox 398 360 503 424; baseline 0.038 -13"><span class='ocrx_word' id='word_1_1' title='bbox 398 360 503 424; x_wconf 73' lang='lat' dir='ltr'><strong>trs</strong></span> 
     </span>
    </p>
   </div>
   <div class='ocr_carea' id='block_1_2' title="bbox 1412 354 2659 415">
    <p class='ocr_par' dir='ltr' id='par_1_2' title="bbox 1412 354 2659 415">
     <span class='ocr_line' id='line_1_2' title="bbox 1412 354 2659 415; baseline -0.005 -2"><span class='ocrx_word' id='word_1_2' title='bbox 1412 358 1762 415; x_wconf 78' lang='lat' dir='ltr'><strong>PUSSIDIUS</strong></span> <span class='ocrx_word' id='word_1_3' title='bbox 1802 356 2175 415; x_wconf 73' lang='lat' dir='ltr'><strong>EPISCOPUS</strong></span> <span class='ocrx_word' id='word_1_4' title='bbox 2211 354 2659 411; x_wconf 71' lang='lat' dir='ltr'><strong>CAL.\MENSIS.</strong></span> 
     </span>
    </p>
   </div>
   <div class='ocr_carea' id='block_1_3' title="bbox 3576 348 3681 405">
    <p class='ocr_par' dir='ltr' id='par_1_3' title="bbox 3576 348 3681 405">
     <span class='ocr_line' id='line_1_3' title="bbox 3576 348 3681 405; baseline -0.019 0"><span class='ocrx_word' id='word_1_5' title='bbox 3576 348 3681 405; x_wconf 65' lang='grc'><strong>401</strong></span> 
     </span>
    </p>
   </div>
   <div class='ocr_carea' id='block_1_4' title="bbox 399 468 3683 544">
    <p class='ocr_par' dir='ltr' id='par_1_4' title="bbox 399 468 3683 544">
     <span class='ocr_line' id='line_1_4' title="bbox 399 468 3683 544; baseline -0.001 -16"><span class='ocrx_word' id='word_1_6' title='bbox 399 488 526 528; x_wconf 81' lang='lat' dir='ltr'><strong>nutu</strong></span> <span class='ocrx_word' id='word_1_7' title='bbox 580 470 895 543; x_wconf 77' lang='lat' dir='ltr'><strong>cpi-copam</strong></span> <span class='ocrx_word' id='word_1_8' title='bbox 943 472 1141 528; x_wconf 78' lang='lat' dir='ltr'><strong>Juliani</strong></span> <span class='ocrx_word' id='word_1_9' title='bbox 1190 472 1505 527; x_wconf 78' lang='lat' dir='ltr'><strong>Eclanensis</strong></span> <span class='ocrx_word' id='word_1_10' title='bbox 1559 483 1789 542; x_wconf 89' lang='lat' dir='ltr'><strong>patrem,</strong></span> <span class='ocrx_word' id='word_1_11' title='bbox 1850 473 1977 526; x_wconf 88' lang='lat' dir='ltr'><strong>dum</strong></span> <span class='ocrx_word' id='word_1_12' title='bbox 2009 479 2055 532; x_wconf 80' lang='grc' dir='ltr'>Α</span> <span class='ocrx_word' id='word_1_13' title='bbox 2084 482 2231 540; x_wconf 88' lang='lat' dir='ltr'><strong>ptum</strong></span> <span class='ocrx_word' id='word_1_14' title='bbox 2274 473 2662 544; x_wconf 77' lang='lat' dir='ltr'><strong>naufragioque</strong></span> <span class='ocrx_word' id='word_1_15' title='bbox 2704 472 3008 542; x_wconf 73' lang='lat' dir='ltr'><strong>expositum</strong></span> <span class='ocrx_word' id='word_1_16' title='bbox 3054 468 3333 543; x_wconf 75' lang='lat' dir='ltr'><strong>Neapolim</strong></span> <span class='ocrx_word' id='word_1_17' title='bbox 3362 473 3683 542; x_wconf 86' lang='lat' dir='ltr'><strong>pervenisse</strong></span> 
     </span>
    </p>
   </div>
   <div class='ocr_carea' id='block_1_5' title="bbox 399 565 1982 637">
    <p class='ocr_par' dir='ltr' id='par_1_5' title="bbox 399 565 1982 637">
     <span class='ocr_line' id='line_1_5' title="bbox 399 565 1982 637; baseline 0.002 -20"><span class='ocrx_word' id='word_1_18' title='bbox 399 565 553 619; x_wconf 79' lang='lat' dir='ltr'><strong>nimis</strong></span> <span class='ocrx_word' id='word_1_19' title='bbox 593 566 784 635; x_wconf 79' lang='lat' dir='ltr'><strong>inquit,</strong></span> <span class='ocrx_word' id='word_1_20' title='bbox 816 571 1076 634; x_wconf 72' lang='lat' dir='ltr'><strong>ingratum</strong></span> <span class='ocrx_word' id='word_1_21' title='bbox 1108 581 1171 618; x_wconf 84' lang='lat' dir='ltr'><strong>ac</strong></span> <span class='ocrx_word' id='word_1_22' title='bbox 1202 567 1424 635; x_wconf 78' lang='lat' dir='ltr'><strong>ferreum</strong></span> <span class='ocrx_word' id='word_1_23' title='bbox 1460 566 1579 636; x_wconf 75' lang='lat' dir='ltr'><strong>fuit.</strong></span> <span class='ocrx_word' id='word_1_24' title='bbox 1614 577 1668 619; x_wconf 86' lang='lat' dir='ltr'><strong>ut</strong></span> <span class='ocrx_word' id='word_1_25' title='bbox 1698 576 1746 623; x_wconf 82' lang='lat' dir='ltr'><strong>te</strong></span> <span class='ocrx_word' id='word_1_26' title='bbox 1772 567 1863 637; x_wconf 85' lang='lat' dir='ltr'><strong>qui</strong></span> <span class='ocrx_word' id='word_1_27' title='bbox 1889 584 1982 620; x_wconf 89' lang='lat' dir='ltr'><strong>nos</strong></span> 
     </span>
    </p>
   </div>
   <div class='ocr_carea' id='block_1_6' title="bbox 398 656 1977 729">
    <p class='ocr_par' dir='ltr' id='par_1_6' title="bbox 398 656 1977 729">
     <span class='ocr_line' id='line_1_6' title="bbox 398 656 1977 729; baseline 0.003 -20"><span class='ocrx_word' id='word_1_28' title='bbox 398 660 472 709; x_wconf 83' lang='lat' dir='ltr'><strong>sic</strong></span> <span class='ocrx_word' id='word_1_29' title='bbox 488 673 650 717; x_wconf 84' lang='lat' dir='ltr'><strong>antas,</strong></span> <span class='ocrx_word' id='word_1_30' title='bbox 669 656 751 708; x_wconf 85' lang='lat' dir='ltr'><strong>Itic</strong></span> <span class='ocrx_word' id='word_1_31' title='bbox 774 667 981 710; x_wconf 78' lang='lat' dir='ltr'><strong>sanctus</strong></span> <span class='ocrx_word' id='word_1_32' title='bbox 1005 657 1166 725; x_wconf 69' lang='lat' dir='ltr'><strong>fratrs</strong></span> <span class='ocrx_word' id='word_1_33' title='bbox 1184 666 1232 711; x_wconf 89' lang='lat' dir='ltr'><strong>et</strong></span> <span class='ocrx_word' id='word_1_34' title='bbox 1258 657 1456 729; x_wconf 68' lang='lat' dir='ltr'><strong>collega</strong></span> <span class='ocrx_word' id='word_1_35' title='bbox 1484 667 1656 712; x_wconf 85' lang='lat' dir='ltr'><strong>noster</strong></span> <span class='ocrx_word' id='word_1_36' title='bbox 1683 657 1977 714; x_wconf 74' lang='lat' dir='ltr'><strong>Possidius.</strong></span> 
     </span>
    </p>
   </div>
   <div class='ocr_carea' id='block_1_7' title="bbox 398 750 1981 820">
    <p class='ocr_par' dir='ltr' id='par_1_7' title="bbox 398 750 1981 820">
     <span class='ocr_line' id='line_1_7' title="bbox 398 750 1981 820; baseline 0.003 -20"><span class='ocrx_word' id='word_1_37' title='bbox 398 750 451 800; x_wconf 82' lang='lat' dir='ltr'><strong>in</strong></span> <span class='ocrx_word' id='word_1_38' title='bbox 483 765 580 814; x_wconf 82' lang='lat' dir='ltr'><strong>quo</strong></span> <span class='ocrx_word' id='word_1_39' title='bbox 610 756 839 801; x_wconf 81' lang='lat' dir='ltr'><strong>nostram</strong></span> <span class='ocrx_word' id='word_1_40' title='bbox 880 766 981 802; x_wconf 90' lang='lat' dir='ltr'><strong>non</strong></span> <span class='ocrx_word' id='word_1_41' title='bbox 1019 766 1232 817; x_wconf 82' lang='lat' dir='ltr'><strong>parram</strong></span> <span class='ocrx_word' id='word_1_42' title='bbox 1264 752 1588 819; x_wconf 76' lang='lat' dir='ltr'><strong>pr-uentiam</strong></span> <span class='ocrx_word' id='word_1_43' title='bbox 1617 751 1864 820; x_wconf 79' lang='lat' dir='ltr'><strong>reperies.</strong></span> <span class='ocrx_word' id='word_1_44' title='bbox 1903 751 1981 804; x_wconf 71' lang='lat' dir='ltr'><strong>rei</strong></span> 
     </span>
    </p>
   </div>
   <div class='ocr_carea' id='block_1_8' title="bbox 398 838 1981 899">
    <p class='ocr_par' dir='ltr' id='par_1_8' title="bbox 398 838 1981 899">
     <span class='ocr_line' id='line_1_8' title="bbox 398 838 1981 899; baseline 0.004 -10"><span class='ocrx_word' id='word_1_45' title='bbox 398 854 498 890; x_wconf 85' lang='lat' dir='ltr'><strong>non</strong></span> <span class='ocrx_word' id='word_1_46' title='bbox 523 838 762 899; x_wconf 74' lang='lat' dir='ltr'><strong>disceret,</strong></span> <span class='ocrx_word' id='word_1_47' title='bbox 793 841 870 892; x_wconf 68' lang='lat' dir='ltr'><strong>uel</strong></span> <span class='ocrx_word' id='word_1_48' title='bbox 898 840 1008 892; x_wconf 73' lang='lat' dir='ltr'><strong>sine</strong></span> <span class='ocrx_word' id='word_1_49' title='bbox 1037 841 1223 897; x_wconf 79' lang='lat' dir='ltr'><strong>litteris</strong></span> <span class='ocrx_word' id='word_1_50' title='bbox 1248 842 1438 895; x_wconf 82' lang='lat' dir='ltr'><strong>nostris</strong></span> <span class='ocrx_word' id='word_1_51' title='bbox 1462 842 1695 896; x_wconf 72' lang='lat' dir='ltr'><strong>disceret.</strong></span> <span class='ocrx_word' id='word_1_52' title='bbox 1732 840 1825 895; x_wconf 83' lang='lat' dir='ltr'><strong>Est</strong></span> <span class='ocrx_word' id='word_1_53' title='bbox 1845 844 1981 895; x_wconf 84' lang='lat' dir='ltr'><strong>enim</strong></span> 
     </span>
    </p>
   </div>
   <div class='ocr_carea' id='block_1_9' title="bbox 400 929 1980 1002">
    <p class='ocr_par' dir='ltr' id='par_1_9' title="bbox 400 929 1980 1002">
     <span class='ocr_line' id='line_1_9' title="bbox 400 929 1980 1002; baseline 0.006 -26"><span class='ocrx_word' id='word_1_54' title='bbox 400 944 489 993; x_wconf 74' lang='lat' dir='ltr'><strong>per</strong></span> <span class='ocrx_word' id='word_1_55' title='bbox 516 929 867 985; x_wconf 59' lang='lat' dir='ltr'><strong>ministerium</strong></span> <span class='ocrx_word' id='word_1_56' title='bbox 898 940 1129 983; x_wconf 82' lang='lat' dir='ltr'><strong>nostrum</strong></span> <span class='ocrx_word' id='word_1_57' title='bbox 1160 947 1263 985; x_wconf 75' lang='lat' dir='ltr'><strong>non</strong></span> <span class='ocrx_word' id='word_1_58' title='bbox 1283 931 1468 986; x_wconf 81' lang='lat' dir='ltr'><strong>litteris</strong></span> <span class='ocrx_word' id='word_1_59' title='bbox 1494 932 1623 999; x_wconf 80' lang='lat' dir='ltr'><strong>illis,</strong></span> <span class='ocrx_word' id='word_1_60' title='bbox 1652 949 1780 1002; x_wconf 83' lang='lat' dir='ltr'><strong>quas</strong></span> <span class='ocrx_word' id='word_1_61' title='bbox 1812 934 1980 986; x_wconf 79' lang='lat' dir='ltr'><strong>varia-</strong></span> 
     </span>
    </p>
   </div>
   <div class='ocr_carea' id='block_1_10' title="bbox 397 1021 1980 1089">
    <p class='ocr_par' dir='ltr' id='par_1_10' title="bbox 397 1021 1980 1089">
     <span class='ocr_line' id='line_1_10' title="bbox 397 1021 1980 1089; baseline 0.004 -18"><span class='ocrx_word' id='word_1_62' title='bbox 397 1036 514 1072; x_wconf 73' lang='lat' dir='ltr'><strong>rum</strong></span> <span class='ocrx_word' id='word_1_63' title='bbox 560 1021 690 1074; x_wconf 80' lang='lat' dir='ltr'><strong>servi</strong></span> <span class='ocrx_word' id='word_1_64' title='bbox 734 1022 1007 1075; x_wconf 76' lang='lat' dir='ltr'><strong>libidinum</strong></span> <span class='ocrx_word' id='word_1_65' title='bbox 1055 1022 1292 1077; x_wconf 67' lang='lat' dir='ltr'><strong>liberales</strong></span> <span class='ocrx_word' id='word_1_66' title='bbox 1337 1034 1542 1089; x_wconf 73' lang='lat' dir='ltr'><strong>vocant,</strong></span> <span class='ocrx_word' id='word_1_67' title='bbox 1585 1024 1674 1078; x_wconf 81' lang='lat' dir='ltr'><strong>sed</strong></span> <span class='ocrx_word' id='word_1_68' title='bbox 1723 1024 1980 1078; x_wconf 85' lang='lat' dir='ltr'><strong>dominico</strong></span> 
     </span>
    </p>
   </div>
   <div class='ocr_carea' id='block_1_11' title="bbox 397 1115 1980 1187">
    <p class='ocr_par' dir='ltr' id='par_1_11' title="bbox 397 1115 1980 1187">
     <span class='ocr_line' id='line_1_11' title="bbox 397 1115 1980 1187; baseline 0.004 -21"><span class='ocrx_word' id='word_1_69' title='bbox 397 1130 529 1179; x_wconf 77' lang='lat' dir='ltr'><strong>parte</strong></span> <span class='ocrx_word' id='word_1_70' title='bbox 557 1115 802 1179; x_wconf 74' lang='lat' dir='ltr'><strong>nutritus,</strong></span> <span class='ocrx_word' id='word_1_71' title='bbox 829 1126 1076 1184; x_wconf 81' lang='lat' dir='ltr'><strong>quantum</strong></span> <span class='ocrx_word' id='word_1_72' title='bbox 1101 1117 1147 1173; x_wconf 81' lang='lat' dir='ltr'><strong>ci</strong></span> <span class='ocrx_word' id='word_1_73' title='bbox 1174 1118 1337 1186; x_wconf 75' lang='lat' dir='ltr'><strong>potuit</strong></span> <span class='ocrx_word' id='word_1_74' title='bbox 1370 1134 1459 1183; x_wconf 83' lang='lat' dir='ltr'><strong>per</strong></span> <span class='ocrx_word' id='word_1_75' title='bbox 1486 1128 1687 1172; x_wconf 80' lang='lat' dir='ltr'><strong>nostras</strong></span> <span class='ocrx_word' id='word_1_76' title='bbox 1715 1120 1980 1187; x_wconf 81' lang='lat' dir='ltr'><strong>angustias</strong></span> 
     </span>
    </p>
   </div>
   <div class='ocr_carea' id='block_1_12' title="bbox 397 1205 1981 1281">
    <p class='ocr_par' dir='ltr' id='par_1_12' title="bbox 397 1205 1981 1281">
     <span class='ocr_line' id='line_1_12' title="bbox 397 1205 1981 1281; baseline 0.005 -24"><span class='ocrx_word' id='word_1_77' title='bbox 397 1206 704 1268; x_wconf 58' lang='lat' dir='ltr'><strong>dispensari.</strong></span> <span class='ocrx_word' id='word_1_78' title='bbox 737 1205 868 1273; x_wconf 56' lang='lat' dir='ltr'><strong>Quae</strong></span> <span class='ocrx_word' id='word_1_79' title='bbox 898 1207 1115 1276; x_wconf 79' lang='lat' dir='ltr'><strong>quidem</strong></span> <span class='ocrx_word' id='word_1_80' title='bbox 1146 1208 1276 1262; x_wconf 88' lang='lat' dir='ltr'><strong>satis</strong></span> <span class='ocrx_word' id='word_1_81' title='bbox 1299 1209 1669 1276; x_wconf 82' lang='lat' dir='ltr'><strong>manifestam,</strong></span> <span class='ocrx_word' id='word_1_82' title='bbox 1699 1227 1863 1281; x_wconf 82' lang='lat' dir='ltr'><strong>quam</strong></span> <span class='ocrx_word' id='word_1_83' title='bbox 1890 1228 1981 1265; x_wconf 83' lang='lat' dir='ltr'><strong>ar-</strong></span> 
     </span>
    </p>
   </div>
   <div class='ocr_carea' id='block_1_13' title="bbox 398 1298 1977 1366">
    <p class='ocr_par' dir='ltr' id='par_1_13' title="bbox 398 1298 1977 1366">
     <span class='ocr_line' id='line_1_13' title="bbox 398 1298 1977 1366; baseline 0.006 -17"><span class='ocrx_word' id='word_1_84' title='bbox 398 1305 566 1358; x_wconf 90' lang='lat' dir='ltr'><strong>etum,</strong></span> <span class='ocrx_word' id='word_1_85' title='bbox 597 1311 831 1366; x_wconf 83' lang='lat' dir='ltr'><strong>quamve</strong></span> <span class='ocrx_word' id='word_1_86' title='bbox 855 1298 1166 1353; x_wconf 85' lang='lat' dir='ltr'><strong>diuturnum</strong></span> <span class='ocrx_word' id='word_1_87' title='bbox 1198 1300 1344 1356; x_wconf 90' lang='lat' dir='ltr'><strong>inter</strong></span> <span class='ocrx_word' id='word_1_88' title='bbox 1368 1316 1463 1357; x_wconf 89' lang='lat' dir='ltr'><strong>eos</strong></span> <span class='ocrx_word' id='word_1_89' title='bbox 1490 1301 1654 1358; x_wconf 85' lang='lat' dir='ltr'><strong>fuerit</strong></span> <span class='ocrx_word' id='word_1_90' title='bbox 1685 1303 1977 1359; x_wconf 72' lang='lat' dir='ltr'><strong>vinculum.</strong></span> 
     </span>
    </p>
   </div>
   <div class='ocr_carea' id='block_1_14' title="bbox 400 1386 1981 1457">
    <p class='ocr_par' dir='ltr' id='par_1_14' title="bbox 400 1386 1981 1457">
     <span class='ocr_line' id='line_1_14' title="bbox 400 1386 1981 1457; baseline 0.007 -16"><span class='ocrx_word' id='word_1_91' title='bbox 400 1386 552 1445; x_wconf 83' lang='lat' dir='ltr'><strong>Unde</strong></span> <span class='ocrx_word' id='word_1_92' title='bbox 590 1388 731 1444; x_wconf 84' lang='lat' dir='ltr'><strong>baud</strong></span> <span class='ocrx_word' id='word_1_93' title='bbox 764 1388 1035 1446; x_wconf 85' lang='lat' dir='ltr'><strong>immerito</strong></span> <span class='ocrx_word' id='word_1_94' title='bbox 1074 1402 1319 1457; x_wconf 78' lang='lat' dir='ltr'><strong>censent,</strong></span> <span class='ocrx_word' id='word_1_95' title='bbox 1348 1408 1589 1451; x_wconf 86' lang='lat' dir='ltr'><strong>consona</strong></span> <span class='ocrx_word' id='word_1_96' title='bbox 1636 1397 1796 1452; x_wconf 84' lang='lat' dir='ltr'><strong>etiam</strong></span> <span class='ocrx_word' id='word_1_97' title='bbox 1826 1411 1981 1453; x_wconf 87' lang='lat' dir='ltr'><strong>amo-</strong></span> 
     </span>
    </p>
   </div>
   <div class='ocr_carea' id='block_1_15' title="bbox 398 1482 1979 1550">
    <p class='ocr_par' dir='ltr' id='par_1_15' title="bbox 398 1482 1979 1550">
     <span class='ocr_line' id='line_1_15' title="bbox 398 1482 1979 1550; baseline 0.008 -18"><span class='ocrx_word' id='word_1_98' title='bbox 398 1494 517 1533; x_wconf 89' lang='lat' dir='ltr'><strong>rum</strong></span> <span class='ocrx_word' id='word_1_99' title='bbox 550 1489 695 1544; x_wconf 83' lang='lat' dir='ltr'><strong>nota,</strong></span> <span class='ocrx_word' id='word_1_100' title='bbox 727 1482 1023 1550; x_wconf 76' lang='lat' dir='ltr'><strong>ascriptum</strong></span> <span class='ocrx_word' id='word_1_101' title='bbox 1065 1483 1230 1537; x_wconf 81' lang='lat' dir='ltr'><strong>inisse</strong></span> <span class='ocrx_word' id='word_1_102' title='bbox 1274 1485 1579 1541; x_wconf 80' lang='lat' dir='ltr'><strong>Possidth</strong></span> <span class='ocrx_word' id='word_1_103' title='bbox 1609 1489 1853 1544; x_wconf 82' lang='lat' dir='ltr'><strong>societati</strong></span> <span class='ocrx_word' id='word_1_104' title='bbox 1903 1490 1979 1545; x_wconf 90' lang='lat' dir='ltr'><strong>illi</strong></span> 
     </span>
    </p>
   </div>
   <div class='ocr_carea' id='block_1_16' title="bbox 397 1572 1980 1651">
    <p class='ocr_par' dir='ltr' id='par_1_16' title="bbox 397 1572 1980 1651">
     <span class='ocr_line' id='line_1_16' title="bbox 397 1572 1980 1651; baseline 0.007 -25"><span class='ocrx_word' id='word_1_105' title='bbox 397 1572 756 1641; x_wconf 86' lang='lat' dir='ltr'><strong>clericorum,</strong></span> <span class='ocrx_word' id='word_1_106' title='bbox 808 1589 968 1644; x_wconf 88' lang='lat' dir='ltr'><strong>quam</strong></span> <span class='ocrx_word' id='word_1_107' title='bbox 1024 1576 1351 1645; x_wconf 73' lang='lat' dir='ltr'><strong>Augustinus</strong></span> <span class='ocrx_word' id='word_1_108' title='bbox 1396 1578 1678 1650; x_wconf 84' lang='lat' dir='ltr'><strong>presbyter</strong></span> <span class='ocrx_word' id='word_1_109' title='bbox 1734 1581 1980 1651; x_wconf 82' lang='lat' dir='ltr'><strong>Hippone</strong></span> 
     </span>
    </p>
   </div>
   <div class='ocr_carea' id='block_1_17' title="bbox 397 1672 1976 1743">
    <p class='ocr_par' dir='ltr' id='par_1_17' title="bbox 397 1672 1976 1743">
     <span class='ocr_line' id='line_1_17' title="bbox 397 1672 1976 1743; baseline 0.006 -24"><span class='ocrx_word' id='word_1_110' title='bbox 397 1680 819 1737; x_wconf 64' lang='lat' dir='ltr'><strong>congregaverat</strong></span> <span class='ocrx_word' id='word_1_111' title='bbox 873 1682 929 1725; x_wconf 90' lang='lat' dir='ltr'><strong>et</strong></span> <span class='ocrx_word' id='word_1_112' title='bbox 988 1672 1203 1743; x_wconf 78' lang='lat' dir='ltr'><strong>Regalis</strong></span> <span class='ocrx_word' id='word_1_113' title='bbox 1260 1675 1574 1730; x_wconf 76' lang='lat' dir='ltr'><strong>monasticis</strong></span> <span class='ocrx_word' id='word_1_114' title='bbox 1629 1677 1976 1732; x_wconf 82' lang='lat' dir='ltr'><strong>astrinxerat.</strong></span> 
     </span>
    </p>
   </div>
   <div class='ocr_carea' id='block_1_18' title="bbox 399 1757 1978 1832">
    <p class='ocr_par' dir='ltr' id='par_1_18' title="bbox 399 1757 1978 1832">
     <span class='ocr_line' id='line_1_18' title="bbox 399 1757 1978 1832; baseline 0.006 -21"><span class='ocrx_word' id='word_1_115' title='bbox 399 1757 506 1813; x_wconf 82' lang='lat' dir='ltr'><strong>Nec</strong></span> <span class='ocrx_word' id='word_1_116' title='bbox 533 1773 665 1815; x_wconf 84' lang='lat' dir='ltr'><strong>sane</strong></span> <span class='ocrx_word' id='word_1_117' title='bbox 692 1760 1047 1832; x_wconf 75' lang='lat' dir='ltr'><strong>improbabile</strong></span> <span class='ocrx_word' id='word_1_118' title='bbox 1077 1765 1309 1830; x_wconf 84' lang='lat' dir='ltr'><strong>videtur,</strong></span> <span class='ocrx_word' id='word_1_119' title='bbox 1343 1766 1492 1822; x_wconf 88' lang='lat' dir='ltr'><strong>illum</strong></span> <span class='ocrx_word' id='word_1_120' title='bbox 1532 1783 1598 1823; x_wconf 81' lang='lat' dir='ltr'><strong>ex</strong></span> <span class='ocrx_word' id='word_1_121' title='bbox 1628 1769 1819 1824; x_wconf 86' lang='lat' dir='ltr'><strong>eodem</strong></span> <span class='ocrx_word' id='word_1_122' title='bbox 1860 1786 1978 1824; x_wconf 81' lang='lat' dir='ltr'><strong>mo-</strong></span> 
     </span>
    </p>
   </div>
   <div class='ocr_carea' id='block_1_19' title="bbox 2084 561 3498 637">
    <p class='ocr_par' dir='ltr' id='par_1_19' title="bbox 2084 561 3498 637">
     <span class='ocr_line' id='line_1_19' title="bbox 2084 561 3498 637; baseline 0.002 -20"><span class='ocrx_word' id='word_1_123' title='bbox 2084 576 2242 637; x_wconf 79' lang='lat' dir='ltr'><strong>alque</strong></span> <span class='ocrx_word' id='word_1_124' title='bbox 2266 565 2400 629; x_wconf 85' lang='lat' dir='ltr'><strong>adeo</strong></span> <span class='ocrx_word' id='word_1_125' title='bbox 2426 565 2569 619; x_wconf 83' lang='lat' dir='ltr'><strong>diem</strong></span> <span class='ocrx_word' id='word_1_126' title='bbox 2596 579 2909 634; x_wconf 79' lang='lat' dir='ltr'><strong>supremum</strong></span> <span class='ocrx_word' id='word_1_127' title='bbox 2941 563 2994 617; x_wconf 90' lang='lat' dir='ltr'><strong>in</strong></span> <span class='ocrx_word' id='word_1_128' title='bbox 3026 561 3173 619; x_wconf 82' lang='lat' dir='ltr'><strong>Italia</strong></span> <span class='ocrx_word' id='word_1_129' title='bbox 3206 564 3498 620; x_wconf 72' lang='lat' dir='ltr'><strong>clausisse.</strong></span> 
     </span>
    </p>
   </div>
   <div class='ocr_carea' id='block_1_20' title="bbox 2689 656 3089 728">
    <p class='ocr_par' dir='ltr' id='par_1_20' title="bbox 2689 656 3089 728">
     <span class='ocr_line' id='line_1_20' title="bbox 2689 656 3089 728; baseline -0.003 -17"><span class='ocrx_word' id='word_1_130' title='bbox 2689 656 2718 728; x_wconf 64' lang='grc' dir='ltr'>ἕ</span> <span class='ocrx_word' id='word_1_131' title='bbox 2751 656 2814 711; x_wconf 90' lang='lat' dir='ltr'><strong>ll.</strong></span> <span class='ocrx_word' id='word_1_132' title='bbox 2853 657 3089 725; x_wconf 84' lang='lat' dir='ltr'><strong>Scripta.</strong></span> 
     </span>
    </p>
   </div>
   <div class='ocr_carea' id='block_1_21' title="bbox 2159 746 3681 817">
    <p class='ocr_par' dir='ltr' id='par_1_21' title="bbox 2159 746 3681 817">
     <span class='ocr_line' id='line_1_21' title="bbox 2159 746 3681 817; baseline 0 -14"><span class='ocrx_word' id='word_1_133' title='bbox 2159 750 2270 804; x_wconf 85' lang='lat' dir='ltr'><strong>Duo</strong></span> <span class='ocrx_word' id='word_1_134' title='bbox 2316 759 2533 805; x_wconf 77' lang='lat' dir='ltr'><strong>exstant</strong></span> <span class='ocrx_word' id='word_1_135' title='bbox 2576 747 2811 805; x_wconf 80' lang='lat' dir='ltr'><strong>Possidii</strong></span> <span class='ocrx_word' id='word_1_136' title='bbox 2863 746 3087 817; x_wconf 86' lang='lat' dir='ltr'><strong>scripta,</strong></span> <span class='ocrx_word' id='word_1_137' title='bbox 3136 746 3295 817; x_wconf 80' lang='lat' dir='ltr'><strong>digna</strong></span> <span class='ocrx_word' id='word_1_138' title='bbox 3326 748 3577 802; x_wconf 68' lang='lat' dir='ltr'><strong>amicitim</strong></span> <span class='ocrx_word' id='word_1_139' title='bbox 3625 759 3681 803; x_wconf 90' lang='lat' dir='ltr'><strong>et</strong></span> 
     </span>
    </p>
   </div>
   <div class='ocr_carea' id='block_1_22' title="bbox 2084 839 3682 912">
    <p class='ocr_par' dir='ltr' id='par_1_22' title="bbox 2084 839 3682 912">
     <span class='ocr_line' id='line_1_22' title="bbox 2084 839 3682 912; baseline -0.001 -16"><span class='ocrx_word' id='word_1_140' title='bbox 2084 844 2283 897; x_wconf 86' lang='lat' dir='ltr'><strong>amoris</strong></span> <span class='ocrx_word' id='word_1_141' title='bbox 2320 844 2434 911; x_wconf 87' lang='lat' dir='ltr'><strong>ejus</strong></span> <span class='ocrx_word' id='word_1_142' title='bbox 2466 844 2518 896; x_wconf 89' lang='lat' dir='ltr'><strong>itt</strong></span> <span class='ocrx_word' id='word_1_143' title='bbox 2549 842 2909 912; x_wconf 77' lang='lat' dir='ltr'><strong>AuguStinutn</strong></span> <span class='ocrx_word' id='word_1_144' title='bbox 2943 850 3314 907; x_wconf 82' lang='lat' dir='ltr'><strong>monumenta,</strong></span> <span class='ocrx_word' id='word_1_145' title='bbox 3357 839 3475 895; x_wconf 82' lang='lat' dir='ltr'><strong>Vita</strong></span> <span class='ocrx_word' id='word_1_146' title='bbox 3499 842 3682 912; x_wconf 81' lang='lat' dir='ltr'><strong>Angu-</strong></span> 
     </span>
    </p>
   </div>
   <div class='ocr_carea' id='block_1_23' title="bbox 2082 932 3086 1003">
    <p class='ocr_par' dir='ltr' id='par_1_23' title="bbox 2082 932 3086 1003">
     <span class='ocr_line' id='line_1_23' title="bbox 2082 932 3086 1003; baseline -0.004 -16"><span class='ocrx_word' id='word_1_147' title='bbox 2082 934 2205 988; x_wconf 80' lang='lat' dir='ltr'><strong>stini</strong></span> <span class='ocrx_word' id='word_1_148' title='bbox 2229 944 2287 989; x_wconf 83' lang='lat' dir='ltr'><strong>et</strong></span> <span class='ocrx_word' id='word_1_149' title='bbox 2318 932 2589 986; x_wconf 78' lang='lat' dir='ltr'><strong>Indirulus</strong></span> <span class='ocrx_word' id='word_1_150' title='bbox 2614 934 2922 1003; x_wconf 81' lang='lat' dir='ltr'><strong>scriptorum</strong></span> <span class='ocrx_word' id='word_1_151' title='bbox 2953 933 3086 1003; x_wconf 77' lang='lat' dir='ltr'><strong>ejus.</strong></span> 
     </span>
    </p>
   </div>
   <div class='ocr_carea' id='block_1_24' title="bbox 2336 1021 3424 1095">
    <p class='ocr_par' dir='ltr' id='par_1_24' title="bbox 2336 1021 3424 1095">
     <span class='ocr_line' id='line_1_24' title="bbox 2336 1021 3424 1095; baseline -0.003 -18"><span class='ocrx_word' id='word_1_152' title='bbox 2336 1023 2365 1095; x_wconf 65' lang='grc' dir='ltr'><strong>ς</strong></span> <span class='ocrx_word' id='word_1_153' title='bbox 2397 1023 2482 1078; x_wconf 87' lang='lat' dir='ltr'><strong>ill.</strong></span> <span class='ocrx_word' id='word_1_154' title='bbox 2508 1023 2800 1088; x_wconf 79' lang='lat' dir='ltr'><strong>Editiones.</strong></span> <span class='ocrx_word' id='word_1_155' title='bbox 2836 1024 3097 1077; x_wconf 82' lang='lat' dir='ltr'><strong>versiones</strong></span> <span class='ocrx_word' id='word_1_156' title='bbox 3127 1032 3173 1076; x_wconf 82' lang='lat' dir='ltr'><strong>et</strong></span> <span class='ocrx_word' id='word_1_157' title='bbox 3203 1021 3424 1076; x_wconf 65' lang='lat' dir='ltr'><strong>codices.</strong></span> 
     </span>
    </p>
   </div>
   <div class='ocr_carea' id='block_1_25' title="bbox 2738 1125 3009 1176">
    <p class='ocr_par' dir='ltr' id='par_1_25' title="bbox 2738 1125 3009 1176">
     <span class='ocr_line' id='line_1_25' title="bbox 2738 1125 3009 1176; baseline 0 0"><span class='ocrx_word' id='word_1_158' title='bbox 2738 1125 3009 1176; x_wconf 84' lang='lat' dir='ltr'><strong>Editiones.</strong></span> 
     </span>
    </p>
   </div>
   <div class='ocr_carea' id='block_1_26' title="bbox 2156 1200 3678 1281">
    <p class='ocr_par' dir='ltr' id='par_1_26' title="bbox 2156 1200 3678 1281">
     <span class='ocr_line' id='line_1_26' title="bbox 2156 1200 3678 1281; baseline 0.002 -18"><span class='ocrx_word' id='word_1_159' title='bbox 2156 1209 2248 1264; x_wconf 85' lang='lat' dir='ltr'><strong>illa</strong></span> <span class='ocrx_word' id='word_1_160' title='bbox 2295 1209 2364 1264; x_wconf 89' lang='lat' dir='ltr'><strong>ab</strong></span> <span class='ocrx_word' id='word_1_161' title='bbox 2416 1209 2636 1265; x_wconf 89' lang='lat' dir='ltr'><strong>ineunte</strong></span> <span class='ocrx_word' id='word_1_162' title='bbox 2680 1221 2797 1265; x_wconf 89' lang='lat' dir='ltr'><strong>arte</strong></span> <span class='ocrx_word' id='word_1_163' title='bbox 2837 1200 3219 1281; x_wconf 79' lang='lat' dir='ltr'><strong>typographica</strong></span> <span class='ocrx_word' id='word_1_164' title='bbox 3267 1209 3521 1264; x_wconf 89' lang='lat' dir='ltr'><strong>omnibus</strong></span> <span class='ocrx_word' id='word_1_165' title='bbox 3565 1210 3678 1266; x_wconf 77' lang='lat' dir='ltr'><strong>fere</strong></span> 
     </span>
    </p>
   </div>
   <div class='ocr_carea' id='block_1_27' title="bbox 2081 1301 3672 1370">
    <p class='ocr_par' dir='ltr' id='par_1_27' title="bbox 2081 1301 3672 1370">
     <span class='ocr_line' id='line_1_27' title="bbox 2081 1301 3672 1370; baseline 0.002 -15"><span class='ocrx_word' id='word_1_166' title='bbox 2081 1315 2305 1370; x_wconf 83' lang='lat' dir='ltr'><strong>operum</strong></span> <span class='ocrx_word' id='word_1_167' title='bbox 2359 1310 2415 1355; x_wconf 91' lang='lat' dir='ltr'><strong>et</strong></span> <span class='ocrx_word' id='word_1_168' title='bbox 2460 1301 2849 1370; x_wconf 86' lang='lat' dir='ltr'><strong>epuscnlorum</strong></span> <span class='ocrx_word' id='word_1_169' title='bbox 2906 1301 3190 1370; x_wconf 84' lang='lat' dir='ltr'><strong>Augustini</strong></span> <span class='ocrx_word' id='word_1_170' title='bbox 3251 1301 3672 1358; x_wconf 77' lang='lat' dir='ltr'><strong>collectionibus</strong></span> 
     </span>
    </p>
   </div>
   <div class='ocr_carea' id='block_1_28' title="bbox 2084 1390 3676 1463">
    <p class='ocr_par' dir='ltr' id='par_1_28' title="bbox 2084 1390 3676 1463">
     <span class='ocr_line' id='line_1_28' title="bbox 2084 1390 3676 1463; baseline -0.001 -14"><span class='ocrx_word' id='word_1_171' title='bbox 2084 1391 2289 1463; x_wconf 66' lang='lat' dir='ltr'><strong>praeligi</strong></span> <span class='ocrx_word' id='word_1_172' title='bbox 2324 1394 2608 1447; x_wconf 77' lang='lat' dir='ltr'><strong>consuevit</strong></span> <span class='ocrx_word' id='word_1_173' title='bbox 2642 1406 2817 1462; x_wconf 89' lang='lat' dir='ltr'><strong>eaque</strong></span> <span class='ocrx_word' id='word_1_174' title='bbox 2845 1392 2930 1447; x_wconf 85' lang='lat' dir='ltr'><strong>via</strong></span> <span class='ocrx_word' id='word_1_175' title='bbox 2974 1392 3040 1447; x_wconf 87' lang='lat' dir='ltr'><strong>ad</strong></span> <span class='ocrx_word' id='word_1_176' title='bbox 3084 1390 3347 1463; x_wconf 81' lang='lat' dir='ltr'><strong>insignem</strong></span> <span class='ocrx_word' id='word_1_177' title='bbox 3382 1392 3676 1448; x_wconf 77' lang='lat' dir='ltr'><strong>lectionum</strong></span> 
     </span>
    </p>
   </div>
   <div class='ocr_carea' id='block_1_29' title="bbox 2084 1484 3675 1555">
    <p class='ocr_par' dir='ltr' id='par_1_29' title="bbox 2084 1484 3675 1555">
     <span class='ocr_line' id='line_1_29' title="bbox 2084 1484 3675 1555; baseline 0.001 -18"><span class='ocrx_word' id='word_1_178' title='bbox 2084 1500 2216 1541; x_wconf 85' lang='lat' dir='ltr'><strong>mss.</strong></span> <span class='ocrx_word' id='word_1_179' title='bbox 2237 1484 2486 1540; x_wconf 84' lang='lat' dir='ltr'><strong>codicum</strong></span> <span class='ocrx_word' id='word_1_180' title='bbox 2516 1485 2728 1555; x_wconf 84' lang='lat' dir='ltr'><strong>copiam</strong></span> <span class='ocrx_word' id='word_1_181' title='bbox 2758 1484 3041 1539; x_wconf 88' lang='lat' dir='ltr'><strong>emendata</strong></span> <span class='ocrx_word' id='word_1_182' title='bbox 3068 1499 3098 1539; x_wconf 88' lang='lat' dir='ltr'><strong>a</strong></span> <span class='ocrx_word' id='word_1_183' title='bbox 3125 1484 3386 1538; x_wconf 82' lang='lat' dir='ltr'><strong>Maurinis</strong></span> <span class='ocrx_word' id='word_1_184' title='bbox 3407 1484 3675 1554; x_wconf 73' lang='lat' dir='ltr'><strong>putribus,</strong></span> 
     </span>
    </p>
   </div>
   <div class='ocr_carea' id='block_1_30' title="bbox 2082 1574 3676 1647">
    <p class='ocr_par' dir='ltr' id='par_1_30' title="bbox 2082 1574 3676 1647">
     <span class='ocr_line' id='line_1_30' title="bbox 2082 1574 3676 1647; baseline 0 -18"><span class='ocrx_word' id='word_1_185' title='bbox 2082 1577 2312 1631; x_wconf 86' lang='lat' dir='ltr'><strong>seorsim</strong></span> <span class='ocrx_word' id='word_1_186' title='bbox 2359 1576 2594 1647; x_wconf 88' lang='lat' dir='ltr'><strong>denique</strong></span> <span class='ocrx_word' id='word_1_187' title='bbox 2624 1591 2766 1632; x_wconf 88' lang='lat' dir='ltr'><strong>novo</strong></span> <span class='ocrx_word' id='word_1_188' title='bbox 2794 1575 3067 1630; x_wconf 75' lang='lat' dir='ltr'><strong>Variarum</strong></span> <span class='ocrx_word' id='word_1_189' title='bbox 3107 1574 3401 1629; x_wconf 86' lang='lat' dir='ltr'><strong>lectionum</strong></span> <span class='ocrx_word' id='word_1_190' title='bbox 3430 1575 3676 1629; x_wconf 68' lang='lat' dir='ltr'><strong>SUbnlle</strong></span> 
     </span>
    </p>
   </div>
   <div class='ocr_carea' id='block_1_31' title="bbox 2082 1665 3678 1740">
    <p class='ocr_par' dir='ltr' id='par_1_31' title="bbox 2082 1665 3678 1740">
     <span class='ocr_line' id='line_1_31' title="bbox 2082 1665 3678 1740; baseline -0.003 -16"><span class='ocrx_word' id='word_1_191' title='bbox 2082 1670 2357 1740; x_wconf 87' lang='lat' dir='ltr'><strong>recognita</strong></span> <span class='ocrx_word' id='word_1_192' title='bbox 2391 1678 2445 1724; x_wconf 91' lang='lat' dir='ltr'><strong>et</strong></span> <span class='ocrx_word' id='word_1_193' title='bbox 2471 1670 2612 1724; x_wconf 87' lang='lat' dir='ltr'><strong>notis</strong></span> <span class='ocrx_word' id='word_1_194' title='bbox 2647 1683 2754 1723; x_wconf 92' lang='lat' dir='ltr'><strong>non</strong></span> <span class='ocrx_word' id='word_1_195' title='bbox 2786 1666 3017 1723; x_wconf 80' lang='lat' dir='ltr'><strong>indoctis</strong></span> <span class='ocrx_word' id='word_1_196' title='bbox 3054 1667 3321 1722; x_wconf 88' lang='lat' dir='ltr'><strong>illustrata</strong></span> <span class='ocrx_word' id='word_1_197' title='bbox 3353 1677 3433 1721; x_wconf 87' lang='lat' dir='ltr'><strong>est</strong></span> <span class='ocrx_word' id='word_1_198' title='bbox 3469 1665 3678 1720; x_wconf 79' lang='lat' dir='ltr'><strong>Joanne</strong></span> 
     </span>
    </p>
   </div>
   <div class='ocr_carea' id='block_1_32' title="bbox 2084 1757 3674 1831">
    <p class='ocr_par' dir='ltr' id='par_1_32' title="bbox 2084 1757 3674 1831">
     <span class='ocr_line' id='line_1_32' title="bbox 2084 1757 3674 1831; baseline -0.004 -13"><span class='ocrx_word' id='word_1_199' title='bbox 2084 1761 2372 1829; x_wconf 76' lang='lat' dir='ltr'><strong>Salinasio,</strong></span> <span class='ocrx_word' id='word_1_200' title='bbox 2407 1760 2664 1831; x_wconf 88' lang='lat' dir='ltr'><strong>theologo</strong></span> <span class='ocrx_word' id='word_1_201' title='bbox 2693 1760 2937 1815; x_wconf 81' lang='lat' dir='ltr'><strong>Romano</strong></span> <span class='ocrx_word' id='word_1_202' title='bbox 2970 1775 3021 1814; x_wconf 87' lang='lat' dir='ltr'><strong>a.</strong></span> <span class='ocrx_word' id='word_1_203' title='bbox 3053 1758 3208 1815; x_wconf 77' lang='grc'><strong>1751.</strong></span> <span class='ocrx_word' id='word_1_204' title='bbox 3239 1757 3512 1813; x_wconf 84' lang='lat' dir='ltr'><strong>lndiculus</strong></span> <span class='ocrx_word' id='word_1_205' title='bbox 3540 1758 3674 1812; x_wconf 85' lang='lat' dir='ltr'><strong>scri-</strong></span> 
     </span>
    </p>
   </div>
   <div class='ocr_carea' id='block_1_33' title="bbox 398 1847 3677 1930">
    <p class='ocr_par' dir='ltr' id='par_1_33' title="bbox 398 1847 3677 1930">
     <span class='ocr_line' id='line_1_33' title="bbox 398 1847 3677 1930; baseline -0.002 -22"><span class='ocrx_word' id='word_1_206' title='bbox 398 1852 639 1912; x_wconf 81' lang='lat' dir='ltr'><strong>uastcrio</strong></span> <span class='ocrx_word' id='word_1_207' title='bbox 679 1854 745 1907; x_wconf 84' lang='lat' dir='ltr'><strong>ad</strong></span> <span class='ocrx_word' id='word_1_208' title='bbox 775 1856 1145 1924; x_wconf 77' lang='lat' dir='ltr'><strong>episcopatum</strong></span> <span class='ocrx_word' id='word_1_209' title='bbox 1178 1855 1445 1923; x_wconf 68' lang='lat' dir='ltr'><strong>Calamus,</strong></span> <span class='ocrx_word' id='word_1_210' title='bbox 1473 1861 1657 1930; x_wconf 78' lang='lat' dir='ltr'><strong>Oppidi</strong></span> <span class='ocrx_word' id='word_1_211' title='bbox 1694 1860 1978 1929; x_wconf 55' lang='lat' dir='ltr'><strong>Numidia.</strong></span> <span class='ocrx_word' id='word_1_212' title='bbox 2014 1850 2062 1910; x_wconf 87' lang='lat' dir='ltr'><strong>B</strong></span> <span class='ocrx_word' id='word_1_213' title='bbox 2091 1863 2300 1923; x_wconf 88' lang='lat' dir='ltr'><strong>ptorum</strong></span> <span class='ocrx_word' id='word_1_214' title='bbox 2358 1851 2642 1923; x_wconf 78' lang='lat' dir='ltr'><strong>Augustini</strong></span> <span class='ocrx_word' id='word_1_215' title='bbox 2706 1850 2883 1907; x_wconf 86' lang='lat' dir='ltr'><strong>editus</strong></span> <span class='ocrx_word' id='word_1_216' title='bbox 2954 1860 3037 1906; x_wconf 87' lang='lat' dir='ltr'><strong>est</strong></span> <span class='ocrx_word' id='word_1_217' title='bbox 3104 1852 3330 1919; x_wconf 71' lang='lat' dir='ltr'><strong>primum</strong></span> <span class='ocrx_word' id='word_1_218' title='bbox 3386 1864 3416 1903; x_wconf 88' lang='lat' dir='ltr'><strong>a</strong></span> <span class='ocrx_word' id='word_1_219' title='bbox 3473 1847 3677 1903; x_wconf 81' lang='lat' dir='ltr'><strong>Joanne</strong></span> 
     </span>
    </p>
   </div>
   <div class='ocr_carea' id='block_1_34' title="bbox 398 1946 1979 2020">
    <p class='ocr_par' dir='ltr' id='par_1_34' title="bbox 398 1946 1979 2020">
     <span class='ocr_line' id='line_1_34' title="bbox 398 1946 1979 2020; baseline 0.01 -24"><span class='ocrx_word' id='word_1_220' title='bbox 398 1958 505 1997; x_wconf 80' lang='lat' dir='ltr'><strong>non</strong></span> <span class='ocrx_word' id='word_1_221' title='bbox 559 1946 716 2014; x_wconf 85' lang='lat' dir='ltr'><strong>longe</strong></span> <span class='ocrx_word' id='word_1_222' title='bbox 761 1946 830 2004; x_wconf 83' lang='lat' dir='ltr'><strong>ab</strong></span> <span class='ocrx_word' id='word_1_223' title='bbox 880 1948 1125 2016; x_wconf 82' lang='lat' dir='ltr'><strong>Hippone</strong></span> <span class='ocrx_word' id='word_1_224' title='bbox 1154 1949 1324 2020; x_wconf 76' lang='lat' dir='ltr'><strong>Regio</strong></span> <span class='ocrx_word' id='word_1_225' title='bbox 1364 1952 1638 2020; x_wconf 84' lang='lat' dir='ltr'><strong>distantis,</strong></span> <span class='ocrx_word' id='word_1_226' title='bbox 1679 1968 1804 2010; x_wconf 84' lang='lat' dir='ltr'><strong>esse</strong></span> <span class='ocrx_word' id='word_1_227' title='bbox 1852 1970 1979 2013; x_wconf 85' lang='lat' dir='ltr'><strong>eve-</strong></span> 
     </span>
    </p>
   </div>
   <div class='ocr_carea' id='block_1_35' title="bbox 396 2039 1981 2117">
    <p class='ocr_par' dir='ltr' id='par_1_35' title="bbox 396 2039 1981 2117">
     <span class='ocr_line' id='line_1_35' title="bbox 396 2039 1981 2117; baseline 0.009 -26"><span class='ocrx_word' id='word_1_228' title='bbox 396 2048 541 2094; x_wconf 79' lang='lat' dir='ltr'><strong>ctum</strong></span> <span class='ocrx_word' id='word_1_229' title='bbox 571 2055 586 2092; x_wconf 85' lang='lat'><strong>:</strong></span> <span class='ocrx_word' id='word_1_230' title='bbox 618 2039 671 2093; x_wconf 90' lang='lat' dir='ltr'><strong>id</strong></span> <span class='ocrx_word' id='word_1_231' title='bbox 696 2040 836 2109; x_wconf 84' lang='lat' dir='ltr'><strong>quod</strong></span> <span class='ocrx_word' id='word_1_232' title='bbox 868 2056 1012 2095; x_wconf 85' lang='lat' dir='ltr'><strong>anno</strong></span> <span class='ocrx_word' id='word_1_233' title='bbox 1041 2043 1168 2106; x_wconf 75' lang='lat'><strong>597,</strong></span> <span class='ocrx_word' id='word_1_234' title='bbox 1216 2053 1340 2113; x_wconf 88' lang='lat' dir='ltr'><strong>post</strong></span> <span class='ocrx_word' id='word_1_235' title='bbox 1376 2045 1588 2117; x_wconf 79' lang='lat' dir='ltr'><strong>Megalii</strong></span> <span class='ocrx_word' id='word_1_236' title='bbox 1619 2047 1855 2115; x_wconf 77' lang='lat' dir='ltr'><strong>obitum,</strong></span> <span class='ocrx_word' id='word_1_237' title='bbox 1889 2064 1981 2106; x_wconf 89' lang='lat' dir='ltr'><strong>ac-</strong></span> 
     </span>
    </p>
   </div>
   <div class='ocr_carea' id='block_1_36' title="bbox 397 2128 1983 2209">
    <p class='ocr_par' dir='ltr' id='par_1_36' title="bbox 397 2128 1983 2209">
     <span class='ocr_line' id='line_1_36' title="bbox 397 2128 1983 2209; baseline 0.011 -28"><span class='ocrx_word' id='word_1_238' title='bbox 397 2128 545 2182; x_wconf 86' lang='lat' dir='ltr'><strong>cidit.</strong></span> <span class='ocrx_word' id='word_1_239' title='bbox 593 2129 648 2184; x_wconf 91' lang='lat' dir='ltr'><strong>lu</strong></span> <span class='ocrx_word' id='word_1_240' title='bbox 697 2146 764 2185; x_wconf 92' lang='lat' dir='ltr'><strong>eo</strong></span> <span class='ocrx_word' id='word_1_241' title='bbox 810 2147 941 2187; x_wconf 81' lang='lat' dir='ltr'><strong>vero</strong></span> <span class='ocrx_word' id='word_1_242' title='bbox 990 2134 1112 2189; x_wconf 78' lang='lat' dir='ltr'><strong>loco</strong></span> <span class='ocrx_word' id='word_1_243' title='bbox 1168 2137 1441 2206; x_wconf 80' lang='lat' dir='ltr'><strong>spatiosus</strong></span> <span class='ocrx_word' id='word_1_244' title='bbox 1491 2139 1591 2209; x_wconf 87' lang='lat' dir='ltr'><strong>ipsi</strong></span> <span class='ocrx_word' id='word_1_245' title='bbox 1637 2141 1983 2209; x_wconf 82' lang='lat' dir='ltr'><strong>aperiebatur</strong></span> 
     </span>
    </p>
   </div>
   <div class='ocr_carea' id='block_1_37' title="bbox 399 2220 1982 2300">
    <p class='ocr_par' dir='ltr' id='par_1_37' title="bbox 399 2220 1982 2300">
     <span class='ocr_line' id='line_1_37' title="bbox 399 2220 1982 2300; baseline 0.011 -29"><span class='ocrx_word' id='word_1_246' title='bbox 399 2235 622 2285; x_wconf 82' lang='lat' dir='ltr'><strong>campus</strong></span> <span class='ocrx_word' id='word_1_247' title='bbox 663 2220 728 2274; x_wconf 84' lang='lat' dir='ltr'><strong>ad</strong></span> <span class='ocrx_word' id='word_1_248' title='bbox 776 2236 867 2276; x_wconf 85' lang='lat' dir='ltr'><strong>eas</strong></span> <span class='ocrx_word' id='word_1_249' title='bbox 896 2222 1055 2278; x_wconf 87' lang='lat' dir='ltr'><strong>dotes</strong></span> <span class='ocrx_word' id='word_1_250' title='bbox 1085 2226 1432 2295; x_wconf 76' lang='lat' dir='ltr'><strong>explicandas</strong></span> <span class='ocrx_word' id='word_1_251' title='bbox 1460 2244 1593 2299; x_wconf 85' lang='lat' dir='ltr'><strong>quas</strong></span> <span class='ocrx_word' id='word_1_252' title='bbox 1618 2230 1982 2300; x_wconf 71' lang='lat' dir='ltr'><strong>Hipponensis</strong></span> 
     </span>
    </p>
   </div>
   <div class='ocr_carea' id='block_1_38' title="bbox 398 2298 1981 2381">
    <p class='ocr_par' dir='ltr' id='par_1_38' title="bbox 398 2298 1981 2381">
     <span class='ocr_line' id='line_1_38' title="bbox 398 2298 1981 2381; baseline 0.011 -18"><span class='ocrx_word' id='word_1_253' title='bbox 398 2312 644 2377; x_wconf 73' lang='lat' dir='ltr'><strong>prmsnlis</strong></span> <span class='ocrx_word' id='word_1_254' title='bbox 676 2314 940 2369; x_wconf 87' lang='lat' dir='ltr'><strong>institutio</strong></span> <span class='ocrx_word' id='word_1_255' title='bbox 979 2322 1072 2369; x_wconf 90' lang='lat' dir='ltr'><strong>aut</strong></span> <span class='ocrx_word' id='word_1_256' title='bbox 1120 2320 1459 2374; x_wconf 84' lang='lat' dir='ltr'><strong>consuetudo</strong></span> <span class='ocrx_word' id='word_1_257' title='bbox 1486 2298 1557 2376; x_wconf 87' lang='lat' dir='ltr'><strong>in</strong></span> <span class='ocrx_word' id='word_1_258' title='bbox 1597 2298 1663 2377; x_wconf 77' lang='lat' dir='ltr'><strong>eo</strong></span> <span class='ocrx_word' id='word_1_259' title='bbox 1692 2298 1981 2381; x_wconf 77' lang='lat' dir='ltr'><strong>eillnxerat</strong></span> 
     </span>
    </p>
   </div>
   <div class='ocr_carea' id='block_1_39' title="bbox 398 2402 1981 2483">
    <p class='ocr_par' dir='ltr' id='par_1_39' title="bbox 398 2402 1981 2483">
     <span class='ocr_line' id='line_1_39' title="bbox 398 2402 1981 2483; baseline 0.009 -26"><span class='ocrx_word' id='word_1_260' title='bbox 398 2414 450 2459; x_wconf 82' lang='lat' dir='ltr'><strong>ct</strong></span> <span class='ocrx_word' id='word_1_261' title='bbox 483 2402 761 2469; x_wconf 85' lang='lat' dir='ltr'><strong>formarat,</strong></span> <span class='ocrx_word' id='word_1_262' title='bbox 794 2422 893 2461; x_wconf 87' lang='lat' dir='ltr'><strong>nec</strong></span> <span class='ocrx_word' id='word_1_263' title='bbox 933 2422 1098 2476; x_wconf 78' lang='lat' dir='ltr'><strong>pauca</strong></span> <span class='ocrx_word' id='word_1_264' title='bbox 1141 2424 1263 2465; x_wconf 90' lang='lat' dir='ltr'><strong>sese</strong></span> <span class='ocrx_word' id='word_1_265' title='bbox 1311 2412 1635 2481; x_wconf 72' lang='lat' dir='ltr'><strong>olferebant,</strong></span> <span class='ocrx_word' id='word_1_266' title='bbox 1666 2430 1787 2483; x_wconf 74' lang='lat' dir='ltr'><strong>qua:</strong></span> <span class='ocrx_word' id='word_1_267' title='bbox 1832 2431 1981 2473; x_wconf 84' lang='lat' dir='ltr'><strong>com-</strong></span> 
     </span>
    </p>
   </div>
   <div class='ocr_carea' id='block_1_40' title="bbox 400 2484 1980 2575">
    <p class='ocr_par' dir='ltr' id='par_1_40' title="bbox 400 2484 1980 2575">
     <span class='ocr_line' id='line_1_40' title="bbox 400 2484 1980 2575; baseline 0.012 -30"><span class='ocrx_word' id='word_1_268' title='bbox 400 2484 547 2547; x_wconf 80' lang='lat' dir='ltr'><strong>muni</strong></span> <span class='ocrx_word' id='word_1_269' title='bbox 580 2496 737 2550; x_wconf 83' lang='lat' dir='ltr'><strong>amici</strong></span> <span class='ocrx_word' id='word_1_270' title='bbox 766 2498 994 2552; x_wconf 84' lang='lat' dir='ltr'><strong>consilio</strong></span> <span class='ocrx_word' id='word_1_271' title='bbox 1021 2501 1256 2568; x_wconf 86' lang='lat' dir='ltr'><strong>gerenda</strong></span> <span class='ocrx_word' id='word_1_272' title='bbox 1286 2512 1490 2566; x_wconf 85' lang='lat' dir='ltr'><strong>essent,</strong></span> <span class='ocrx_word' id='word_1_273' title='bbox 1527 2504 1579 2558; x_wconf 91' lang='lat' dir='ltr'><strong>in</strong></span> <span class='ocrx_word' id='word_1_274' title='bbox 1609 2506 1874 2575; x_wconf 87' lang='lat' dir='ltr'><strong>quibusve</strong></span> <span class='ocrx_word' id='word_1_275' title='bbox 1897 2508 1980 2564; x_wconf 86' lang='lat' dir='ltr'><strong>vel</strong></span> 
     </span>
    </p>
   </div>
   <div class='ocr_carea' id='block_1_41' title="bbox 398 2582 1984 2664">
    <p class='ocr_par' dir='ltr' id='par_1_41' title="bbox 398 2582 1984 2664">
     <span class='ocr_line' id='line_1_41' title="bbox 398 2582 1984 2664; baseline 0.011 -28"><span class='ocrx_word' id='word_1_276' title='bbox 398 2585 724 2641; x_wconf 74' lang='lat' dir='ltr'><strong>auctoritate</strong></span> <span class='ocrx_word' id='word_1_277' title='bbox 765 2588 852 2644; x_wconf 70' lang='lat' dir='ltr'><strong>vt-I</strong></span> <span class='ocrx_word' id='word_1_278' title='bbox 899 2582 1172 2658; x_wconf 71' lang='lat' dir='ltr'><strong>adiutorio</strong></span> <span class='ocrx_word' id='word_1_279' title='bbox 1200 2591 1316 2662; x_wconf 81' lang='lat' dir='ltr'><strong>ejus</strong></span> <span class='ocrx_word' id='word_1_280' title='bbox 1353 2592 1640 2664; x_wconf 80' lang='lat' dir='ltr'><strong>indigeret.</strong></span> <span class='ocrx_word' id='word_1_281' title='bbox 1674 2595 1823 2657; x_wconf 88' lang='lat' dir='ltr'><strong>Talia</strong></span> <span class='ocrx_word' id='word_1_282' title='bbox 1870 2597 1984 2653; x_wconf 88' lang='lat' dir='ltr'><strong>fere</strong></span> 
     </span>
    </p>
   </div>
   <div class='ocr_carea' id='block_1_42' title="bbox 402 2678 1981 2757">
    <p class='ocr_par' dir='ltr' id='par_1_42' title="bbox 402 2678 1981 2757">
     <span class='ocr_line' id='line_1_42' title="bbox 402 2678 1981 2757; baseline 0.011 -32"><span class='ocrx_word' id='word_1_283' title='bbox 402 2686 559 2731; x_wconf 65' lang='lat' dir='ltr'><strong>erant</strong></span> <span class='ocrx_word' id='word_1_284' title='bbox 600 2692 725 2747; x_wconf 76' lang='lat' dir='ltr'><strong>qua:</strong></span> <span class='ocrx_word' id='word_1_285' title='bbox 753 2678 858 2734; x_wconf 85' lang='lat' dir='ltr'><strong>sub</strong></span> <span class='ocrx_word' id='word_1_286' title='bbox 887 2678 1103 2736; x_wconf 83' lang='lat' dir='ltr'><strong>initium</strong></span> <span class='ocrx_word' id='word_1_287' title='bbox 1144 2685 1385 2739; x_wconf 86' lang='lat' dir='ltr'><strong>muneris</strong></span> <span class='ocrx_word' id='word_1_288' title='bbox 1427 2686 1510 2740; x_wconf 89' lang='lat' dir='ltr'><strong>sui</strong></span> <span class='ocrx_word' id='word_1_289' title='bbox 1550 2700 1671 2746; x_wconf 86' lang='lat' dir='ltr'><strong>cum</strong></span> <span class='ocrx_word' id='word_1_290' title='bbox 1715 2688 1830 2757; x_wconf 87' lang='lat' dir='ltr'><strong>ipse</strong></span> <span class='ocrx_word' id='word_1_291' title='bbox 1872 2698 1981 2743; x_wconf 92' lang='lat' dir='ltr'><strong>tum</strong></span> 
     </span>
    </p>
   </div>
   <div class='ocr_carea' id='block_1_43' title="bbox 306 2767 1981 2855">
    <p class='ocr_par' dir='ltr' id='par_1_43' title="bbox 306 2767 1981 2855">
     <span class='ocr_line' id='line_1_43' title="bbox 306 2767 1981 2855; baseline 0.01 -37"><span class='ocrx_word' id='word_1_292' title='bbox 306 2851 310 2855; x_wconf 8' lang='grc' dir='ltr'>ἢ</span> <span class='ocrx_word' id='word_1_293' title='bbox 403 2767 646 2823; x_wconf 72' lang='lat' dir='ltr'><strong>Ecclesia</strong></span> <span class='ocrx_word' id='word_1_294' title='bbox 687 2767 805 2839; x_wconf 85' lang='lat' dir='ltr'><strong>ejus</strong></span> <span class='ocrx_word' id='word_1_295' title='bbox 851 2786 882 2826; x_wconf 91' lang='lat' dir='ltr'><strong>a</strong></span> <span class='ocrx_word' id='word_1_296' title='bbox 929 2772 1153 2842; x_wconf 83' lang='lat' dir='ltr'><strong>paganis</strong></span> <span class='ocrx_word' id='word_1_297' title='bbox 1196 2772 1605 2833; x_wconf 82' lang='lat' dir='ltr'><strong>Calamensibus</strong></span> <span class='ocrx_word' id='word_1_298' title='bbox 1644 2778 1981 2846; x_wconf 83' lang='lat' dir='ltr'><strong>patiebatur;</strong></span> 
     </span>
    </p>
   </div>
   <div class='ocr_carea' id='block_1_44' title="bbox 401 2858 1983 2938">
    <p class='ocr_par' dir='ltr' id='par_1_44' title="bbox 401 2858 1983 2938">
     <span class='ocr_line' id='line_1_44' title="bbox 401 2858 1983 2938; baseline 0.008 -23"><span class='ocrx_word' id='word_1_299' title='bbox 401 2873 529 2915; x_wconf 77' lang='lat' dir='ltr'><strong>mox</strong></span> <span class='ocrx_word' id='word_1_300' title='bbox 578 2858 703 2915; x_wconf 90' lang='lat' dir='ltr'><strong>item</strong></span> <span class='ocrx_word' id='word_1_301' title='bbox 750 2876 872 2931; x_wconf 66' lang='lat' dir='ltr'><strong>quas</strong></span> <span class='ocrx_word' id='word_1_302' title='bbox 912 2877 1035 2919; x_wconf 87' lang='lat' dir='ltr'><strong>cum</strong></span> <span class='ocrx_word' id='word_1_303' title='bbox 1081 2863 1376 2922; x_wconf 81' lang='lat' dir='ltr'><strong>Donatistis</strong></span> <span class='ocrx_word' id='word_1_304' title='bbox 1423 2870 1632 2938; x_wconf 87' lang='lat' dir='ltr'><strong>accepit</strong></span> <span class='ocrx_word' id='word_1_305' title='bbox 1663 2872 1983 2927; x_wconf 86' lang='lat' dir='ltr'><strong>certamina.</strong></span> 
     </span>
    </p>
   </div>
   <div class='ocr_carea' id='block_1_45' title="bbox 400 2948 1986 3027">
    <p class='ocr_par' dir='ltr' id='par_1_45' title="bbox 400 2948 1986 3027">
     <span class='ocr_line' id='line_1_45' title="bbox 400 2948 1986 3027; baseline 0.011 -26"><span class='ocrx_word' id='word_1_306' title='bbox 400 2948 533 3014; x_wconf 68' lang='lat' dir='ltr'><strong>Quae</strong></span> <span class='ocrx_word' id='word_1_307' title='bbox 551 2964 712 3006; x_wconf 88' lang='lat' dir='ltr'><strong>causa</strong></span> <span class='ocrx_word' id='word_1_308' title='bbox 738 2965 860 3016; x_wconf 84' lang='lat' dir='ltr'><strong>cum</strong></span> <span class='ocrx_word' id='word_1_309' title='bbox 888 2968 996 3011; x_wconf 86' lang='lat' dir='ltr'><strong>non</strong></span> <span class='ocrx_word' id='word_1_310' title='bbox 1024 2956 1196 3026; x_wconf 81' lang='lat' dir='ltr'><strong>magis</strong></span> <span class='ocrx_word' id='word_1_311' title='bbox 1226 2959 1490 3019; x_wconf 66' lang='lat' dir='ltr'><strong>universa:</strong></span> <span class='ocrx_word' id='word_1_312' title='bbox 1511 2961 1707 3027; x_wconf 67' lang='lat' dir='ltr'><strong>Africae</strong></span> <span class='ocrx_word' id='word_1_313' title='bbox 1726 2963 1986 3019; x_wconf 59' lang='lat' dir='ltr'><strong>Ecclesiae</strong></span> 
     </span>
    </p>
   </div>
   <div class='ocr_carea' id='block_1_46' title="bbox 400 3040 1985 3125">
    <p class='ocr_par' dir='ltr' id='par_1_46' title="bbox 400 3040 1985 3125">
     <span class='ocr_line' id='line_1_46' title="bbox 400 3040 1985 3125; baseline 0.01 -30"><span class='ocrx_word' id='word_1_314' title='bbox 400 3040 703 3105; x_wconf 81' lang='lat' dir='ltr'><strong>communis</strong></span> <span class='ocrx_word' id='word_1_315' title='bbox 730 3058 893 3113; x_wconf 83' lang='lat' dir='ltr'><strong>quam</strong></span> <span class='ocrx_word' id='word_1_316' title='bbox 926 3045 1213 3119; x_wconf 72' lang='lat' dir='ltr'><strong>Augustini</strong></span> <span class='ocrx_word' id='word_1_317' title='bbox 1240 3050 1459 3119; x_wconf 88' lang='lat' dir='ltr'><strong>propria</strong></span> <span class='ocrx_word' id='word_1_318' title='bbox 1487 3062 1663 3119; x_wconf 81' lang='lat' dir='ltr'><strong>esset,</strong></span> <span class='ocrx_word' id='word_1_319' title='bbox 1690 3068 1796 3109; x_wconf 83' lang='lat' dir='ltr'><strong>non</strong></span> <span class='ocrx_word' id='word_1_320' title='bbox 1830 3062 1985 3125; x_wconf 84' lang='lat' dir='ltr'><strong>pote-</strong></span> 
     </span>
    </p>
   </div>
   <div class='ocr_carea' id='block_1_47' title="bbox 401 3133 1984 3216">
    <p class='ocr_par' dir='ltr' id='par_1_47' title="bbox 401 3133 1984 3216">
     <span class='ocr_line' id='line_1_47' title="bbox 401 3133 1984 3216; baseline 0.01 -30"><span class='ocrx_word' id='word_1_321' title='bbox 401 3142 489 3192; x_wconf 85' lang='lat' dir='ltr'><strong>rat</strong></span> <span class='ocrx_word' id='word_1_322' title='bbox 517 3147 549 3189; x_wconf 91' lang='lat' dir='ltr'><strong>a</strong></span> <span class='ocrx_word' id='word_1_323' title='bbox 575 3133 824 3191; x_wconf 79' lang='lat' dir='ltr'><strong>Possidio</strong></span> <span class='ocrx_word' id='word_1_324' title='bbox 862 3135 965 3193; x_wconf 83' lang='lat' dir='ltr'><strong>levi</strong></span> <span class='ocrx_word' id='word_1_325' title='bbox 996 3139 1177 3195; x_wconf 87' lang='lat' dir='ltr'><strong>studio</strong></span> <span class='ocrx_word' id='word_1_326' title='bbox 1217 3142 1445 3211; x_wconf 82' lang='lat' dir='ltr'><strong>suscipi.</strong></span> <span class='ocrx_word' id='word_1_327' title='bbox 1471 3143 1658 3214; x_wconf 78' lang='lat' dir='ltr'><strong>itaque</strong></span> <span class='ocrx_word' id='word_1_328' title='bbox 1678 3145 1789 3216; x_wconf 82' lang='lat' dir='ltr'><strong>jam</strong></span> <span class='ocrx_word' id='word_1_329' title='bbox 1820 3161 1848 3201; x_wconf 89' lang='lat' dir='ltr'><strong>a</strong></span> <span class='ocrx_word' id='word_1_330' title='bbox 1878 3145 1984 3203; x_wconf 67' lang='grc'><strong>«101</strong></span> 
     </span>
    </p>
   </div>
   <div class='ocr_carea' id='block_1_48' title="bbox 2090 1941 3675 2013">
    <p class='ocr_par' dir='ltr' id='par_1_48' title="bbox 2090 1941 3675 2013">
     <span class='ocr_line' id='line_1_48' title="bbox 2090 1941 3675 2013; baseline -0.003 -14"><span class='ocrx_word' id='word_1_331' title='bbox 2090 1944 2389 1999; x_wconf 68' lang='lat' dir='ltr'><strong>Vlimmerio</strong></span> <span class='ocrx_word' id='word_1_332' title='bbox 2418 1959 2469 1998; x_wconf 91' lang='lat' dir='ltr'><strong>a.</strong></span> <span class='ocrx_word' id='word_1_333' title='bbox 2503 1943 2665 1999; x_wconf 75' lang='grc'><strong>1561.</strong></span> <span class='ocrx_word' id='word_1_334' title='bbox 2694 1943 2937 2013; x_wconf 71' lang='lat' dir='ltr'><strong>Migrat‘it</strong></span> <span class='ocrx_word' id='word_1_335' title='bbox 2969 1941 3175 2011; x_wconf 89' lang='lat' dir='ltr'><strong>pariter</strong></span> <span class='ocrx_word' id='word_1_336' title='bbox 3198 1941 3266 1994; x_wconf 91' lang='lat' dir='ltr'><strong>ab</strong></span> <span class='ocrx_word' id='word_1_337' title='bbox 3298 1941 3401 1993; x_wconf 91' lang='lat' dir='ltr'><strong>isto</strong></span> <span class='ocrx_word' id='word_1_338' title='bbox 3430 1948 3675 2007; x_wconf 84' lang='lat' dir='ltr'><strong>tempore</strong></span> 
     </span>
    </p>
   </div>
   <div class='ocr_carea' id='block_1_49' title="bbox 2084 2030 3675 2105">
    <p class='ocr_par' dir='ltr' id='par_1_49' title="bbox 2084 2030 3675 2105">
     <span class='ocr_line' id='line_1_49' title="bbox 2084 2030 3675 2105; baseline -0.004 -15"><span class='ocrx_word' id='word_1_339' title='bbox 2084 2036 2137 2091; x_wconf 91' lang='lat' dir='ltr'><strong>in</strong></span> <span class='ocrx_word' id='word_1_340' title='bbox 2161 2036 2337 2090; x_wconf 87' lang='lat' dir='ltr'><strong>varias</strong></span> <span class='ocrx_word' id='word_1_341' title='bbox 2365 2034 2601 2105; x_wconf 78' lang='lat' dir='ltr'><strong>Operam</strong></span> <span class='ocrx_word' id='word_1_342' title='bbox 2631 2033 2917 2103; x_wconf 65' lang='lat' dir='ltr'><strong>Auguuini</strong></span> <span class='ocrx_word' id='word_1_343' title='bbox 2951 2033 3241 2096; x_wconf 87' lang='lat' dir='ltr'><strong>editiones,</strong></span> <span class='ocrx_word' id='word_1_344' title='bbox 3261 2040 3315 2085; x_wconf 90' lang='lat' dir='ltr'><strong>et</strong></span> <span class='ocrx_word' id='word_1_345' title='bbox 3345 2046 3412 2085; x_wconf 77' lang='lat' dir='ltr'><strong>ex</strong></span> <span class='ocrx_word' id='word_1_346' title='bbox 3447 2030 3675 2084; x_wconf 84' lang='lat' dir='ltr'><strong>vetustis</strong></span> 
     </span>
    </p>
   </div>
   <div class='ocr_carea' id='block_1_50' title="bbox 2084 2122 3672 2195">
    <p class='ocr_par' dir='ltr' id='par_1_50' title="bbox 2084 2122 3672 2195">
     <span class='ocr_line' id='line_1_50' title="bbox 2084 2122 3672 2195; baseline -0.005 -13"><span class='ocrx_word' id='word_1_347' title='bbox 2084 2126 2414 2183; x_wconf 83' lang='lat' dir='ltr'><strong>membranis</strong></span> <span class='ocrx_word' id='word_1_348' title='bbox 2459 2126 2748 2195; x_wconf 78' lang='lat' dir='ltr'><strong>castigatus</strong></span> <span class='ocrx_word' id='word_1_349' title='bbox 2797 2133 2881 2180; x_wconf 89' lang='lat' dir='ltr'><strong>est</strong></span> <span class='ocrx_word' id='word_1_350' title='bbox 2927 2125 2979 2179; x_wconf 89' lang='lat' dir='ltr'><strong>itt</strong></span> <span class='ocrx_word' id='word_1_351' title='bbox 3033 2123 3505 2178; x_wconf 84' lang='lat' dir='ltr'><strong>Benedictinornm</strong></span> <span class='ocrx_word' id='word_1_352' title='bbox 3552 2122 3672 2176; x_wconf 85' lang='lat' dir='ltr'><strong>edi-</strong></span> 
     </span>
    </p>
   </div>
   <div class='ocr_carea' id='block_1_51' title="bbox 2086 2214 3696 2289">
    <p class='ocr_par' dir='ltr' id='par_1_51' title="bbox 2086 2214 3696 2289">
     <span class='ocr_line' id='line_1_51' title="bbox 2086 2214 3696 2289; baseline -0.003 -14"><span class='ocrx_word' id='word_1_353' title='bbox 2086 2222 2248 2278; x_wconf 85' lang='lat' dir='ltr'><strong>tione.</strong></span> <span class='ocrx_word' id='word_1_354' title='bbox 2279 2219 2385 2276; x_wconf 88' lang='lat' dir='ltr'><strong>Sed</strong></span> <span class='ocrx_word' id='word_1_355' title='bbox 2431 2219 2591 2289; x_wconf 88' lang='lat' dir='ltr'><strong>longe</strong></span> <span class='ocrx_word' id='word_1_356' title='bbox 2637 2219 2849 2288; x_wconf 90' lang='lat' dir='ltr'><strong>plenior</strong></span> <span class='ocrx_word' id='word_1_357' title='bbox 2877 2228 2931 2273; x_wconf 92' lang='lat' dir='ltr'><strong>et</strong></span> <span class='ocrx_word' id='word_1_358' title='bbox 2960 2216 3297 2272; x_wconf 85' lang='lat' dir='ltr'><strong>emendatior</strong></span> <span class='ocrx_word' id='word_1_359' title='bbox 3327 2232 3392 2270; x_wconf 81' lang='lat' dir='ltr'><strong>ex</strong></span> <span class='ocrx_word' id='word_1_360' title='bbox 3428 2231 3530 2269; x_wconf 91' lang='lat' dir='ltr'><strong>ms.</strong></span> <span class='ocrx_word' id='word_1_361' title='bbox 3566 2214 3696 2270; x_wconf 67' lang='grc' dir='ltr'><strong>γε..</strong></span> 
     </span>
    </p>
   </div>
   <div class='ocr_carea' id='block_1_52' title="bbox 2086 2307 3673 2381">
    <p class='ocr_par' dir='ltr' id='par_1_52' title="bbox 2086 2307 3673 2381">
     <span class='ocr_line' id='line_1_52' title="bbox 2086 2307 3673 2381; baseline -0.003 -14"><span class='ocrx_word' id='word_1_362' title='bbox 2086 2313 2300 2368; x_wconf 90' lang='lat' dir='ltr'><strong>rouensi</strong></span> <span class='ocrx_word' id='word_1_363' title='bbox 2330 2310 2526 2381; x_wconf 88' lang='lat' dir='ltr'><strong>prodiit</strong></span> <span class='ocrx_word' id='word_1_364' title='bbox 2553 2311 2796 2367; x_wconf 84' lang='lat' dir='ltr'><strong>Venetiis</strong></span> <span class='ocrx_word' id='word_1_365' title='bbox 2824 2326 2877 2366; x_wconf 92' lang='lat' dir='ltr'><strong>a.</strong></span> <span class='ocrx_word' id='word_1_366' title='bbox 2914 2310 3054 2365; x_wconf 75' lang='grc'><strong>1⁸755</strong></span> <span class='ocrx_word' id='word_1_367' title='bbox 3082 2351 3095 2364; x_wconf 95' lang='grc'><strong>.</strong></span> <span class='ocrx_word' id='word_1_368' title='bbox 3125 2350 3139 2365; x_wconf 97' lang='grc'><strong>.</strong></span> <span class='ocrx_word' id='word_1_369' title='bbox 3172 2351 3185 2364; x_wconf 97' lang='grc'><strong>.</strong></span> <span class='ocrx_word' id='word_1_370' title='bbox 3216 2351 3227 2363; x_wconf 93' lang='grc'><strong>.</strong></span> <span class='ocrx_word' id='word_1_371' title='bbox 3259 2351 3272 2364; x_wconf 94' lang='grc'><strong>.</strong></span> <span class='ocrx_word' id='word_1_372' title='bbox 3298 2348 3313 2362; x_wconf 95' lang='grc'><strong>.</strong></span> <span class='ocrx_word' id='word_1_373' title='bbox 3340 2307 3395 2362; x_wconf 93' lang='lat' dir='ltr'><strong>ln</strong></span> <span class='ocrx_word' id='word_1_374' title='bbox 3426 2308 3673 2379; x_wconf 89' lang='lat' dir='ltr'><strong>sequenti</strong></span> 
     </span>
    </p>
   </div>
   <div class='ocr_carea' id='block_1_53' title="bbox 2085 2401 3671 2471">
    <p class='ocr_par' dir='ltr' id='par_1_53' title="bbox 2085 2401 3671 2471">
     <span class='ocr_line' id='line_1_53' title="bbox 2085 2401 3671 2471; baseline -0.003 -13"><span class='ocrx_word' id='word_1_375' title='bbox 2085 2403 2260 2458; x_wconf 90' lang='lat' dir='ltr'><strong>indice</strong></span> <span class='ocrx_word' id='word_1_376' title='bbox 2292 2403 2426 2458; x_wconf 72' lang='lat' dir='ltr'><strong>nilnil</strong></span> <span class='ocrx_word' id='word_1_377' title='bbox 2456 2402 2713 2459; x_wconf 89' lang='lat' dir='ltr'><strong>omissum</strong></span> <span class='ocrx_word' id='word_1_378' title='bbox 2744 2403 2991 2471; x_wconf 87' lang='lat' dir='ltr'><strong>estquod</strong></span> <span class='ocrx_word' id='word_1_379' title='bbox 3025 2402 3089 2455; x_wconf 89' lang='lat' dir='ltr'><strong>ad</strong></span> <span class='ocrx_word' id='word_1_380' title='bbox 3115 2401 3507 2455; x_wconf 83' lang='lat' dir='ltr'><strong>accuratiorem</strong></span> <span class='ocrx_word' id='word_1_381' title='bbox 3538 2401 3671 2453; x_wconf 86' lang='lat' dir='ltr'><strong>insi-</strong></span> 
     </span>
    </p>
   </div>
   <div class='ocr_carea' id='block_1_54' title="bbox 2084 2493 3673 2564">
    <p class='ocr_par' dir='ltr' id='par_1_54' title="bbox 2084 2493 3673 2564">
     <span class='ocr_line' id='line_1_54' title="bbox 2084 2493 3673 2564; baseline -0.001 -15"><span class='ocrx_word' id='word_1_382' title='bbox 2084 2498 2333 2564; x_wconf 88' lang='lat' dir='ltr'><strong>gniorum</strong></span> <span class='ocrx_word' id='word_1_383' title='bbox 2370 2494 2667 2551; x_wconf 88' lang='lat' dir='ltr'><strong>editionum</strong></span> <span class='ocrx_word' id='word_1_384' title='bbox 2714 2495 2957 2550; x_wconf 86' lang='lat' dir='ltr'><strong>notitiam</strong></span> <span class='ocrx_word' id='word_1_385' title='bbox 3002 2494 3284 2559; x_wconf 87' lang='lat' dir='ltr'><strong>conducit;</strong></span> <span class='ocrx_word' id='word_1_386' title='bbox 3332 2493 3673 2563; x_wconf 83' lang='lat' dir='ltr'><strong>singulorum</strong></span> 
     </span>
    </p>
   </div>
   <div class='ocr_carea' id='block_1_55' title="bbox 2087 2587 3678 2661">
    <p class='ocr_par' dir='ltr' id='par_1_55' title="bbox 2087 2587 3678 2661">
     <span class='ocr_line' id='line_1_55' title="bbox 2087 2587 3678 2661; baseline -0.002 -18"><span class='ocrx_word' id='word_1_387' title='bbox 2087 2604 2218 2646; x_wconf 92' lang='lat' dir='ltr'><strong>vero</strong></span> <span class='ocrx_word' id='word_1_388' title='bbox 2247 2589 2536 2661; x_wconf 77' lang='lat' dir='ltr'><strong>Augustini</strong></span> <span class='ocrx_word' id='word_1_389' title='bbox 2570 2603 2798 2659; x_wconf 80' lang='lat' dir='ltr'><strong>Operam</strong></span> <span class='ocrx_word' id='word_1_390' title='bbox 2845 2587 3223 2644; x_wconf 86' lang='lat' dir='ltr'><strong>recensionem</strong></span> <span class='ocrx_word' id='word_1_391' title='bbox 3272 2601 3431 2641; x_wconf 90' lang='lat' dir='ltr'><strong>nemo</strong></span> <span class='ocrx_word' id='word_1_392' title='bbox 3478 2600 3678 2655; x_wconf 68' lang='lat' dir='ltr'><strong>cmpe-</strong></span> 
     </span>
    </p>
   </div>
   <div class='ocr_carea' id='block_1_56' title="bbox 2085 2682 2270 2737">
    <p class='ocr_par' dir='ltr' id='par_1_56' title="bbox 2085 2682 2270 2737">
     <span class='ocr_line' id='line_1_56' title="bbox 2085 2682 2270 2737; baseline -0.005 0"><span class='ocrx_word' id='word_1_393' title='bbox 2085 2682 2270 2737; x_wconf 84' lang='lat' dir='ltr'><strong>ctabit.</strong></span> 
     </span>
    </p>
   </div>
   <div class='ocr_carea' id='block_1_57' title="bbox 2707 2767 3063 2808">
    <p class='ocr_par' dir='ltr' id='par_1_57' title="bbox 2707 2767 3063 2808">
     <span class='ocr_line' id='line_1_57' title="bbox 2707 2767 3063 2808; baseline 0 -1"><span class='ocrx_word' id='word_1_394' title='bbox 2707 2767 2921 2808; x_wconf 66' lang='grc' dir='ltr'><strong>ελεειτιο</strong></span> <span class='ocrx_word' id='word_1_395' title='bbox 2949 2767 3038 2806; x_wconf 71' lang='lat' dir='ltr'><strong>XVI</strong></span> <span class='ocrx_word' id='word_1_396' title='bbox 3048 2792 3063 2807; x_wconf 73' lang='grc' dir='ltr'>ι</span> 
     </span>
    </p>
   </div>
   <div class='ocr_carea' id='block_1_58' title="bbox 2162 2858 3681 2931">
    <p class='ocr_par' dir='ltr' id='par_1_58' title="bbox 2162 2858 3681 2931">
     <span class='ocr_line' id='line_1_58' title="bbox 2162 2858 3681 2931; baseline -0.005 -12"><span class='ocrx_word' id='word_1_397' title='bbox 2162 2862 2325 2919; x_wconf 74' lang='grc'><strong>1564.</strong></span> <span class='ocrx_word' id='word_1_398' title='bbox 2367 2863 2581 2917; x_wconf 79' lang='lat' dir='ltr'><strong>Lovam&#39;i</strong></span> <span class='ocrx_word' id='word_1_399' title='bbox 2609 2864 2750 2931; x_wconf 73' lang='lat' dir='ltr'><strong>apud</strong></span> <span class='ocrx_word' id='word_1_400' title='bbox 2777 2861 2991 2916; x_wconf 80' lang='lat' dir='ltr'><strong>Hieron.</strong></span> <span class='ocrx_word' id='word_1_401' title='bbox 3019 2860 3330 2927; x_wconf 73' lang='lat' dir='ltr'><strong>Wella&#39;um;</strong></span> <span class='ocrx_word' id='word_1_402' title='bbox 3357 2859 3522 2914; x_wconf 63' lang='lat' dir='ltr'><strong>iit-4&#39;.</strong></span> <span class='ocrx_word' id='word_1_403' title='bbox 3548 2858 3681 2913; x_wconf 81' lang='lat' dir='ltr'><strong>Pos-</strong></span> 
     </span>
    </p>
   </div>
   <div class='ocr_carea' id='block_1_59' title="bbox 2087 2950 3679 3025">
    <p class='ocr_par' dir='ltr' id='par_1_59' title="bbox 2087 2950 3679 3025">
     <span class='ocr_line' id='line_1_59' title="bbox 2087 2950 3679 3025; baseline -0.007 -12"><span class='ocrx_word' id='word_1_404' title='bbox 2087 2956 2215 3013; x_wconf 86' lang='lat' dir='ltr'><strong>sidii</strong></span> <span class='ocrx_word' id='word_1_405' title='bbox 2245 2955 2583 3011; x_wconf 87' lang='lat' dir='ltr'><strong>Calamensis</strong></span> <span class='ocrx_word' id='word_1_406' title='bbox 2618 2954 2859 3025; x_wconf 83' lang='lat' dir='ltr'><strong>episcopi</strong></span> <span class='ocrx_word' id='word_1_407' title='bbox 2900 2953 3015 3007; x_wconf 72' lang='lat' dir='ltr'><strong>Vita</strong></span> <span class='ocrx_word' id='word_1_408' title='bbox 3047 2963 3102 3008; x_wconf 94' lang='lat' dir='ltr'><strong>et</strong></span> <span class='ocrx_word' id='word_1_409' title='bbox 3137 2952 3410 3006; x_wconf 82' lang='lat' dir='ltr'><strong>lndieulus</strong></span> <span class='ocrx_word' id='word_1_410' title='bbox 3437 2950 3679 3020; x_wconf 81' lang='lat' dir='ltr'><strong>Opet&#39;um</strong></span> 
     </span>
    </p>
   </div>
   <div class='ocr_carea' id='block_1_60' title="bbox 2090 3041 3685 3117">
    <p class='ocr_par' dir='ltr' id='par_1_60' title="bbox 2090 3041 3685 3117">
     <span class='ocr_line' id='line_1_60' title="bbox 2090 3041 3685 3117; baseline -0.004 -17"><span class='ocrx_word' id='word_1_411' title='bbox 2090 3045 2153 3100; x_wconf 88' lang='lat' dir='ltr'><strong>D.</strong></span> <span class='ocrx_word' id='word_1_412' title='bbox 2187 3045 2474 3117; x_wconf 83' lang='lat' dir='ltr'><strong>Augustini</strong></span> <span class='ocrx_word' id='word_1_413' title='bbox 2500 3060 2565 3100; x_wconf 77' lang='lat' dir='ltr'><strong>ex</strong></span> <span class='ocrx_word' id='word_1_414' title='bbox 2598 3044 2838 3100; x_wconf 90' lang='lat' dir='ltr'><strong>editione</strong></span> <span class='ocrx_word' id='word_1_415' title='bbox 2878 3052 2933 3097; x_wconf 88' lang='lat' dir='ltr'><strong>et</strong></span> <span class='ocrx_word' id='word_1_416' title='bbox 2969 3058 3089 3097; x_wconf 89' lang='lat' dir='ltr'><strong>cum</strong></span> <span class='ocrx_word' id='word_1_417' title='bbox 3120 3042 3342 3096; x_wconf 78' lang='lat' dir='ltr'><strong>sdtoliis</strong></span> <span class='ocrx_word' id='word_1_418' title='bbox 3370 3041 3685 3111; x_wconf 82' lang='lat' dir='ltr'><strong>marginali-</strong></span> 
     </span>
    </p>
   </div>
   <div class='ocr_carea' id='block_1_61' title="bbox 2091 3134 3687 3204">
    <p class='ocr_par' dir='ltr' id='par_1_61' title="bbox 2091 3134 3687 3204">
     <span class='ocr_line' id='line_1_61' title="bbox 2091 3134 3687 3204; baseline -0.006 -9"><span class='ocrx_word' id='word_1_419' title='bbox 2091 3141 2191 3195; x_wconf 87' lang='lat' dir='ltr'><strong>btts</strong></span> <span class='ocrx_word' id='word_1_420' title='bbox 2224 3140 2446 3195; x_wconf 81' lang='lat' dir='ltr'><strong>Joannis</strong></span> <span class='ocrx_word' id='word_1_421' title='bbox 2481 3138 2797 3204; x_wconf 81' lang='lat' dir='ltr'><strong>Vlimmerii;</strong></span> <span class='ocrx_word' id='word_1_422' title='bbox 2826 3152 2948 3192; x_wconf 91' lang='lat' dir='ltr'><strong>cum</strong></span> <span class='ocrx_word' id='word_1_423' title='bbox 2980 3136 3311 3192; x_wconf 82' lang='lat' dir='ltr'><strong>Sermonibus</strong></span> <span class='ocrx_word' id='word_1_424' title='bbox 3334 3135 3530 3202; x_wconf 68' lang='lat' dir='ltr'><strong>aliquot</strong></span> <span class='ocrx_word' id='word_1_425' title='bbox 3573 3134 3687 3187; x_wconf 80' lang='lat' dir='ltr'><strong>Au-</strong></span> 
     </span>
    </p>
   </div>
   <div class='ocr_carea' id='block_1_62' title="bbox 403 3210 3683 3306">
    <p class='ocr_par' dir='ltr' id='par_1_62' title="bbox 403 3210 3683 3306">
     <span class='ocr_line' id='line_1_62' title="bbox 403 3210 3683 3306; baseline 0.001 -29"><span class='ocrx_word' id='word_1_426' title='bbox 403 3223 709 3295; x_wconf 87' lang='lat' dir='ltr'><strong>Crispiuum</strong></span> <span class='ocrx_word' id='word_1_427' title='bbox 752 3228 1149 3285; x_wconf 81' lang='lat' dir='ltr'><strong>Donatistarum</strong></span> <span class='ocrx_word' id='word_1_428' title='bbox 1195 3233 1339 3301; x_wconf 85' lang='lat' dir='ltr'><strong>apud</strong></span> <span class='ocrx_word' id='word_1_429' title='bbox 1372 3210 1744 3292; x_wconf 42' lang='lat' dir='ltr'><strong>thiam-enses</strong></span> <span class='ocrx_word' id='word_1_430' title='bbox 1778 3238 1988 3306; x_wconf 68' lang='lat' dir='ltr'><strong>episco-</strong></span> <span class='ocrx_word' id='word_1_431' title='bbox 2013 3210 2061 3275; x_wconf 67' lang='grc' dir='ltr'>θ</span> <span class='ocrx_word' id='word_1_432' title='bbox 2093 3233 2289 3304; x_wconf 77' lang='lat' dir='ltr'><strong>gustini</strong></span> <span class='ocrx_word' id='word_1_433' title='bbox 2321 3232 2392 3288; x_wconf 88' lang='lat' dir='ltr'><strong>ab</strong></span> <span class='ocrx_word' id='word_1_434' title='bbox 2433 3230 2625 3289; x_wconf 87' lang='lat' dir='ltr'><strong>eodem</strong></span> <span class='ocrx_word' id='word_1_435' title='bbox 2666 3245 2860 3287; x_wconf 86' lang='lat' dir='ltr'><strong>recens</strong></span> <span class='ocrx_word' id='word_1_436' title='bbox 2896 3229 3145 3299; x_wconf 78' lang='lat' dir='ltr'><strong>prolatis.</strong></span> <span class='ocrx_word' id='word_1_437' title='bbox 3182 3226 3316 3283; x_wconf 88' lang='lat' dir='ltr'><strong>Tota</strong></span> <span class='ocrx_word' id='word_1_438' title='bbox 3358 3228 3474 3281; x_wconf 81' lang='lat' dir='ltr'><strong>haec</strong></span> <span class='ocrx_word' id='word_1_439' title='bbox 3503 3226 3683 3282; x_wconf 73' lang='lat' dir='ltr'><strong>Vlim-</strong></span> 
     </span>
    </p>
   </div>
   <div class='ocr_carea' id='block_1_63' title="bbox 405 3319 1987 3396">
    <p class='ocr_par' dir='ltr' id='par_1_63' title="bbox 405 3319 1987 3396">
     <span class='ocr_line' id='line_1_63' title="bbox 405 3319 1987 3396; baseline 0.007 -26"><span class='ocrx_word' id='word_1_440' title='bbox 405 3333 532 3383; x_wconf 88' lang='lat' dir='ltr'><strong>pum</strong></span> <span class='ocrx_word' id='word_1_441' title='bbox 585 3319 655 3374; x_wconf 87' lang='lat' dir='ltr'><strong>ad</strong></span> <span class='ocrx_word' id='word_1_442' title='bbox 694 3320 1021 3390; x_wconf 87' lang='lat' dir='ltr'><strong>colloquium</strong></span> <span class='ocrx_word' id='word_1_443' title='bbox 1072 3336 1256 3378; x_wconf 82' lang='lat' dir='ltr'><strong>secum</strong></span> <span class='ocrx_word' id='word_1_444' title='bbox 1308 3324 1603 3381; x_wconf 84' lang='lat' dir='ltr'><strong>ineundum</strong></span> <span class='ocrx_word' id='word_1_445' title='bbox 1649 3327 1987 3396; x_wconf 71' lang='lat' dir='ltr'><strong>sollicitat-it,</strong></span> 
     </span>
    </p>
   </div>
   <div class='ocr_carea' id='block_1_64' title="bbox 404 3408 1990 3486">
    <p class='ocr_par' dir='ltr' id='par_1_64' title="bbox 404 3408 1990 3486">
     <span class='ocr_line' id='line_1_64' title="bbox 404 3408 1990 3486; baseline 0.009 -27"><span class='ocrx_word' id='word_1_446' title='bbox 404 3408 743 3481; x_wconf 80' lang='lat' dir='ltr'><strong>invitumque</strong></span> <span class='ocrx_word' id='word_1_447' title='bbox 770 3412 946 3480; x_wconf 73' lang='lat' dir='ltr'><strong>coegit</strong></span> <span class='ocrx_word' id='word_1_448' title='bbox 991 3420 1048 3468; x_wconf 87' lang='lat' dir='ltr'><strong>et</strong></span> <span class='ocrx_word' id='word_1_449' title='bbox 1084 3413 1307 3469; x_wconf 83' lang='lat' dir='ltr'><strong>solertia</strong></span> <span class='ocrx_word' id='word_1_450' title='bbox 1355 3430 1453 3470; x_wconf 84' lang='lat' dir='ltr'><strong>sua</strong></span> <span class='ocrx_word' id='word_1_451' title='bbox 1494 3418 1789 3486; x_wconf 82' lang='lat' dir='ltr'><strong>superavit.</strong></span> <span class='ocrx_word' id='word_1_452' title='bbox 1833 3420 1990 3474; x_wconf 87' lang='lat' dir='ltr'><strong>Anno</strong></span> 
     </span>
    </p>
   </div>
   <div class='ocr_carea' id='block_1_65' title="bbox 404 3499 1988 3577">
    <p class='ocr_par' dir='ltr' id='par_1_65' title="bbox 404 3499 1988 3577">
     <span class='ocr_line' id='line_1_65' title="bbox 404 3499 1988 3577; baseline 0.006 -22"><span class='ocrx_word' id='word_1_453' title='bbox 404 3499 514 3555; x_wconf 73' lang='grc' dir='ltr'>ιιο</span> <span class='ocrx_word' id='word_1_454' title='bbox 552 3515 658 3554; x_wconf 89' lang='lat' dir='ltr'><strong>una</strong></span> <span class='ocrx_word' id='word_1_455' title='bbox 693 3516 816 3563; x_wconf 79' lang='lat' dir='ltr'><strong>cum</strong></span> <span class='ocrx_word' id='word_1_456' title='bbox 866 3502 1038 3567; x_wconf 82' lang='lat' dir='ltr'><strong>tribus</strong></span> <span class='ocrx_word' id='word_1_457' title='bbox 1066 3504 1188 3559; x_wconf 87' lang='lat' dir='ltr'><strong>aliis</strong></span> <span class='ocrx_word' id='word_1_458' title='bbox 1215 3506 1485 3576; x_wconf 84' lang='lat' dir='ltr'><strong>episcopis</strong></span> <span class='ocrx_word' id='word_1_459' title='bbox 1515 3522 1546 3562; x_wconf 90' lang='lat' dir='ltr'><strong>a</strong></span> <span class='ocrx_word' id='word_1_460' title='bbox 1575 3510 1818 3577; x_wconf 81' lang='lat' dir='ltr'><strong>patribus</strong></span> <span class='ocrx_word' id='word_1_461' title='bbox 1846 3509 1988 3565; x_wconf 86' lang='lat' dir='ltr'><strong>Afri-</strong></span> 
     </span>
    </p>
   </div>
   <div class='ocr_carea' id='block_1_66' title="bbox 405 3590 1989 3668">
    <p class='ocr_par' dir='ltr' id='par_1_66' title="bbox 405 3590 1989 3668">
     <span class='ocr_line' id='line_1_66' title="bbox 405 3590 1989 3668; baseline 0.008 -23"><span class='ocrx_word' id='word_1_462' title='bbox 405 3592 559 3646; x_wconf 83' lang='lat' dir='ltr'><strong>canis</strong></span> <span class='ocrx_word' id='word_1_463' title='bbox 587 3590 915 3663; x_wconf 73' lang='lat' dir='ltr'><strong>Carthagine</strong></span> <span class='ocrx_word' id='word_1_464' title='bbox 942 3598 1282 3667; x_wconf 76' lang='lat' dir='ltr'><strong>congregatis</strong></span> <span class='ocrx_word' id='word_1_465' title='bbox 1328 3598 1535 3668; x_wconf 75' lang='lat' dir='ltr'><strong>legatus</strong></span> <span class='ocrx_word' id='word_1_466' title='bbox 1580 3600 1779 3663; x_wconf 83' lang='lat' dir='ltr'><strong>missus</strong></span> <span class='ocrx_word' id='word_1_467' title='bbox 1808 3612 1891 3657; x_wconf 89' lang='lat' dir='ltr'><strong>est</strong></span> <span class='ocrx_word' id='word_1_468' title='bbox 1920 3603 1989 3659; x_wconf 86' lang='lat' dir='ltr'><strong>ad</strong></span> 
     </span>
    </p>
   </div>
   <div class='ocr_carea' id='block_1_67' title="bbox 412 3683 1987 3762">
    <p class='ocr_par' dir='ltr' id='par_1_67' title="bbox 412 3683 1987 3762">
     <span class='ocr_line' id='line_1_67' title="bbox 412 3683 1987 3762; baseline 0.01 -26"><span class='ocrx_word' id='word_1_469' title='bbox 412 3683 705 3740; x_wconf 87' lang='lat' dir='ltr'><strong>llunorium</strong></span> <span class='ocrx_word' id='word_1_470' title='bbox 735 3685 875 3756; x_wconf 92' lang='lat' dir='ltr'><strong>Aug.</strong></span> <span class='ocrx_word' id='word_1_471' title='bbox 924 3703 1025 3758; x_wconf 88' lang='lat' dir='ltr'><strong>pro</strong></span> <span class='ocrx_word' id='word_1_472' title='bbox 1066 3689 1426 3761; x_wconf 81' lang='lat' dir='ltr'><strong>abregatione</strong></span> <span class='ocrx_word' id='word_1_473' title='bbox 1471 3692 1604 3762; x_wconf 84' lang='lat' dir='ltr'><strong>legis</strong></span> <span class='ocrx_word' id='word_1_474' title='bbox 1652 3693 1706 3749; x_wconf 91' lang='lat' dir='ltr'><strong>in</strong></span> <span class='ocrx_word' id='word_1_475' title='bbox 1747 3694 1987 3751; x_wconf 87' lang='lat' dir='ltr'><strong>favorem</strong></span> 
     </span>
    </p>
   </div>
   <div class='ocr_carea' id='block_1_68' title="bbox 410 3774 1989 3843">
    <p class='ocr_par' dir='ltr' id='par_1_68' title="bbox 410 3774 1989 3843">
     <span class='ocr_line' id='line_1_68' title="bbox 410 3774 1989 3843; baseline 0.009 -18"><span class='ocrx_word' id='word_1_476' title='bbox 410 3774 813 3841; x_wconf 69' lang='lat' dir='ltr'><strong>Donatistarum</strong></span> <span class='ocrx_word' id='word_1_477' title='bbox 840 3778 962 3843; x_wconf 82' lang='lat' dir='ltr'><strong>latae</strong></span> <span class='ocrx_word' id='word_1_478' title='bbox 983 3789 1037 3837; x_wconf 88' lang='lat' dir='ltr'><strong>et</strong></span> <span class='ocrx_word' id='word_1_479' title='bbox 1061 3779 1127 3837; x_wconf 91' lang='lat' dir='ltr'><strong>ad</strong></span> <span class='ocrx_word' id='word_1_480' title='bbox 1153 3781 1501 3843; x_wconf 80' lang='lat' dir='ltr'><strong>obtinendam</strong></span> <span class='ocrx_word' id='word_1_481' title='bbox 1544 3798 1664 3838; x_wconf 91' lang='lat' dir='ltr'><strong>eum</strong></span> <span class='ocrx_word' id='word_1_482' title='bbox 1691 3784 1989 3841; x_wconf 84' lang='lat' dir='ltr'><strong>Donatistis</strong></span> 
     </span>
    </p>
   </div>
   <div class='ocr_carea' id='block_1_69' title="bbox 409 3868 1990 3938">
    <p class='ocr_par' dir='ltr' id='par_1_69' title="bbox 409 3868 1990 3938">
     <span class='ocr_line' id='line_1_69' title="bbox 409 3868 1990 3938; baseline 0.008 -17"><span class='ocrx_word' id='word_1_483' title='bbox 409 3868 775 3926; x_wconf 84' lang='lat' dir='ltr'><strong>collationem.</strong></span> <span class='ocrx_word' id='word_1_484' title='bbox 804 3872 1040 3931; x_wconf 85' lang='lat' dir='ltr'><strong>Allectus</strong></span> <span class='ocrx_word' id='word_1_485' title='bbox 1069 3872 1167 3934; x_wconf 87' lang='lat' dir='ltr'><strong>fuit</strong></span> <span class='ocrx_word' id='word_1_486' title='bbox 1194 3874 1389 3931; x_wconf 86' lang='lat' dir='ltr'><strong>deinde</strong></span> <span class='ocrx_word' id='word_1_487' title='bbox 1415 3889 1469 3931; x_wconf 84' lang='lat' dir='ltr'><strong>a.</strong></span> <span class='ocrx_word' id='word_1_488' title='bbox 1488 3875 1589 3938; x_wconf 72' lang='lat' dir='ltr'><strong>Illi</strong></span> <span class='ocrx_word' id='word_1_489' title='bbox 1621 3877 1673 3931; x_wconf 87' lang='lat' dir='ltr'><strong>in</strong></span> <span class='ocrx_word' id='word_1_490' title='bbox 1700 3877 1990 3934; x_wconf 79' lang='lat' dir='ltr'><strong>collatione</strong></span> 
     </span>
    </p>
   </div>
   <div class='ocr_carea' id='block_1_70' title="bbox 409 3959 1991 4037">
    <p class='ocr_par' dir='ltr' id='par_1_70' title="bbox 409 3959 1991 4037">
     <span class='ocr_line' id='line_1_70' title="bbox 409 3959 1991 4037; baseline 0.006 -24"><span class='ocrx_word' id='word_1_491' title='bbox 409 3978 530 4014; x_wconf 79' lang='lat' dir='ltr'><strong>cum</strong></span> <span class='ocrx_word' id='word_1_492' title='bbox 556 3959 849 4019; x_wconf 84' lang='lat' dir='ltr'><strong>Donatistis</strong></span> <span class='ocrx_word' id='word_1_493' title='bbox 869 3963 1009 4017; x_wconf 88' lang='lat' dir='ltr'><strong>inter</strong></span> <span class='ocrx_word' id='word_1_494' title='bbox 1034 3976 1239 4034; x_wconf 82' lang='lat' dir='ltr'><strong>septem</strong></span> <span class='ocrx_word' id='word_1_495' title='bbox 1272 3974 1484 4021; x_wconf 84' lang='lat' dir='ltr'><strong>actores</strong></span> <span class='ocrx_word' id='word_1_496' title='bbox 1508 3967 1678 4037; x_wconf 86' lang='lat' dir='ltr'><strong>partis</strong></span> <span class='ocrx_word' id='word_1_497' title='bbox 1708 3966 1991 4025; x_wconf 79' lang='lat' dir='ltr'><strong>catholicae</strong></span> 
     </span>
    </p>
   </div>
   <div class='ocr_carea' id='block_1_71' title="bbox 412 4052 1991 4123">
    <p class='ocr_par' dir='ltr' id='par_1_71' title="bbox 412 4052 1991 4123">
     <span class='ocr_line' id='line_1_71' title="bbox 412 4052 1991 4123; baseline 0.007 -20"><span class='ocrx_word' id='word_1_498' title='bbox 412 4052 657 4121; x_wconf 84' lang='lat' dir='ltr'><strong>actisque</strong></span> <span class='ocrx_word' id='word_1_499' title='bbox 699 4052 817 4121; x_wconf 84' lang='lat' dir='ltr'><strong>ejus</strong></span> <span class='ocrx_word' id='word_1_500' title='bbox 865 4054 1203 4123; x_wconf 76' lang='lat' dir='ltr'><strong>subscripsit.</strong></span> <span class='ocrx_word' id='word_1_501' title='bbox 1244 4056 1488 4111; x_wconf 78' lang='lat' dir='ltr'><strong>Interfuit</strong></span> <span class='ocrx_word' id='word_1_502' title='bbox 1537 4059 1698 4113; x_wconf 86' lang='lat' dir='ltr'><strong>etiam</strong></span> <span class='ocrx_word' id='word_1_503' title='bbox 1744 4060 1991 4115; x_wconf 87' lang='lat' dir='ltr'><strong>conciliis</strong></span> 
     </span>
    </p>
   </div>
   <div class='ocr_carea' id='block_1_72' title="bbox 413 4142 1986 4218">
    <p class='ocr_par' dir='ltr' id='par_1_72' title="bbox 413 4142 1986 4218">
     <span class='ocr_line' id='line_1_72' title="bbox 413 4142 1986 4218; baseline 0.006 -22"><span class='ocrx_word' id='word_1_504' title='bbox 413 4142 679 4196; x_wconf 82' lang='lat' dir='ltr'><strong>Africanis</strong></span> <span class='ocrx_word' id='word_1_505' title='bbox 707 4143 777 4197; x_wconf 92' lang='lat' dir='ltr'><strong>ob</strong></span> <span class='ocrx_word' id='word_1_506' title='bbox 807 4142 1049 4198; x_wconf 69' lang='lat' dir='ltr'><strong>leestii</strong></span> <span class='ocrx_word' id='word_1_507' title='bbox 1085 4152 1140 4199; x_wconf 92' lang='lat' dir='ltr'><strong>et</strong></span> <span class='ocrx_word' id='word_1_508' title='bbox 1166 4146 1362 4216; x_wconf 85' lang='lat' dir='ltr'><strong>Pelagii</strong></span> <span class='ocrx_word' id='word_1_509' title='bbox 1396 4150 1643 4203; x_wconf 73' lang='lat' dir='ltr'><strong>ltmresim</strong></span> <span class='ocrx_word' id='word_1_510' title='bbox 1674 4151 1986 4218; x_wconf 88' lang='lat' dir='ltr'><strong>celebratis,</strong></span> 
     </span>
    </p>
   </div>
   <div class='ocr_carea' id='block_1_73' title="bbox 414 4236 1994 4309">
    <p class='ocr_par' dir='ltr' id='par_1_73' title="bbox 414 4236 1994 4309">
     <span class='ocr_line' id='line_1_73' title="bbox 414 4236 1994 4309; baseline 0.008 -23"><span class='ocrx_word' id='word_1_511' title='bbox 414 4250 626 4304; x_wconf 82' lang='lat' dir='ltr'><strong>unaque</strong></span> <span class='ocrx_word' id='word_1_512' title='bbox 652 4236 923 4291; x_wconf 80' lang='lat' dir='ltr'><strong>cumaliis</strong></span> <span class='ocrx_word' id='word_1_513' title='bbox 950 4236 1211 4292; x_wconf 73' lang='lat' dir='ltr'><strong>Numidia:</strong></span> <span class='ocrx_word' id='word_1_514' title='bbox 1237 4239 1506 4309; x_wconf 84' lang='lat' dir='ltr'><strong>episcopis</strong></span> <span class='ocrx_word' id='word_1_515' title='bbox 1534 4256 1602 4297; x_wconf 79' lang='lat' dir='ltr'><strong>ex</strong></span> <span class='ocrx_word' id='word_1_516' title='bbox 1634 4244 1871 4300; x_wconf 86' lang='lat' dir='ltr'><strong>concilio</strong></span> <span class='ocrx_word' id='word_1_517' title='bbox 1896 4245 1994 4298; x_wconf 74' lang='lat' dir='ltr'><strong>lili-</strong></span> 
     </span>
    </p>
   </div>
   <div class='ocr_carea' id='block_1_74' title="bbox 413 4326 1993 4404">
    <p class='ocr_par' dir='ltr' id='par_1_74' title="bbox 413 4326 1993 4404">
     <span class='ocr_line' id='line_1_74' title="bbox 413 4326 1993 4404; baseline 0.008 -24"><span class='ocrx_word' id='word_1_518' title='bbox 413 4326 650 4387; x_wconf 80' lang='lat' dir='ltr'><strong>levitaua</strong></span> <span class='ocrx_word' id='word_1_519' title='bbox 690 4329 902 4392; x_wconf 82' lang='lat' dir='ltr'><strong>litteras</strong></span> <span class='ocrx_word' id='word_1_520' title='bbox 937 4329 1004 4386; x_wconf 85' lang='lat' dir='ltr'><strong>ad</strong></span> <span class='ocrx_word' id='word_1_521' title='bbox 1032 4330 1399 4386; x_wconf 87' lang='lat' dir='ltr'><strong>Innocentium</strong></span> <span class='ocrx_word' id='word_1_522' title='bbox 1444 4334 1758 4404; x_wconf 81' lang='lat' dir='ltr'><strong>cpisropum</strong></span> <span class='ocrx_word' id='word_1_523' title='bbox 1792 4337 1993 4391; x_wconf 76' lang='lat' dir='ltr'><strong>noma-</strong></span> 
     </span>
    </p>
   </div>
   <div class='ocr_carea' id='block_1_75' title="bbox 417 4421 1992 4495">
    <p class='ocr_par' dir='ltr' id='par_1_75' title="bbox 417 4421 1992 4495">
     <span class='ocr_line' id='line_1_75' title="bbox 417 4421 1992 4495; baseline 0.008 -20"><span class='ocrx_word' id='word_1_524' title='bbox 417 4437 543 4476; x_wconf 88' lang='lat' dir='ltr'><strong>num</strong></span> <span class='ocrx_word' id='word_1_525' title='bbox 592 4421 753 4477; x_wconf 84' lang='lat' dir='ltr'><strong>dedit.</strong></span> <span class='ocrx_word' id='word_1_526' title='bbox 812 4423 1098 4495; x_wconf 82' lang='lat' dir='ltr'><strong>ingruente</strong></span> <span class='ocrx_word' id='word_1_527' title='bbox 1145 4425 1356 4482; x_wconf 89' lang='lat' dir='ltr'><strong>tandem</strong></span> <span class='ocrx_word' id='word_1_528' title='bbox 1405 4442 1458 4482; x_wconf 84' lang='lat' dir='ltr'><strong>a.</strong></span> <span class='ocrx_word' id='word_1_529' title='bbox 1498 4429 1603 4485; x_wconf 66' lang='grc'><strong>450</strong></span> <span class='ocrx_word' id='word_1_530' title='bbox 1634 4429 1992 4487; x_wconf 85' lang='lat' dir='ltr'><strong>Vandalorum</strong></span> 
     </span>
    </p>
   </div>
   <div class='ocr_carea' id='block_1_76' title="bbox 414 4516 1995 4595">
    <p class='ocr_par' dir='ltr' id='par_1_76' title="bbox 414 4516 1995 4595">
     <span class='ocr_line' id='line_1_76' title="bbox 414 4516 1995 4595; baseline 0.01 -29"><span class='ocrx_word' id='word_1_531' title='bbox 414 4528 558 4569; x_wconf 64' lang='lat' dir='ltr'><strong>utero</strong></span> <span class='ocrx_word' id='word_1_532' title='bbox 580 4529 674 4583; x_wconf 83' lang='lat' dir='ltr'><strong>per</strong></span> <span class='ocrx_word' id='word_1_533' title='bbox 702 4516 979 4573; x_wconf 86' lang='lat' dir='ltr'><strong>universas</strong></span> <span class='ocrx_word' id='word_1_534' title='bbox 1000 4517 1191 4579; x_wconf 73' lang='lat' dir='ltr'><strong>Africa:</strong></span> <span class='ocrx_word' id='word_1_535' title='bbox 1214 4520 1521 4588; x_wconf 80' lang='lat' dir='ltr'><strong>provincias</strong></span> <span class='ocrx_word' id='word_1_536' title='bbox 1542 4524 1803 4590; x_wconf 78' lang='lat' dir='ltr'><strong>exercitu,</strong></span> <span class='ocrx_word' id='word_1_537' title='bbox 1830 4535 1882 4579; x_wconf 92' lang='lat' dir='ltr'><strong>et</strong></span> <span class='ocrx_word' id='word_1_538' title='bbox 1899 4539 1995 4595; x_wconf 86' lang='lat' dir='ltr'><strong>0p-</strong></span> 
     </span>
    </p>
   </div>
   <div class='ocr_carea' id='block_1_77' title="bbox 2096 3318 3682 3394">
    <p class='ocr_par' dir='ltr' id='par_1_77' title="bbox 2096 3318 3682 3394">
     <span class='ocr_line' id='line_1_77' title="bbox 2096 3318 3682 3394; baseline -0.004 -14"><span class='ocrx_word' id='word_1_539' title='bbox 2096 3325 2254 3380; x_wconf 90' lang='lat' dir='ltr'><strong>merii</strong></span> <span class='ocrx_word' id='word_1_540' title='bbox 2285 3339 2452 3394; x_wconf 88' lang='lat' dir='ltr'><strong>opera</strong></span> <span class='ocrx_word' id='word_1_541' title='bbox 2485 3323 2746 3378; x_wconf 86' lang='lat' dir='ltr'><strong>translata</strong></span> <span class='ocrx_word' id='word_1_542' title='bbox 2778 3332 2864 3377; x_wconf 89' lang='lat' dir='ltr'><strong>est</strong></span> <span class='ocrx_word' id='word_1_543' title='bbox 2902 3322 2957 3376; x_wconf 93' lang='lat' dir='ltr'><strong>in</strong></span> <span class='ocrx_word' id='word_1_544' title='bbox 2984 3321 3278 3376; x_wconf 72' lang='lat' dir='ltr'><strong>editionem</strong></span> <span class='ocrx_word' id='word_1_545' title='bbox 3312 3318 3682 3373; x_wconf 81' lang='lat' dir='ltr'><strong>Basileensem</strong></span> 
     </span>
    </p>
   </div>
   <div class='ocr_carea' id='block_1_78' title="bbox 2094 3412 2899 3487">
    <p class='ocr_par' dir='ltr' id='par_1_78' title="bbox 2094 3412 2899 3487">
     <span class='ocr_line' id='line_1_78' title="bbox 2094 3412 2899 3487; baseline -0.005 -15"><span class='ocrx_word' id='word_1_546' title='bbox 2094 3418 2331 3487; x_wconf 83' lang='lat' dir='ltr'><strong>Operam</strong></span> <span class='ocrx_word' id='word_1_547' title='bbox 2353 3414 2643 3486; x_wconf 86' lang='lat' dir='ltr'><strong>Augustini</strong></span> <span class='ocrx_word' id='word_1_548' title='bbox 2673 3430 2702 3468; x_wconf 87' lang='lat' dir='ltr'><strong>a</strong></span> <span class='ocrx_word' id='word_1_549' title='bbox 2739 3412 2899 3469; x_wconf 80' lang='grc'><strong>1569.</strong></span> 
     </span>
    </p>
   </div>
   <div class='ocr_carea' id='block_1_79' title="bbox 2168 3497 3684 3575">
    <p class='ocr_par' dir='ltr' id='par_1_79' title="bbox 2168 3497 3684 3575">
     <span class='ocr_line' id='line_1_79' title="bbox 2168 3497 3684 3575; baseline -0.006 -13"><span class='ocrx_word' id='word_1_550' title='bbox 2168 3508 2327 3563; x_wconf 76' lang='grc'><strong>1575.</strong></span> <span class='ocrx_word' id='word_1_551' title='bbox 2369 3505 2598 3562; x_wconf 70' lang='lat' dir='ltr'><strong>Coloniae</strong></span> <span class='ocrx_word' id='word_1_552' title='bbox 2648 3505 2977 3575; x_wconf 71' lang='lat' dir='ltr'><strong>Agrippina’,‘</strong></span> <span class='ocrx_word' id='word_1_553' title='bbox 3022 3504 3198 3574; x_wconf 71' lang='grc' dir='ltr'><strong>ἔτι-[οι.</strong></span> <span class='ocrx_word' id='word_1_554' title='bbox 3238 3499 3357 3555; x_wconf 72' lang='lat' dir='ltr'><strong>Vita</strong></span> <span class='ocrx_word' id='word_1_555' title='bbox 3390 3497 3684 3569; x_wconf 85' lang='lat' dir='ltr'><strong>Augustini</strong></span> 
     </span>
    </p>
   </div>
   <div class='ocr_carea' id='block_1_80' title="bbox 2094 3591 3681 3673">
    <p class='ocr_par' dir='ltr' id='par_1_80' title="bbox 2094 3591 3681 3673">
     <span class='ocr_line' id='line_1_80' title="bbox 2094 3591 3681 3673; baseline -0.011 -16"><span class='ocrx_word' id='word_1_556' title='bbox 2094 3599 2618 3673; x_wconf 85' lang='lat' dir='ltr'><strong>episcopi.....edita</strong></span> <span class='ocrx_word' id='word_1_557' title='bbox 2650 3615 2678 3654; x_wconf 91' lang='lat' dir='ltr'><strong>a</strong></span> <span class='ocrx_word' id='word_1_558' title='bbox 2706 3597 2955 3653; x_wconf 77' lang='lat' dir='ltr'><strong>Possidio</strong></span> <span class='ocrx_word' id='word_1_559' title='bbox 2984 3598 3214 3666; x_wconf 85' lang='lat' dir='ltr'><strong>primum</strong></span> <span class='ocrx_word' id='word_1_560' title='bbox 3240 3595 3357 3663; x_wconf 89' lang='lat' dir='ltr'><strong>ejus</strong></span> <span class='ocrx_word' id='word_1_561' title='bbox 3386 3591 3681 3660; x_wconf 70' lang='lat' dir='ltr'><strong>discipulo,</strong></span> 
     </span>
    </p>
   </div>
   <div class='ocr_carea' id='block_1_81' title="bbox 2095 3682 3686 3764">
    <p class='ocr_par' dir='ltr' id='par_1_81' title="bbox 2095 3682 3686 3764">
     <span class='ocr_line' id='line_1_81' title="bbox 2095 3682 3686 3764; baseline -0.011 -15"><span class='ocrx_word' id='word_1_562' title='bbox 2095 3702 2283 3763; x_wconf 84' lang='lat' dir='ltr'><strong>postea</strong></span> <span class='ocrx_word' id='word_1_563' title='bbox 2310 3693 2569 3764; x_wconf 86' lang='lat' dir='ltr'><strong>episcopo</strong></span> <span class='ocrx_word' id='word_1_564' title='bbox 2613 3689 2951 3755; x_wconf 86' lang='lat' dir='ltr'><strong>Calameusi;</strong></span> <span class='ocrx_word' id='word_1_565' title='bbox 2986 3688 3041 3742; x_wconf 90' lang='lat' dir='ltr'><strong>in</strong></span> <span class='ocrx_word' id='word_1_566' title='bbox 3085 3686 3243 3740; x_wconf 85' lang='lat' dir='ltr'><strong>Laur.</strong></span> <span class='ocrx_word' id='word_1_567' title='bbox 3281 3683 3426 3740; x_wconf 83' lang='lat' dir='ltr'><strong>Surii</strong></span> <span class='ocrx_word' id='word_1_568' title='bbox 3449 3682 3686 3754; x_wconf 68' lang='lat' dir='ltr'><strong>probatis</strong></span> 
     </span>
    </p>
   </div>
   <div class='ocr_carea' id='block_1_82' title="bbox 2096 3772 3685 3852">
    <p class='ocr_par' dir='ltr' id='par_1_82' title="bbox 2096 3772 3685 3852">
     <span class='ocr_line' id='line_1_82' title="bbox 2096 3772 3685 3852; baseline -0.008 -11"><span class='ocrx_word' id='word_1_569' title='bbox 2096 3784 2204 3841; x_wconf 87' lang='lat' dir='ltr'><strong>SS.</strong></span> <span class='ocrx_word' id='word_1_570' title='bbox 2246 3784 2372 3838; x_wconf 81' lang='lat' dir='ltr'><strong>Vitis</strong></span> <span class='ocrx_word' id='word_1_571' title='bbox 2397 3783 2463 3837; x_wconf 88' lang='lat' dir='ltr'><strong>ad</strong></span> <span class='ocrx_word' id='word_1_572' title='bbox 2496 3784 2638 3838; x_wconf 90' lang='lat' dir='ltr'><strong>diem</strong></span> <span class='ocrx_word' id='word_1_573' title='bbox 2666 3782 2737 3836; x_wconf 72' lang='lat'><strong>23</strong></span> <span class='ocrx_word' id='word_1_574' title='bbox 2764 3780 2926 3852; x_wconf 88' lang='lat' dir='ltr'><strong>Aug.,</strong></span> <span class='ocrx_word' id='word_1_575' title='bbox 2968 3780 3033 3835; x_wconf 83' lang='lat'><strong>1‘.</strong></span> <span class='ocrx_word' id='word_1_576' title='bbox 3066 3779 3133 3834; x_wconf 80' lang='lat' dir='ltr'><strong>iV</strong></span> <span class='ocrx_word' id='word_1_577' title='bbox 3162 3794 3317 3848; x_wconf 78' lang='lat' dir='ltr'><strong>pagg.</strong></span> <span class='ocrx_word' id='word_1_578' title='bbox 3344 3774 3577 3831; x_wconf 64' lang='lat'><strong>953-47.</strong></span> <span class='ocrx_word' id='word_1_579' title='bbox 3618 3772 3685 3828; x_wconf 90' lang='lat' dir='ltr'><strong>ln</strong></span> 
     </span>
    </p>
   </div>
   <div class='ocr_carea' id='block_1_83' title="bbox 2095 3869 3682 3939">
    <p class='ocr_par' dir='ltr' id='par_1_83' title="bbox 2095 3869 3682 3939">
     <span class='ocr_line' id='line_1_83' title="bbox 2095 3869 3682 3939; baseline -0.006 -10"><span class='ocrx_word' id='word_1_580' title='bbox 2095 3875 2388 3930; x_wconf 85' lang='lat' dir='ltr'><strong>novissima</strong></span> <span class='ocrx_word' id='word_1_581' title='bbox 2427 3873 2746 3929; x_wconf 84' lang='lat' dir='ltr'><strong>Coloniensi</strong></span> <span class='ocrx_word' id='word_1_582' title='bbox 2789 3888 2842 3927; x_wconf 86' lang='lat' dir='ltr'><strong>a.</strong></span> <span class='ocrx_word' id='word_1_583' title='bbox 2886 3872 3063 3939; x_wconf 80' lang='grc'><strong>1618,</strong></span> <span class='ocrx_word' id='word_1_584' title='bbox 3106 3869 3209 3925; x_wconf 79' lang='lat' dir='ltr'><strong>huc</strong></span> <span class='ocrx_word' id='word_1_585' title='bbox 3244 3882 3466 3933; x_wconf 84' lang='lat' dir='ltr'><strong>mense,</strong></span> <span class='ocrx_word' id='word_1_586' title='bbox 3520 3880 3682 3935; x_wconf 84' lang='lat' dir='ltr'><strong>pagg.</strong></span> 
     </span>
    </p>
   </div>
   <div class='ocr_carea' id='block_1_84' title="bbox 2093 3966 2396 4024">
    <p class='ocr_par' dir='ltr' id='par_1_84' title="bbox 2093 3966 2396 4024">
     <span class='ocr_line' id='line_1_84' title="bbox 2093 3966 2396 4024; baseline -0.01 0"><span class='ocrx_word' id='word_1_587' title='bbox 2093 3966 2396 4024; x_wconf 53' lang='grc' dir='ltr'><strong>ὅθι-309.</strong></span> 
     </span>
    </p>
   </div>
   <div class='ocr_carea' id='block_1_85' title="bbox 2700 4048 3085 4091">
    <p class='ocr_par' dir='ltr' id='par_1_85' title="bbox 2700 4048 3085 4091">
     <span class='ocr_line' id='line_1_85' title="bbox 2700 4048 3085 4091; baseline -0.016 1"><span class='ocrx_word' id='word_1_588' title='bbox 2700 4049 2917 4091; x_wconf 72' lang='grc' dir='ltr'>ιιουιο</span> <span class='ocrx_word' id='word_1_589' title='bbox 2955 4048 3061 4088; x_wconf 72' lang='lat' dir='ltr'><strong>XVII</strong></span> <span class='ocrx_word' id='word_1_590' title='bbox 3071 4070 3085 4087; x_wconf 78' lang='grc' dir='ltr'><strong>ι</strong></span> 
     </span>
    </p>
   </div>
   <div class='ocr_carea' id='block_1_86' title="bbox 2170 4141 3696 4222">
    <p class='ocr_par' dir='ltr' id='par_1_86' title="bbox 2170 4141 3696 4222">
     <span class='ocr_line' id='line_1_86' title="bbox 2170 4141 3696 4222; baseline -0.009 -13"><span class='ocrx_word' id='word_1_591' title='bbox 2170 4151 2329 4209; x_wconf 83' lang='grc'><strong>1690.</strong></span> <span class='ocrx_word' id='word_1_592' title='bbox 2372 4150 2613 4213; x_wconf 85' lang='lat' dir='ltr'><strong>Parisiis,</strong></span> <span class='ocrx_word' id='word_1_593' title='bbox 2638 4151 2777 4222; x_wconf 85' lang='lat' dir='ltr'><strong>apud</strong></span> <span class='ocrx_word' id='word_1_594' title='bbox 2802 4147 2992 4202; x_wconf 69' lang='lat' dir='ltr'><strong>Frons.</strong></span> <span class='ocrx_word' id='word_1_595' title='bbox 3018 4146 3225 4216; x_wconf 74' lang='lat' dir='ltr'><strong>Bluguet</strong></span> <span class='ocrx_word' id='word_1_596' title='bbox 3248 4161 3268 4210; x_wconf 90' lang='lat'><em>;</em></span> <span class='ocrx_word' id='word_1_597' title='bbox 3288 4143 3464 4214; x_wconf 72' lang='lat' dir='ltr'><strong>iit-fol.</strong></span> <span class='ocrx_word' id='word_1_598' title='bbox 3495 4142 3549 4197; x_wconf 95' lang='grc'><strong>8.</strong></span> <span class='ocrx_word' id='word_1_599' title='bbox 3572 4141 3696 4195; x_wconf 81' lang='lat' dir='ltr'><strong>An-</strong></span> 
     </span>
    </p>
   </div>
   <div class='ocr_carea' id='block_1_87' title="bbox 2097 4234 3691 4313">
    <p class='ocr_par' dir='ltr' id='par_1_87' title="bbox 2097 4234 3691 4313">
     <span class='ocr_line' id='line_1_87' title="bbox 2097 4234 3691 4313; baseline -0.008 -14"><span class='ocrx_word' id='word_1_600' title='bbox 2097 4243 2217 4299; x_wconf 79' lang='lat' dir='ltr'><strong>relii</strong></span> <span class='ocrx_word' id='word_1_601' title='bbox 2247 4242 2531 4313; x_wconf 82' lang='lat' dir='ltr'><strong>Augustini</strong></span> <span class='ocrx_word' id='word_1_602' title='bbox 2582 4241 2743 4309; x_wconf 80' lang='lat' dir='ltr'><strong>Hipp.</strong></span> <span class='ocrx_word' id='word_1_603' title='bbox 2794 4254 2882 4309; x_wconf 89' lang='lat' dir='ltr'><strong>ep.</strong></span> <span class='ocrx_word' id='word_1_604' title='bbox 2921 4237 3059 4304; x_wconf 72' lang='lat' dir='ltr'><strong>Vita,</strong></span> <span class='ocrx_word' id='word_1_605' title='bbox 3103 4245 3323 4290; x_wconf 87' lang='lat' dir='ltr'><strong>auctore</strong></span> <span class='ocrx_word' id='word_1_606' title='bbox 3367 4234 3691 4288; x_wconf 87' lang='lat' dir='ltr'><strong>Calamensi</strong></span> 
     </span>
    </p>
   </div>
   <div class='ocr_carea' id='block_1_88' title="bbox 2097 4324 3695 4406">
    <p class='ocr_par' dir='ltr' id='par_1_88' title="bbox 2097 4324 3695 4406">
     <span class='ocr_line' id='line_1_88' title="bbox 2097 4324 3695 4406; baseline -0.009 -15"><span class='ocrx_word' id='word_1_607' title='bbox 2097 4337 2377 4406; x_wconf 75' lang='lat' dir='ltr'><strong>cpiscotto,</strong></span> <span class='ocrx_word' id='word_1_608' title='bbox 2411 4334 2586 4402; x_wconf 81' lang='lat' dir='ltr'><strong>ipsius</strong></span> <span class='ocrx_word' id='word_1_609' title='bbox 2620 4330 2905 4401; x_wconf 72' lang='lat' dir='ltr'><strong>discipulo.</strong></span> <span class='ocrx_word' id='word_1_610' title='bbox 2940 4327 3069 4382; x_wconf 82' lang='lat' dir='ltr'><strong>Item</strong></span> <span class='ocrx_word' id='word_1_611' title='bbox 3093 4326 3366 4381; x_wconf 79' lang='lat' dir='ltr'><strong>lndicolus</strong></span> <span class='ocrx_word' id='word_1_612' title='bbox 3393 4324 3695 4391; x_wconf 51' lang='lat' dir='ltr'><strong>librorum,</strong></span> 
     </span>
    </p>
   </div>
   <div class='ocr_carea' id='block_1_89' title="bbox 2099 4415 3698 4494">
    <p class='ocr_par' dir='ltr' id='par_1_89' title="bbox 2099 4415 3698 4494">
     <span class='ocr_line' id='line_1_89' title="bbox 2099 4415 3698 4494; baseline -0.009 -10"><span class='ocrx_word' id='word_1_613' title='bbox 2099 4436 2423 4484; x_wconf 87' lang='lat' dir='ltr'><strong>tractatuum</strong></span> <span class='ocrx_word' id='word_1_614' title='bbox 2469 4431 2526 4479; x_wconf 88' lang='lat' dir='ltr'><strong>et</strong></span> <span class='ocrx_word' id='word_1_615' title='bbox 2570 4423 2918 4494; x_wconf 69' lang='lat' dir='ltr'><strong>epistularum</strong></span> <span class='ocrx_word' id='word_1_616' title='bbox 2961 4420 3020 4474; x_wconf 89' lang='grc'><strong>8.</strong></span> <span class='ocrx_word' id='word_1_617' title='bbox 3065 4416 3354 4488; x_wconf 55' lang='lat' dir='ltr'><strong>Augustini</strong></span> <span class='ocrx_word' id='word_1_618' title='bbox 3393 4415 3552 4485; x_wconf 84' lang='lat' dir='ltr'><strong>Hipp.</strong></span> <span class='ocrx_word' id='word_1_619' title='bbox 3584 4429 3698 4484; x_wconf 86' lang='lat' dir='ltr'><strong>ep.</strong></span> 
     </span>
    </p>
   </div>
   <div class='ocr_carea' id='block_1_90' title="bbox 2099 4507 3697 4583">
    <p class='ocr_par' dir='ltr' id='par_1_90' title="bbox 2099 4507 3697 4583">
     <span class='ocr_line' id='line_1_90' title="bbox 2099 4507 3697 4583; baseline -0.01 -8"><span class='ocrx_word' id='word_1_620' title='bbox 2099 4519 2282 4583; x_wconf 76' lang='lat' dir='ltr'><strong>editus</strong></span> <span class='ocrx_word' id='word_1_621' title='bbox 2310 4532 2443 4571; x_wconf 87' lang='lat' dir='ltr'><strong>cura</strong></span> <span class='ocrx_word' id='word_1_622' title='bbox 2485 4514 2716 4569; x_wconf 79' lang='lat' dir='ltr'><strong>Possidii</strong></span> <span class='ocrx_word' id='word_1_623' title='bbox 2748 4512 2787 4566; x_wconf 85' lang='lat' dir='ltr'><strong>E</strong></span> <span class='ocrx_word' id='word_1_624' title='bbox 2843 4511 2907 4566; x_wconf 89' lang='lat' dir='ltr'><strong>C.</strong></span> <span class='ocrx_word' id='word_1_625' title='bbox 2933 4526 2998 4565; x_wconf 79' lang='lat' dir='ltr'><strong>ex</strong></span> <span class='ocrx_word' id='word_1_626' title='bbox 3029 4509 3193 4564; x_wconf 87' lang='lat' dir='ltr'><strong>variis</strong></span> <span class='ocrx_word' id='word_1_627' title='bbox 3236 4507 3511 4561; x_wconf 90' lang='lat' dir='ltr'><strong>codicibus</strong></span> <span class='ocrx_word' id='word_1_628' title='bbox 3543 4519 3697 4559; x_wconf 83' lang='lat' dir='ltr'><strong>mss.</strong></span> 
     </span>
    </p>
   </div>
   <div class='ocr_carea' id='block_1_91' title="bbox 416 4589 3732 4686">
    <p class='ocr_par' dir='ltr' id='par_1_91' title="bbox 416 4589 3732 4686">
     <span class='ocr_line' id='line_1_91' title="bbox 416 4589 3732 4686; baseline -0.004 -26"><span class='ocrx_word' id='word_1_629' title='bbox 416 4621 597 4673; x_wconf 87' lang='lat' dir='ltr'><strong>pressa</strong></span> <span class='ocrx_word' id='word_1_630' title='bbox 625 4607 693 4663; x_wconf 89' lang='lat' dir='ltr'><strong>ab</strong></span> <span class='ocrx_word' id='word_1_631' title='bbox 724 4607 912 4673; x_wconf 82' lang='lat' dir='ltr'><strong>iisdem</strong></span> <span class='ocrx_word' id='word_1_632' title='bbox 945 4609 1160 4672; x_wconf 84' lang='lat' dir='ltr'><strong>Calama</strong></span> <span class='ocrx_word' id='word_1_633' title='bbox 1189 4621 1317 4669; x_wconf 90' lang='lat' dir='ltr'><strong>nutu</strong></span> <span class='ocrx_word' id='word_1_634' title='bbox 1346 4615 1495 4684; x_wconf 86' lang='lat' dir='ltr'><strong>quasi</strong></span> <span class='ocrx_word' id='word_1_635' title='bbox 1523 4614 1705 4670; x_wconf 88' lang='lat' dir='ltr'><strong>divino</strong></span> <span class='ocrx_word' id='word_1_636' title='bbox 1729 4589 1994 4686; x_wconf 78' lang='lat' dir='ltr'><strong>impulsus</strong></span> <span class='ocrx_word' id='word_1_637' title='bbox 2024 4589 2074 4649; x_wconf 79' lang='grc' dir='ltr'><strong>Ῑ)</strong></span> <span class='ocrx_word' id='word_1_638' title='bbox 2099 4610 2385 4667; x_wconf 87' lang='lat' dir='ltr'><strong>emendata</strong></span> <span class='ocrx_word' id='word_1_639' title='bbox 2417 4616 2470 4663; x_wconf 92' lang='lat' dir='ltr'><strong>et</strong></span> <span class='ocrx_word' id='word_1_640' title='bbox 2498 4621 2618 4660; x_wconf 92' lang='lat' dir='ltr'><strong>cum</strong></span> <span class='ocrx_word' id='word_1_641' title='bbox 2660 4604 2911 4660; x_wconf 85' lang='lat' dir='ltr'><strong>lectionis</strong></span> <span class='ocrx_word' id='word_1_642' title='bbox 2955 4602 3272 4656; x_wconf 84' lang='lat' dir='ltr'><strong>diversitate</strong></span> <span class='ocrx_word' id='word_1_643' title='bbox 3310 4599 3365 4652; x_wconf 91' lang='lat' dir='ltr'><strong>in</strong></span> <span class='ocrx_word' id='word_1_644' title='bbox 3408 4597 3467 4652; x_wconf 85' lang='lat' dir='ltr'><strong>P.</strong></span> <span class='ocrx_word' id='word_1_645' title='bbox 3498 4612 3556 4652; x_wconf 85' lang='grc' dir='ltr'><strong>ιιι</strong></span> <span class='ocrx_word' id='word_1_646' title='bbox 3586 4612 3732 4675; x_wconf 38' lang='grc' dir='ltr'><strong>ίῳ-.</strong></span> 
     </span>
    </p>
   </div>
   <div class='ocr_carea' id='block_1_92' title="bbox 418 4697 1993 4771">
    <p class='ocr_par' dir='ltr' id='par_1_92' title="bbox 418 4697 1993 4771">
     <span class='ocr_line' id='line_1_92' title="bbox 418 4697 1993 4771; baseline 0.008 -22"><span class='ocrx_word' id='word_1_647' title='bbox 418 4697 514 4759; x_wconf 86' lang='lat' dir='ltr'><strong>fnit</strong></span> <span class='ocrx_word' id='word_1_648' title='bbox 541 4698 842 4763; x_wconf 79' lang='lat' dir='ltr'><strong>Possidius,</strong></span> <span class='ocrx_word' id='word_1_649' title='bbox 868 4709 925 4757; x_wconf 91' lang='lat' dir='ltr'><strong>ut</strong></span> <span class='ocrx_word' id='word_1_650' title='bbox 955 4700 1255 4771; x_wconf 66' lang='lat' dir='ltr'><strong>Hipponem</strong></span> <span class='ocrx_word' id='word_1_651' title='bbox 1285 4718 1346 4760; x_wconf 84' lang='lat' dir='ltr'><strong>se</strong></span> <span class='ocrx_word' id='word_1_652' title='bbox 1392 4704 1690 4763; x_wconf 79' lang='lat' dir='ltr'><strong>conferret.</strong></span> <span class='ocrx_word' id='word_1_653' title='bbox 1720 4706 1818 4767; x_wconf 82' lang='lat' dir='ltr'><strong>Vix</strong></span> <span class='ocrx_word' id='word_1_654' title='bbox 1849 4708 1993 4762; x_wconf 82' lang='lat' dir='ltr'><strong>enim</strong></span> 
     </span>
    </p>
   </div>
   <div class='ocr_carea' id='block_1_93' title="bbox 416 4788 1998 4858">
    <p class='ocr_par' dir='ltr' id='par_1_93' title="bbox 416 4788 1998 4858">
     <span class='ocr_line' id='line_1_93' title="bbox 416 4788 1998 4858; baseline 0.004 -12"><span class='ocrx_word' id='word_1_655' title='bbox 416 4788 607 4846; x_wconf 86' lang='lat' dir='ltr'><strong>eodem</strong></span> <span class='ocrx_word' id='word_1_656' title='bbox 630 4802 993 4854; x_wconf 88' lang='lat' dir='ltr'><strong>concesserat,</strong></span> <span class='ocrx_word' id='word_1_657' title='bbox 1018 4806 1139 4849; x_wconf 88' lang='lat' dir='ltr'><strong>cum</strong></span> <span class='ocrx_word' id='word_1_658' title='bbox 1169 4804 1220 4849; x_wconf 91' lang='lat' dir='ltr'><strong>et</strong></span> <span class='ocrx_word' id='word_1_659' title='bbox 1252 4794 1367 4858; x_wconf 70' lang='lat' dir='ltr'><strong>haec</strong></span> <span class='ocrx_word' id='word_1_660' title='bbox 1397 4796 1525 4850; x_wconf 88' lang='lat' dir='ltr'><strong>urbs</strong></span> <span class='ocrx_word' id='word_1_661' title='bbox 1552 4796 1837 4855; x_wconf 88' lang='lat' dir='ltr'><strong>obsidione</strong></span> <span class='ocrx_word' id='word_1_662' title='bbox 1859 4799 1998 4852; x_wconf 90' lang='lat' dir='ltr'><strong>clau-</strong></span> 
     </span>
    </p>
   </div>
   <div class='ocr_carea' id='block_1_94' title="bbox 417 4881 2000 4955">
    <p class='ocr_par' dir='ltr' id='par_1_94' title="bbox 417 4881 2000 4955">
     <span class='ocr_line' id='line_1_94' title="bbox 417 4881 2000 4955; baseline 0.009 -23"><span class='ocrx_word' id='word_1_663' title='bbox 417 4881 637 4936; x_wconf 85' lang='lat' dir='ltr'><strong>deretur</strong></span> <span class='ocrx_word' id='word_1_664' title='bbox 656 4892 814 4952; x_wconf 85' lang='lat' dir='ltr'><strong>atque</strong></span> <span class='ocrx_word' id='word_1_665' title='bbox 833 4882 1164 4953; x_wconf 82' lang='lat' dir='ltr'><strong>Augustinus</strong></span> <span class='ocrx_word' id='word_1_666' title='bbox 1184 4886 1333 4943; x_wconf 89' lang='lat' dir='ltr'><strong>febre</strong></span> <span class='ocrx_word' id='word_1_667' title='bbox 1353 4899 1631 4955; x_wconf 82' lang='lat' dir='ltr'><strong>correptus</strong></span> <span class='ocrx_word' id='word_1_668' title='bbox 1648 4888 2000 4947; x_wconf 83' lang='lat' dir='ltr'><strong>decumberet</strong></span> 
     </span>
    </p>
   </div>
   <div class='ocr_carea' id='block_1_95' title="bbox 416 4975 2000 5055">
    <p class='ocr_par' dir='ltr' id='par_1_95' title="bbox 416 4975 2000 5055">
     <span class='ocr_line' id='line_1_95' title="bbox 416 4975 2000 5055; baseline 0.007 -30"><span class='ocrx_word' id='word_1_669' title='bbox 416 4983 472 5029; x_wconf 71' lang='grc' dir='ltr'><strong>ιιι</strong></span> <span class='ocrx_word' id='word_1_670' title='bbox 502 4984 620 5042; x_wconf 89' lang='lat' dir='ltr'><strong>post</strong></span> <span class='ocrx_word' id='word_1_671' title='bbox 650 4989 850 5055; x_wconf 81' lang='lat' dir='ltr'><strong>paucos</strong></span> <span class='ocrx_word' id='word_1_672' title='bbox 877 4975 997 5034; x_wconf 87' lang='lat' dir='ltr'><strong>dies</strong></span> <span class='ocrx_word' id='word_1_673' title='bbox 1034 4988 1245 5036; x_wconf 84' lang='lat' dir='ltr'><strong>astante</strong></span> <span class='ocrx_word' id='word_1_674' title='bbox 1272 4980 1446 5035; x_wconf 88' lang='lat' dir='ltr'><strong>amico</strong></span> <span class='ocrx_word' id='word_1_675' title='bbox 1483 4979 1832 5036; x_wconf 89' lang='lat' dir='ltr'><strong>obdormiret.</strong></span> <span class='ocrx_word' id='word_1_676' title='bbox 1868 4981 2000 5037; x_wconf 90' lang='lat' dir='ltr'><strong>Post</strong></span> 
     </span>
    </p>
   </div>
   <div class='ocr_carea' id='block_1_96' title="bbox 417 5067 1992 5145">
    <p class='ocr_par' dir='ltr' id='par_1_96' title="bbox 417 5067 1992 5145">
     <span class='ocr_line' id='line_1_96' title="bbox 417 5067 1992 5145; baseline 0.003 -25"><span class='ocrx_word' id='word_1_677' title='bbox 417 5067 699 5135; x_wconf 84' lang='lat' dir='ltr'><strong>Augustini</strong></span> <span class='ocrx_word' id='word_1_678' title='bbox 745 5068 950 5128; x_wconf 88' lang='lat' dir='ltr'><strong>obitum</strong></span> <span class='ocrx_word' id='word_1_679' title='bbox 992 5071 1218 5131; x_wconf 87' lang='lat' dir='ltr'><strong>rarescit</strong></span> <span class='ocrx_word' id='word_1_680' title='bbox 1247 5073 1410 5129; x_wconf 83' lang='lat' dir='ltr'><strong>etiam</strong></span> <span class='ocrx_word' id='word_1_681' title='bbox 1443 5072 1670 5128; x_wconf 89' lang='lat' dir='ltr'><strong>Possidii</strong></span> <span class='ocrx_word' id='word_1_682' title='bbox 1703 5076 1992 5145; x_wconf 75' lang='lat' dir='ltr'><strong>memoria,</strong></span> 
     </span>
    </p>
   </div>
   <div class='ocr_carea' id='block_1_97' title="bbox 417 5160 1995 5237">
    <p class='ocr_par' dir='ltr' id='par_1_97' title="bbox 417 5160 1995 5237">
     <span class='ocr_line' id='line_1_97' title="bbox 417 5160 1995 5237; baseline 0.004 -23"><span class='ocrx_word' id='word_1_683' title='bbox 417 5160 519 5214; x_wconf 89' lang='lat' dir='ltr'><strong>nisi</strong></span> <span class='ocrx_word' id='word_1_684' title='bbox 548 5160 691 5237; x_wconf 87' lang='lat' dir='ltr'><strong>quod</strong></span> <span class='ocrx_word' id='word_1_685' title='bbox 722 5160 955 5229; x_wconf 89' lang='lat' dir='ltr'><strong>Prosper</strong></span> <span class='ocrx_word' id='word_1_686' title='bbox 983 5171 1164 5218; x_wconf 87' lang='lat' dir='ltr'><strong>narrat</strong></span> <span class='ocrx_word' id='word_1_687' title='bbox 1195 5163 1247 5219; x_wconf 89' lang='lat' dir='ltr'><strong>in</strong></span> <span class='ocrx_word' id='word_1_688' title='bbox 1279 5162 1549 5219; x_wconf 90' lang='lat' dir='ltr'><strong>Cbronico</strong></span> <span class='ocrx_word' id='word_1_689' title='bbox 1580 5164 1644 5218; x_wconf 90' lang='lat' dir='ltr'><strong>ad</strong></span> <span class='ocrx_word' id='word_1_690' title='bbox 1678 5179 1830 5220; x_wconf 91' lang='lat' dir='ltr'><strong>cons.</strong></span> <span class='ocrx_word' id='word_1_691' title='bbox 1856 5166 1995 5229; x_wconf 76' lang='lat' dir='ltr'><strong>Aetii</strong></span> 
     </span>
    </p>
   </div>
   <div class='ocr_carea' id='block_1_98' title="bbox 415 5251 1998 5326">
    <p class='ocr_par' dir='ltr' id='par_1_98' title="bbox 415 5251 1998 5326">
     <span class='ocr_line' id='line_1_98' title="bbox 415 5251 1998 5326; baseline 0.005 -21"><span class='ocrx_word' id='word_1_692' title='bbox 415 5263 455 5305; x_wconf 86' lang='lat' dir='ltr'><strong>lt</strong></span> <span class='ocrx_word' id='word_1_693' title='bbox 493 5261 549 5304; x_wconf 89' lang='lat' dir='ltr'><strong>et</strong></span> <span class='ocrx_word' id='word_1_694' title='bbox 593 5251 863 5322; x_wconf 85' lang='lat' dir='ltr'><strong>Sigisvulti</strong></span> <span class='ocrx_word' id='word_1_695' title='bbox 909 5252 1156 5326; x_wconf 65' lang='lat'><strong>(3.457)</strong></span> <span class='ocrx_word' id='word_1_696' title='bbox 1206 5253 1507 5309; x_wconf 84' lang='lat' dir='ltr'><strong>Possidium</strong></span> <span class='ocrx_word' id='word_1_697' title='bbox 1550 5270 1671 5313; x_wconf 88' lang='lat' dir='ltr'><strong>cum</strong></span> <span class='ocrx_word' id='word_1_698' title='bbox 1712 5255 1917 5310; x_wconf 84' lang='lat' dir='ltr'><strong>Novato</strong></span> <span class='ocrx_word' id='word_1_699' title='bbox 1944 5266 1998 5313; x_wconf 86' lang='lat' dir='ltr'><strong>et</strong></span> 
     </span>
    </p>
   </div>
   <div class='ocr_carea' id='block_1_99' title="bbox 418 5339 1995 5415">
    <p class='ocr_par' dir='ltr' id='par_1_99' title="bbox 418 5339 1995 5415">
     <span class='ocr_line' id='line_1_99' title="bbox 418 5339 1995 5415; baseline 0.006 -21"><span class='ocrx_word' id='word_1_700' title='bbox 418 5339 711 5402; x_wconf 81' lang='lat' dir='ltr'><strong>Severiano</strong></span> <span class='ocrx_word' id='word_1_701' title='bbox 738 5342 1022 5399; x_wconf 85' lang='lat' dir='ltr'><strong>catholicis</strong></span> <span class='ocrx_word' id='word_1_702' title='bbox 1044 5344 1328 5415; x_wconf 88' lang='lat' dir='ltr'><strong>episcopis,</strong></span> <span class='ocrx_word' id='word_1_703' title='bbox 1353 5346 1649 5410; x_wconf 76' lang='lat' dir='ltr'><strong>Genserico</strong></span> <span class='ocrx_word' id='word_1_704' title='bbox 1673 5347 1995 5403; x_wconf 87' lang='lat' dir='ltr'><strong>catholicam</strong></span> 
     </span>
    </p>
   </div>
   <div class='ocr_carea' id='block_1_100' title="bbox 418 5429 1997 5508">
    <p class='ocr_par' dir='ltr' id='par_1_100' title="bbox 418 5429 1997 5508">
     <span class='ocr_line' id='line_1_100' title="bbox 418 5429 1997 5508; baseline 0.009 -28"><span class='ocrx_word' id='word_1_705' title='bbox 418 5429 575 5484; x_wconf 90' lang='lat' dir='ltr'><strong>tidem</strong></span> <span class='ocrx_word' id='word_1_706' title='bbox 608 5430 802 5496; x_wconf 84' lang='lat' dir='ltr'><strong>Aria&#39;lta</strong></span> <span class='ocrx_word' id='word_1_707' title='bbox 837 5434 1116 5505; x_wconf 88' lang='lat' dir='ltr'><strong>impietate</strong></span> <span class='ocrx_word' id='word_1_708' title='bbox 1155 5438 1471 5494; x_wconf 85' lang='lat' dir='ltr'><strong>subvertere</strong></span> <span class='ocrx_word' id='word_1_709' title='bbox 1506 5439 1747 5508; x_wconf 88' lang='lat' dir='ltr'><strong>cupienti</strong></span> <span class='ocrx_word' id='word_1_710' title='bbox 1789 5440 1997 5495; x_wconf 82' lang='lat' dir='ltr'><strong>fortiter</strong></span> 
     </span>
    </p>
   </div>
   <div class='ocr_carea' id='block_1_101' title="bbox 416 5524 1999 5599">
    <p class='ocr_par' dir='ltr' id='par_1_101' title="bbox 416 5524 1999 5599">
     <span class='ocr_line' id='line_1_101' title="bbox 416 5524 1999 5599; baseline 0.006 -23"><span class='ocrx_word' id='word_1_711' title='bbox 416 5524 712 5591; x_wconf 82' lang='lat' dir='ltr'><strong>restitisse;</strong></span> <span class='ocrx_word' id='word_1_712' title='bbox 743 5526 838 5582; x_wconf 86' lang='lat' dir='ltr'><strong>sed</strong></span> <span class='ocrx_word' id='word_1_713' title='bbox 866 5529 1056 5583; x_wconf 90' lang='lat' dir='ltr'><strong>eodem</strong></span> <span class='ocrx_word' id='word_1_714' title='bbox 1089 5530 1357 5594; x_wconf 83' lang='lat' dir='ltr'><strong>meruisse</strong></span> <span class='ocrx_word' id='word_1_715' title='bbox 1388 5539 1444 5593; x_wconf 88' lang='lat' dir='ltr'><strong>ut</strong></span> <span class='ocrx_word' id='word_1_716' title='bbox 1473 5531 1718 5587; x_wconf 83' lang='lat' dir='ltr'><strong>ecclesiis</strong></span> <span class='ocrx_word' id='word_1_717' title='bbox 1748 5532 1861 5587; x_wconf 86' lang='lat' dir='ltr'><strong>suis</strong></span> <span class='ocrx_word' id='word_1_718' title='bbox 1892 5532 1999 5599; x_wconf 90' lang='lat' dir='ltr'><strong>pri-</strong></span> 
     </span>
    </p>
   </div>
   <div class='ocr_carea' id='block_1_102' title="bbox 416 5618 1993 5693">
    <p class='ocr_par' dir='ltr' id='par_1_102' title="bbox 416 5618 1993 5693">
     <span class='ocr_line' id='line_1_102' title="bbox 416 5618 1993 5693; baseline 0.005 -24"><span class='ocrx_word' id='word_1_719' title='bbox 416 5624 637 5673; x_wconf 77' lang='lat' dir='ltr'><strong>varetet</strong></span> <span class='ocrx_word' id='word_1_720' title='bbox 662 5618 968 5677; x_wconf 83' lang='lat' dir='ltr'><strong>civitatibus</strong></span> <span class='ocrx_word' id='word_1_721' title='bbox 990 5622 1240 5691; x_wconf 86' lang='lat' dir='ltr'><strong>pelleret.</strong></span> <span class='ocrx_word' id='word_1_722' title='bbox 1266 5622 1418 5678; x_wconf 86' lang='lat' dir='ltr'><strong>Unde</strong></span> <span class='ocrx_word' id='word_1_723' title='bbox 1443 5623 1700 5693; x_wconf 84' lang='lat' dir='ltr'><strong>colligunt</strong></span> <span class='ocrx_word' id='word_1_724' title='bbox 1722 5624 1993 5690; x_wconf 88' lang='lat' dir='ltr'><strong>eumdem,</strong></span> 
     </span>
    </p>
   </div>
   <div class='ocr_carea' id='block_1_103' title="bbox 419 5710 1997 5789">
    <p class='ocr_par' dir='ltr' id='par_1_103' title="bbox 419 5710 1997 5789">
     <span class='ocr_line' id='line_1_103' title="bbox 419 5710 1997 5789; baseline 0.004 -21"><span class='ocrx_word' id='word_1_725' title='bbox 419 5719 577 5776; x_wconf 75' lang='lat' dir='ltr'><strong>Capta</strong></span> <span class='ocrx_word' id='word_1_726' title='bbox 608 5710 675 5766; x_wconf 85' lang='lat' dir='ltr'><strong>ab</strong></span> <span class='ocrx_word' id='word_1_727' title='bbox 702 5712 998 5772; x_wconf 83' lang='lat' dir='ltr'><strong>Genserico</strong></span> <span class='ocrx_word' id='word_1_728' title='bbox 1041 5734 1092 5770; x_wconf 72' lang='grc' dir='ltr'>ιι.</span> <span class='ocrx_word' id='word_1_729' title='bbox 1129 5717 1232 5774; x_wconf 75' lang='grc'><strong>459</strong></span> <span class='ocrx_word' id='word_1_730' title='bbox 1259 5718 1606 5788; x_wconf 85' lang='lat' dir='ltr'><strong>Carthagine,</strong></span> <span class='ocrx_word' id='word_1_731' title='bbox 1636 5735 1755 5774; x_wconf 90' lang='lat' dir='ltr'><strong>cum</strong></span> <span class='ocrx_word' id='word_1_732' title='bbox 1809 5719 1997 5789; x_wconf 69' lang='lat' dir='ltr'><strong>ingens</strong></span> 
     </span>
    </p>
   </div>
   <div class='ocr_carea' id='block_1_104' title="bbox 420 5803 1996 5888">
    <p class='ocr_par' dir='ltr' id='par_1_104' title="bbox 420 5803 1996 5888">
     <span class='ocr_line' id='line_1_104' title="bbox 420 5803 1996 5888; baseline -0.002 -19"><span class='ocrx_word' id='word_1_733' title='bbox 420 5803 742 5871; x_wconf 62' lang='lat' dir='ltr'><strong>ciuitatum</strong></span> <span class='ocrx_word' id='word_1_734' title='bbox 771 5806 923 5873; x_wconf 74' lang='lat' dir='ltr'><strong>turba</strong></span> <span class='ocrx_word' id='word_1_735' title='bbox 949 5824 1014 5876; x_wconf 70' lang='lat' dir='ltr'><strong>ex</strong></span> <span class='ocrx_word' id='word_1_736' title='bbox 1045 5812 1188 5876; x_wconf 82' lang='lat' dir='ltr'><strong>omni</strong></span> <span class='ocrx_word' id='word_1_737' title='bbox 1213 5811 1389 5878; x_wconf 76' lang='lat' dir='ltr'><strong>Africa</strong></span> <span class='ocrx_word' id='word_1_738' title='bbox 1423 5812 1731 5886; x_wconf 73' lang='lat' dir='ltr'><strong>ejicerctur,</strong></span> <span class='ocrx_word' id='word_1_739' title='bbox 1763 5811 1996 5888; x_wconf 74' lang='lat' dir='ltr'><strong>proscri-</strong></span> 
     </span>
    </p>
   </div>
   <div class='ocr_carea' id='block_1_105' title="bbox 2101 4681 3755 4773">
    <p class='ocr_par' dir='ltr' id='par_1_105' title="bbox 2101 4681 3755 4773">
     <span class='ocr_line' id='line_1_105' title="bbox 2101 4681 3755 4773; baseline -0.009 -15"><span class='ocrx_word' id='word_1_740' title='bbox 2101 4696 2345 4773; x_wconf 81' lang='lat' dir='ltr'><strong>pcndicis</strong></span> <span class='ocrx_word' id='word_1_741' title='bbox 2370 4700 2498 4753; x_wconf 86' lang='lat' dir='ltr'><strong>tomi</strong></span> <span class='ocrx_word' id='word_1_742' title='bbox 2528 4697 2576 4753; x_wconf 80' lang='grc' dir='ltr'><strong>Χ</strong></span> <span class='ocrx_word' id='word_1_743' title='bbox 2605 4696 2743 4767; x_wconf 85' lang='lat' dir='ltr'><strong>Opp.</strong></span> <span class='ocrx_word' id='word_1_744' title='bbox 2771 4694 3058 4765; x_wconf 87' lang='lat' dir='ltr'><strong>Augustini</strong></span> <span class='ocrx_word' id='word_1_745' title='bbox 3092 4708 3156 4748; x_wconf 79' lang='lat' dir='ltr'><strong>ex</strong></span> <span class='ocrx_word' id='word_1_746' title='bbox 3185 4692 3272 4746; x_wconf 89' lang='lat' dir='ltr'><strong>ed.</strong></span> <span class='ocrx_word' id='word_1_747' title='bbox 3306 4688 3710 4744; x_wconf 83' lang='lat' dir='ltr'><strong>Benedictino—</strong></span> <span class='ocrx_word' id='word_1_748' title='bbox 3736 4681 3755 4699; x_wconf 58' lang='grc'><strong>³</strong></span> 
     </span>
    </p>
   </div>
   <div class='ocr_carea' id='block_1_106' title="bbox 2102 4779 3713 4857">
    <p class='ocr_par' dir='ltr' id='par_1_106' title="bbox 2102 4779 3713 4857">
     <span class='ocr_line' id='line_1_106' title="bbox 2102 4779 3713 4857; baseline -0.008 -8"><span class='ocrx_word' id='word_1_749' title='bbox 2102 4810 2242 4849; x_wconf 91' lang='lat' dir='ltr'><strong>rum.</strong></span> <span class='ocrx_word' id='word_1_750' title='bbox 2299 4792 2354 4846; x_wconf 90' lang='lat' dir='ltr'><strong>ltt</strong></span> <span class='ocrx_word' id='word_1_751' title='bbox 2406 4791 2494 4846; x_wconf 92' lang='lat' dir='ltr'><strong>ed.</strong></span> <span class='ocrx_word' id='word_1_752' title='bbox 2529 4786 2912 4857; x_wconf 85' lang='lat' dir='ltr'><strong>Antuerpiensi</strong></span> <span class='ocrx_word' id='word_1_753' title='bbox 2966 4800 3122 4855; x_wconf 77' lang='lat' dir='ltr'><strong>pagg.</strong></span> <span class='ocrx_word' id='word_1_754' title='bbox 3170 4779 3448 4838; x_wconf 67' lang='lat'><strong>164—200</strong></span> <span class='ocrx_word' id='word_1_755' title='bbox 3484 4780 3713 4836; x_wconf 85' lang='lat' dir='ltr'><strong>Clerici</strong></span> 
     </span>
    </p>
   </div>
   <div class='ocr_carea' id='block_1_107' title="bbox 2099 4868 3716 4940">
    <p class='ocr_par' dir='ltr' id='par_1_107' title="bbox 2099 4868 3716 4940">
     <span class='ocr_line' id='line_1_107' title="bbox 2099 4868 3716 4940; baseline -0.011 0"><span class='ocrx_word' id='word_1_756' title='bbox 2099 4886 2402 4940; x_wconf 70' lang='lat' dir='ltr'><strong>observata</strong></span> <span class='ocrx_word' id='word_1_757' title='bbox 2432 4882 2483 4935; x_wconf 87' lang='lat' dir='ltr'><strong>itt</strong></span> <span class='ocrx_word' id='word_1_758' title='bbox 2516 4878 2822 4934; x_wconf 87' lang='lat' dir='ltr'><strong>Possidittm</strong></span> <span class='ocrx_word' id='word_1_759' title='bbox 2852 4892 2958 4930; x_wconf 90' lang='lat' dir='ltr'><strong>non</strong></span> <span class='ocrx_word' id='word_1_760' title='bbox 3006 4874 3142 4928; x_wconf 88' lang='lat' dir='ltr'><strong>tanti</strong></span> <span class='ocrx_word' id='word_1_761' title='bbox 3181 4882 3326 4937; x_wconf 88' lang='lat' dir='ltr'><strong>sunt,</strong></span> <span class='ocrx_word' id='word_1_762' title='bbox 3360 4881 3416 4924; x_wconf 91' lang='lat' dir='ltr'><strong>ut</strong></span> <span class='ocrx_word' id='word_1_763' title='bbox 3447 4868 3716 4937; x_wconf 82' lang='lat' dir='ltr'><strong>aliquem</strong></span> 
     </span>
    </p>
   </div>
   <div class='ocr_carea' id='block_1_108' title="bbox 2102 4961 3721 5044">
    <p class='ocr_par' dir='ltr' id='par_1_108' title="bbox 2102 4961 3721 5044">
     <span class='ocr_line' id='line_1_108' title="bbox 2102 4961 3721 5044; baseline -0.008 -12"><span class='ocrx_word' id='word_1_764' title='bbox 2102 4978 2399 5032; x_wconf 88' lang='lat' dir='ltr'><strong>sollicitare</strong></span> <span class='ocrx_word' id='word_1_765' title='bbox 2440 4972 2673 5044; x_wconf 87' lang='lat' dir='ltr'><strong>possint.</strong></span> <span class='ocrx_word' id='word_1_766' title='bbox 2706 4971 2816 5025; x_wconf 85' lang='lat' dir='ltr'><strong>Nec</strong></span> <span class='ocrx_word' id='word_1_767' title='bbox 2856 4983 2988 5023; x_wconf 88' lang='lat' dir='ltr'><strong>vero</strong></span> <span class='ocrx_word' id='word_1_768' title='bbox 3016 4966 3319 5022; x_wconf 87' lang='lat' dir='ltr'><strong>Salinasius</strong></span> <span class='ocrx_word' id='word_1_769' title='bbox 3354 4963 3421 5017; x_wconf 91' lang='lat' dir='ltr'><strong>de</strong></span> <span class='ocrx_word' id='word_1_770' title='bbox 3450 4961 3721 5019; x_wconf 78' lang='lat' dir='ltr'><strong>victoria</strong></span> 
     </span>
    </p>
   </div>
   <div class='ocr_carea' id='block_1_109' title="bbox 2101 5054 3729 5137">
    <p class='ocr_par' dir='ltr' id='par_1_109' title="bbox 2101 5054 3729 5137">
     <span class='ocr_line' id='line_1_109' title="bbox 2101 5054 3729 5137; baseline -0.009 -16"><span class='ocrx_word' id='word_1_771' title='bbox 2101 5070 2171 5123; x_wconf 88' lang='lat' dir='ltr'><strong>ab</strong></span> <span class='ocrx_word' id='word_1_772' title='bbox 2198 5083 2265 5123; x_wconf 92' lang='lat' dir='ltr'><strong>eo</strong></span> <span class='ocrx_word' id='word_1_773' title='bbox 2293 5074 2567 5137; x_wconf 84' lang='lat' dir='ltr'><strong>reportata</strong></span> <span class='ocrx_word' id='word_1_774' title='bbox 2607 5060 2834 5133; x_wconf 87' lang='lat' dir='ltr'><strong>gloriari</strong></span> <span class='ocrx_word' id='word_1_775' title='bbox 2864 5058 3048 5123; x_wconf 88' lang='lat' dir='ltr'><strong>debet,</strong></span> <span class='ocrx_word' id='word_1_776' title='bbox 3080 5057 3283 5125; x_wconf 84' lang='lat' dir='ltr'><strong>quippe</strong></span> <span class='ocrx_word' id='word_1_777' title='bbox 3312 5054 3470 5123; x_wconf 84' lang='lat' dir='ltr'><strong>cujus</strong></span> <span class='ocrx_word' id='word_1_778' title='bbox 3503 5055 3729 5111; x_wconf 77' lang='lat' dir='ltr'><strong>omnis</strong></span> 
     </span>
    </p>
   </div>
   <div class='ocr_carea' id='block_1_110' title="bbox 2104 5143 3727 5221">
    <p class='ocr_par' dir='ltr' id='par_1_110' title="bbox 2104 5143 3727 5221">
     <span class='ocr_line' id='line_1_110' title="bbox 2104 5143 3727 5221; baseline -0.009 -9"><span class='ocrx_word' id='word_1_779' title='bbox 2104 5157 2351 5214; x_wconf 86' lang='lat' dir='ltr'><strong>defensio</strong></span> <span class='ocrx_word' id='word_1_780' title='bbox 2381 5170 2486 5210; x_wconf 91' lang='lat' dir='ltr'><strong>non</strong></span> <span class='ocrx_word' id='word_1_781' title='bbox 2513 5153 2691 5209; x_wconf 89' lang='lat' dir='ltr'><strong>solum</strong></span> <span class='ocrx_word' id='word_1_782' title='bbox 2722 5152 2790 5205; x_wconf 87' lang='lat' dir='ltr'><strong>ab</strong></span> <span class='ocrx_word' id='word_1_783' title='bbox 2811 5150 2952 5221; x_wconf 89' lang='lat' dir='ltr'><strong>ipso,</strong></span> <span class='ocrx_word' id='word_1_784' title='bbox 2975 5148 3069 5203; x_wconf 87' lang='lat' dir='ltr'><strong>sed</strong></span> <span class='ocrx_word' id='word_1_785' title='bbox 3095 5148 3216 5202; x_wconf 86' lang='lat' dir='ltr'><strong>aliis</strong></span> <span class='ocrx_word' id='word_1_786' title='bbox 3245 5160 3458 5217; x_wconf 86' lang='lat' dir='ltr'><strong>quoque</strong></span> <span class='ocrx_word' id='word_1_787' title='bbox 3481 5143 3727 5213; x_wconf 73' lang='lat' dir='ltr'><strong>iactata</strong></span> 
     </span>
    </p>
   </div>
   <div class='ocr_carea' id='block_1_111' title="bbox 2105 5246 2790 5317">
    <p class='ocr_par' dir='ltr' id='par_1_111' title="bbox 2105 5246 2790 5317">
     <span class='ocr_line' id='line_1_111' title="bbox 2105 5246 2790 5317; baseline -0.01 -12"><span class='ocrx_word' id='word_1_788' title='bbox 2105 5246 2160 5317; x_wconf 82' lang='lat' dir='ltr'><strong>in</strong></span> <span class='ocrx_word' id='word_1_789' title='bbox 2193 5251 2310 5307; x_wconf 82' lang='lat' dir='ltr'><strong>solo</strong></span> <span class='ocrx_word' id='word_1_790' title='bbox 2339 5258 2537 5308; x_wconf 85' lang='lat' dir='ltr'><strong>conatu</strong></span> <span class='ocrx_word' id='word_1_791' title='bbox 2566 5246 2790 5307; x_wconf 78' lang='lat' dir='ltr'><strong>defecit.</strong></span> 
     </span>
    </p>
   </div>
   <div class='ocr_carea' id='block_1_112' title="bbox 2695 5349 3090 5392">
    <p class='ocr_par' dir='ltr' id='par_1_112' title="bbox 2695 5349 3090 5392">
     <span class='ocr_line' id='line_1_112' title="bbox 2695 5349 3090 5392; baseline -0.003 -2"><span class='ocrx_word' id='word_1_792' title='bbox 2695 5350 2911 5392; x_wconf 69' lang='lat' dir='ltr'><strong>SBCULO</strong></span> <span class='ocrx_word' id='word_1_793' title='bbox 2941 5349 3090 5390; x_wconf 73' lang='grc' dir='ltr'>ιιίιι.</span> 
     </span>
    </p>
   </div>
   <div class='ocr_carea' id='block_1_113' title="bbox 2178 5420 3739 5500">
    <p class='ocr_par' dir='ltr' id='par_1_113' title="bbox 2178 5420 3739 5500">
     <span class='ocr_line' id='line_1_113' title="bbox 2178 5420 3739 5500; baseline -0.006 -12"><span class='ocrx_word' id='word_1_794' title='bbox 2178 5434 2337 5493; x_wconf 78' lang='grc' dir='ltr'><strong>Π51.</strong></span> <span class='ocrx_word' id='word_1_795' title='bbox 2386 5432 2562 5487; x_wconf 66' lang='lat' dir='ltr'><strong>Romae</strong></span> <span class='ocrx_word' id='word_1_796' title='bbox 2584 5471 2599 5494; x_wconf 90' lang='lat'><strong>,</strong></span> <span class='ocrx_word' id='word_1_797' title='bbox 2632 5430 2767 5500; x_wconf 79' lang='lat' dir='ltr'><strong>typis</strong></span> <span class='ocrx_word' id='word_1_798' title='bbox 2791 5426 2879 5481; x_wconf 90' lang='lat' dir='ltr'><strong>Jo.</strong></span> <span class='ocrx_word' id='word_1_799' title='bbox 2914 5425 3157 5494; x_wconf 66' lang='lat' dir='ltr'><strong>zentpel;</strong></span> <span class='ocrx_word' id='word_1_800' title='bbox 3203 5422 3361 5480; x_wconf 83' lang='lat' dir='ltr'><strong>in-8&#39;.</strong></span> <span class='ocrx_word' id='word_1_801' title='bbox 3392 5423 3451 5478; x_wconf 88' lang='lat' dir='ltr'><strong>S.</strong></span> <span class='ocrx_word' id='word_1_802' title='bbox 3477 5420 3739 5483; x_wconf 80' lang='lat' dir='ltr'><strong>Aurelii</strong></span> 
     </span>
    </p>
   </div>
   <div class='ocr_carea' id='block_1_114' title="bbox 2106 5513 3741 5596">
    <p class='ocr_par' dir='ltr' id='par_1_114' title="bbox 2106 5513 3741 5596">
     <span class='ocr_line' id='line_1_114' title="bbox 2106 5513 3741 5596; baseline -0.009 -15"><span class='ocrx_word' id='word_1_803' title='bbox 2106 5526 2391 5596; x_wconf 87' lang='lat' dir='ltr'><strong>Augustini</strong></span> <span class='ocrx_word' id='word_1_804' title='bbox 2420 5521 2786 5593; x_wconf 80' lang='lat' dir='ltr'><strong>Hipponensis</strong></span> <span class='ocrx_word' id='word_1_805' title='bbox 2816 5519 3055 5589; x_wconf 89' lang='lat' dir='ltr'><strong>episcopi</strong></span> <span class='ocrx_word' id='word_1_806' title='bbox 3076 5517 3199 5572; x_wconf 80' lang='lat' dir='ltr'><strong>Vita</strong></span> <span class='ocrx_word' id='word_1_807' title='bbox 3222 5524 3445 5570; x_wconf 86' lang='lat' dir='ltr'><strong>auctore</strong></span> <span class='ocrx_word' id='word_1_808' title='bbox 3468 5514 3529 5569; x_wconf 89' lang='grc'><strong>8.</strong></span> <span class='ocrx_word' id='word_1_809' title='bbox 3562 5513 3741 5572; x_wconf 77' lang='lat' dir='ltr'><strong>Pus.</strong></span> 
     </span>
    </p>
   </div>
   <div class='ocr_carea' id='block_1_115' title="bbox 2102 5607 3737 5684">
    <p class='ocr_par' dir='ltr' id='par_1_115' title="bbox 2102 5607 3737 5684">
     <span class='ocr_line' id='line_1_115' title="bbox 2102 5607 3737 5684; baseline -0.007 -8"><span class='ocrx_word' id='word_1_810' title='bbox 2102 5620 2244 5676; x_wconf 90' lang='lat' dir='ltr'><strong>sidio</strong></span> <span class='ocrx_word' id='word_1_811' title='bbox 2290 5616 2600 5673; x_wconf 80' lang='lat' dir='ltr'><strong>Calamensi</strong></span> <span class='ocrx_word' id='word_1_812' title='bbox 2650 5614 2905 5684; x_wconf 81' lang='lat' dir='ltr'><strong>episcopo</strong></span> <span class='ocrx_word' id='word_1_813' title='bbox 2932 5610 2998 5664; x_wconf 89' lang='lat' dir='ltr'><strong>ad</strong></span> <span class='ocrx_word' id='word_1_814' title='bbox 3052 5625 3181 5664; x_wconf 89' lang='lat' dir='ltr'><strong>mss.</strong></span> <span class='ocrx_word' id='word_1_815' title='bbox 3223 5607 3385 5664; x_wconf 88' lang='lat' dir='ltr'><strong>codd.</strong></span> <span class='ocrx_word' id='word_1_816' title='bbox 3416 5608 3737 5665; x_wconf 82' lang='lat' dir='ltr'><strong>recensita</strong></span> 
     </span>
    </p>
   </div>
   <div class='ocr_carea' id='block_1_116' title="bbox 2082 5696 3748 5782">
    <p class='ocr_par' dir='ltr' id='par_1_116' title="bbox 2082 5696 3748 5782">
     <span class='ocr_line' id='line_1_116' title="bbox 2082 5696 3748 5782; baseline -0.007 -14"><span class='ocrx_word' id='word_1_817' title='bbox 2082 5714 2356 5782; x_wconf 72' lang='lat' dir='ltr'><strong>notisque</strong></span> <span class='ocrx_word' id='word_1_818' title='bbox 2386 5712 2655 5765; x_wconf 88' lang='lat' dir='ltr'><strong>illustrata</strong></span> <span class='ocrx_word' id='word_1_819' title='bbox 2688 5721 2853 5778; x_wconf 88' lang='lat' dir='ltr'><strong>opera</strong></span> <span class='ocrx_word' id='word_1_820' title='bbox 2882 5715 2935 5759; x_wconf 91' lang='lat' dir='ltr'><strong>et</strong></span> <span class='ocrx_word' id='word_1_821' title='bbox 2979 5702 3159 5757; x_wconf 89' lang='lat' dir='ltr'><strong>studio</strong></span> <span class='ocrx_word' id='word_1_822' title='bbox 3206 5701 3271 5756; x_wconf 90' lang='lat' dir='ltr'><strong>D.</strong></span> <span class='ocrx_word' id='word_1_823' title='bbox 3301 5698 3521 5754; x_wconf 81' lang='lat' dir='ltr'><strong>Joannis</strong></span> <span class='ocrx_word' id='word_1_824' title='bbox 3548 5696 3748 5758; x_wconf 80' lang='lat' dir='ltr'><strong>Sali—</strong></span> 
     </span>
    </p>
   </div>
   <div class='ocr_carea' id='block_1_117' title="bbox 2105 5790 3743 5876">
    <p class='ocr_par' dir='ltr' id='par_1_117' title="bbox 2105 5790 3743 5876">
     <span class='ocr_line' id='line_1_117' title="bbox 2105 5790 3743 5876; baseline -0.008 -15"><span class='ocrx_word' id='word_1_825' title='bbox 2105 5824 2195 5862; x_wconf 81' lang='lat' dir='ltr'><strong>nas</strong></span> <span class='ocrx_word' id='word_1_826' title='bbox 2228 5803 2566 5876; x_wconf 69' lang='lat' dir='ltr'><strong>Neapolitani</strong></span> <span class='ocrx_word' id='word_1_827' title='bbox 2592 5801 2722 5857; x_wconf 86' lang='lat' dir='ltr'><strong>Can.</strong></span> <span class='ocrx_word' id='word_1_828' title='bbox 2766 5799 2900 5870; x_wconf 75' lang='lat' dir='ltr'><strong>Reg.</strong></span> <span class='ocrx_word' id='word_1_829' title='bbox 2947 5795 3061 5851; x_wconf 87' lang='lat' dir='ltr'><strong>Lat.</strong></span> <span class='ocrx_word' id='word_1_830' title='bbox 3093 5811 3153 5851; x_wconf 91' lang='lat' dir='ltr'><strong>ac</strong></span> <span class='ocrx_word' id='word_1_831' title='bbox 3180 5794 3299 5851; x_wconf 85' lang='lat' dir='ltr'><strong>Sac.</strong></span> <span class='ocrx_word' id='word_1_832' title='bbox 3330 5791 3527 5847; x_wconf 71' lang='grc' dir='ltr'>Ὶίινοι.</span> <span class='ocrx_word' id='word_1_833' title='bbox 3562 5790 3743 5848; x_wconf 69' lang='lat' dir='ltr'><strong>lect.</strong></span> 
     </span>
    </p>
   </div>
  </div>
