3970 6180
260 323 344 380 115
1619 318 2152 376 PROLEGUMENA.
2229 379 2234 382 _

3433 327 3537 384 ‘06

253 441 312 497 ad
332 436 846 494 rrvercndissimum
875 434 933 489 P.
967 434 1028 488 D.
1064 434 1354 488 Ascanium
1392 433 1676 488 Varcsium
1700 435 1829 489 Can.
1862 437 1910 495 Α
1939 445 2161 491 auctore
2185 434 2241 492 S.
2265 434 2511 492 Possidio
2525 436 2832 493 Calamensi
2855 439 3108 510 episcopo
3129 439 3194 494 ad
3218 456 3350 496 mss.
3375 442 3536 497 codd.

256 539 376 602 lteg.
402 533 522 587 Lat.
555 531 812 584 abbatem
843 529 1172 599 generalem.
1197 527 1255 579 ε’
1289 527 1488 582 Ibidem
1530 530 1727 583 eodem.
1759 528 1838 584 De

260 627 361 678 \‘ita
390 633 441 676 et
478 622 642 676 rebus
671 620 838 690 gestis
869 619 926 674 S.
960 620 1187 674 Possidii
1226 619 1563 675 Calamensis
1592 620 1835 690 episcopi

256 717 565 772 Dissertatio
595 729 662 767 ex
697 712 757 765 P.
791 710 1076 780 Augustini
1097 711 1317 781 scriptis
1342 711 1838 782 ecclesiasticisque

255 806 616 861 monumentis
643 803 972 859 concinnata
1019 818 1186 874 opera
1209 813 1267 857 et
1309 803 1488 862 studio
1519 802 1589 858 υ.
1618 802 1840 857 Joannis

255 898 476 960 Salinas,
507 907 619 952 etc.

314 991 548 1044 Textum
581 987 760 1043 editor
786 988 937 1058 juxta
969 986 1232 1042 lectiones
1263 1001 1290 1040 a
1333 985 1438 1041 PP.
1473 985 1729 1041 Mattrinis
1767 1002 1842 1041 es

250 1083 399 1138 codd.
423 1096 559 1136 mss.
589 1081 899 1151 propositas
927 1093 981 1136 et
1003 1089 1212 1134 vetusta
1233 1080 1562 1150 exemplaria
1591 1080 1852 1135 Vaticana-

253 1193 276 1228 a
305 1175 526 1230 nemine
556 1183 682 1229 ante
710 1173 952 1229 adhibita
977 1175 1273 1238 recensuit,
1299 1172 1588 1228 varietates
1609 1172 1842 1242 diligen-

254 1277 324 1321 ter
352 1267 564 1319 notavit
585 1273 854 1334 notasque
890 1274 946 1319 et
973 1264 1384 1318 observationes
1411 1263 1640 1328 addidit,
1675 1263 1846 1319 Bene-

252 1360 574 1414 dictinorum
632 1357 862 1413 aliorum
888 1372 972 1425 aue
1020 1357 1260 1411 virorum
1331 1356 1616 1411 doctorum
1673 1357 1846 1426 copiis

252 1450 459 1505 abunde
492 1451 718 1504 dilatas.
751 1449 994 1503 Arduum
1031 1447 1278 1518 proiecto
1327 1463 1434 1502 non
1466 1458 1583 1503 erat
1615 1448 1668 1502 in
1695 1455 1844 1503 tanta

254 1543 534 1610 Augustini
567 1553 624 1596 et
651 1541 720 1596 de
749 1540 1052 1611 Augintino
1094 1540 1429 1610 scriptorum
1461 1541 1614 1610 copia
1645 1549 1704 1594 et
1729 1550 1848 1608 post

254 1644 322 1688 tot
351 1644 578 1704 tamque
607 1634 821 1689 diversa
853 1633 992 1688 circa
1017 1647 1106 1688 res
1128 1632 1195 1688 ab
1217 1649 1286 1688 eo
1306 1644 1358 1687 et
1381 1648 1477 1703 per
1494 1649 1672 1688 aevum
1701 1633 1847 1689 istud

251 1736 427 1795 gestas
476 1724 687 1794 studia,
737 1725 1042 1796 praisertim
1086 1740 1216 1779 vero
1253 1734 1372 1794 post
1413 1725 1842 1780 eruditissimum

1941 531 2237 594 recensita,
2263 529 2527 599 nmisque
2548 529 2812 584 illustrata
2839 544 3006 600 opera
3032 531 3285 586 etstudio
3306 530 3543 587 0.1mm-

1943 619 2023 674 nis
2055 619 2270 674 Salinas
2302 620 2471 691 Neap.
2512 619 2644 675 Can.
2701 621 2832 690 Reg.
2874 618 3074 690 Congr.
3130 621 3248 675 Lat.
3299 624 3542 679 Accessit

1945 711 2219 767 Michaelis
2260 713 2330 767 Ill
2360 713 2425 767 ad
2453 722 2732 783 exeniptas
2764 713 2970 768 Insulas
3002 713 3338 784 Wengenses
3366 716 3537 770 Canr..

1944 805 2114 877 Regg.
2169 805 2340 879 Bima:
2373 807 2672 862 Suevorum
2722 806 2950 876 prazlati,
3000 803 3057 860 S.
3107 805 3247 860 Cars.
3297 806 3540 861 acCatlh

1944 897 2068 968 Maj.
2103 899 2399 954 cOtisiliarii
2431 907 2486 952 et
2513 897 2774 952 saccllani
2819 898 3064 966 perpetui
3093 897 3406 966 Disquisitio
3436 898 3543 953 cri-

1947 989 2051 1045 tica
2073 988 2140 1045 de
2157 989 2320 1044 variis
2345 987 2708 1059 gestis,dictis
2740 1001 2804 1042 ac
2831 987 3133 1042 visionibus
3161 987 3220 1042 S.
3241 992 3564 1058 Augustino.

1945 1082 2086 1137 l'also
2119 1090 2212 1135 aut
2239 1080 2417 1136 minus
2444 1079 2618 1136 solide
2650 1079 2889 1134 tributis.
2920 1109 2986 1120 -——
3021 1080 3078 1134 lu
3107 1081 3395 1148 posteriori
3429 1081 3541 1136 diss

1947 1173 2253 1230 scrtatioue
2279 1173 2572 1227 multarum
2616 1171 2687 1226 de
2714 1170 3016 1242 Augusdno
3061 1169 3361 1226 fabularum
3393 1173 3544 1242 origo

1947 1267 2106 1322 docto
2127 1281 2188 1321 ac
2212 1265 2480 1335 sagaciter
2499 1263 2838 1319 ostenditur.‘

2604 1363 2886 1414 Versioucs.

2026 1450 2183 1504 1742.
2215 1449 2280 1503 In
2320 1447 2563 1513 Venetia,
2591 1463 2679 1518 per
2705 1445 2880 1500 Pietro
2901 1444 3171 1516 Bassaglia
3201 1463 3225 1499 e
3254 1443 3548 1499 Franccsro

1951 1541 2528 1611 Hertzhanser;in-4°.
2575 1541 2691 1596 ‘lita
2718 1540 2773 1595 di
2813 1539 2872 1595 S.
2905 1541 3122 1594 Aurelio
3159 1539 3544 1610 Agostino.....

1950 1639 2138 1696 scritta
2179 1637 2245 1692 da
2288 1636 2348 1693 S.
2378 1634 2623 1690 Possidio
2661 1649 2895 1690 vescovo
2941 1632 2996 1688 di
3031 1630 3281 1700 Calama,
3315 1633 3568 1692 tradotu.

1952 1733 2003 1788 in
2036 1732 2258 1787 ltaliano
2286 1730 2352 1787 da
2384 1731 2471 1786 un‘
2501 1739 2691 1786 autore
2728 1727 2983 1783 anonimo
3022 1728 3111 1782 col
3145 1737 3280 1782 testo
3312 1727 3503 1780 Latino
3529 1743 3570 1789 ;_

251 1819 520 1873 editorum
551 1816 946 1873 Parisiensium
975 1817 1042 1872 de
1072 1817 1185 1872 vita
1212 1818 1330 1886 ejus
1353 1817 1844 1884 Commentarinm,

1964 1827 2006 1880 in
2046 1824 2232 1880 limine
2268 1823 2453 1893 operis
2483 1821 2768 1894 Augustini
2818 1824 2882 1874 de
2932 1819 3148 1874 Civitate
3191 1816 3320 1884 Dei,
3361 1819 3574 1872 Latine.

253 1919 406 1964 notas
438 1924 549 1963 non
581 1909 743 1979 plane
773 1909 986 1979 ineptas
1029 1909 1097 1962 ad
1129 1908 1431 1964 Possidium
1462 1910 1713 1984 tondere.
1745 1912 1845 1966 At-

250 2018 349 2073 que
381 2002 437 2057 lii
467 2003 729 2058 ductores
777 2003 963 2072 procul
1011 2002 1175 2057 dubio
1202 2003 1466 2058 Joannem
1517 2003 1845 2060 Salinasium

252 2095 358 2148 suis
393 2095 568 2164 ipsius
595 2094 804 2149 vitibus
851 2095 1089 2165 alioquin
1120 2097 1298 2151 minus
1339 2096 1601 2162 alacrem,
1631 2106 1691 2151 ut
1717 2095 1852 2151 Vin-

251 2189 412 2242 centii
443 2188 749 2243 Lirinensis
772 2188 963 2244 eodem
989 2204 1132 2244 anno
1151 2190 1220 2246 ab
1258 2206 1324 2246 eo
1348 2191 1652 2261 eademque
1677 2190 1850 2249 forma

251 2278 373 2334 editi
411 2289 459 2333 et
492 2278 765 2335 Clementi
794 2278 890 2334 XII
917 2279 1151 2336 dedicati
1183 2282 1436 2352 exemplo
1475 2283 1850 2353 ostendemus,

252 2370 479 2425 miriﬁce
536 2379 938 2426 sustentarunt.
982 2371 1364 2442 Spoponderat
1411 2374 1463 2428 in
1508 2376 1847 2445 prmfatione,

253 2464 540 2535 Augustini
574 2465 700 2518 vita:
729 2479 789 2519 se
811 2463 1130 2534 juncturam
1156 2481 1280 2521 esse
1311 2466 1551 2536 ilugonis
1581 2467 1649 2523 de
1669 2467 1726 2523 S.
1761 2467 1854 2523 Vl-

251 2567 403 2611 ctore
425 2556 754 2626 opusculum
781 2556 848 2612 de
867 2557 1211 2614 IuStitutione
1229 2558 1570 2615 Novitiorum
1601 2577 1703 2616 una
1723 2575 1850 2616 cum

252 2650 494 2705 auctoris
514 2649 740 2704 historia
761 2666 775 2715 ;
799 2651 890 2706 sed
910 2653 1140 2706 mutavit
1156 2660 1339 2721 postea
1353 2653 1640 2707 consilium
1659 2663 1713 2708 et
1736 2654 1853 2709 loco

252 2741 393 2810 ejus,
425 2741 716 2812 separatim
749 2751 950 2809 tamen,
975 2743 1218 2798 exscribi
1245 2743 1374 2799 fecit
1409 2744 1850 2800 Dissertationem

252 2835 313 2886 de
342 2833 465 2886 Vita
491 2843 540 2888 et
565 2833 738 2888 Rebus
765 2835 915 2905 gestis
947 2834 1180 2890 Possidii
1208 2837 1442 2906 amplam
1484 2852 1616 2893 sane
1659 2850 1713 2894 et
1743 2855 1849 2895 non

253 2925 567 2992 indoctam;
599 2940 708 2996 quo
750 2927 921 2997 magis
951 2928 1135 2983 mirari
1167 2929 1332 2994 subit,
1362 2930 1452 3000 qui
1499 2937 1604 2984 tam
1637 2945 1768 2985 sero
1799 2933 1850 2986 in

254 3034 372 3071 eam
410 3017 796 3087 cogitationem
842 3027 1030 3073 auctor
1066 3019 1136 3075 sit
1173 3020 1456 3076 adductus.
1502 3021 1586 3076 Cl‘.
1618 3021 1692 3076 N.
1729 3023 1852 3078 Acta

258 3107 466 3163 Erudit.
503 3107 648 3179 Lips.
682 3123 731 3162 a.
770 3108 930 3178 1731,
965 3125 1124 3180 pagg.
1154 3111 1348 3170 18-91.

1946 1919 2103 1989 juxta
2128 1932 2289 1988 quam
2313 1913 2502 1970 Italice
2529 1929 2598 1969 ex
2631 1914 2849 1983 antiqua
2879 1911 3135 1982 anonymi
3163 1910 3424 1976 auctoris,
3449 1908 3546 1962 sed

1956 2023 2117 2080 quem
2142 2007 2305 2078 vulgo
2329 2005 2590 2062 Jacobum
2615 2001 3022 2058 Passavantium
3048 2009 3258 2070 putant,
3285 2000 3547 2070 interpre-

1954 2102 2158 2156 tatione
2183 2100 2394 2155 duobus
2424 2097 2794 2153 voluminibus
2826 2097 2882 2148 lt.
2910 2095 2948 2149 Ι.
2981 2103 3036 2150 et
3061 2109 3113 2147 a.
3147 2093 3298 2148 editi.

2029 2197 2188 2252 1761.
2209 2193 2273 2248 In
2295 2191 2518 2255 Milano,
2537 2207 2713 2258 presso
2735 2189 2958 2243 Antonio
2976 2185 3216 2257 Agnelli;
3242 2185 3400 2241 iri-8°.
3428 2185 3544 2239 Vita

1954 2288 2009 2342 di
2036 2287 2095 2342 S.
2128 2285 2348 2340 Aurelio
2383 2281 2646 2352 Agostino
2675 2293 2912 2336 vescum
2960 2277 3216 2348 d’lppona
3247 2277 3460 2331 dottore
3491 2277 3569 2329 di.

1953 2382 2012 2435 S.
2044 2377 2260 2446 Cltiesa,
2292 2377 2475 2433 scritta
2507 2375 2574 2430 da
2605 2373 2662 2430 S.
2699 2371 2951 2427 Possidio
2977 2383 3209 2425 vescovo
3238 2369 3290 2423 di
3309 2368 3566 2431 Calama,

1957 2472 2192 2528 tradotta
2224 2470 2276 2525 in
2322 2469 2548 2524 ltaliano
2575 2467 2644 2521 da
2670 2465 2765 2520 un‘
2780 2472 2968 2518 autore
2995 2461 3286 2525 anonimo;
3319 2460 3369 2512 in
3412 2475 3547 2528 que-

1954 2576 2038 2622 sta
2067 2564 2299 2621 secunda
2332 2561 2582 2619 ediaione
2612 2560 2807 2614 ridotta
2838 2555 3075 2613 secondo
3117 2555 3152 2608 il
3186 2563 3324 2608 testo
3356 2552 3549 2606 Latino

1956 2658 2044 2713 de‘
2069 2657 2305 2727 migliori
2335 2654 2506 2710 codici
2533 2650 2890 2712 manoscritti,
2911 2647 3247 2707 accresciuta.
3273 2646 3325 2700 di
3355 2645 3550 2700 alcune

1959 2758 2108 2814 note,
2139 2763 2169 2801 e
2199 2745 2447 2802 dedicata
2475 2743 2562 2797 all‘
2583 2743 2950 2797 illustrissimo
2971 2741 3191 2808 signore
3222 2738 3286 2791 Ι).
3309 2737 3569 2792 Antonio.

1959 2840 2259 2909 Fissiraga,
2290 2838 2476 2892 dottor
2505 2836 2558 2889 di
2591 2833 2858 2904 Collegio,
2907 2831 3216 2896 decurione,
3251 2839 3302 2884 et
3330 2837 3550 2884 o:atore

1957 2930 2191 2988 emerito
2218 2930 2358 2986 della
2388 2930 2516 2994 citta
2543 2926 2597 2981 di
2619 2926 2778 2983 Ludi.

2027 3026 2216 3081 Editur
2247 3022 2316 3076 F.
2348 3020 2669 3077 Rontnaldus
2711 3017 2884 3073 Maria
2910 3018 2973 3071 de
3011 3017 3073 3073 S.
3106 3014 3337 3072 Gaetano
3365 3016 3548 3082 Angu-

1956 3124 2221 3178 stinianns
2257 3119 2620 3175 Excalceatus
2665 3113 3090 3170 blediolanensis
3127 3109 3430 3165 versionem
3462 3123 3549 3161 su-

329 3197 489 3254 1735.
505 3199 850 3256 Venetiis.....
871 3200 1141 3256 Possidii..
1156 3241 1168 3255 .
1182 3242 1220 3256 ..
1236 3202 1506 3259 lndiculus
1525 3206 1850 3274 scriptorum

1964 3216 2192 3286 perieris
2215 3210 2494 3278 editionis,
2519 3209 2614 3264 sed
2640 3207 2708 3262 ad
2740 3207 3045 3262 novissima:
3067 3201 3400 3260 recensionis
3432 3211 3548 3253 tex-

260 3290 314 3346 S.
343 3292 747 3360 Augustini.....
767 3292 985 3365 vulgato
1009 3295 1220 3350 auctior
1248 3311 1313 3350 ex
1346 3299 1718 3354 vetustissimo
1747 3315 1851 3355 ms.

258 3384 443 3440 codice
475 3385 808 3452 Veronensi;
863 3402 986 3442 cum
1033 3388 1234 3443 duabus
1280 3390 1554 3461 Augustini
1593 3393 1853 3462 Epistolis

259 3473 309 3529 in
330 3475 684 3532 Cottwiceusi
707 3479 939 3534 Austrize
962 3479 1174 3535 abbatia
1203 3495 1393 3536 recens
1417 3485 1672 3551 repertis.
1700 3485 1855 3540 Man-

260 3570 362 3622 sius
402 3571 470 3622 ad
497 3568 712 3626 Fabric.
755 3569 871 3625 Bib.
910 3570 982 3625 M.
1013 3582 1060 3626 et
1088 3570 1198 3643 Inf.
1241 3571 1358 3627 Lat.
1389 3575 1534 3630 Alibi
1584 3577 1852 3634 laudatam

264 3677 367 3715 non
414 3663 620 3729 inveni,
657 3663 794 3718 adeo
839 3673 919 3732 ut,
957 3679 1075 3735 quae
1105 3667 1287 3735 priora
1316 3667 1446 3734 sint,
1478 3668 1856 3737 posteriorave

264 3754 314 3808 in
346 3756 442 3811 hac
472 3756 709 3812 editione
741 3772 965 3827 prorsus
997 3758 1265 3828 ignorem.

336 3847 492 3902 1743.
527 3848 843 3920 Ληιαεγρέω,
871 3849 1012 3920 apud
1040 3848 1202 3904 Bern.
1221 3852 1448 3907 Alb.van
1480 3855 1572 3908 der
1595 3852 1856 3924 Plasche;

266 3942 436 4011 ἰηοίοι.
467 3942 525 3997 S.
572 3943 854 4012 AttgttStini
909 3943 1041 3999 Vita:
1093 3957 1218 4014 pars
1255 3948 1514 4014 secunda,
1549 3948 1854 4015 prmsertim

275 4032 340 4086 ab
367 4048 508 4088 attno
531 4033 808 4103 trigesimo
840 4037 998 4091 tertio
1027 4037 1201 4090 aetatis
1232 4052 1400 4108 usque
1436 4039 1500 4092 ad
1527 4039 1730 4094 obitum
1759 4055 1857 4095 au-

275 4131 417 4178 ctore
444 4124 501 4178 S.
540 4123 787 4180 PoSsidio
832 4127 1007 4182 sancti
1063 4127 1308 4182 Doetoris
1338 4128 1604 4198 discipulo
1632 4131 1858 4201 ejusque

272 4229 360 4281 per
401 4231 574 4271 annos
622 4215 735 4271 fere
787 4219 1140 4289 quadraginta
1190 4219 1590 4275 contubernali.
1623 4222 1699 4276 Ex
1739 4223 1856 4277 edi-

273 4306 412 4360 tione
439 4306 683 4360 llomana
715 4321 767 4362 a.
803 4309 965 4376 1731,
1010 4310 1205 4364 collata
1235 4325 1358 4364 cum
1385 4319 1600 4367 vetusto
1624 4325 1728 4368 ms.
1761 4329 1856 4369 co-

271 4398 404 4452 dice.
431 4401 655 4455 Accedit
687 4400 959 4460 lndiculus
990 4403 1316 4473 scriptorum
1349 4407 1634 4475 Augustini
1663 4407 1856 4462 eodem

271 4500 518 4557 auctore;
557 4492 609 4546 in
642 4494 782 4547 Actis
811 4493 1120 4550 Sanctorum
1160 4497 1619 4564 Antuerpicnsibus
1655 4500 1858 4554 mensis

1957 3316 2070 3361 tum
2102 3304 2368 3369 relictam,
2397 3305 2515 3371 ipso
2543 3308 2692 3354 textu
2713 3298 2904 3354 Latino
2925 3294 3150 3357 omisso.
3177 3290 3370 3348 excudi
3397 3305 3552 3344 cura-

1957 3401 2056 3455 vit.
2086 3398 2255 3453 Notas
2282 3410 2418 3467 quas
2449 3394 2684 3464 aspersit
2713 3392 2943 3460 ingenue
2971 3387 3170 3442 fatetur
3197 3400 3301 3439 non
3335 3382 3437 3436 sibi
3459 3381 3551 3436 de-

1958 3493 2099 3563 beri,
2125 3491 2221 3547 sed
2250 3505 2282 3546 e
2303 3488 2781 3548 Benedictinorum,
2817 3481 3090 3544 Salinasii,
3119 3477 3340 3532 Ctesaris
3365 3474 3552 3527 Bent-e-

1959 3587 2070 3641 nuti
2095 3594 2150 3641 et
2172 3582 2446 3638 Laurentii
2470 3578 2615 3634 Berti
2633 3579 2650 3648 (
2668 3571 3221 3641 \’ittcAngustinian:e
3249 3565 3552 3634 scriptoris)

1959 3679 2102 3736 notis
2131 3687 2223 3731 aut
2250 3669 2676 3729 Commentariis
2701 3681 2824 3721 esse
2854 3664 3108 3719 selectas.

2646 3758 2864 3808 Codices.

2034 3864 2083 3917 1.
2122 3860 2252 3913 Viue
2291 3854 2567 3925 Augustini
2597 3868 2617 3906 :
2659 3848 3146 3907 Benedictinorum;
3185 3859 3309 3901 sex.
3359 3855 3554 3907 nempe

1961 3956 2062 4008 duo
2085 3950 2464 4011 Floriacenses,
2492 3941 2880 4002 Germanensis.
2917 3937 3248 3996 Vedastinus.
3273 3931 3555 3988 Fussalen-

1960 4049 2032 4103 sis
2059 4062 2122 4102 ac
2151 4041 2525 4099 Cisterciensis.
2553 4039 2632 4092 Ex
2656 4038 2738 4091 bis
2772 4036 2919 4105 larga
2953 4032 3200 4104 provenit
3231 4027 3550 4082 variantiunt

1961 4141 2254 4197 lcetionum
2284 4137 2464 4206 copia.
2488 4133 2597 4188 Nec
2625 4145 2756 4185 vero
2785 4127 3067 4200 pauciores
3089 4139 3152 4179 ex
3177 4123 3399 4192 quinque
3428 4135 3553 4171 mss.

1961 4249 2098 4306 quos
2122 4232 2414 4288 Salinasius
2441 4229 2492 4284 in
2522 4242 2678 4282 nsum
2706 4223 2942 4286 vocavit,
2964 4231 3314 4290 quornmwvo
3335 4213 3552 4283 quidem

1961 4327 2246 4383 exstabant
2273 4326 2325 4380 in
2359 4324 2480 4377 bibl.
2510 4322 2720 4391 Regina!
2746 4319 3032 4373 Succorum
3059 4313 3160 4367 sub
3191 4327 3337 4365 num.
3371 4306 3470 4364 5H
3503 4315 3557 4359 et

1963 4422 2124 4486 1025,
2162 4429 2270 4473 tres
2300 4431 2430 4471 vero
2451 4415 2589 4468 alios
2611 4428 2674 4466 ex
2717 4409 2966 4463 Vaticana
2997 4415 3183 4460 nactus
3205 4409 3346 4464 erat,
3377 4399 3555 4468 signa-

1963 4523 2045 4569 tos
2080 4511 2235 4575 1188,
2273 4509 2410 4564 1190
2438 4515 2492 4561 et
2522 4504 2680 4559 1191.
2707 4502 2799 4557 llis
2833 4498 3048 4554 tandem
3083 4493 3334 4550 omnibus
3365 4504 3556 4543 accen-

271 4581 497 4651 Iugusti
533 4594 680 4637 tomo
709 4584 800 4649 \‘l,
848 4600 1004 4656 pagg.
1035 4586 1294 4646 427-460.
1329 4617 1399 4626 —
1440 4589 1685 4643 Secunda
1717 4590 1850 4645 Vitae

1964 4609 2068 4662 seri
2111 4606 2272 4660 debet
2301 4600 2582 4669 exemplar
2616 4614 2713 4651 ms.
2749 4594 2917 4649 Musei
2967 4586 3248 4646 Societatis
3293 4584 3422 4637 Jesu
3451 4584 3556 4634 An-

275 4686 392 4739 pars
432 4675 587 4731 audit
633 4673 865 4733 Possidii
910 4691 1074 4746 opera
1128 4676 1184 4729 h.
1219 4677 1252 4731 l.
1284 4688 1601 4748 pr0ptcrea,
1635 4681 1777 4749 quod
1807 4683 1858 4735 ei

278 4767 670 4833 prmuittuntur
695 4767 1053 4840 Confessiones
1079 4771 1486 4841 Augustinianaa,
1518 4774 1711 4842 quibus
1735 4774 1861 4828 Bol-

277 4860 518 4916 landistaa
563 4862 778 4918 titulum
819 4865 1017 4935 prioris
1054 4867 1221 4936 partis
1252 4866 1390 4922 Vitae
1430 4869 1713 4939 Augustini
1763 4886 1862 4941 po-

276 4963 512 5013 sui-runt,
541 4955 818 5012 Accedunt
838 4958 1062 5028 singulis
1085 4959 1413 5015 sectionibus
1441 4971 1692 5019 annotata
1705 4963 1865 5021 docte

279 5053 333 5098 et
362 5046 536 5101 sobrio
563 5047 788 5116 scripta.

354 5140 504 5192 1768.
535 5144 783 5209 Angusla’
817 5139 1223 5210 Vindelicorum,
1256 5148 1394 5214 apud
1425 5145 1637 5201 Fratres
1679 5148 1858 5213 Veith;

280 5229 433 5286 iit-8°.
453 5231 511 5288 S.
544 5235 744 5291 Aurelii
774 5235 1062 5308 Augustini
1090 5240 1454 5311 Hipponensis
1479 5246 1713 5314 cp‘St'Opi
1743 5247 1861 5300 Vita

1964 4697 2193 4767 tuerpia’,
2225 4694 2369 4765 quod
2402 4690 2742 4746 Bollandista:
2780 4692 2970 4741 notant
2996 4681 3263 4749 signatum
3298 4674 3460 4728 fuisse
3494 4672 3551 4726 Ι).

1967 4791 2078 4846 MS.
2112 4788 2168 4854 5,
2201 4795 2253 4843 et
2275 4782 2704 4840 vetustissimum
2734 4778 2938 4833 dicunt.

2037 4881 2092 4937 2.
2134 4877 2338 4932 Indicis
2385 4875 2615 4942 Operam
2658 4867 2928 4940 Augustini
2967 4882 2984 4918 :
3026 4864 3212 4928 pt-intzc
3265 4857 3554 4916 editionis,

1969 4989 2066 5025 ms.
2102 4969 2423 5028 bibliotheca
2449 4964 2668 5018 abbatiaz
2707 4958 3045 5019 Villariensis,
3073 4971 3136 5009 ex
3169 4967 3275 5020 quo
3299 4964 3419 5003 cum
3448 4945 3556 5013 pri-

1971 5077 2090 5119 mus
2125 5059 2346 5116 excudit
2392 5054 2740 5110 Vlimmerins.
2783 5047 3099 5102 Benedictini
3139 5042 3357 5096 eosdem
3401 5037 3553 5091 aditi-

1971 5158 2205 5210 buerunt
2230 5166 2367 5220 quos
2418 5149 2473 5202 in
2507 5147 2624 5199 Vita
2659 5141 2940 5214 Augustini
2987 5140 3221 5192 Codices.
3255 5132 3575 5193 Novissima,

1971 5246 2188 5302 tandem
2218 5243 2384 5298 editio
2415 5237 2762 5306 manuscripto
2798 5231 3071 5285 Vcrouensi
3099 5226 3346 5287 debetur.
