3970 6180
335 235 432 294 100

330 459 438 500 sem
465 443 838 513 Decembrem,
873 449 1222 520 presbyteros
1253 452 1350 521 52,
1381 455 1639 512 diaconos
1677 458 1757 525 12,
1791 462 1911 531 epi-

327 551 516 605 scopas
548 553 645 607 per
665 538 880 594 diversa
909 539 1024 595 loca
1053 541 1144 598 16.
1169 545 1271 611 Qui
1295 547 1460 602 etiam
1483 551 1728 618 sepultus
1758 563 1838 606 est
1867 554 1917 608 in

328 674 3256 714 MM

1703 247 2240 308 PllOuEGOMENA.

401 353 497 447 ilic
527 352 656 410 fecit
677 354 1048 413 ordinationes
1081 367 1188 415 tres
1213 361 1264 416 in
1293 362 1427 420 urbe
1450 364 1617 420 Roma
1643 381 1739 436 per
1763 385 1914 424 mcn-
1939 376 1990 435 Α
2019 371 2337 426 cmmeterio
2368 371 2648 436 Priscilhe.
2681 375 2761 429 via
2810 375 3049 442 Salaria,
3099 392 3191 432 \‘m
3233 378 3350 432 idus
3382 377 3602 447 Aptilis.
3665 394 3672 426 :

3507 264 3610 318 illi

2023 466 2086 519 Et
2111 466 2346 521 cessarit
2373 469 2718 540 episcopatus
2751 471 2801 525 in
2854 471 2984 527 urbe
3037 473 3203 526 Roma
3237 472 3352 528 dies
3397 474 3468 530 20
3493 472 3604 544 [AL

2019 557 2137 612 dies
2176 557 2289 632 2f].

3261 704 3582 721 ’.ἡ

1528 795 1863 859 ΝΟΤΙΤΙΛ
1911 800 2372 861 GALLANDII.

1467 939 1727 1002 (Bibliolh.
1777 942 1912 995 Velt.
1975 947 2107 996 Patr.
2168 955 2284 996 tom.
2338 946 2454 1009 1X.)

394 1057 444 1112 1.
489 1055 568 1113 De
597 1066 784 1113 sancto
817 1058 1114 1116 Coelesdno
1160 1062 1326 1117 verba
1359 1064 1570 1133 facturi,
1620 1083 1683 1123 ea
1734 1070 1909 1137 patius

326 1166 480 1220 quam
497 1152 1160 1217 ttostra,lticdcscribenda
1177 1156 1572 1227 existimamus,
1590 1141 1708 1229 qua:
1727 1168 1908 1231 paucis

325 1247 467 1313 licet,
513 1250 646 1301 satis
695 1257 872 1304 tamen
906 1250 1152 1319 apposite
1199 1253 1266 1306 ad
1306 1263 1548 1309 nostrum
1607 1256 1906 1310 institutum

323 1340 614 1395 edisserttit
649 1342 732 1396 vir
760 1341 954 1398 doctus
994 1342 1337 1400 Coutanlius.
1372 1347 1461 1402 Sic
1503 1349 1664 1418 igitur
1712 1348 1800 1404 ille
1831 1358 1855 1386 ἰ
1891 1367 1903 1400 :

329 1450 345 1484 t
381 1431 515 1487 Cum
549 1434 856 1491 Bonifacius
890 1451 1034 1492 anno
1077 1439 1212 1505 422,
1246 1438 1585 1509 Septembris
1615 1441 1650 1494 4
1693 1442 1810 1508 die,
1842 1459 1908 1497 ex

324 1527 416 1581 hac
459 1530 571 1582 vita
627 1530 936 1600 migrasset,
984 1547 1130 1598 mox,
1181 1533 1481 1604 Augustino
1530 1543 1669 1592 teste
1709 1534 1760 1606 δ,
1792 1537 1912 1591 Cte-

320 1619 578 1675 lestinum
622 1622 679 1675 in
731 1623 968 1677 Romana
1019 1629 1139 1680 sede
1184 1626 1437 1683 Dominus
1469 1629 1613 1684 Deus
1661 1631 1771 1684 sine
1799 1631 1912 1686 ulla

321 1712 480 1780 plebis
509 1730 622 1768 sua:
647 1716 954 1772 discissione
1000 1721 1285 1775 constituit.
1320 1721 1592 1777 Observat
1618 1724 1700 1778 vir
1729 1726 1910 1780 erudi-

2023 1073 2214 1141 l‘agius
2243 1085 2434 1128 certum
2468 1091 2573 1128 esse
2618 1076 2798 1128 debere
2819 1119 2833 1140 ,
2871 1076 2944 1129 ait
2989 1087 3034 1141 ε,
3078 1094 3190 1131 eum
3222 1078 3412 1133 sedisse
3439 1097 3605 1136 annos

2018 1182 2232 1231 novem,
2272 1183 2463 1220 menses
2496 1167 2666 1220 decem
2700 1178 2744 1220 et
2775 1169 2882 1220 dies
2911 1185 3119 1232 novem,
3165 1171 3380 1240 ideoque
3425 1173 3607 1227 abiisse

2020 1257 2102 1311 die
2132 1259 2196 1312 18
2227 1269 2312 1310 aut
2340 1258 2403 1311 l9
2430 1257 2585 1313 Julii.
2617 1258 2675 1312 In
2705 1256 3019 1313 Corbciensi
3063 1270 3240 1314 tamen
3287 1260 3472 1316 codice
3512 1263 3604 1316 Vi-

2021 1351 2136 1422 gilii
2187 1367 2338 1420 papae
2382 1352 2713 1420 temporibus
2748 1362 2988 1417 exarata,
3042 1369 3163 1408 cum
3216 1369 3322 1424 quo
3350 1355 3602 1408 nonnulla

2020 1445 2210 1498 saltem
2239 1443 2491 1498 Chronici
2541 1445 2796 1514 Prosperi
2844 1446 3175 1515 exemplaria
3221 1447 3601 1512 consentiunt,

2017 1555 2179 1592 annos
2210 1538 2265 1600 9,
2299 1553 2493 1590 menses
2528 1539 2614 1601 10,
2646 1538 2750 1589 dies
2782 1539 2843 1591 17
2873 1539 3063 1591 sedisse
3090 1538 3311 1593 dicitur.
3349 1540 3482 1593 llinc
3510 1540 3605 1595 Se—

2016 1630 2300 1685 bastianus
2331 1630 2710 1684 Tillcmontius
2738 1630 3020 1685 Coelestini
3064 1641 3294 1689 mortem
3327 1647 3467 1686 anno
3498 1634 3604 1688 452

2015 1719 2140 1774 Julii
2171 1720 2240 1774 26
2286 1721 2372 1774 die
2403 1721 2727 1789 consignarc
2777 1719 2942 1774 licere
2988 1721 3286 1776 arbitratur
3316 1720 3366 1777 ά.
3405 1741 3423 1773 ι
3464 1723 3604 1778 lluc-

320 1815 423 1873 tus,
448 1821 575 1860 eum
610 1807 869 1865 Ecclesia:
911 1809 1170 1866 Romanae
1216 1824 1344 1868 tunc
1376 1814 1544 1870 fuisse
1590 1833 1818 1885 moretn,
1854 1827 1911 1872 ttt
1944 1819 1988 1878 B
2018 1827 2186 1882 usque
2219 1812 2279 1866 νο
2307 1812 2370 1866 C-

319 1896 418 1951 nisi
449 1897 583 1966 quid
630 1898 905 1964 obstaret,
953 1901 1212 1958 defuncto
1262 1906 1380 1974 ejus
1423 1907 1682 1986 episcppo
1727 1911 1908 1964 statim

317 2002 605 2044 successor
649 1991 1023 2059 sufficeretur;
1064 1995 1310 2064 adeoque
1360 1997 1737 2066 leestinnm,
1788 2016 1908 2056 cum

319 2082 369 2135 in
398 2098 529 2138 eum
555 2086 915 2155 conspirarint
943 2089 1108 2143 totius
1136 2089 1311 2159 plebis
1339 2092 1614 2162 suffragia,
1649 2095 1797 2149 nulla
1831 2096 1914 2149 in-

320 2177 580 2246 terposita
624 2192 779 2233 mora
800 2219 814 2244 ,
845 2194 907 2236 ac
935 2180 1178 2247 proxima
1210 2192 1330 2252 post
1362 2183 1620 2240 Bonifacii
1679 2199 1907 2242 mortem

318 2269 621 2335 dominica,
655 2287 774 2339 qua:
814 2272 867 2327 in
914 2274 984 2329 10
1032 2275 1370 2346 Septembris
1426 2278 1568 2333 diem
1603 2280 1904 2349 incidebat,

318 2363 484 2419 fuisse
513 2365 842 2421 ordinatum.
937 2403 940 2408 ι
1567 2371 1569 2373 ’

382 2457 438 2510 2.
480 2474 501 2508 s
534 2457 788 2514 Pluribus
815 2460 986 2528 gestis
1007 2461 1357 2533 episcopatus
1381 2467 1496 2530 ejus
1523 2465 1749 2536 insignis
1777 2465 1905 2524 fuit:

319 2548 641 2602 nominatim
669 2564 796 2604 vero
819 2551 1078 2608 adversus
1106 2553 1414 2610 Nestorium
1445 2560 1768 2612 sententiam
1796 2561 1908 2629 pri-

319 2656 436 2695 mus
481 2641 695 2696 edixit:
735 2643 999 2715 Cyrillum
1033 2647 1100 2702 ad
1141 2662 1261 2702 eam
1311 2651 1712 2720 exseqttendam
1767 2652 1909 2707 vica-

319 2733 455 2786 rium
509 2732 780 2800 instituit,
809 2744 864 2790 et
908 2738 1151 2807 regulam
1201 2742 1532 2811 praescripsit
1559 2758 1621 2797 ac
1644 2744 1906 2810 formam,

325 2837 486 2892 quam
518 2833 578 2879 ut
602 2827 916 2881 canonicam
938 2828 1230 2898 Ephesinte
1255 2831 1445 2900 synodi
1476 2833 1661 2887 Patres
1683 2836 1832 2903 sequi
1849 2849 1908 2890 se

324 2916 464 2970 ultro
494 2926 616 2969 sunt
643 2916 892 2985 professi.
922 2919 1195 2975 l'rmterea
1226 2920 1384 2990 hujus
1406 2925 1597 2993 synodi
1621 2926 1909 2980 confirma-

322 3008 394 3058 vit
421 3015 581 3072 acta;
619 3007 937 3077 Pelagianos
970 3011 1133 3065 totius
1185 2997 1352 3066 Italia:
1399 3014 1592 3070 finibus
1632 3015 1906 3071 deturbari

319 3101 568 3166 curavit;
599 3099 909 3158 Novatianis
935 3105 1192 3162 ecclesias
1217 3122 1352 3177 quas
1382 3107 1569 3164 Romae
1603 3109 1783 3178 plures
1813 3109 1906 3165 ha-

2086 1906 2139 1960 4.
2183 1906 2298 1960 Jam
2335 1921 2466 1961 vero
2495 1905 2735 1976 ejusdem
2780 1905 3060 1961 lecstini
3105 1907 3459 1975 epistolarttm
3489 1906 3603 1961 edi-

2015 1995 2216 2050 tionem
2257 1996 2324 2050 ab
2369 1998 2485 2065 ipso
2536 1997 2827 2050 Coutantio
2877 1996 3192 2052 adornatam
3248 1997 3598 2063 exhibemus,

2015 2088 2287 2143 nonnullis
2319 2088 2368 2142 in
2401 2089 2534 2143 locis
2566 2091 2921 2154 recensitam;
2966 2105 3032 2142 ex
3065 2088 3220 2158 cujus
3253 2089 3476 2158 proinde
3506 2104 3602 2142 att-

2014 2182 2214 2236 notatis
2238 2181 2455 2236 haurire
2487 2181 2540 2235 in
2573 2191 2823 2251 promptu
2850 2190 2950 2247 est,
2988 2195 3107 2249 qua:
3137 2181 3203 2234 ad
3238 2181 3394 2249 hujus
3427 2182 3602 2248 putui-

2015 2274 2131 2328 ficis
2155 2289 2243 2328 res
2266 2273 2523 2342 prmclare
2545 2282 2723 2344 gestas
2748 2274 2916 2341 magis
2931 2272 3277 2326 elucidandas
3308 2273 3595 2340 pertinent.

2015 2367 2167 2434 Quod
2218 2377 2504 2436 superest,
2555 2368 2600 2421 si
2645 2366 2773 2435 quid
2826 2366 2892 2420 iis
2945 2365 3274 2432 addendum,
3318 2365 3598 2432 legendam

2013 2460 2368 2515 esistimarim
2398 2458 2827 2530 disquisitionem
2853 2460 2903 2511 in
2937 2458 3125 2513 decem
3147 2456 3380 2525 capitula
3403 2457 3601 2523 episto-

2015 2553 2080 2607 lae
2124 2552 2400 2607 Cazlestini
2429 2551 2493 2604 21
2546 2551 2612 2604 ad
2645 2551 2934 2618 episcopos
2984 2549 3277 2603 Galliarum
3325 2547 3597 2618 subjecta,

2012 2661 2174 2716 quam
2208 2646 2302 2699 viri
2341 2643 2535 2699 eruditi
2560 2643 2954 2697 elucubrarnnt
2987 2643 3035 2706 ⁸,
3070 2641 3158 2694 ubi
3197 2645 3600 2694 accoratissttne

2015 2747 2136 2808 post
2163 2741 2453 2807 ipsttmmet
2480 2736 2824 2790 Contantittm
2857 2734 2983 2802 quid
3033 2734 3099 2787 de
3137 2733 3242 2786 illis
3274 2735 3344 2786 sit
3373 2749 3600 2787 censen-

2011 2829 2138 2883 dum
2171 2836 2468 2897 exponunt.
2499 2827 2663 2896 Cujus
2703 2825 2921 2896 quidem
2953 2824 3201 2893 epistola:
3225 2821 3504 2877 Coelestini
3530 2826 3595 2877 ad

3669 374 3687 408 ί

2012 2920 2194 2976 Galios
2211 2920 2497 2973 occasione
2520 2926 2787 2971 annotare
2811 2916 2961 2979 libet,
2991 2915 3334 2969 Vincentium
3355 2914 3596 2967 Lirinen-

2011 3027 2124 3067 sem
2141 3012 2318 3080 magni
2338 3011 2531 3065 fecisse
2552 3011 2696 3066 illam
2712 3009 2956 3078 ejusdem
2992 3009 3260 3077 pontificis
3273 3008 3593 3062 sententiam

2011 3121 2130 3175 qua:
2156 3104 2209 3159 in
2237 3118 2296 3158 ea
2327 3104 2554 3173 epistola
2603 3103 2668 3156 ad
2706 3101 2998 3157 Galliarum
3031 3099 3313 3169 episcopos
3370 3099 3596 3154 habetur

320 3193 562 3260 hebant,
611 3195 840 3264 ademit;
886 3207 1196 3254 nascentem
1226 3202 1470 3256 coercuit
1509 3202 1902 3273 Semipelagiu-
1928 3195 1973 3257 C
2010 3199 2092 3252 his
2135 3198 2314 3253 verbis
2356 3195 2374 3234 τ
2413 3212 2428 3251 :
2465 3194 2699 3258 Desinat,
2734 3195 2777 3248 si
2799 3196 2870 3248 ita
2901 3210 2980 3248 res
3005 3201 3145 3258 sunt,
3178 3193 3430 3246 incessere
3455 3195 3595 3245 novi-

319 3302 434 3341 nam
473 3287 754 3354 haeresim,
785 3298 840 3343 et
883 3291 1237 3360 Augustinum
1267 3293 1525 3349 adversus
1576 3309 1746 3350 novos
1786 3294 1903 3365 ejus

316 3381 741 3448 reprehensores
771 3382 1037 3439 defendit.
1120 3433 1124 3436 .

379 3473 430 3528 5.
463 3491 486 3526 ι
521 3475 656 3529 Eum
683 3474 802 3544 ipso
829 3491 972 3531 anno
997 3478 1254 3548 432,th0
1281 3479 1594 3536 Maximiani
1625 3481 1678 3535 in
1708 3480 1900 3536 Nesto-

316 3568 376 3620 rii
398 3567 584 3622 locum
607 3569 887 3639 subrogati
923 3570 1321 3626 ordinationem
1343 3612 1360 3640 ,
1412 3574 1558 3628 velut
1584 3573 1649 3627 ad
1680 3573 1896 3629 coroni-

313 3657 429 3712 dem
473 3658 777 3728 proﬂigata:
825 3663 1099 3717 haereseos
1146 3654 1502 3731 Nestorianae,
1549 3665 1894 3735 approbavit,

317 3755 416 3802 tam
467 3750 772 3818 gloriosum
831 3753 1208 3821 pontiﬁcatum
1259 3753 1500 3820 flniisse,
1554 3757 1806 3828 Prosperi
1837 3772 1900 3812 ac

317 3838 616 3895 Marcellini
650 3841 1368 3913 ChroniciS'confirmatur;
1413 3863 1521 3920 quo
1548 3849 1653 3914 die,
1689 3865 1796 3903 non
1825 3850 1895 3904 ita

315 3938 394 3983 est
419 3931 788 3999 exploratum.
820 3934 955 3988 Eum
999 3936 1202 4004 Aprilis
1231 3939 1263 3992 6
1294 3939 1378 3992 vel
1427 3939 1588 4004 9_die
1625 3940 1894 4008 sepultum

316 4022 653 4088 pontiﬁcales
670 4023 791 4078 hhri
816 4040 879 4079 ac
902 4025 1281 4098 Blartyrologia
1306 4028 1544 4084 tradunt.
1572 4029 1770 4084 Verum
1793 4031 1895 4086 sibi

316 4130 413 4168 non
441 4115 728 4171 cuhmrent
782 4119 1114 4187 pontificales
1145 4121 1264 4175 libri
1293 4163 1309 4188 ,
1342 4121 1609 4192 siquidem
1636 4137 1810 4177 annos
1836 4123 1894 4188 9,

316 4220 527 4262 menses
560 4207 628 4263 10
657 4220 710 4263 et
740 4209 948 4279 aliquot
973 4211 1112 4276 dies,
1160 4229 1268 4267 non
1299 4227 1452 4267 secus
1494 4222 1656 4283 atque
1686 4222 1895 4270 veteres

312 4299 554 4369 catalcgi,
601 4301 934 4370 pontificatui
973 4301 1252 4359 Ctelestini
1281 4304 1581 4361 ascribunt.
1627 4305 1894 4364 Antonius

282 4476 291 4516 Ξ
378 4476 712 4556 fCoustant.
739 4479 913 4556 Epist.
943 4480 1100 4536 Rom.
1130 4480 1351 4556 Pontill.
1379 4497 1498 4556 pag.
1529 4483 1687 4541 1051.

379 4546 405 4586 δ
428 4552 569 4617 Aug.
598 4546 939 4617 epistl.7209,
973 4568 1118 4605 num.
1147 4554 1200 4606 1.

379 4628 400 4693 '_
431 4619 583 4693 Pagi.
606 4621 674 4673 ad
704 4637 832 4674 ann.
861 4621 989 4693 452,
1022 4621 1049 4693 §
1081 4622 1135 4677 5.

376 4685 400 4723 ’³
431 4689 649 4762 'Al‘illem.
691 4700 822 4744 tom.
857 4692 998 4757 XIV,
1024 4685 1150 4762 pag.
1180 4693 1302 4748 758.

362 4766 404 4834 ,ο
436 4760 632 4834 Bauer.
660 4762 758 4834 lib.
777 4777 812 4814 tt
831 4777 952 4831 cap.
978 4765 1011 4817 6
1033 4760 1262 4819 observ.
1289 4762 1355 4819 ad
1380 4763 1518 4834 Opp.
1548 4763 1726 4821 Naris.
1754 4775 1884 4822 tom.

315 4824 375 4883 ιν
395 4845 548 4901 nes:
577 4831 683 4884 909
707 4846 861 4901 seqq-

303 4914 314 4963 i
391 4893 661 4956 ‘Ctizlest.
692 4893 851 4971 epist.
873 4901 964 4966 at,
995 4903 1022 4974 ς
1052 4903 1106 4958 2.

1916 4895 1968 4957 Β

2013 3301 2090 3347 tas
2125 3299 2441 3345 vetustatem.
2477 3289 2683 3357 Quibus
2712 3288 2920 3350 relatis,
2954 3285 3141 3340 subdit
3184 3283 3500 3339 Vincentius
3535 3294 3589 3335 tt:

2015 3385 2152 3456 Ergo
2176 3385 2286 3439 Ittec
2313 3384 2411 3455 fuit
2449 3383 2579 3436 beati
2609 3381 2866 3436 Ccefestini
2919 3380 3069 3432 beata
3107 3377 3378 3445 sententia,
3410 3387 3462 3429 ut
3489 3393 3592 3428 non

2011 3486 2230 3532 vetustas
2256 3484 2474 3529 cessaret
2504 3473 2718 3527 obruere
2763 3473 3062 3536 novitatem,
3094 3469 3182 3523 sed
3207 3472 3373 3535 potius
3395 3468 3592 3520 novitas

2008 3568 2259 3622 desineret
2279 3567 2531 3620 incessere
2561 3572 2881 3617 vetustatem.
2914 3560 3065 3615 llaud
3106 3559 3354 3627 equidem
3404 3559 3591 3626 ignoto

2007 3658 2275 3730 ejusmodi
2323 3656 2596 3712 Vincentii
2643 3654 2806 3708 verba
2858 3653 2910 3706 in
2955 3652 3116 3705 alium
3171 3662 3390 3704 sensum
3430 3649 3497 3701 ab
3525 3664 3590 3701 cu

2003 3767 2162 3823 quem
2196 3766 2305 3822 prae
2331 3765 2390 3805 se
2417 3750 2560 3804 ferre
2589 3749 2865 3810 videntur,
2895 3745 3192 3800 detersisse
3217 3743 3585 3797 doctissimum

2001 3843 2330 3897 cardinalem
2379 3837 2653 3894 Norisium
2706 3835 2774 3890 δε
2829 3835 2948 3902 ejus
2987 3843 3163 3887 tamen
3213 3832 3395 3900 Opinio
3437 3832 3588 3885 nullo

2002 3939 2161 4003 pacto
2220 3929 2480 4000 probatur
2535 3927 2750 3983 erudito
2800 3908 3090 3981 Coutantio
3133 3921 3176 3975 ί.
3226 3923 3408 3990 Neque
3457 3937 3588 3975 vero

2002 4023 2133 4080 illud
2162 4023 2480 4096 praeclarum
2513 4021 2580 4076 de
2608 4018 2904 4075 Ctelestino
2935 4015 3191 4085 Prosperi
3221 4014 3583 4070 testimonium

2004 4120 2092 4174 hic
2121 4118 2336 4174 demum
2358 4113 2752 4172 omittendumi
2794 4131 2806 4165 :
2840 4111 2954 4176 Cui,
2991 4111 3188 4181 inquit,
3218 4108 3285 4162 ad
3321 4108 3586 4161 catltolit‘te

2003 4211 2254 4267 Ecclesia:
2281 4211 2582 4283 praesidium
2629 4208 2789 4261 multa
2831 4204 3080 4260 Dominus
3111 4203 3291 4274 gratia:
3316 4217 3422 4256 sua:
3449 4201 3585 4254 dona

2005 4304 2224 4376 largitus
2249 4311 2346 4358 est.

2067 4491 2093 4529 ι
2117 4481 2273 4536 Vinc.
2304 4478 2412 4534 Lir.
2441 4478 2725 4533 Common.
2757 4487 2875 4543 cap.
2907 4470 2998 4528 52.

2069 4549 2096 4588 ¹ι
2122 4552 2298 4639 lini-Iis.
2334 4551 2469 4605 llist.
2508 4549 2688 4618 Pelag.
2719 4539 2894 4601 libftt
2928 4559 3046 4611 cap.
3082 4542 3178 4607 11,
3211 4541 3349 4610 Opp.
3383 4551 3511 4593 tom.
3543 4539 3581 4605 Ι,

1997 4637 2121 4700 pag.
2145 4624 2244 4678 591
2281 4636 2396 4689 seq.
2597 4689 2608 4700 .
3193 4682 3222 4699 η
3292 4681 3302 4693 .

2075 4704 2089 4730 ι
2123 4694 2402 4749 Constant.
2429 4690 2495 4745 ad
2527 4698 2685 4759 eptst.
2714 4687 2778 4741 21
2805 4687 3026 4743 (Ξωιεδι.
3050 4692 3164 4740 not.
3193 4697 3246 4748 ο,
3291 4681 3424 4736 infra
3468 4691 3579 4746 ευι.

1991 4761 2318 4902 52(id‘rosp.
2352 4843 2539 4887 contra
2579 4829 2774 4885 Collat.
2820 4843 2942 4897 cap.
2981 4827 3082 4888 21,
3116 4827 3188 4879 al.
3218 4821 3312 4890 41,
3344 4836 3491 4874 nttm.
3521 4820 3578 4874 2.

1440 5155 1766 5216 NOTITIA
1812 5152 2451 5216 SCHOENEMANNI.

1316 5297 1593 5361 (Biblioth.
1654 5297 2194 5348 Historico-thterar.
2267 5305 2384 5347 tom.
2448 5296 2554 5357 11.)

709 5440 738 5514 ς
772 5440 811 5495 l.
861 5440 983 5494 Vita
1013 5440 1274 5496 Caelestini
1301 5458 1470 5513 papw.

377 5526 551 5584 Patria
582 5531 910 5602 Campanus,
943 5533 1110 5588 Prisci
1141 5532 1420 5601 cujusdam
1453 5533 1612 5600 ﬁlius,
1646 5532 1886 5601 proxima

312 5620 488 5673 Slnlim
517 5634 636 5692 post
668 5633 899 5680 mortem
942 5623 1200 5679 Bonifacii
1237 5626 1512 5680 Dominica
1547 5671 1559 5690 ,
1610 5625 1660 5680 id
1699 5635 1783 5679 est
1827 5625 1887 5678 10

311 5707 648 5779 ὃι-ριεωδτίδ
671 5717 761 5772 die
791 5732 843 5771 a.
876 5715 980 5772 422
1011 5717 1295 5788 episcopus
1333 5717 1612 5774 ordinatus
1641 5728 1741 5772 est.
1779 5715 1888 5770 Du-

1993 5443 2148 5499 tabat
2181 5438 2357 5494 adhuc
2382 5439 2638 5495 Romanis:
2669 5441 2813 5494 sedis
2859 5439 2910 5493 in
2955 5439 3208 5495 Afrorum
3237 5437 3454 5507 judiciis
3486 5457 3578 5507 pu-

1996 5537 2185 5597 testas,
2234 5530 2434 5584 tamdiu
2457 5530 2526 5584 ab
2549 5531 2678 5598 ipsis
2703 5530 2970 5584 Africanis
2995 5531 3262 5599 episcopis
3293 5546 3552 5585 concessa

1996 5622 2168 5677 donec
2200 5622 2460 5678 consultis
2490 5622 2690 5678 Nicaeui
2723 5623 2941 5678 concilii
2974 5623 3271 5679 verissimis
3305 5627 3576 5691 exempla-

1996 5713 2144 5770 ribus
2172 5757 2186 5783 ,
2222 5725 2400 5771 utrum
2453 5717 2502 5772 itt
2545 5717 2621 5774 eis
2667 5717 3032 5787 reperirentur
3062 5717 3264 5776 laudati
3303 5733 3331 5774 a
3363 5718 3574 5776 Zosinta
