3970 6180
398 387 487 440 ,ilI
1575 380 2104 439 S.COEI.I'J$TI.\'LS
2146 382 2160 434 l
2203 381 2402 438 PAPA.

3549 384 3647 439 ΗΞ

393 514 649 565 nationes,
686 499 946 554 certiores
973 499 1093 551 tacti
1122 507 1317 551 essent.
1344 498 1458 565 Quo
1483 498 1601 566 jure
1624 514 1651 551 a
1673 496 1966 553 Ccelestiuo
2000 500 2039 555 Α
2073 496 2213 551 tuine
2238 496 2459 566 posthac
2493 506 2671 552 notata
2709 497 2828 563 fuit,
2886 504 3143 566 repressit
3197 505 3250 553 et
3285 496 3655 555 deferentibus

396 596 446 649 in
482 593 612 662 ipsis
644 592 822 646 statim
868 591 1104 651 muneris
1135 590 1256 644 novi
1286 590 1535 659 auspiciis
1564 590 1780 645 Antonii
1828 589 1967 644 Fus-

394 683 625 737 satensis
662 683 903 751 episcopi
950 689 1005 735 et
1035 681 1311 746 a'iquanto
1354 692 1472 750 post
1504 682 1705 750 Apiarii
1735 680 1805 736 ob
1833 696 1971 735 nova

395 775 590 844 ﬂagitia
622 773 813 827 remoti
854 783 908 827 et
934 772 998 825 ad
1040 773 1390 827 Caelestinum
1432 773 1771 842 provocantis
1795 787 1970 827 causa

394 876 639 926 suscepta
667 865 784 918 fuit.
807 864 910 920 Sed
932 864 1073 918 illius
1091 864 1359 934 querelas,
1378 864 1635 919 subdolas
1651 874 1705 918 et
1725 862 1970 932 injustas,

395 958 592 1011 evertit
639 956 969 1024 Augustinus
997 996 1013 1021 ,
1064 970 1271 1024 suaque
1315 955 1393 1009 rei
1437 962 1601 1023 gesta:
1632 954 1973 1010 enarratione

395 1049 536 1116 apud
570 1048 923 1102 let-stinnm
956 1049 1198 1117 pervicit,
1234 1057 1289 1101 ut
1315 1050 1635 1102 sententiam
1657 1047 1793 1117 apud
1816 1047 1974 1102 Afros

400 1142 449 1193 iu
480 1155 599 1194 eum
630 1149 792 1193 .atam
821 1148 989 1192 ratam
1020 1139 1271 1204 haberet;
1306 1139 1445 1192 hunc
1469 1138 1679 1206 propria
1710 1138 1973 1193 scelerum

397 1230 672 1284 damnavit
700 1230 992 1285 confessio.
1025 1230 1192 1296 Quam
1226 1232 1351 1283 dum
1380 1230 1673 1286 Caelestino
1702 1231 1971 1298 nuntiant,

398 1324 563 1378 simul
604 1339 764 1378 omne
802 1324 927 1393 jus,
974 1324 1117 1394 quod
1170 1324 1381 1378 interim
1422 1323 1489 1378 de
1526 1323 1976 1392 appellationibus

401 1414 656 1469 Romana:
684 1415 796 1469 sedi
824 1416 1197 1485 permiserant,
1235 1416 1447 1485 penitus
1472 1416 1833 1480 sustulerunt,
1878 1416 1975 1470 de-

406 1516 686 1571 precantes
711 1548 724 1569 .
760 1523 825 1560 ne
858 1508 909 1561 in
939 1519 1211 1577 posterum
1244 1524 1309 1561 ex
1342 1508 1522 1561 Africa
1557 1509 1833 1563 venientes
1863 1508 1976 1562 sive

403 1598 639 1667 episcopi
697 1600 811 1653 sive
856 1600 1154 1670 presbyteri
1197 1584 1547 1654 iulerioresve
1593 1599 1816 1664 clerici,
1864 1599 1978 1655 sive

406 1690 525 1743 laici
558 1691 719 1744 etiam
750 1690 955 1745 facilius
983 1690 1430 1758 admitterentur,
1461 1691 1980 1748 excommunicative

408 1780 457 1833 in
484 1782 915 1834 communionem
950 1797 1290 1850 prtepropcre
1330 1782 1763 1839 restituerentur.
1795 1783 1979 1850 Neque

407 1872 547 1924 enim
579 1870 677 1925 hoc
725 1874 892 1940 magis
922 1888 1080 1941 quam
1126 1873 1278 1937 illud,
1307 1872 1446 1941 quod
1492 1874 1697 1944 pridem
1752 1873 1820 1929 de
1860 1875 1981 1945 jure
2016 1863 2060 1922 Β

408 1964 643 2032 t'plSCOpl
671 1963 895 2017 Romani
927 1964 1128 2034 legatos
1149 1979 1180 2017 a
1206 1966 1373 2021 latere
1397 1967 1447 2019 in
1477 1965 1708 2021 Africam
1739 1967 1981 2022 mittendi

412 2079 706 2135 Faustinus
725 2078 1076 2139 asseruisset.
1095 2077 1149 2131 in
1162 2075 1369 2131 Nicani
1391 2074 1638 2139 concilii,
1657 2089 1777 2144 qua:
1797 2089 1864 2129 ex
1885 2089 1987 2127 an-

410 2173 656 2225 theutico
678 2170 747 2224 ab
768 2169 950 2224 Attico
974 2167 1579 2235 Constantinopolitano
1600 2165 1859 2236 episcopo
1880 2165 1985 2221 sibi

410 2265 734 2317 transmissa
765 2272 975 2320 essent.
1006 2260 1415 2331 exemplaribus
1435 2260 1699 2329 scriptum
1731 2257 1985 2328 reperiri.

408 2354 757 2422 Quapmpter
782 2352 990 2406 nullum
1019 2350 1522 2421 omninojudieium
1556 2348 1985 2403 transmarinum

412 2447 615 2499 nedum
635 2445 866 2499 clericos
884 2444 1158 2496 Romanos
1176 2451 1436 2510 tanquam
1463 2448 1813 2494 exsecutores
1842 2438 1906 2492 ad
1930 2452 1989 2492 se

420 2537 617 2590 missos
649 2536 703 2587 in
737 2543 1019 2603 posterum
1057 2533 1263 2586 laturos
1288 2548 1412 2587 esse
1444 2530 1846 2601 signiﬁcabant.
1883 2528 1990 2584 Sed

413 2628 683 2697 quidquid
706 2642 769 2679 ex
794 2627 895 2680 hac
920 2634 1071 2693 parte
1096 2626 1354 2679 Romanae
1376 2627 1525 2679 sedis
1551 2625 1803 2694 potestati
1828 2623 1989 2676 dece-

416 2723 551 2775 dere
573 2721 882 2782 videbatur,
903 2736 966 2772 ex
984 2720 1153 2773 altera
1168 2717 1570 2786 quodammodo
1596 2717 1863 2785 reparavit
1881 2715 1990 2769 ini-

418 2822 529 2863 tum
552 2829 578 2862 a
596 2809 895 2865 (la-les:in
910 2824 1032 2863 cum
1051 2807 1255 2880 Cyrillo
1274 2807 1642 2861 Alexandrino
1660 2805 1839 2862 lendus
1856 2822 1990 2860 con-

417 2915 496 2957 tra
529 2902 863 2968 Nestorium,
886 2917 995 2972 quo
1037 2911 1143 2955 tam
1167 2899 1444 2969 sapienter
1470 2914 1601 2953 usus
1629 2907 1735 2960 est,
1757 2909 1814 2951 ut
1837 2914 1989 2966 quae-

415 3011 647 3064 eumque
673 2995 835 3064 hujus
868 3008 1031 3047 causa
1065 3002 1216 3063 gesta
1237 3008 1346 3047 non
1382 2991 1556 3061 magis
1579 2989 1989 3062 Cyrillistudio,

414 3103 579 3156 quam
620 3088 850 3140 Romani
879 3087 1116 3155 episcopi
1138 3085 1431 3156 vigilantis:
1449 3085 1637 3140 deberi
1656 3085 1991 3141 viderentur.

417 3182 550 3235 Nam
573 3180 732 3235 simul
755 3197 819 3235 ac
840 3180 973 3236 satis
992 3196 1114 3235 sese
1149 3179 1403 3249 aCyriIlo
1436 3180 1765 3233 instructum
1794 3179 1990 3240 sensit,

417 3272 548 3340 quid
566 3287 663 3338 pro
681 3271 870 3325 haeresi
888 3270 1198 3325 habendum
1218 3284 1382 3338 esset,
1399 3272 1695 3334 festinavit,
1717 3284 1775 3326 ut
1790 3273 1993 3341 primus

419 3376 540 3415 eam
562 3362 911 3416 anathemate
931 3363 1141 3426 feriret,
1164 3364 1396 3435 ejusque
1423 3376 1731 3425 auctorem,
1752 3365 1804 3418 ni
1837 3379 1994 3417 erro-

420 3450 573 3505 ribus
591 3448 954 3504 valedieturns
982 3461 1149 3519 esset,
1175 3455 1559 3507 communione
1578 3453 1810 3520 privaret
1833 3468 1847 3516 ;
1871 3466 1994 3506 mox

421 3536 486 3589 ad
528 3538 793 3606 synodum
840 3539 908 3593 ab
940 3539 1269 3607 imperatore
1300 3538 1608 3595 Theodosio
1638 3542 1781 3608 apud
1820 3537 1996 3606 Ephe-

420 3640 541 3679 sttm
562 3626 820 3680 indictatn
840 3628 1047 3695 legatos
1066 3626 1216 3681 tnisit
1232 3627 1334 3681 hac
1350 3628 1588 3697 generali
1609 3628 1992 3697 prteeeptione,

346 3722 354 3781 ῖ
423 3725 481 3767 ut
509 3714 739 3768 Nestorii
764 3714 1173 3769 damnationem
1202 3727 1227 3754 α
1254 3724 1310 3769 et
1332 3730 1361 3768 a
1393 3717 1521 3771 sede
1554 3732 1651 3771 sua
1683 3716 1990 3783 depositio-

421 3819 546 3858 neat
570 3815 822 3873 urgerent
858 3823 871 3859 :
896 3807 949 3858 in
974 3805 1197 3874 reliquis
1222 3822 1372 3868 vero.
1394 3822 1515 3876 qua:
1531 3822 1693 3864 casus
1714 3809 1796 3863 vel
1816 3809 1993 3872 disce-

423 3891 681 3958 ptationis
708 3895 841 3947 ordo
862 3892 1124 3946 allatttrus
1139 3904 1305 3955 esset,
1333 3893 1522 3948 moniti
1549 3906 1728 3961 erant,
1753 3907 1810 3951 ut
1832 3897 1993 3966 quid-

420 3978 549 4045 quid
607 3979 659 4031 in
693 3978 885 4048 Cyrilli
916 3979 1147 4033 arbitrio
1188 3981 1459 4045 viderent,
1499 3981 1759 4037 lacerent.
1803 3982 1989 4054 itaque

418 4080 779 4135 quaecumque
811 4067 880 4121 ab
905 4081 971 4120 eo
1002 4067 1057 4120 in
1076 4067 1285 4136 synodo
1308 4068 1406 4122 ista
1425 4078 1575 4137 gesta
1595 4082 1800 4134 essent,
1829 4074 1985 4138 plene

420 4155 766 4222 approbavit.
789 4155 949 4223 eique
975 4164 1030 4209 et
1048 4156 1325 4223 erunibus,
1351 4158 1446 4225 qui
1478 4159 1531 4212 in
1558 4174 1620 4212 ea
1649 4174 1770 4213 cum
1795 4175 1860 4214 eo
1878 4172 1989 4217 ste-

420 4253 622 4305 terant,
649 4242 862 4313 ipsique
885 4242 1021 4297 adeo
1051 4244 1387 4313 imperatori,
1408 4247 1583 4299 invito
1610 4264 1739 4302 sane
1774 4248 1987 4315 victori,

422 4344 675 4400 tanquatn
715 4333 782 4389 de
804 4335 1026 4390 victoria
1063 4337 1130 4391 ab
1182 4335 1433 4391 hostibus
1464 4338 1671 4392 Christi
1713 4351 1987 4407 reportata

426 4430 725 4501 gratulatus
755 4442 859 4499 est,
890 4449 992 4490 nec
1040 4452 1143 4493 non
1189 4422 1572 4494 Maximianum
1614 4437 1858 4494 Nestorio
1900 4417 2000 4495 tle-

426 4530 586 4598 pnlso
639 4531 916 4587 suil'eetum
965 4532 1276 4601 episcopum
1330 4532 1513 4587 statim
1564 4533 1854 4605 salutavit,
1892 4533 2002 4595 hoc

2070 591 2336 661 Prospero
2360 593 2628 662 Aquitano
2671 602 2723 647 et
2756 591 2983 645 Hilario
3013 590 3155 647 laico
3205 589 3424 646 homine
3471 590 3656 647 Gallia

2071 685 2357 755 episcopos
2387 685 2620 755 graviter
2649 683 3032 755 reprehendit,
3083 685 3225 753 quod
3256 692 3461 738 tantum
3503 700 3655 751 pres-

2072 774 2277 847 byteris
2307 779 2417 831 suis
2442 777 2805 846 iudulgerent,
2834 784 2891 829 ut
2909 776 3327 846 indisciplinatas
3352 789 3657 849 emtam

2070 876 2302 921 uocantes
2339 867 2392 919 in
2419 867 2663 931 medium,
2688 867 3023 935 pradicarent
3054 865 3384 920 adversantia
3422 868 3655 933 ueritati,

2072 971 2120 1012 et
2138 958 2455 1028 Augustino,
2483 974 2639 1027 quem
2668 958 2911 1027 impense
2935 957 3135 1022 laudat,
3159 958 3473 1027 obstrepere
3493 961 3661 1013 ande-

2073 1060 2193 1104 rent
2224 1060 2271 1104 ο.
2305 1050 2509 1104 Praeter
2546 1050 2662 1104 Ittec
2688 1051 2918 1119 Prosper
2941 1050 3103 1104 modo
3130 1050 3377 1104 laudatus
3401 1052 3661 1118 pra‘diCut

2074 1140 2190 1210 ejus
2216 1141 2454 1195 studium
2481 1142 2532 1195 in
2565 1140 2867 1211 Pelagianis
2890 1157 2996 1195 non
3025 1142 3201 1196 solum
3228 1156 3299 1196 ex
3335 1150 3441 1194 tota
3480 1141 3655 1205 Italia,

2076 1232 2364 1287 sed'etiam
2418 1230 2692 1286 Britannia
2746 1232 3111 1299 eliminaudis,
3169 1248 3276 1302 quo
3322 1233 3539 1286 nomine
3589 1232 3660 1285 ab

2076 1323 2264 1377 eodem
2301 1325 2493 1388 missus
2517 1332 2601 1378 est
2627 1332 2844 1377 sanctus
2876 1321 3174 1377 Germanus
3215 1314 3631 1377 Autissiodureu

2077 1415 2151 1468 sis
2173 1431 2292 1469 cum
2344 1415 2490 1483 Lup»
2522 1415 2776 1470 'I‘receusi
2808 1417 3084 1484 episeopo.
3142 1413 3395 1484 Prosperi
3426 1415 3662 1485 denique

2079 1507 2385 1561 testimonio
2412 1508 2617 1572 nititur,
2641 1508 2783 1576 quod
2818 1507 3080 1561 Palladius
3103 1507 3169 1561 ab
3200 1507 3394 1561 eodem
3424 1507 3491 1561 ad
3520 1507 3661 1563 Sco-

2081 1607 2161 1652 los
2184 1602 2235 1652 in
2263 1597 2535 1653 Christum
2572 1600 2854 1654 credentes
2888 1598 3166 1653 ordinatus
3208 1607 3261 1653 et
3304 1599 3508 1667 primus
3545 1600 3669 1667 cpio

2080 1684 2276 1759 scopus
2306 1690 2502 1745 missus
2525 1690 2616 1745 sit.
2640 1689 2782 1745 Obiit
2804 1689 3129 1745 leestiuus
3153 1705 3296 1743 anno
3324 1690 3448 1757 452,
3478 1707 3669 1745 mense

2078 1782 2240 1837 Jttlio.

3772 1301 3783 1329 ι

3772 1382 3790 1455 i

3775 1506 3787 1531 ι

2461 1918 2488 1987 §
2520 1918 2581 1971 ll.
2615 1917 2870 1971 Cretesttnt
2890 1931 3037 1988 papae
3055 1880 3278 1987 scripta.

2158 2070 2380 2126 Restant
2407 2069 2573 2124 XVIII
2615 2068 2889 2125 leestiui
2927 2070 3157 2139 epistolae
3182 2113 3195 2136 ,
3238 2071 3552 2141 inscriptae;
3598 2069 3663 2138 I,

2088 2154 2363 2231 Episcopis
2384 2162 2606 2233 Illyrici.
2638 2162 2956 2231 Assiguatur
2986 2177 3128 2216 anno
3158 2161 3283 2216 425.
3312 2160 3376 2228 Il,
3402 2160 3673 2217 Universis

2086 2255 2334 2323 episcopis
2366 2271 2453 2321 per
2487 2251 2819 2308 Viennensem
2848 2260 2897 2306 et
2948 2251 3327 2306 Narbonensem
3375 2253 3674 2321 prouincias

2086 2348 2392 2412 constitutis,
2414 2361 2520 2399 ser.
2545 2345 2597 2398 d.
2613 2343 2683 2397 '25
2705 2344 2826 2399 Julii
2852 2361 2901 2398 τι.
2924 2343 3154 2411 4Ξ8.111,
3188 2343 3450 2399 υηίιειηίε
3468 2345 3676 2414 episco-

2087 2455 2167 2508 pts
2223 2454 2313 2507 per
2355 2437 2590 2501 Apuliam
2641 2445 2687 2489 et
2732 2436 3022 2489 Calabriam
3085 2436 3409 2505 constitutis,
3457 2452 3565 2491 scr.
3617 2453 3669 2490 ει.

2085 2527 2209 2582 ιτὶυ.
2238 2528 2323 2593 IV,
2357 2529 2551 2598 Cyrillo
2584 2528 2936 2582 Alexandrino
2967 2529 3226 2595 episcopo,
3253 2541 3359 2582 scr.
3381 2527 3435 2583 d.
3461 2529 3497 2582 Ξ
3530 2530 3673 2599 Aug.

2088 2633 2138 2671 a.
2168 2619 2293 2681 ιδο.
2318 2617 2767 2687 quemadmodum
2794 2630 2847 2672 et
2877 2626 2989 2672 tres
3014 2627 3321 2686 sequentes.
3354 2615 3422 2681 ν,
3458 2617 3680 2672 Johan-

2088 2712 2161 2776 ni,
2193 2708 2451 2774 Iuvenali,
2482 2709 2616 2778 lia/'0
2642 2718 2688 2764 et
2721 2707 2975 2762 Flaviano
3004 2709 3252 2777 episcopis
3275 2725 3363 2776 per
3386 2708 3668 2774 Orientem,

2089 2817 2117 2855 a
2146 2804 2278 2872 pari.
2310 2801 2398 2869 VI,
2451 2800 2711 2855 Nestorio.
2752 2799 2863 2864 VII,
2897 2799 3047 2853 Clero
3076 2809 3125 2853 et
3155 2799 3343 2869 populo
3371 2796 3679 2854 Constanti-

2091 2895 2405 2965 napolitano.
2434 2893 2665 2959 Quatuor
2680 2892 2775 2945 has
2796 2891 3051 2958 epistolas
3075 2890 3261 2945 Latine
3281 2890 3510 2956 scriptas
3522 2904 3678 2952 esse.

2091 2984 2323 3040 dubitari
2356 2985 2564 3053 nequit,
2590 2982 2684 3037 sed
2715 2984 2894 3036 statim
2924 2981 2975 3034 in
3007 2980 3235 3049 linguam
3267 2980 3509 3035 Crtecam
3541 2995 3684 3035 eou-

2091 3091 2273 3131 vetsas
2300 3084 2352 3131 et
2378 3090 2479 3128 una
2497 3090 2617 3129 eum
2644 3074 2888 3127 versione
2910 3072 3094 3127 Graeca
3117 3071 3183 3126 ad
3211 3070 3471 3141 Cyrillum
3497 3081 3683 3124 trans-

2093 3169 2283 3224 missas
2346 3182 2465 3223 esse
2511 3165 2815 3232 suSpicatur
2862 3162 3237 3233 Constantius;
3286 3163 3443 3216 simul
3493 3172 3680 3217 tamen

2088 3259 2336 3314 eumdem
2362 3272 2486 3312 esse
2518 3255 2917 3325 primigenium,
2952 3270 3109 3323 quem
3142 3269 3239 3307 nos
3263 3252 3518 3307 habemus
3548 3262 3679 3307 tes-

2090 3359 2201 3403 tum
2230 3349 2496 3420 probavit.
2523 3347 2657 3411 VIII,
2713 3344 2907 3416 Cyrillo
2959 3345 3307 3399 Alexandrino
3330 3389 3345 3411 ,
3401 3359 3508 3399 scr.
3542 3344 3597 3399 d.
3639 3346 3681 3399 7

2090 3440 2208 3494 Maii
2238 3452 2287 3492 ιι.
2309 3436 2434 3493 431.
2462 3437 2615 3491 Hauc
2645 3451 2710 3491 ex
2738 3434 2927 3491 Gravco
2956 3450 3189 3499 versam,
3223 3450 3327 3488 non
3359 3435 3550 3488 Latino
3579 3451 3684 3488 au-

2090 3534 2332 3588 thentico
2358 3531 2683 3598 descriptam
2716 3545 2835 3583 esse
2864 3529 3093 3583 diversis
3142 3529 3283 3581 notis
3328 3527 3429 3580 sibi
3473 3526 3682 3594 depre-

2093 3623 2345 3677 hendisse
2361 3620 2504 3674 visus
2528 3632 2609 3674 est
2638 3619 3008 3673 Constantius.
3033 3616 3125 3682 IX,
3156 3616 3428 3685 Episcopis
3456 3626 3501 3668 rt
3534 3633 3688 3683 pres-

2096 3714 2279 3784 byteris
2301 3710 2531 3767 euntibus
2562 3710 2631 3761 ad
2686 3710 2949 3762 Orientem
2972 3707 3441 3767 Commonitorium,
3478 3721 3591 3760 scr.
3620 3706 3682 3760 (Ι.

2095 3805 2127 3859 8
2153 3804 2272 3859 Maii
2302 3819 2353 3858 τι.
2378 3801 2503 3857 451.
2535 3800 2828 3864 X,Sanctte
2857 3798 3055 3869 synodo
3085 3798 3226 3869 apud
3257 3796 3519 3865 Ephesum
3549 3812 3686 3849 cors-

2096 3904 2341 3967 gregataz,
2375 3909 2481 3947 scr.
2516 3907 2567 3946 a.
2595 3894 2689 3947 451
2728 3892 2915 3946 Latine
2941 3900 2997 3946 et
3027 3891 3078 3944 in
3126 3889 3399 3960 Ephesino
3444 3891 3688 3944 concilio

2098 3987 2278 4041 Latine
2325 3985 2551 4054 primum
2597 3984 2734 4038 lecta
2782 3984 3055 4052 gestisque
3104 3983 3330 4046 inserta,
3384 3991 3495 4033 tmn
3546 3996 3689 4036 vero

2098 4079 2347 4133 etiamin
2398 4078 2619 4145 gratiam
2667 4090 2891 4137 eorum,
2940 4074 3033 4142 qui
3084 4073 3270 4127 Latine
3320 4073 3638 4126 nesciebant
3669 4115 3688 4137 ,

2098 4169 2274 4223 Crtrce
2303 4170 2547 4222 recitata.
2589 4165 2682 4231 XI,
2723 4164 3006 4218 Theodosio
3040 4166 3297 4232 Augusto,
3334 4177 3439 4217 scr.
3483 4164 3688 4217 cedens

2099 4275 2149 4312 a.
2184 4258 2297 4325 XII,
2333 4258 2599 4329 Episcopis
2639 4255 2961 4319 Galliarum,
3012 4268 3119 4308 ser.
3170 4254 3379 4313 eodem
3413 4268 3465 4306 a.
3528 4252 3689 4318 XIII,

2102 4350 2309 4404 Sanctw
2327 4350 2523 4419 synodo
2553 4346 2695 4417 apud
2726 4345 2985 4414 Ephesum
3026 4345 3333 4410 constitutae,
3362 4358 3469 4398 ser.
3502 4346 3582 4396 uti
3633 4354 3695 4399 cl

2100 4452 2386 4509 sequentes
2414 4456 2463 4495 ιι.
2496 4440 2620 4505 452,
2656 4446 2777 4507 post
2817 4436 3218 4492 damnationem
3247 4433 3500 4489 Nestorii.
3532 4432 3689 4504 χιιι,

2102 4533 2389 4587 Tltcorlosio
2416 4534 2576 4603 Aug.,
2601 4538 2720 4596 post
2745 4528 3032 4600 synodum.
3071 4527 3186 4592 XV,
3218 4526 3535 4579 Maximiano
3568 4529 3693 4595 cpi-

428 4597 593 4675 irnum
645 4623 975 4692 restringens
999 4597 1057 4676 in
1086 4597 1311 4677 istorum
1363 4622 1631 4688 indicatis,
1678 4640 1746 4680 ne
1776 4597 2000 4683 asseclis
2026 4597 2076 4656 Β
2102 4640 2254 4691 scapo
2268 4597 2859 4688 Constanlinopolitano.
2882 4618 3019 4683 XVI,
3037 4618 3181 4671 Clero
3200 4628 3246 4669 et
3272 4616 3406 4686 plebi
3427 4616 3696 4671 Constan-

430 4712 659 4767 Nestorii
686 4712 778 4782 qui
816 4714 1213 4782 resipiscerent,
1238 4715 1411 4768 omnis
1444 4716 1653 4784 penitus
1677 4731 1801 4785 spes
1830 4718 2001 4772 venia:

428 4814 481 4859 et
512 4801 867 4856 restitutiOnis
910 4802 1294 4870 prteeideretur
1319 4801 1365 4855 ιι.
1400 4804 1689 4859 Enimvero
1719 4806 1769 4858 in
1798 4804 1881 4859 bis
1910 4806 2002 4859 ad-

434 4908 621 4947 versus
666 4891 974 4946 Nestorium
1019 4894 1183 4962 gestis
1218 4894 1480 4948 illustrior
1520 4894 1643 4948 vita:
1674 4912 1795 4965 pars
1827 4897 2003 4950 Carle-

430 4988 580 5050 stiui,
612 5002 716 5040 non
751 4995 927 5039 tamen
957 4989 1134 5041 omnia
1162 4988 1277 5056 ejus
1306 4989 1373 5044 de
1398 4988 1659 5044 catholica
1692 4990 1794 5044 lide
1820 4980 2002 5044 ct'ISe-

430 5078 594 5131 eiesia
625 5078 812 5132 tnerita
840 5076 1203 5134 continentur.
1235 5081 1377 5135 Idem
1404 5082 1550 5135 enim
1583 5080 1701 5147 fuit,
1750 5082 1836 5150 qui
1870 5097 2003 5135 esu-

432 5166 705 5231 berautem
738 5170 789 5223 in
818 5169 986 5223 Gallia
1021 5170 1288 5240 ltmresim,
1317 5188 1434 5242 qute
1454 5173 1886 5242 Semipelagiana:
1913 5188 2005 5226 no-

508 5334 532 5362 ⁸
558 5326 700 5382 Ilane
731 5327 782 5383 in
812 5329 1038 5382 concilio
1068 5328 1220 5383 Item.
1251 5327 1300 5381 in
1329 5327 1626 5382 Nestorium
1657 5328 1850 5382 dictam
1882 5342 2005 5382 scn-

438 5398 653 5469 tentiam
690 5416 782 5467 per
810 5398 1068 5469 Cyrillum
1099 5400 1162 5452 ad
1186 5398 1487 5469 Nestorium
1518 5400 1749 5465 primum
1795 5409 1850 5453 et
1901 5400 2001 5452 nisi

438 5466 529 5538 ille
563 5470 833 5535 pariturns
855 5466 1016 5533 esset,
1059 5471 1120 5522 ad
1162 5470 1400 5538 reliquos
1428 5466 1661 5521 Orientis
1711 5469 2000 5535 epi~eopos

445 5536 583 5590 mitti
614 5541 841 5609 curavit.
873 5543 1047 5608 Atque
1069 5540 1169 5591 hoc
1192 5536 1295 5601 est,
1324 5538 1463 5606 quod
1494 5539 1603 5591 uice
1622 5555 1717 5609 sua
1745 5539 2001 5609 Cyrillum

438 5618 601 5673 agere
628 5608 783 5672 dixit,
809 5621 1055 5678 quatenus
1075 5618 1322 5662 statutum
1351 5623 1503 5662 suum
1533 5610 1607 5662 vel
1633 5608 1880 5663 Nesto’rio
1923 5610 2003 5663 vel

440 5678 707 5746 universis
735 5678 987 5733 fratribus
1013 5678 1391 5733 iunotesceret.
1444 5679 1539 5746 lip.
1585 5680 1647 5731 ad
1677 5678 2000 5742 Nestorium,

444 5741 510 5807 i5
533 5748 668 5814 apud
701 5749 884 5801 Const.
920 5764 971 5817 p.
1008 5749 1160 5810 IIZill,
1186 5759 1236 5801 et
1269 5749 1458 5801 iterum
1488 5741 1544 5801 in
1580 5748 1747 5815 Epist.
1787 5749 1849 5801 ad
1884 5741 2003 5800 (lle?

438 5832 554 5881 pum
596 5825 646 5871 et
704 5818 952 5892 populum
1003 5819 1667 5888 Constantinopolitanum.
1723 5820 2000 5872 Constant.

2108 4714 2321 4785 titwpoti
2352 4711 2756 4765 consistentibus.
2790 4709 3058 4763 Prmterea
3080 4706 3350 4762 Arnobius
3382 4708 3433 4759 in
3464 4706 3610 4760 libro
3656 4723 3700 4761 Il

2105 4807 2172 4861 de
2197 4805 2449 4860 conﬂictu
2472 4818 2590 4856 cum
2605 4802 2899 4870 Serapione
2922 4801 3158 4855 servavit
3179 4796 3557 4868 Fragmentum
3580 4816 3703 4852 ser-

2105 4898 2296 4960 monis,
2326 4911 2475 4965 quem
2512 4892 2817 4947 Caelestinus
2846 4892 2902 4945 in
2941 4891 3163 4944 concilio
3194 4890 3454 4955 liontano,
3496 4906 3703 4945 mense.

2107 4989 2346 5055 Augusto
2382 4985 2507 5039 anni
2539 4984 2663 5049 4⁵50,
2692 4985 2930 5037 adversus
2957 4982 3192 5036 Itwresim
3222 4978 3452 5035 Nestorii
3482 4979 3701 5036 habuit.

2111 5081 2454 5133 Auctoritates
2481 5085 2657 5131 autem
2689 5076 3065 5143 praeteritorum
3093 5074 3225 5128 sedis
3247 5072 3545 5141 apostolij
3580 5076 3712 5142 epi-

2108 5186 2376 5242 scoporum
2408 5170 2470 5221 de
2493 5167 2672 5223 Gratia
2697 5166 2788 5220 Dei
2810 5165 2991 5221 verius
3010 5164 3301 5227 leeStiuo
3317 5160 3744 5231 adjudicansnr.

2371 5396 2435 5451 ad
2468 5396 2730 5467 synodum
2757 5395 2952 5464 Ephes.
2982 5406 3106 5464 post
3122 5395 3354 5451 Nestorii
3384 5395 3717 5452 damnatio»

2111 5484 2233 5523 nem
2259 5469 2395 5536 apud
2427 5468 2610 5520 Const.
2641 5467 2731 5528 2‘2,
2764 5482 2813 5535 p.
2851 5467 3005 5519 IHG.
3462 5514 3469 5519 .

2187 5550 2207 5575 ο
2244 5540 2339 5603 lin.
2373 5539 2434 5590 2i
2464 5538 2604 5603 apud
2646 5538 2861 5604 Cousl.,
2892 5540 2976 5588 cui
3009 5536 3077 5589 ob
3108 5536 3209 5590 ltoe
3237 5544 3604 5604 argumentum
3644 5539 3712 5591 in

2114 5609 2386 5676 plerisque
2428 5606 2703 5660 codicibus
2736 5606 2896 5676 adjici
2937 5617 3331 5660 censueverunt
3358 5607 3713 5660 auctoritates

2115 5675 2480 5747 prtrteritornm
2523 5677 2656 5728 sedis
2700 5675 2996 5746 apostolica:
3024 5677 3370 5745 episcoporum
3421 5675 3483 5729 de
3520 5678 3712 5745 gratia

2114 5750 2205 5800 Dei
2236 5759 2278 5801 et
2311 5748 2468 5801 libero
2502 5748 2732 5799 arbitrio.
