3970 6180
269 342 368 398 -ΗῚ

1048 338 1103 395 S.
1149 338 1541 395 (IELESTINI
1584 341 1602 395 l
1645 340 1846 397 ΡΑΡΑΞ
1890 341 2247 400 ΙΞΡΙΞΥΟΙΑΕ
2293 345 2377 400 ΕΤ
2421 345 2765 401 DECRETA.

3448 351 3549 403 “8

265 452 351 507 IX.
385 451 525 507 Bibl.
569 451 687 507 PP.
734 462 778 506 et
820 450 925 506 SS.
975 449 1081 504 νει.
1132 451 1274 515 Eccl.
1330 452 1546 507 Andra:
1587 451 1854 507 Gallandii
1882 462 1931 519 Α
1958 457 2133 524 iii-fol.
2168 457 2444 512 leesdni
2482 474 2630 527 papte
2653 458 2885 529 epistola
2919 459 2982 513 ad
3012 460 3297 528 episcopos
3337 462 3549 529 provin-

264 560 418 615 νεεδ.
453 544 757 599 287-346.

331 639 722 693 Αώιιοηὶιὶοηεδ
752 637 1058 693 Constantii
1106 638 1354 707 epistolis
1403 638 1673 709 aliquibus
1721 655 1856 710 prm-

262 734 458 788 tuissas
488 732 723 788 resecuit
743 733 1147 801 sententiasque
1178 748 1364 787 carum
1394 732 1594 802 passim
1620 733 1672 787 in
1713 733 1859 788 netis

259 826 551 879 contraxit.
605 825 681 880 De
726 824 1019 880 Ctelestiuo
1072 824 1294 879 disserit
1344 825 1597 895 Prolegg.
1644 840 1765 894 cap.
1800 826 1855 893 8,

259 934 415 988 pagg.
444 933 562 982 ιιι,
594 934 683 972 xx.

326 1008 489 1065 1789.
526 1007 773 1073 Parisiis,
805 1008 1047 1078 sumptt'b.
1091 1007 1239 1064 Petri
1280 1008 1439 1063 Didot
1489 1010 1569 1079 ﬁl.
1598 1010 1853 1082 primag.;

891 1245 1034 1362 s.
1112 1222 2129 1365 omnesut“
2201 1253 2271 1363 ι
2346 1251 2909 1409 PAPE

1963 550 2061 604 cia:
2092 549 2415 604 Viennensis
2432 560 2485 604 ct
2506 550 2899 605 Narbonensis.
2924 549 3051 604 Item
3084 552 3324 621 Ει›ἱ›ιι›1;ι
3350 552 3415 605 ad
3440 556 3551 621 epi-

1964 654 2157 708 se0pos
2183 640 2399 705 Cullia’,
2435 656 2530 710 pro
2557 641 2616 697 S.
2650 642 2972 710 Augustino,
3001 642 3200 696 additis
3235 642 3468 697 decretis
3497 652 3553 697 et

1963 733 2306 787 decretorum
2343 735 2621 787 titttlisttec
2645 734 3111 790 nonchirtuondi
3135 775 3149 799 ,
3197 735 3467 800 Qucsnelli
3496 746 3553 789 et

1963 826 2259 880 Constantii
2291 826 2431 880 notis
2453 837 2506 881 et
2525 826 2849 881 lecttouibus
2880 828 3219 882 variantibus
3248 829 3547 897 excerptis;

1966 918 2018 972 itt
2054 918 2344 971 noviSsima
2387 917 2729 971 Conciliorunt
2761 918 2947 972 Gallia:
2976 918 3306 973 Collectione
3349 934 3377 973 a
3424 917 3547 974 PP.

1968 1008 2225 1063 Maarinis
2252 1024 2424 1078 nuper
2452 1007 2722 1072 inchoata,
2754 1020 2903 1063 tomu
2931 1009 2974 1074 ι,
3005 1024 3125 1077 pug.
3160 1009 3264 1063 584
3293 1019 3348 1064 ct
3369 1008 3495 1063 496.

657 1456 1686 1608 EPISTOL/E
1781 1462 2027 1606 ET
2121 1457 3121 1606 DECRETA.

1066 1688 1162 1754 (Ex
1189 1691 1306 1743 edit.
1328 1690 1592 1743 Constantii
1617 1691 1742 1755 apud
1768 1690 1895 1743 Bibl.
1914 1691 2051 1741 Vett.
2079 1689 2211 1739 Patr.
2242 1686 2464 1738 Galland.
2490 1693 2607 1737 tom.
2628 1685 2737 1749 IX.)

1717 1817 2077 1833 .—-———.

812 1921 837 1949 ⁸
864 1912 1193 1969 EPISTOLA
1233 1914 1276 1969 l.

320 2064 613 2109 λυςυετικι
648 2064 988 2104 HIPPONENSIS
1038 2066 1270 2107 EPISCOPI
1311 2068 1377 2106 AD
1417 2064 1770 2107 εοειεςτικωι

949 2137 1142 2176 ΡᾹΡΔΜ.

249 2261 457 2314 Antonii
488 2261 716 2331 episcopi
766 2258 1117 2321 Fussalensis,
1147 2260 1235 2328 qui
1264 2259 1716 2313 administratione
1745 2257 1843 2311 Isc-

319 2332 492 2387 clesite
521 2348 631 2386 sua:
680 2331 742 2385 ob
789 2331 984 2384 scelera
1012 2333 1266 2398 privatus,
1299 2332 1642 2399 apostolicam
1672 2333 1843 2383 sedent

324 2404 701 2473 appellaverat,
725 2418 881 2455 causa
922 2403 1175 2472 exposita,
1209 2403 1491 2456 obtestatur
1516 2410 1572 2455 ut
1596 2404 1758 2454 latam
1790 2405 1843 2455 in

319 2476 488 2542 ipsum
508 2474 821 2528 sententiam
844 2474 1013 2546 vigere
1039 2473 1199 2528 sinat.

248 2626 482 2681 Domino
516 2625 832 2698 beatissimo
886 2634 940 2679 et
986 2624 1165 2679 debita
1205 2625 1472 2698 charitate
1518 2626 1835 2681 venerando

320 2708 513 2794 Sn‘llClO
565 2712 720 2768 papae
766 2695 1099 2753 C(ELESTINO
1138 2695 1478 2753 Auensrttsus
1523 2698 1578 2752 in
1614 2698 1840 2754 Domino

319 2779 570 2824 amntem.

383 2801 547 2822 ιυιῦιιι
558 2808 570 2821 ο

325 2923 378 2978 1.
432 2922 675 2977 Primum
733 2920 1152 2991 gratulationem
1219 2920 1385 2976 reddo
1433 2922 1642 2977 meritis
1697 2923 1826 2988 tuis,

251 3016 398 3088 quod
441 3024 496 3072 te
533 3016 625 3071 illa
666 3015 799 3072 sede
846 3014 1105 3069 Dominus
1150 3014 1295 3068 Deus
1339 3023 1527 3069 noster
1559 3016 1675 3069 sine
1707 3015 1834 3079 ulla,

250 3110 394 3165 sicut
430 3109 760 3175 audivimus,
793 3106 966 3177 plebis
983 3094 1096 3162 suae
1123 3105 1445 3163 discissione
1476 3105 1505 3144 ι)
1526 3106 1835 3179 constituit.

252 3201 460 3258 Deinde
504 3202 718 3257 insinuo
758 3200 1035 3255 sanctitati
1075 3208 1182 3255 ture
1228 3215 1349 3268 quae
1374 3198 1484 3255 sint
1528 3198 1674 3254 circa
1709 3212 1831 3267 nos,

1874 1912 1917 1971 B
1945 1910 2166 1979 longum
2200 1920 2287 1966 est
2331 1913 2606 1981 explicare
2637 1929 2651 1967 :
2688 1912 2760 1966 ita
2796 1921 2852 1968 ut
2897 1912 2968 1968 ibi
3002 1914 3305 1987 presbyteri
3334 1918 3424 1985 qui
3455 1919 3539 1974 eis

1955 2012 1977 2039 ο
2012 2002 2405 2072 congregandis
2458 2020 2489 2059 a
2540 2004 2696 2058 nobis
2748 2005 2997 2075 primitus
3050 2007 3329 2062 constituti
3376 2020 3525 2073 sunt.

1949 2094 2405 2164 exspoliarentur,
2435 2094 2794 2161 mederentur,
2821 2094 3259 2163 debilitarentur,
3288 2113 3531 2153 excteca.

1949 2197 2156 2253 rentur,
2185 2186 2602 2253 occiderentur;
2632 2202 2863 2257 quorum
2896 2198 3072 2243 tamen
3104 2190 3388 2259 passiones
3417 2192 3533 2245 inu-

1949 2279 2068 2334 tiles
2097 2295 2160 2335 ac
2191 2280 2405 2335 steriles
2433 2296 2536 2334 non
2573 2282 2807 2345 luerunt,
2842 2279 3064 2334 unitatis
3095 2281 3201 2335 illic
3231 2284 3523 2337 securitate

1953 2372 2214 2441 perlecta.
2243 2371 2349 2427 Sed
2382 2371 2524 2441 quod
2549 2373 2617 2427 ab
2660 2369 2906 2441 llippone
2933 2385 3290 2428 memoratum
3324 2375 3526 2429 castel-

1947 2463 2057 2516 lttm
2108 2462 2347 2517 millibus
2398 2461 2753 2532 quadraginta
2818 2461 3139 2533 seiungitur,
3197 2479 3318 2518 cum
3357 2465 3410 2519 in
3451 2466 3531 2520 eis

1945 2555 2197 2625 regendis
2228 2562 2282 2609 et
2310 2571 2499 2610 eorum
2528 2553 2774 2623 reliquiis
2803 2554 2928 2610 licet
2957 2554 3163 2624 exiguis
3183 2556 3528 2626 colligendis,

1942 2660 2065 2715 qua:
2089 2646 2141 2701 in
2173 2654 2403 2716 utroque
2434 2660 2566 2700 sexu
2590 2644 2936 2710 aberrabant,
2964 2660 3074 2699 non
3113 2646 3356 2701 minaces
3387 2647 3528 2701 ulte-

1943 2736 2078 2801 rius,
2109 2735 2204 2791 sed
2238 2735 2482 2806 fugaces,
2516 2749 2604 2790 me
2636 2734 2878 2790 viderem
2918 2734 3081 2789 latius
3121 2751 3280 2804 qnam
3311 2747 3534 2805 oporte-

1944 2826 2036 2882 bat
2082 2826 2337 2895 extcndi,
2388 2841 2487 2881 nec
2533 2825 2856 2881 adhibenda:
2917 2827 3170 2881 sufﬁcere
3234 2827 3529 2899 diligentia:

1942 2934 2101 2988 quam
2163 2917 2473 2973 certissima
2521 2919 2734 2973 ratione
2786 2916 3029 2972 adhiberi
3085 2918 3287 2973 debere
3335 2936 3531 2976 cerne-

1943 3009 2088 3075 bam,
2122 3010 2437 3079 episcopum
2478 3009 2549 3063 ibi
2579 3008 2940 3064 ordinandum
2974 3009 3526 3082 constituendumque

1942 3101 2150 3157 curavi.

2014 3195 2067 3249 3.
2096 3193 2248 3261 Quod
2289 3203 2345 3248 ut
2378 3193 2558 3258 ﬁeret,
2599 3205 2781 3263 aptum
2824 3196 2945 3250 loco
2988 3195 3064 3249 illi
3112 3210 3524 3267 congruumque

256 3302 444 3348 utnon
475 3293 651 3348 solum
688 3292 896 3347 orando
927 3308 1026 3362 pro
1063 3292 1241 3362 nobis,
1272 3307 1460 3347 verum
1494 3292 1659 3347 etiam
1699 3306 1832 3347 con-
1861 3289 1904 3350 C
1939 3287 2304 3355 requirebam,
2338 3289 2425 3355 qui
2456 3297 2511 3343 et
2540 3287 2739 3343 Punica
2786 3289 2967 3359 lingua
3013 3298 3159 3345 esset
3204 3289 3520 3345 instructus.
3574 3334 3577 3337 .

255 3386 485 3442 sulendo
522 3394 578 3441 et
617 3384 941 3456 opitulando
967 3384 1278 3439 subvenias.
1309 3384 1365 3438 ln
1415 3400 1607 3455 magna
1640 3385 1838 3455 quippe

257 3477 608 3532 tribulatione
654 3476 884 3547 positus,
934 3476 1048 3531 haec
1116 3475 1183 3531 ad
1238 3488 1383 3532 tuam
1441 3476 1836 3531 beatitudinem

256 3570 454 3640 scripta
477 3569 687 3634 direxi;
717 3568 968 3640 quoniam
1005 3568 1197 3624 volens
1230 3568 1490 3638 prodesse
1515 3569 1836 3638 quibusdam

257 3664 309 3717 in
336 3673 518 3718 nostra
557 3662 841 3718 vicinitate
881 3663 1143 3718 membris
1169 3662 1395 3730 Christi,
1430 3676 1680 3733 magnam
1730 3662 1838 3718 illis

257 3754 460 3810 cladem
495 3754 838 3825 improvidus
862 3763 915 3810 et
939 3755 1191 3810 incautus
1219 3753 1449 3825 ingessi.

324 3849 377 3903 2.
406 3846 632 3903 Fussala
664 3846 865 3903 dicitur
915 3847 1250 3918 llipponensi
1301 3849 1585 3905 territorio
1623 3851 1838 3906 confine

263 3939 559 3995 castellum.
604 3938 780 3994 Antea
833 3939 905 3993 ibi
938 3955 1230 4009 numquam
1265 3940 1555 4011 episcOpus
1589 3940 1710 4007 fuit,
1742 3939 1838 3997 sed

266 4030 409 4086 simul
440 4048 565 4088 cum
598 4030 855 4103 contigua
885 4030 990 4087 sibi
1032 4032 1252 4103 regione
1280 4033 1348 4088 ad
1386 4033 1675 4104 parmeiatu
1706 4033 1835 4103 Ilip-

270 4126 507 4191 ponensis
558 4125 823 4180 Ecclesia:
866 4124 1196 4195 pertinebat.
1232 4126 1442 4182 Paucos
1484 4127 1718 4183 habebat
1748 4128 1839 4184 illa

273 4224 397 4272 terra
426 4218 747 4285 catholicos,
779 4226 1007 4274 caeteras
1037 4218 1226 4289 plebes
1254 4219 1364 4274 illic
1392 4220 1442 4273 in
1472 4234 1664 4289 magna
1697 4224 1838 4274 mul-

269 4306 479 4363 titudine
522 4308 803 4363 hominum
849 4310 1185 4366 consdtutas
1232 4310 1640 4365 Donatistarum
1685 4328 1842 4369 error

270 4397 636 4455 miserabiliter
689 4400 991 4469 obtinebat,
1024 4401 1095 4456 ita
1146 4412 1207 4457 ut
1260 4403 1315 4457 itt
1365 4404 1555 4459 eodem
1608 4406 1838 4459 castello

271 4484 438 4538 nullus
476 4494 629 4541 esset
670 4487 895 4541 omnino
939 4487 1263 4542 catholicus.
1295 4487 1489 4544 Actum
1532 4491 1699 4544 estin
1749 4491 1841 4545 Dei

271 4576 626 4632 misericordia
680 4586 738 4632 ut
791 4582 973 4634 omnia
1023 4582 1137 4651 ipsa
1171 4582 1287 4635 loca
1333 4582 1526 4637 unitati
1584 4584 1841 4640 Ecclesiae

270 4666 630 4736 consererent,
662 4684 759 4739 per
784 4663 1016 4741 quantos
1047 4671 1258 4727 labores
1287 4682 1343 4728 et
1370 4673 1606 4743 pericula
1634 4684 1839 4746 nostra,

1948 3380 2016 3435 Et
2057 3379 2317 3434 habebam
2363 3379 2430 3434 de
2460 3395 2568 3449 quo
2594 3379 2894 3447 cogitabam
2945 3390 3187 3448 paratum
3232 3382 3521 3453 presbyte-

1947 3486 2090 3537 rum,
2122 3479 2343 3541 propter
2375 3486 2535 3541 quem
2569 3471 2952 3535 ordiuandum,
2993 3482 3239 3527 sant-tum
3274 3470 3301 3510 ἀ
3330 3488 3518 3529 senem

1946 3565 2036 3636 qui
2069 3575 2197 3619 tunc
2228 3564 2515 3635 primatum
2555 3562 2819 3618 Numidia!
2846 3562 3095 3634 gerebat,
3120 3563 3188 3617 de
3227 3563 3528 3633 longinquo

1947 3668 2005 3712 ut
2032 3656 2244 3712 veniret
2273 3672 2470 3728 rogans
2515 3656 2709 3711 litteris
2744 3653 3050 3725 impetravi.
3086 3654 3203 3722 Quo
3229 3653 3342 3725 jam
3389 3671 3527 3724 prsc-

1947 3764 2122 3816 sente,
2154 3751 2506 3818 omniumque
2533 3752 2583 3805 in
2622 3766 2680 3805 re
2718 3758 2863 3804 tanta
2910 3752 3189 3819 suspensis
3221 3750 3435 3815 animis,
3465 3751 3531 3805 ad
3587 3768 3593 3774 '

1946 3842 2132 3895 horam
2160 3856 2256 3895 nos
2280 3840 2371 3894 ille
2402 3840 2491 3909 qui
2518 3840 2646 3893 mihi
2672 3850 2891 3908 paratus
2921 3840 3204 3894 videbatur
3235 3841 3381 3895 omni
3415 3860 3534 3895 mo-

1942 3933 2014 3989 du
2047 3932 2353 3988 resistendo
2382 3932 2644 3988 destituit.
2684 3930 2794 4002 Ego
2817 3943 3025 3998 autem,
3059 3933 3146 4002 qui
3175 3934 3385 4004 utique,
3420 3937 3533 3991 sic-

1944 4037 2003 4080 ut
2049 4014 2233 4081 exitus
2264 4025 2484 4092 docuit,
2517 4024 2738 4081 dillerre
2769 4026 2947 4095 potius
2977 4027 3161 4090 debui,
3196 4044 3358 4094 quam
3387 4031 3528 4099 peri-

1945 4122 2190 4177 culosum
2224 4119 2564 4191 prmcipitare
2599 4121 2899 4191 negotium,
2933 4120 3058 4174 dttm
3098 4121 3228 4175 uolo
3268 4124 3528 4193 gravissi-

1948 4230 2093 4270 mum
2122 4226 2177 4270 et
2207 4215 2611 4269 sanctissimum
2647 4230 2835 4270 senem
2877 4214 2943 4268 ad
2975 4232 3076 4271 nos
3123 4230 3294 4286 usque
3341 4216 3530 4287 fatiga-

1947 4318 2081 4374 tum,
2113 4306 2231 4362 siue
2271 4306 2466 4362 eﬂ'ectu
2500 4300 2718 4376 propter
2763 4321 2920 4375 quem
2952 4316 3177 4360 venerat
3225 4319 3329 4362 tam
3373 4310 3532 4378 longe

1946 4399 2012 4451 ad
2045 4399 2262 4468 propria
2291 4414 2559 4459 remeare,
2580 4397 2754 4451 obtuli
2778 4411 2882 4450 non
2912 4398 3219 4465 petentibus
3240 4400 3529 4467 (luelllduln

1946 4490 2345 4544 adolescentem
2388 4488 2683 4543 Antonium
2734 4489 2825 4556 qui
2858 4502 3068 4542 mecum
3119 4497 3248 4543 tunc.
3298 4497 3438 4555 erat,
3475 4492 3529 4547 in

1947 4582 2278 4637 monasterio
2317 4581 2534 4652 quidem
2567 4595 2595 4634 a
2638 4580 2797 4635 nobis
2838 4594 2866 4632 a
2903 4580 3124 4651 parvula
3156 4587 3315 4635 aetate
3345 4582 3525 4637 nutri-

1952 4686 2085 4741 tum,
2115 4674 2210 4730 sed
2234 4685 2429 4745 printer
2459 4673 2708 4730 lectionis
2735 4677 2761 4705 '
2786 4672 3024 4729 officium
3056 4674 3215 4730 nullis
3241 4674 3534 4735 clericatus

331 4833 353 4901 ξ
385 4825 599 4901 scripta
641 4825 786 4901 circa
807 4826 1031 4901 initium
1064 4825 1191 4901 anni
1210 4828 1348 4901 _425.
1384 4828 1530 4884 Inter
1554 4830 1837 4901 Augustini
1871 4831 1916 4891 D
1943 4831 2304 4886 communione
2318 4829 2658 4901 suspendunt.
2683 4847 2897 4898 quorum
2922 4831 3196 4887 schismate
3217 4833 3359 4899 plebs
3380 4835 3549 4901 etiam=

269 4894 510 4961 epistolas
542 4904 649 4949 est.
684 4898 874 4950 Statim
907 4909 1069 4967 atque
1110 4897 1388 4952 leestini
1420 4894 1719 4955 electio'et
1750 4918 1841 4955 or-

270 4967 463 5040 dinatio
508 4968 563 5040 in
606 4967 790 5040 Africa
820 4968 1093 5037 divulgata
1133 4978 1239 5032 est,
1267 4971 1511 5040 adeoque
1539 4974 1683 5026 circa
1706 4973 1833 5025 antti

267 5035 363 5088 423
390 5037 736 5105 principium,
767 5035 1024 5110 scriptam
1069 5054 1193 5094 csse
1242 5035 1584 5110 Augustinus
1616 5042 1732 5108 ipse
1773 5044 1842 5098 ab

270 5110 483 5183 exordio
512 5110 649 5183 satis
678 5119 866 5183 aperte
896 5108 1159 5183 declarat.
1182 5108 1395 5183 Neque
1430 5127 1560 5166 vero
1597 5115 1837 5183 serupuli

268 5176 326 5229 de
347 5178 565 5233 Antonii
597 5176 941 5252 lf‘ussalensis
971 5196 1135 5234 causa
1179 5176 1305 5252 ipsi'
1326 5181 1510 5251 injecti
1548 5176 1842 5252 procrasti-

268 5264 386 5325 nare
415 5265 563 5325 eum__
583 5250 836 5325 sinebant
863 5261 956 5325 aut
983 5250 1292 5321 quiescere,
1319 5250 1498 5309 denee
1530 5250 1839 5325 promptum

267 5318 335 5373 eis
364 5320 662 5375 remedium
694 5318 1015 5378 invenisset.

330 5390 357 5429 δ
382 5393 640 5457 Quamvis
668 5392 898 5447 necdum
937 5409 1003 5448 ex
1026 5392 1219 5449 Eulalii
1252 5394 1487 5451 factione
1507 5394 1838 5453 defecissent

266 5463 607 5534 schismatici,
642 5474 829 5518 contra
870 5479 1009 5534 quos
1052 5465 1313 5521 Batonius
1365 5468 1434 5519 ad
1489 5483 1617 5521 ann.
1646 5468 1755 5524 425
1783 5481 1840 5524 et

264 5532 361 5609 {Si};
408 5542 559 5609 putat
604 5535 783 5609 legem
826 5532 900 5591 6i
927 5537 1012 5591 tit.
1043 5534 1205 5609 5Alib.
1245 5552 1335 5609 xvi
1364 5534 1500 5593 Cod.
1534 5538 1636 5593 Th.
1670 5541 1842 5609 Aqui-

266 5604 397 5678 μίξιν,
432 5604 749 5678 Theodosio
765 5621 893 5678 aug.
920 5623 978 5678 ιι
1002 5616 1058 5663 et
1083 5606 1457 5663 Valentiniano
1481 5625 1609 5665 eses.
1630 5604 1835 5678 conss,

266 5672 309 5725 Ιιι
333 5693 360 5729 c
391 5686 475 5730 «ιιι
494 5692 661 5751 __:tntto
688 5674 817 5751 i255,
843 5672 937 5733 ὶνι
966 5677 1078 5733 kal.
1111 5679 1340 5751 Augusti
1378 5681 1584 5746 datam,
1613 5696 1718 5751 qua
1747 5672 1842 5736 ca;-

264 5746 630 5821 tetorngirca
678 5746 769 5803 ltos
800 5759 972 5803 autem
1010 5746 1235 5804 maxime
1284 5751 1517 5821 urgenda
1562 5746 1835 5808 commotio

263 5828 351 5885 cst,
382 5819 470 5889 qui
522 5821 697 5890 pravis
748 5820 1074 5877 suasionibus
1117 5837 1149 5876 a
1194 5819 1493 5879 venerabilis
1535 5839 1684 5895 papae
1732 5841 1838 5879 sese

1942 4904 2144 4972 reliqua
2189 4896 2422 4974 vitiatur.
2465 4900 2590 4969 llis,
2635 4896 2972 4956 conventione
3024 4896 3312 4973 prtemissa,
3359 4896 3552 4974 viginti

1943 4975 2142 5027 dierum
2169 4972 2526 5026 condonamus
2548 4974 2811 5038 inducias,
2842 4974 2982 5028 intra
3013 4990 3141 5042 quos
3170 4974 3271 5027 nisi
3300 4975 3368 5028 ad
3392 4972 3537 5029 com-

1942 5043 2202 5097 munionis
2242 5043 2487 5097 redterint
2531 5044 2803 5108 unitatem,
2840 5044 3045 5112 expulsi
3079 5059 3242 5112 usque
3269 5045 3339 5097 ad
3367 5056 3534 5100 cente-

1946 5116 2134 5168 simum
2165 5112 2427 5185 lapidem,
2447 5114 2725 5185 solitudine
2756 5131 2905 5182 quam
2949 5116 3147 5184 eligunt
3191 5126 3535 5185 macerentur.

1977 5229 1980 5232 .
2021 5196 2041 5223 ι·
2072 5184 2188 5241 lloc
2219 5183 2323 5243 est.
2355 5183 2720 5238 st-ltisutaticis
2765 5186 2829 5239 ad
2876 5183 3139 5240 unitatem
3188 5184 3536 5243 rcdttcendis.

2016 5252 2043 5292 ἀ
2074 5256 2204 5310 Puta
2256 5255 2561 5319 Silvanum,
2599 5256 2690 5323 qui
2722 5256 2863 5325 apud
2892 5254 3251 5324 Augustinum
3286 5256 3537 5324 epistola:

1949 5326 2053 5381 ηε
2081 5336 2136 5381 ιιι
2165 5325 2338 5382 Senex
2366 5327 2594 5380 ecclesite
2623 5326 2969 5392 Summensis,
2994 5335 3049 5380 et
3071 5325 3319 5394 epistolae
3344 5327 3449 5383 129
3482 5337 3539 5387 ut

1946 5399 2128 5468 prima:
2155 5398 2290 5451 sedis
2320 5398 2599 5465 provincia:
2629 5396 2676 5450 N
2686 5397 2893 5468 umidiaz
2906 5399 3195 5465 episcopus
3224 5397 3537 5455 subscribit.

2021 5479 2044 5507 ⁶
2078 5467 2321 5523 Zosimus
2353 5467 2512 5537 epist.
2543 5468 2601 5532 9,
2629 5484 2685 5521 ιι.
2729 5467 2784 5532 5,
2809 5468 3086 5528 decernit,
3120 5474 3181 5520 ut
3222 5471 3310 5534 qui
3354 5470 3418 5522 ab
3449 5472 3536 5535 ,ξιι-

1947 5539 2115 5609 funtia
2161 5539 2519 5593 ecclesiasticis
2578 5540 2871 5593 ministeriis
2912 5554 3098 5594 nomen
3143 5537 3361 5600 dederit,
3406 5542 3542 5596 inter

1947 5610 2158 5664 lectores
2190 5626 2345 5679 usque
2385 5613 2455 5662 ad
2479 5611 2775 5663 uicesimum
2813 5611 2980 5664 atatis
3021 5625 3211 5672 annum
3240 5611 3539 5665 continuata

1950 5681 2298 5736 observatione
2326 5680 2713 5751 perduret.’Qua
2744 5680 2796 5734 in
2818 5681 2939 5735 reis
2964 5694 3098 5749 papa
3119 5679 3297 5736 Siricii
3326 5684 3485 5749 epist.
3511 5684 3533 5737 ί

1951 5768 2004 5807 ιι.
2052 5752 2118 5806 l5
2147 5754 2424 5807 decretum
2448 5764 2668 5805 secutus
2699 5762 2803 5806 est.
2837 5751 3105 5820 Quocirca
3139 5753 3404 5807 Antonius
3440 5754 3538 5808 illo

1950 5838 1979 5877 a
2004 5823 2222 5893 parvula
2250 5833 2413 5879 aetate
2439 5823 2609 5880 lector
2622 5821 2889 5896 initiatus,
2908 5825 3200 5895 statimque
3226 5824 3530 5896 Augustino
