3970 6180
462 426 569 483 “9

1240 422 1300 476 S.
1340 417 1730 476 C(ELESTINI
1774 417 1790 471 l
1836 416 2036 471 ΡᾹΡᾹΞ
2081 414 2435 473 EPISTOLE
2478 417 2563 472 ET
2608 409 2950 473 DECRETA.

3619 406 3725 463 430

464 541 721 609 gradibus
761 548 815 595 et
857 536 1137 594 laboribus
1184 544 1391 589 notum.
1435 536 1503 588 At
1532 534 1611 587 illi
1663 532 1870 597 miseri,
1900 531 2042 602 quod
2072 535 2117 593 Α
2219 532 2391 589 6.Sed
2416 532 2542 603 quid
2570 532 2756 588 multis
2780 531 2993 586 morer?
3017 528 3326 598 Collabora,
3346 533 3601 598 obsecro,
3632 547 3731 589 no—

466 637 699 689 futurum
733 630 908 684 fuerat
939 629 1274 697 ignorantes,
1305 625 1557 680 offerenti
1586 640 1709 680 eum
1743 625 1872 679 mibi
1915 625 2044 678 obe-

467 722 806 779 dientissime
854 719 1226 773 crediderunt.
1267 716 1407 785 Quid
1442 718 1631 787 plura?
1681 716 1881 772 factum
1937 728 2040 782 est,

466 830 588 871 esse
620 814 725 867 illis
748 812 1037 881 episcopus
1066 811 1249 879 erepit.

539 907 594 959 .i.
629 902 768 970 Quid
815 902 1201 957 facianﬂNolo
1251 901 1392 972 apud
1440 909 1586 957 tuam
1632 901 2043 957 venerationem

469 1010 692 1065 gravare
733 1011 889 1063 quem
948 993 1292 1047 nutriendum
1344 992 1571 1062 collegi;
1622 993 1748 1047 nolo
1792 992 2048 1048 deserere

469 1103 603 1158 quos
644 1086 977 1158 colligendos
1013 1086 1301 1140 timoribus
1329 1092 1387 1140 et
1423 1085 1705 1139 doloribus
1737 1086 2041 1154 parturivi;

470 1192 525 1237 et
562 1183 832 1253 quomodo
862 1188 1148 1249 tttrumqne
1177 1194 1354 1249 agam,
1384 1179 1625 1248 reperire
1658 1193 1763 1233 non
1796 1194 2040 1247 possum.

475 1274 582 1329 Res
612 1274 807 1343 quippe
845 1273 909 1325 ad
945 1283 1152 1326 tantum
1189 1271 1503 1327 scandalum
1545 1272 1713 1338 venit,
1744 1282 1804 1328 ut
1832 1271 1883 1326 iu
1924 1288 2048 1328 eum

474 1366 560 1420 hic
578 1364 717 1433 apud
744 1379 841 1417 nos
856 1379 1048 1419 causas
1077 1363 1349 1427 dicerent,
1363 1363 1454 1433 qui
1476 1364 1544 1418 de
1570 1363 1711 1417 illius
1734 1362 2048 1433 epi2c0patu

468 1455 833 1526 suscipiendo,
871 1467 1141 1523 tamquam
1173 1456 1309 1509 bene
1342 1454 1446 1509 sibi
1487 1455 1921 1519 consulentibus,
1949 1457 2049 1511 ob-

475 1558 913 1619 temperaverant
945 1548 1122 1602 nobis.
1157 1547 1212 1601 ln
1236 1547 1433 1617 quibus
1474 1548 1653 1602 causis
1679 1564 1801 1603 cum
1831 1557 2048 1618 stupro-

470 1659 591 1698 rum
620 1640 847 1697 crimina
878 1638 1147 1708 capitalia,
1176 1656 1294 1708 qua:
1319 1655 1425 1693 non
1456 1640 1523 1693 ab
1549 1641 1677 1708 ipsis
1709 1641 1901 1709 quibus
1935 1641 2051 1711 epi-

466 1749 665 1803 scopus
691 1742 825 1801 erat,
859 1732 956 1787 sed
986 1732 1056 1785 ab
1084 1733 1207 1786 aliis
1232 1733 1554 1802 quibusdam
1580 1733 1788 1801 objecta
1814 1732 2046 1799 fuerant,

471 1826 685 1896 probari
717 1826 936 1880 minime
968 1824 1294 1894 potuissent,
1326 1835 1487 1893 atque
1533 1824 1600 1877 ab
1648 1826 1711 1879 iis
1759 1841 1881 1894 qua:
1913 1825 2046 1879 iuvi-

471 1919 780 1973 diosissime
824 1917 1201 1987 jactabantur,
1253 1916 1530 1971 videretur
1586 1931 1710 1970 eSse
1767 1926 2048 1987 purgatus,
2084 1913 2128 1971 B

474 2021 579 2065 tam
612 2009 949 2065 miserandus
980 2010 1153 2064 tactus
1184 2017 1337 2063 estet
1368 2008 1524 2062 nobis
1554 2018 1608 2062 et
1639 2008 1782 2074 aliis,
1810 2019 1864 2061 ut
1894 2008 2053 2079 quid-

466 2101 600 2173 quid
630 2116 659 2154 a
699 2100 1012 2155 castellanis
1055 2109 1108 2154 et
1154 2098 1298 2153 illius
1334 2099 1569 2169 regionis
1620 2099 1932 2154 hominibus
1985 2099 2053 2154 de

470 2191 798 2249 intolerabili
831 2188 1221 2258 dominalione,
1251 2189 1318 2244 de
1359 2189 1562 2257 rapinis
1594 2199 1642 2243 et
1683 2189 1915 2245 diversis
1955 2206 2054 2260 op-

472 2282 840 2353 pressionibus
886 2292 940 2337 ct
983 2280 1400 2337 contritionibus
1442 2280 1821 2349 objiciebatur,
1850 2298 2054 2351 nequa-

464 2394 628 2449 quam
654 2377 809 2431 nobis
842 2377 947 2430 tale
978 2376 1273 2438 videretur,
1308 2382 1365 2429 ut
1394 2384 1616 2443 propter
1662 2375 1764 2431 hoc
1810 2374 1895 2429 vel
1928 2390 2054 2445 pro-

473 2480 593 2540 pter
619 2470 780 2524 simul
810 2479 1003 2524 cuncta
1050 2476 1332 2538 congesta,
1362 2470 1675 2537 episcopatu
1723 2484 1847 2521 cum
1902 2477 2054 2537 puta-

468 2576 654 2616 remus
691 2576 812 2616 esse
858 2558 1201 2628 privandum,
1234 2558 1329 2613 sed
1371 2558 1703 2613 restituenda
1754 2574 1873 2629 que
1916 2572 2047 2628 pro-

468 2653 729 2707 barentur
756 2650 957 2705 ablata.

540 2743 596 2798 5.
622 2744 863 2814 Denique
904 2742 1205 2798 sententias
1252 2751 1470 2797 nostras
1498 2742 1576 2796 sic
1606 2740 2048 2811 temperavimus,

462 2846 525 2892 ut
552 2837 700 2891 salvo
749 2834 1086 2904 episcOpatu,
1126 2850 1231 2888 non
1286 2842 1462 2889 tamen
1514 2834 1738 2888 omnino
1789 2833 2053 2902 impunita

469 2929 929 3000 relinquerentur,
963 2942 1082 2997 quae
1128 2944 1236 2981 non
1268 2925 1533 2983 deberent
1583 2927 1667 2981 vel
1722 2925 1899 2980 eidem
1950 2926 2050 2996 ipsi

458 3021 721 3089 deinceps
751 3020 1057 3088 iterumque
1087 3017 1353 3085 facienda,
1382 3018 1466 3072 vel
1495 3018 1718 3072 caeteris
1766 3016 2049 3083 imitanda,

461 3112 718 3181 proponi.
762 3111 1032 3165 llonorem
1082 3110 1265 3178 itaque
1303 3111 1571 3180 integrum
1605 3110 2052 3180 servavimus-ju-

457 3202 583 3256 veni
629 3199 1100 3271 corrigendo;sed
1149 3201 1496 3270 corripiendo
1546 3202 1838 3255 minuimus
1892 3212 2047 3269 pote-

2150 625 2378 691 biscum,
2414 627 2614 693 pietate
2663 624 2988 679 venerabilis
3036 624 3254 678 domine
3310 625 3645 689 beatissime,
3675 634 3731 681 et

2146 716 2325 771 debita
2356 716 2620 771 charitate
2647 715 2957 770 venerande
2986 723 3174 771 sancte
3201 731 3361 783 papa,
3391 725 3444 770 ct
3469 716 3604 785 jube
3628 717 3729 775 tibi

2146 826 2266 876 qua:
2302 809 2509 864 directa
2542 820 2668 865 sunt
2702 810 2881 865 omnia
2926 811 3161 865 recitari.
3194 811 3328 867 Vide
3352 813 3728 884 episcopatum

2147 903 2383 971 qualiter
2411 903 2637 973 gesserit
2660 918 2674 968 ;
2698 902 3155 973 quemadmodum
3178 902 3383 971 judicio
3408 913 3594 960 nostro
3639 922 3730 962 us-

2148 1012 2251 1065 que
2295 996 2428 1049 adeo
2472 996 2833 1057 consenserit,
2876 995 3259 1050 communione
3312 996 3589 1065 privatus,
3627 999 3730 1054 nisi

2156 1087 2305 1156 prius
2327 1085 2743 1144 Fussalensibus
2767 1085 2947 1141 omnia
2980 1087 3367 1153 redderentur;
3396 1088 3506 1158 jam
3541 1102 3731 1159 postea

2153 1189 2208 1231 ut
2237 1193 2294 1233 re
2334 1186 2454 1232 acta
2496 1178 2778 1231 mstiutatis
2803 1176 2967 1232 rebus
2989 1177 3194 1232 solidos
3224 1182 3554 1248 seposuerit,
3591 1193 3646 1235 ut
3680 1182 3730 1237 ei

2151 1270 2466 1324 communio
2509 1268 2860 1336 redderetur;
2892 1285 3050 1340 quam
3078 1280 3294 1326 versuta
3321 1275 3576 1328 suasione
3606 1289 3736 1329 san-

2150 1368 2295 1415 ctum
2336 1373 2521 1416 senem
2555 1368 2583 1397 “
2615 1358 2901 1429 primatem
2944 1370 3185 1417 nastrum
3236 1364 3411 1432 gravis
3445 1365 3611 1419 intum
3658 1368 3737 1420 vi-

2153 1466 2296 1519 rum,
2318 1458 2375 1504 ut
2402 1452 2450 1505 ei
2492 1460 2688 1506 cuncta
2730 1452 3001 1518 crederet,
3031 1469 3189 1523 quem
3221 1456 3365 1508 velut
3390 1459 3535 1509 omni
3566 1458 3734 1511 modo

2154 1542 2486 1611 inculpatum
2526 1542 2835 1598 venerando
2865 1558 3017 1615 papa;
3065 1544 3341 1601 Bonifacio
3390 1550 3738 1605 commenda-

2154 1644 2257 1696 ret,
2285 1632 2585 1699 iuduxerit;
2630 1643 2686 1689 et
2740 1646 2936 1690 caetera
2964 1651 3084 1706 qua:
3110 1652 3139 1689 a
3186 1653 3272 1691 me
3302 1639 3428 1707 quid
3468 1654 3608 1709 Opus
3649 1651 3735 1695 est

2156 1727 2343 1793 recoli,
2369 1743 2490 1783 cum
2539 1740 2873 1784 memoratus
2919 1730 3248 1786 venerabilis
3292 1747 3459 1787 senex
3485 1734 3550 1787 ad
3582 1745 3727 1789 tuam

2154 1820 2571 1876 sanctimoniam
2602 1822 2851 1876 universa
2882 1823 3173 1877 retulerit?

2229 1911 2278 1963 7.
2315 1910 2371 1965 In
2402 1911 2507 1965 illis
2536 1923 2718 1964 autem
2772 1913 3163 1983 multiplicibus
3216 1917 3380 1984 gestis
3433 1917 3629 1986 quibus
3670 1918 3739 1972 de

2160 2001 2249 2055 illo
2298 2012 2538 2057 nostrum
2580 2003 2841 2071 judicium
2889 2006 3217 2069 continetur,
3256 2008 3424 2076 magis
3474 2009 3734 2064 deberem

2156 2093 2351 2157 vereri,
2380 2108 2447 2148 ne
2474 2094 2568 2148 tibi
2596 2094 2773 2149 minus
2796 2109 2990 2150 severe
3017 2111 3176 2166 quam
3200 2108 3477 2167 oporteret
3498 2099 3732 2168 judicas-

2156 2198 2216 2238 se
2259 2185 2571 2251 videamur;
2607 2187 2709 2241 nisi
2766 2188 2963 2241 scirem
3016 2202 3113 2242 vos
3161 2200 3265 2243 tam
3319 2206 3621 2259 propensos
3670 2192 3739 2245 ad

2159 2276 2611 2342 misericordiam,
2643 2288 2697 2329 ut
2738 2293 2841 2330 non
2868 2279 3042 2333 solum
3084 2279 3261 2345 nobis,
3286 2281 3408 2350 quia
3433 2280 3509 2334 illi
3544 2298 3743 2351 peper-

2155 2369 2349 2431 cimus,
2399 2384 2591 2425 verum
2638 2370 2800 2423 etiam
2854 2372 2951 2438 ip~i
2992 2369 3313 2425 existimetis
3345 2388 3466 2427 esse
3512 2390 3744 2444 parcen-

2158 2460 2305 2515 dum.
2326 2462 2431 2516 Sed
2458 2460 2734 2531 ille,quod
2767 2476 2797 2513 a
2829 2461 2983 2515 nobis
3012 2474 3103 2515 aut
3133 2461 3362 2532 benigne
3391 2475 3483 2518 aut
3514 2467 3745 2523 remisse

2157 2552 2357 2607 factum
2399 2562 2503 2619 est,
2539 2554 2590 2606 in
2638 2552 3109 2622 praescriptionem
3141 2565 3354 2609 vertere
3380 2563 3542 2625 atque
3586 2570 3745 2610 usur-

2156 2659 2285 2713 pare
2312 2652 2563 2698 conatur.
2596 2640 2809 2697 Clamat
2837 2660 2849 2697 :
2881 2645 2981 2696 Aut
3011 2646 3065 2696 in
3099 2661 3209 2697 mea
3256 2646 3507 2699 cathedra
3556 2648 3741 2701 sedere

2155 2735 2330 2799 debui,
2363 2744 2454 2788 aut
2484 2734 2759 2803 episcopus
2788 2750 2895 2788 esse
2927 2751 3031 2788 non
3073 2736 3261 2803 debui;
3284 2739 3435 2806 quasi
3467 2754 3615 2794 nunc
3653 2755 3745 2794 se-

2153 2828 2282 2883 deat
2310 2828 2413 2881 nisi
2448 2828 2502 2881 in
2529 2844 2647 2882 sua.
2677 2827 2913 2897 Propter
2940 2827 3043 2883 hoc
3073 2830 3219 2885 enim
3252 2832 3365 2885 loca
3418 2832 3510 2886 illa
3559 2834 3741 2889 eidem

2154 2920 2376 2974 dimissa
2421 2929 2583 2990 atque
2634 2920 2897 2990 permissa
2932 2931 3060 2976 sunt
3111 2923 3163 2976 in
3219 2925 3422 2993 quibus
3475 2935 3531 2979 et
3587 2928 3745 2996 prius

2153 3011 2447 3081 cpiscopus
2495 3020 2634 3074 erat,
2670 3026 2736 3066 ne
2786 3012 2839 3065 in
2890 3011 3125 3066 alienam
3182 3013 3493 3069 cathedram
3547 3028 3742 3073 contra

2154 3113 2351 3158 statuta
2399 3115 2612 3173 patrum
2645 3100 2673 3140 δ
2702 3102 2997 3157 translatus
3048 3104 3106 3159 ill
3131 3104 3241 3160 cite
3283 3106 3581 3166 diceretur.
3630 3113 3746 3165 Aut

2154 3210 2285 3251 vero
2311 3197 2593 3265 quisquam
2627 3195 2698 3249 ita
2753 3210 2874 3250 esse
2929 3196 3092 3252 debet
3127 3198 3244 3253 sive
3277 3199 3590 3255 severitatis
3617 3201 3743 3258 sive

460 3304 678 3358 etatem,
724 3309 791 3347 ne
830 3294 1037 3347 scilicet
1080 3293 1160 3348 eis
1207 3304 1463 3361 praeesset
1494 3295 1741 3357 ulterius,
1776 3309 1898 3348 cum
1930 3295 2046 3364 qui-
2073 3287 2118 3348 C
2154 3290 2397 3345 lenitatis
2426 3298 2670 3356 exactor,
2704 3300 2761 3343 ut
2788 3289 2881 3359 qui
2920 3305 3025 3344 non
3057 3291 3155 3345 visi
3202 3291 3404 3348 fuerint
3448 3296 3745 3364 episcopa-

461 3388 564 3442 bus
610 3387 691 3440 sic
744 3394 948 3454 egerat,
982 3396 1039 3438 ut
1068 3384 1255 3439 dolore
1300 3385 1448 3455 justo
1484 3402 1607 3439 eum
1660 3386 1765 3440 sibi
1811 3402 2047 3453 praresse

459 3477 610 3533 ferre
657 3477 879 3531 omnino
924 3491 1031 3529 non
1077 3484 1319 3544 possent,
1355 3486 1408 3530 et
1454 3492 1577 3530 cum
1636 3493 1736 3531 suo
1798 3478 2047 3546 illiusque

461 3569 706 3638 periculo
734 3569 787 3622 in
828 3567 1044 3637 aliquod
1077 3566 1254 3622 scelus
1284 3566 1510 3622 forsitan
1536 3579 1849 3638 erupturam
1877 3569 2047 3636 impa-

460 3660 704 3716 tientiam
732 3662 814 3715 sui
853 3658 1060 3714 doloris
1091 3658 1464 3713 ostenderent.
1501 3658 1740 3726 Quorum
1771 3660 1897 3714 talis
1925 3662 2044 3714 ani-

458 3769 578 3807 mus
624 3752 785 3807 etiam
841 3760 988 3815 tunc,
1015 3750 1227 3821 quando
1258 3766 1381 3805 cum
1423 3752 1507 3805 eis
1549 3750 1618 3805 de
1654 3750 1745 3805 illo
1797 3751 2036 3820 episcopi

452 3851 703 3912 egerunt,
734 3842 1015 3898 evidenter
1038 3841 1306 3911 apparuit,
1335 3855 1455 3895 cum
1484 3840 1593 3911 jam
1617 3840 1698 3897 vir
1724 3842 2039 3909 speetabilis

451 3936 630 4003 Celer,
664 3936 730 3992 de
754 3936 909 4007 cujus
938 3934 1222 3989 adversum
1251 3949 1312 3989 se
1341 3934 1661 4003 prmpotcnti
1692 3934 2041 3989 adminiSIra-

453 4030 600 4085 tione
624 4036 957 4098 conquestus
989 4036 1093 4095 est,
1129 4026 1332 4081 nullam
1361 4035 1517 4097 gerat
1548 4027 1631 4083 vel
1661 4028 1713 4082 in
1744 4026 1924 4082 Africa
1949 4028 2036 4084 vel

451 4122 660 4198 uspiam
694 4128 1034 4191 potestatem.

454 4253 682 4312 traditus
714 4269 818 4309 non
849 4254 1119 4309 immerito
1149 4256 1422 4323 credatur,
1448 4259 1524 4314 uti
1576 4259 1693 4315 ﬁeri
1744 4254 1868 4318 tunc
1898 4279 2030 4319 eon-

454 4327 700 4382 snevisse
733 4325 972 4394 pluribus
1003 4328 1268 4396 exemplis
1300 4330 1353 4383 in
1384 4330 1607 4385 citatum
1632 4331 1819 4386 Sirieii
1852 4334 2027 4389 locum

453 4398 824 4470 probavimus.
856 4396 1280 4470 llis‘adjieimus
1335 4399 1463 4470 illud
1514 4400 1911 4470 Cbrysostomi,
1962 4405 2030 4457 de

455 4466 566 4538 quo
597 4468 870 4523 Palladius
919 4466 1143 4541 dialog._
1174 4485 1300 4541 pag.
1325 4468 1431 4541 227
1469 4466 1656 4526 scribit
1689 4491 1701 4525 :
1737 4466 2031 4528 Duodecim

366 4562 371 4567 '
447 4556 615 4594 unitos
638 4549 787 4592 natus
812 4541 1013 4593 recessit
1040 4558 1071 4593 a
1096 4539 1299 4596 rhetore
1328 4540 1567 4605 Libauio,
1595 4554 1747 4608 atque
1766 4561 1798 4597 a
1826 4544 2031 4599 Meletio

451 4609 786 4683 Antiochensi
815 4607 1199 4681 archiepiscopo
1227 4614 1538 4683 baptizatur,
1561 4626 1606 4668 et
1637 4607 1794 4667 lector
1820 4617 2032 4672 ordina-

447 4693 555 4735 tur.
591 4681 886 4752 Antonium
940 4678 1117 4752 tamen
1170 4678 1308 4735 ultra
1370 4685 1688 4752 vigesimum
1732 4686 1905 4741 artatis
1935 4678 2109 4743 ιιιιτ-Ῑ)

449 4766 583 4806 num
612 4753 667 4821 iu
701 4750 923 4803 lectoris
954 4749 1130 4821 officio
1160 4749 1464 4820 perstitisse
1496 4756 1621 4808 hinc
1648 4754 1941 4821 colligitur.

523 4831 548 4858 ι
586 4820 922 4891 Valentinum
950 4820 1067 4874 scil.
1096 4822 1375 4889 Baianum,
1411 4825 1499 4890 qui
1529 4826 1579 4877 iu
1605 4820 1968 4891 frontewepisl.
1993 4830 2029 4884 2

362 4950 363 4953 η
449 4892 519 4945 ad
553 4890 885 4946 Bonifacium
913 4891 1092 4957 prima:
1133 4894 1269 4947 sedis
1315 4895 1591 4961 provincia:
1649 4890 1914 4951 Numidia:
1949 4902 2027 4954 in-

449 4964 724 5017 scribitur.
769 4961 923 5016 Hunc
971 4962 1112 5018 inter
1147 4964 1364 5019 Antonii
1412 4964 1624 5032 judices
1670 4984 1775 5020 non
1817 4970 2028 5025 sedisse

456 5034 583 5089 hinc
596 5031 890 5103 colligitur.
916 5032 1114 5088 Verum
1129 5035 1376 5088 eumdem
1394 5031 1602 5103 postea.
1619 5042 1974 5093 communit-at
1987 5043 2031 5094 is

444 5120 569 5158 cum
615 5120 682 5159 eo
725 5107 913 5171 gestis,
948 5119 1054 5177 non
1084 5115 1289 5159 tantum
1338 5120 1579 5160 errarem
1611 5109 1898 5177 ahjecisse,
1926 5111 2022 5165 sed

448 5185 505 5229 et
556 5177 821 5229 veriorem
870 5176 1111 5228 omnium
1170 5178 1491 5231 relationem
1546 5178 1611 5232 ad
1669 5176 2025 5235 Caelestinum

446 5262 549 5299 una
583 5262 704 5299 eum
736 5246 837 5299 hac
866 5247 1145 5315 Augustini
1168 5247 1393 5315 epistola
1426 5248 1640 5303 misisse
1670 5251 1913 5305 subnexa
1945 5252 2029 5306 in-

450 5316 651 5369 dicunt.

460 5392 481 5403 ’
523 5386 551 5425 ιι
580 5388 723 5441 Afris
752 5386 929 5455 ignota
959 5396 1071 5440 tum
1103 5396 1264 5442 erant
1310 5387 1652 5444 Sardicensia
1697 5389 1934 5454 decreta,
1972 5400 2035 5448 ut

455 5471 519 5531 es
563 5458 795 5531 epistula
835 5460 1104 5526 sequenti,
1137 5474 1191 5512 n.
1219 5461 1274 5523 5,
1310 5460 1484 5527 palam
1511 5462 1623 5514 iiet.
1659 5460 1833 5515 Unum
1867 5463 2032 5531 igitur

455 5524 547 5578 hic
576 5526 827 5601 intelligit
854 5524 1663 5601 AAiigustinus,rac'servandum
1698 5532 1797 5586 sibi
1830 5524 2029 5601 ιιι-ἱδρυ-

449 5604 675 5648 suerunt
701 5596 915 5669 humidi
936 5600 1165 5666 judices,
1187 5600 1386 5652 Nicwni
1409 5600 1621 5653 concilii
1647 5596 2020 5669 examinem-15,

451 5680 561 5732 quo
588 5667 863 5731 statuitur,
892 5679 949 5721 ut
974 5670 1037 5722 de
1064 5670 1266 5723 civita'e
1288 5670 1356 5721 ad
1386 5670 1638 5725 civitatein
1682 5688 1784 5726 non
1826 5667 2023 5738 episcoé

446 5751 567 5808 pus,
602 5752 701 5809 non
729 5740 1005 5808 presbyter,
1036 5756 1136 5793 non
1159 5740 1403 5795 diaconus
1432 5745 1793 5809 transferatur.
1824 5744 2019 5809 0ptan~

446 5805 578 5882 dum
602 5805 736 5860 iuret
765 5817 820 5859 ut
843 5805 897 5861 ei
923 5818 1103 5882 nostra
1134 5820 1292 5865 atate
1317 5805 1631 5866 servaretur
1655 5814 1769 5867 haec
1802 5805 2010 5882 regula,

440 5880 673 5936 maxime
698 5893 822 5956 erga
858 5880 1205 5947 presbyteros
1233 5898 1458 5951 quorum
1488 5886 1593 5938 vita
1620 5886 1789 5954 turpis
1820 5880 1884 5939 ac
1912 5902 2009 5939 no-

2156 3392 2242 3436 tus
2268 3381 2475 3437 honore
2502 3381 2772 3452 privandi,
2807 3382 2954 3437 nullo
2988 3384 3148 3439 modo
3180 3385 3234 3439 in
3266 3385 3346 3440 eis
3388 3387 3595 3457 aliquid
3618 3390 3742 3443 vin-

2153 3471 2515 3539 dicetur;aut
2544 3473 2597 3527 in
2642 3460 2837 3543 quibus
2879 3474 3081 3544 aliquid
3126 3476 3299 3531 visum
3352 3475 3513 3533 fuerit
3560 3481 3740 3535 vindi-

2149 3564 2404 3631 candum,
2437 3566 2784 3638 episcopatus
2816 3568 3021 3623 honore
3053 3570 3375 3639 priventur?

2220 3660 2274 3717 8.
2312 3661 2563 3718 Existunt
2606 3662 2878 3731 exempla,
2916 3664 3033 3731 ipsa
3070 3666 3201 3720 sede
3246 3667 3539 3736 apostolica
3584 3669 3741 3738 judi~

2147 3763 2304 3810 cante
2334 3755 2419 3810 vel
2447 3755 2681 3809 aliorum
2707 3754 2948 3825 judicata
2986 3766 3007 3795 ε
3043 3756 3314 3820 firmante.
3345 3761 3604 3830 quosdam
3634 3782 3739 3832 pro

2146 3848 2321 3918 culpis
2351 3846 2698 3916 quibusdam,
2727 3863 2830 3904 nec
2861 3848 3161 3921 episcopali
3204 3852 3465 3921 spoliatos
3498 3855 3738 3923 honore,

2148 3956 2247 3995 nec
2274 3940 2495 3995 relictos
2526 3939 2859 3995 omnimodis
2883 3942 3196 4010 impunitos.
3229 3944 3360 4012 Qua:
3387 3955 3444 3999 ut
3472 3961 3499 3997 ιι
3528 3950 3739 4002 nostris

2146 4032 2487 4105 temporibus
2556 4034 2921 4088 remotissima
2971 4049 3076 4089 non
3131 4036 3425 4105 requiram,
3489 4042 3737 4096 recentia

2147 4126 2482 4182 memorabo.
2526 4124 2737 4181 Clamet
2776 4125 2996 4181 Priscus
3034 4127 3331 4196 provinciae
3370 4127 3741 4188 Czcsariensis

2131 4282 2261 4323 cens
2294 4269 2503 4337 pupulis
2532 4270 2789 4324 scandan
2830 4280 2915 4326 est
2947 4283 3001 4326 et
3030 4272 3235 4337 exitio;
3274 4290 3373 4331 nec
3421 4284 3529 4331 tam
3565 4276 3733 4337 facile

2134 4340 2467 4414 sinerentur,
2498 4349 2777 4414 postquam
2814 4341 3117 4414 Ecclesiam
3173 4345 3408 4414 primum
3457 4349 3560 4402 sibi
3604 4366 3739 4406 cre-

2133 4408 2300 4463 ditam
2364 4409 2623 4473 laeserint,
2677 4415 2859 4476 procul
2916 4413 2982 4467 ad
3034 4408 3194 4466 aliain
3236 4416 3734 4476 administrandam
3816 4458 3825 4465 -

2137 4479 2407 4558 transire;
2438 4481 2522 4534 cui
2549 4490 2699 4558 tanto
2719 4483 2921 4558 certius
2949 4486 3492 4558 inserunt_daninum.
3519 4504 3737 4558 quanto

2138 4552 2315 4621 minus
2342 4553 2410 4604 ab
2443 4566 2632 4604 eorum
2663 4550 2879 4621 ﬂagitiis
2911 4566 3151 4609 cavetur.
3188 4555 3300 4609 Hoc
3337 4558 3402 4611 ad
3447 4550 3732 4617 situimnm

2137 4620 2499 4696 liceret,_cum
2532 4620 2786 4696 gravium
2819 4628 3087 4696 scelerum
3135 4628 3396 4692 accusati,
3425 4644 3525 4684 nte
3566 4635 3735 4696 plane

2134 4692 2392 4763 convicti,
2420 4691 2653 4761 propria?
2686 4694 2861 4763 plebis
2901 4696 2971 4747 ob
3000 4710 3275 4763 aspersam
3324 4691 3476 4751 lamas
3532 4691 3731 4758 macu-

2136 4761 2644 4839 lamminas-utiles
2675 4761 3205 4839 [qr‘e‘jttdicarrnlun
3240 4766 3328 4821 Sic
3373 4783 3432 4822 se
3489 4774 3728 4839 primum

2132 4835 2368 4908 gessisse
2390 4832 2664 4908 _videutur
2706 4834 2821 4889 Afri
2856 4851 2979 4904 erga
3009 4836 3308 4904 Apiarium,
3336 4854 3459 4892 cum
3489 4832 3729 4908 'objecta

2131 4904 2355 4986 crimina
2390 4902 2738 4970 impudenter
2780 4902 3023 4976 negaret,
3055 4902 3156 4961 nec
3187 4920 3329 4962 esset
3356 4911 3495 4963 undi:
3528 4902 3732 4981 aperte

2134 4986 2576 5029 COHVIIICCTCIUB

2206 5055 2230 5082 ε
2264 5045 2591 5105 Apostulicm
2629 5044 2779 5117 sedis
2806 5046 2859 5099 in
2906 5046 3159 5101 Afrortnn
3199 5047 3418 5117 judiciis
3489 5059 3732 5112 intesta:

2131 5112 2219 5192 hic
2266 5127 2455 5192 aperte
2499 5114 2973 5192 pra’dieaturned
3021 5112 3300 5192 observat_
3321 5119 3403 5173 vir
3445 5124 3728 5192 eruditus,

2138 5184 2249 5265 iure
2281 5198 2347 5239 eo
2374 5186 2657 5265 intervallo
2687 5188 2827 5265 dicta
2854 5200 2977 5242 esse
2996 5204 3106 5265 quo
3132 5189 3493 5265 afriliomam
3529 5184 3729 5265 appel;

2136 5253 2249 5308 lare
2296 5255 2669 5323 permiserunt,
2706 5258 2878 5311 donec
2918 5253 3183 5313 consultis
3234 5260 3440 5313 Nicreni
3490 5253 3725 5323 coniilii

2136 5326 2437 5398 verissimis
2454 5328 2892 5398 exemplaribus,
2922 5337 3099 5383 utrum
3147 5330 3199 5383 in
3229 5330 3308 5385 eis
3343 5346 3471 5398 repe
3490 5334 3727 5392 'ircntur

2133 5394 2330 5448 laudati
2378 5412 2405 5448 a
2454 5393 2675 5451 Zosim'o
2728 5412 2984 5464 canones,
3024 5401 3284 5454 certiores
3331 5393 3452 5454 facti
3502 5417 3723 5463 essent,

2130 5464 2293 5537 Certe
2321 5465 2645 5537 Laurentius
2686 5466 2826 5521 infra
2865 5471 3217 5537 appellandus
3239 5470 3371 5525 Cod.
3403 5486 3464 5525 ca
3489 5489 3526 5525 I.
3564 5477 3721 5532 Eccl.

2134 5536 2253 5590 Atr.
2283 5550 2336 5589 c.
2364 5536 2486 5600 155,
2518 5552 2662 5609 anno
2684 5537 2813 5598 “9.
2856 5536 3285 5609 Carthaginiensi
3322 5545 3470 5596 conci
3489 5542 3555 5597 tio
3604 5564 3723 5603 non

2135 5616 2338 5685 tan'um
2382 5609 2531 5685 velut
2580 5604 3222 5685 itaitaiius‘episcopzts,
3276 5613 3371 5685 sed
3435 5622 3468 5671 t:
3495 5630 3722 5685 mquam

2131 5675 2331 5742 legatus
2370 5680 2645 5744 prouincia:
2707 5678 3035 5733 Cwsariemis
3088 5675 3398 5735 subscribit.
3461 5675 3720 5744 Nondum

2128 5746 2292 5814 igitur
2324 5750 2425 5801 hoc
2453 5764 2597 5802 anno
2626 5750 2888 5803 adversus
2908 5767 3031 5805 eum
3061 5754 3266 5819 prolata
3294 5763 3411 5806 erat
3440 5768 3465 5807 s
3489 5763 3715 5814 intentis

2125 5832 2284 5884 quam
2321 5818 2648 5887 Augustinus
2679 5836 2799 5874 mox
2834 5818 3115 5877 memorat.
