3970 6180
262 330 339 388 ςρι
999 325 1208 381 H‘lST.
1264 325 1327 378 ll.
1384 322 1646 378 CONClL.
1696 319 1923 375 AFRlC.
1971 318 2060 373 AD
2106 315 2569 373 COELES'l'lXUM
2616 314 2862 370 PAPAM.

3432 312 3539 367 ΗΞ

257 432 539 503 episcOpus
574 446 587 483 :
628 426 732 480 Aut
772 398 843 478 ad
879 424 1168 493 primatum
1211 421 1399 489 locus,
1440 422 1582 475 sicut
1633 420 1847 475 caeteris
1874 422 1919 480 Α
1954 428 2161 481 butum,
2190 418 2427 471 nondum
2482 417 2672 469 saltem
2707 424 2863 468 :rtate
2917 414 3207 480 firmatum,
3240 429 3268 469 a
3305 432 3409 484 quo
3460 420 3539 473 sic

260 535 308 581 et
359 522 490 579 mihi
522 531 710 592 patere
740 518 949 582 debuit,
980 525 1073 571 aut
1104 516 1444 587 episcopatus
1490 514 1622 569 mihi
1664 530 1841 569 rema-

262 630 385 670 nere
442 628 552 668 non
607 608 816 664 debuit.
865 605 1076 661 Clamet
1132 606 1273 661 alius
1326 605 1573 675 ejusdem
1626 604 1849 674 provin-

262 711 354 762 cia:
383 704 576 759 Victor
602 702 917 771 episcopus,
950 699 1042 753 cui
1072 697 1266 754 relicto
1295 696 1349 751 in
1381 696 1570 751 eadem
1605 711 1762 766 paena
1795 697 1847 749 iit

261 812 360 869 qua
385 804 440 851 et
470 794 691 849 Priscus
722 791 845 856 fttit,
870 805 1137 860 nusquam
1170 789 1271 857 nisi
1298 790 1351 843 in
1385 789 1606 843 dioecesi
1633 788 1755 857 ejus
1781 788 1850 841 ab

262 891 443 961 aliquo
488 885 927 943 communicatur
980 886 1277 954 episc0po;
1310 882 1530 950 clamet,
1580 881 1799 952 inquam
1835 899 1849 935 :

264 986 368 1037 Aut
412 980 618 1050 ubique
656 978 1065 1032 communicare
1106 974 1292 1042 debui,
1324 983 1415 1027 aut
1439 974 1604 1029 etiam
1635 973 1689 1027 in
1719 974 1853 1029 meis

264 1072 397 1128 locis
440 1068 854 1126 communicare
884 1082 990 1120 non
1040 1064 1227 1121 debui.
1251 1063 1463 1120 Clamet
1493 1065 1684 1118 tertius
1710 1064 1855 1132 ejus-

266 1164 388 1218 dem
439 1161 736 1233 provincia:
781 1157 1109 1213 Laurentius
1168 1157 1485 1227 cpiscopus,
1518 1165 1571 1208 et
1629 1169 1854 1223 prorsus

264 1255 426 1325 hujus
458 1252 686 1307 vocibus
713 1251 908 1304 clamet
944 1266 959 1304 :
992 1247 1102 1302 Aut
1146 1248 1201 1302 in
1236 1246 1495 1301 cathedra
1529 1247 1613 1300 cui
1639 1244 1857 1299 ordina-

268 1354 350 1399 tus
379 1358 526 1408 sum,
551 1340 743 1396 sedere
772 1338 956 1405 debui,
991 1344 1084 1391 aut
1127 1338 1417 1406 episcopus
1461 1351 1585 1390 esse
1629 1352 1735 1389 non
1770 1336 1858 1390 de-

269 1436 378 1490 bui.
422 1433 532 1490 Sed
581 1432 703 1504 quis
754 1431 856 1485 ista
892 1438 919 1467 ι
952 1432 1243 1499 vituperet,
1279 1427 1379 1482 nisi
1424 1429 1511 1497 qui
1556 1443 1742 1495 parum
1772 1437 1854 1479 at-

269 1528 464 1593 tendit,
497 1542 598 1582 nec
628 1525 800 1580 inulta
830 1525 1013 1580 omnia
1036 1522 1416 1594 relinquenda,
1439 1537 1538 1576 nec
1562 1538 1667 1574 uno
1697 1521 1857 1573 modo

268 1620 447 1676 omnia
477 1614 842 1673 vindicanda?

336 1713 395 1769 9.
419 1712 556 1780 Quia
588 1725 719 1783 ergo
750 1705 1014 1782 pastorali
1056 1706 1319 1777 vigilique
1350 1706 1560 1762 cautela
1607 1703 1860 1759 beatissi-

1951 509 2347 580 aflligerentur,
2386 508 2578 564 inﬂixi.
2610 508 2795 577 Neque
2843 507 2967 561 huic
3024 509 3206 562 noceri
3268 509 3413 575 volo,
3448 514 3535 565 cui

1948 610 2151 670 quanto
2206 601 2378 670 magis
2428 601 2696 654 sinceram
2749 600 2926 655 habeo
2983 601 3327 668 charitatem,
3384 612 3547 669 tanto,

1952 693 2126 763 magis
2157 709 2336 763 prava:
2382 693 2498 762 ejus
2537 693 2823 764 cupiditati
2862 694 3083 749 obsi5to.
3123 693 3348 765 Utrique
3380 697 3540 750 mise-

1953 784 2242 840 ricordiam
2284 794 2597 840 mereantur
2626 795 2793 850 tuam,
2829 787 2904 842 illi
2937 803 3003 841 ne
3052 787 3190 843 mala
3236 789 3532 857 patiantur,

1954 876 2058 931 iSIe
2089 891 2155 929 ne
2188 874 2375 941 faciat;
2412 876 2487 930 illi
2515 892 2583 930 ne
2607 876 2824 930 oderint
2852 877 3195 945 Catholicam,
3224 879 3323 931 sia
3351 880 3543 933 catho-

1956 970 2071 1024 licis
2109 969 2408 1039 episc0pis,
2440 969 2786 1041 maximeque
2822 972 2890 1025 ah
2923 973 3034 1040 ipsa
3063 972 3192 1026 scde
3222 975 3539 1042 apostolica,

1956 1070 2145 1115 c0nlra
2179 1062 2504 1116 eatliolicum
2557 1079 2663 1116 non
2708 1062 2790 1117 eis
2836 1062 3152 1117 Subvenitur
3192 1066 3540 1133 episcopum;

1961 1154 2065 1209 iste
2094 1165 2275 1210 autem
2304 1171 2375 1210 ne
2406 1172 2465 1210 se
2499 1166 2647 1211 tanto
2686 1156 2892 1212 scelere
2934 1157 3261 1225 obstringat,
3297 1168 3353 1212 ut
3404 1174 3542 1228 quos

1960 1244 2178 1299 molitur
2205 1246 2406 1300 invitos
2438 1246 2613 1301 facere
2644 1262 2791 1314 suos,
2827 1263 2853 1300 a
2885 1244 3100 1303 C‘iristo
3127 1247 3286 1303 faciat
3312 1248 3543 1302 alienos.

2031 1334 2119 1388 10.
2154 1335 2237 1390 Me
2285 1351 2434 1404 sane,
2477 1337 2620 1407 quod
2667 1337 3031 1392 confitendum
3088 1348 3170 1393 est
3220 1339 3541 1394 beatitttdiui

1963 1436 2089 1492 tum,
2145 1429 2196 1481 in
2247 1428 2351 1482 isto
2396 1441 2746 1499 utrorumque
2787 1431 3030 1498 periculo
3074 1441 3252 1486 tantus
3300 1434 3460 1487 timor
3494 1443 3550 1488 et

1964 1535 2165 1573 mceror
2194 1522 2491 1586 excruciat,
2523 1532 2578 1576 tit
2621 1523 2688 1576 ab
2717 1523 2893 1576 officio
2918 1523 3149 1593 cogitem
3183 1525 3404 1594 gerendi
3435 1527 3549 1594 epi-

1963 1622 2215 1679 sctipatus
2239 1613 2554 1672 abscedere.
2584 1622 2637 1668 ct
2662 1629 2745 1669 me
2779 1615 3031 1668 lamentis
3062 1616 3234 1669 errori
3269 1631 3388 1670 meo
3415 1633 3549 1670 con-

1966 1705 2305 1759 venientibus
2350 1706 2579 1773 dedore,
2631 1708 2674 1761 si
2719 1723 2813 1775 per
2853 1723 2976 1763 eum
3019 1711 3173 1776 cujus
3218 1710 3550 1778 episcopatui

272 1822 393 1862 mus
425 1819 561 1875 papa
594 1801 903 1858 Bonifacius
943 1801 996 1855 in
1027 1799 1263 1870 epistola
1295 1814 1390 1855 sua
1418 1798 1619 1869 posuit,
1649 1797 1717 1851 de
1744 1799 1859 1851 Au-
1891 1797 1938 1856 B
1966 1811 2064 1866 per
2107 1797 2522 1860 imprudentiam
2566 1800 2891 1869 suffragatus
2931 1815 3072 1865 sum,
3122 1800 3320 1854 vastari
3367 1800 3554 1855 Eccle-

281 1900 433 1954 tonio
482 1896 710 1967 loquens
756 1893 1037 1964 episcopo,
1066 1899 1122 1947 et
1171 1891 1268 1958 ait,
1305 1890 1367 1947 Si
1397 1890 1634 1945 ordinem
1683 1906 1860 1942 rerum

275 1991 423 2045 nobis
444 1988 673 2059 ﬁdeliter
698 1987 940 2040 iudicarit
964 2001 979 2051 ;
1007 1985 1191 2057 accipe
1218 2000 1361 2039 nunc
1384 1984 1629 2038 ordinem
1654 1998 1860 2050 rerum,
1884 2024 1887 2025 ν

272 2097 433 2152 quem
492 2079 586 2134 ille
637 2078 689 2132 in
742 2092 843 2131 suo
902 2076 1087 2130 libello
1129 2075 1377 2141 reticuit,
1410 2092 1475 2131 ac
1517 2075 1714 2131 deinde
1745 2092 1863 2146 qua:

276 2181 398 2241 post
421 2172 541 2239 ejus
568 2183 773 2223 sanctae
801 2168 1076 2222 memoriae
1108 2167 1209 2221 viri
1250 2168 1302 2222 in
1328 2165 1508 2222 Africa
1535 2166 1702 2222 lectas
1724 2168 1867 2222 litte-

283 2280 374 2319 ras
404 2264 435 2302 ιι
465 2272 617 2334 gesta
650 2272 804 2328 sunt;
835 2271 885 2316 et
929 2260 1155 2315 subveni
1196 2259 1506 2317 hominibus
1530 2276 1685 2330 opem
1722 2270 1865 2315 luam

277 2357 328 2411 in
354 2354 566 2411 Christi
610 2352 987 2409 misericordia
1020 2353 1194 2407 multo
1221 2352 1434 2408 avidius
1463 2367 1621 2420 quam
1657 2352 1750 2407 ille
1775 2368 1869 2423 po-

276 2448 584 2508 scentibus,
618 2461 645 2499 a
677 2445 837 2515 cujus
867 2444 1247 2515 inquietudine
1273 2444 1591 2500 desiderant
1619 2444 1867 2499 liberari.

275 2541 489 2596 indicia
528 2536 730 2609 quippe
760 2536 893 2603 illis,
920 2545 974 2590 ct
1011 2536 1258 2606 publlcas
1286 2543 1607 2606 potestates,
1638 2544 1694 2590 et
1726 2536 1870 2590 mili-

281 2642 431 2687 tares
478 2632 713 2699 impetus
761 2637 1034 2698 tamquam
1080 2638 1103 2667 ο
1152 2636 1510 2683 exsecuturos
1557 2628 1871 2697 apostolica)

278 2724 431 2781 sedis
459 2723 812 2789 sententiam,
837 2721 954 2776 sivo
976 2719 1114 2789 ipsc,
1134 2720 1260 2777 sive
1279 2734 1529 2779 rumores
1549 2719 1873 2776 creberrimi

281 2817 717 2879 comminantur;
750 2822 810 2881 ut
841 2813 1025 2868 miseri
1057 2812 1307 2870 homines
1345 2811 1652 2869 Christiani
1681 2813 1873 2869 catho-

283 2910 375 2964 lici
403 2906 651 2980 graviora
697 2905 992 2961 formident
1016 2921 1044 2959 a
1076 2904 1348 2960 catholico
1376 2906 1660 2976 episcopo,
1684 2920 1873 2976 quam,

281 3017 409 3056 cum
457 3007 649 3055 essent
678 2997 949 3063 haeretici,
980 3011 1011 3050 a
1039 2996 1433 3052 catholicorum
1476 2997 1872 3067 imperatorum

284 3092 502 3162 legibus
532 3089 897 3145 formidabant
946 3088 1064 3143 Non
1089 3089 1232 3143 sinas
1256 3089 1358 3143 ista
1391 3088 1526 3156 lieri,
1562 3089 1791 3146 obsecro
1824 3099 1876 3145 te

1965 1888 2099 1941 siam
2133 1886 2225 1942 Dei
2258 1897 2335 1954 et,
2366 1889 2509 1959 quod
2538 1891 2651 1958 ipse
2678 1890 2817 1944 Deus
2849 1900 3084 1957 avertat,
3120 1892 3281 1946 etiam
3307 1907 3430 1947 cum
3455 1908 3552 1945 va-

1964 1986 2158 2045 stantis
2188 1983 2494 2055 perditioue
2523 1984 2702 2053 perire
2726 1999 3081 2054 conspexero.
3112 1982 3376 2041 Recolens
3406 1985 3550 2041 enim

1966 2077 2108 2147 quod
2137 2078 2213 2131 ait
2246 2078 2537 2147 Apostolus
2568 2095 2581 2131 :
2614 2077 2675 2131 Si
2708 2087 2899 2144 nosmet
2940 2078 3079 2147 ipso:
3107 2078 3489 2148 judicaremus,
3522 2096 3556 2132 a

1972 2168 2193 2224 Domino
2218 2187 2316 2223 non
2338 2170 2697 2241 judicarcmur
2723 2169 2765 2242 (l
2795 2169 2915 2223 (Scr.
2942 2185 3015 2233 xt,
3045 2171 3169 2238 51);
3192 2170 3446 2240 jttdicabo
3470 2186 3557 2225 me

1969 2260 2173 2330 ipsum,
2216 2268 2277 2314 ut
2320 2272 2503 2329 parcat
2538 2259 2668 2315 mihi
2698 2261 2787 2329 qui
2827 2260 3169 2327 judicaturus
3200 2271 3282 2316 est
3320 2262 3471 2317 vivos
3505 2274 3560 2316 ct

1971 2361 2234 2406 mortuos.
2271 2351 2325 2404 Si
2358 2362 2535 2405 autem
2564 2362 2617 2405 et
2643 2351 2884 2405 membra
2910 2351 3107 2406 Christi
3134 2368 3253 2422 quae
3276 2353 3329 2406 in
3357 2352 3445 2406 illa
3474 2369 3560 2408 re-

1970 2442 2130 2514 gione
2158 2450 2286 2497 sunt
2317 2444 2383 2497 ab
2415 2442 2680 2497 exitiabili
2712 2443 2906 2498 timore
2938 2457 3003 2498 ac
3034 2444 3249 2497 tristitia
3279 2460 3560 2499 recreave-

1973 2536 2067 2601 ris,
2118 2546 2172 2590 et
2220 2551 2394 2590 meam
2428 2545 2762 2592 senectutem
2818 2535 2917 2590 bac
2966 2534 3303 2591 miSericordi
3350 2536 3561 2605 justitia

1976 2626 2139 2681 fueris
2172 2627 2507 2695 consolatus,
2542 2627 2803 2683 retribuet
2834 2626 2949 2693 tibi,
2978 2635 3034 2682 et
3066 2627 3117 2681 in
3148 2630 3400 2698 prtrsenti
3430 2638 3479 2682 et
3509 2628 3561 2684 iu

1975 2718 2152 2773 futura
2179 2719 2310 2784 vita,
2343 2718 2478 2772 bona
2513 2735 2611 2785 pro
2644 2719 2821 2781 bonis,
2849 2720 2938 2789 qtti
2972 2734 3067 2788 per
3111 2728 3162 2771 te
3195 2721 3347 2773 nobis
3384 2722 3434 2773 in
3462 2723 3560 2774 ista

1979 2810 2326 2866 tribulatione
2347 2810 2702 2876 succurril,et
2724 2814 2812 2880 qui
2842 2820 2893 2864 te
2922 2809 2973 2864 in
2999 2810 3089 2865 illa
3107 2811 3236 2885 sede
3260 2812 3562 2869 constituit.

2511 2923 2537 2961 (³
2580 2923 2915 2980 EI‘ISTOLA
2957 2925 3025 2981 ll.

2050 3022 2296 3073 ἐοκειιιι
2335 3032 2581 3074 Ανιιιαλκι
2620 3034 2688 3074 AD
2726 3032 2904 3075 ΡΑΡΑΜ
2941 3035 3295 3075 εωιεετικυκ
3336 3036 3486 3077 ωιωε

2525 3105 2681 3149 110118
2720 3106 3028 3146 EPISCOPUI.

287 3200 389 3251 per
434 3179 634 3238 Christi
680 3181 1023 3249 sanguinem,
1055 3194 1152 3250 per
1190 3181 1424 3250 apostoli
1480 3182 1628 3237 Petri
1668 3198 1874 3238 memo-

1991 3200 2179 3256 Nolum
2208 3203 2254 3256 ei
2282 3203 2481 3273 faciunt
2509 3202 2599 3273 qui
2631 3202 2873 3273 Apiarius
2903 3202 3106 3273 ﬂagitia
3132 3219 3228 3258 sua
3268 3204 3416 3273 fateri
3442 3221 3567 3259 C004

287 3276 448 3335 riam,
479 3272 570 3341 qui
598 3270 1031 3326 Christianorum
1066 3271 1387 3341 praepositos
1414 3275 1737 3342 populorum
1765 3291 1881 3328 mo-

292 3366 410 3420 nuit
438 3364 484 3435 (ι
517 3363 666 3417 Petr.
690 3381 745 3429 v,
764 3362 821 3436 5)
838 3380 906 3417 ne
920 3364 1184 3419 violenter
1206 3363 1555 3421 dominentur
1580 3366 1632 3420 in
1661 3365 1877 3422 fratres.

288 3460 405 3531 Ego
441 3457 803 3514 Fussalenses
834 3456 1156 3524 catholicos,
1195 3458 1334 3513 lilios
1372 3460 1425 3513 in
1452 3458 1671 3516 Christo
1703 3478 1879 3529 meos,

285 3562 344 3607 et
391 3552 687 3608 Antonium
718 3551 1057 3621 episcopum,
1087 3550 1259 3606 lilium
1310 3552 1364 3605 in
1417 3551 1637 3608 Christo
1680 3571 1880 3622 incum,

289 3634 614 3714 benignitati
646 3641 929 3696 charitatis
959 3644 1266 3698 sanctitatis
1312 3652 1441 3710 tute,
1466 3645 1590 3714 quia
1622 3655 1885 3717 utrosque

287 3737 483 3808 diligo,
513 3747 773 3806 utrosque
823 3735 1170 3791 commendo.
1218 3736 1403 3807 Neque
1458 3737 1881 3794 Fussalensibus

287 3842 593 3884 succenseo
622 3828 745 3897 quia
772 3827 969 3896 justam
994 3827 1061 3883 de
1090 3843 1175 3883 me
1203 3829 1594 3897 querimoniam
1625 3829 1883 3901 ingerunt

288 3925 514 3979 auribus
544 3924 672 3987 tuis,
698 3921 841 3993 quod
870 3921 948 3976 eis
987 3921 1265 3978 hominem
1304 3923 1549 3979 nondum
1581 3926 1713 3980 mihi
1742 3941 1878 3996 pro-

370 4045 395 4074 ι
427 4031 487 4091 lu
517 4043 774 4109 promptu
801 4044 917 4088 erat
944 4034 1034 4109 bis,
1048 4036 1365 4109 exemplum
1386 4036 1628 4106 adjicere
1650 4039 1879 4109 Apiarii,

290 4108 364 4162 de
392 4122 503 4174 quo
532 4105 843 4177 Alricanum
865 4108 1152 4161 Concilium
1184 4109 1345 4177 epist.
1378 4109 1413 4162 Ξ
1453 4105 1517 4161 ad
1544 4105 1882 4166 Bonifacium

290 4193 487 4247 papam
528 4176 789 4248 statuisse
837 4192 896 4229 se
936 4177 1145 4242 scribit,
1179 4176 1233 4229 ut
1265 4180 1326 4232 de
1359 4179 1589 4232 Siccensi
1621 4177 1880 4248 Ecclesia,

290 4246 494 4302 retenta
518 4246 713 4301 scilicet
740 4246 932 4319 honore
965 4249 1155 4319 gradus
1189 4249 1291 4313 sui,
1327 4261 1690 4314 removeretur,
1723 4260 1769 4305 et
1796 4246 1886 4307 ac-

292 4319 729 4394 ceptoepistolio,
748 4317 1198 4394 ubicumqugalibi
1222 4321 1366 4394 vellet
1388 4330 1432 4394 et
1460 4333 1648 4387 posset,
1678 4328 1886 4394 presby-

294 4388 415 4443 terii
444 4388 643 4443 honora
671 4388 993 4459 fungeretur.
1025 4388 1228 4444 Verum
1258 4392 1345 4443 ubi
1378 4388 1713 4459 Augustinus
1736 4388 1886 4459 judi-

292 4461 504 4513 cinrnm
555 4473 586 4512 ε
637 4458 767 4531 sede
805 4459 1095 4531 apostolica
1149 4461 1481 4516 lirmatorum
1538 4458 1784 4531 exempla
1833 4467 1882 4520 in

294 4531 535 4584 medium
558 4530 798 4588 adducit,
815 4530 991 4583 minus
1014 4530 1081 4585 ad
1109 4545 1222 4585 rem
1244 4531 1388 4584 illius
1418 4535 1880 4591 acctimmodatum

294 4611 417 4654 emt
468 4600 1187 4674 exemplumAApiariinqui
1248 4612 1301 4655 et
1348 4605 1633 4674 presbyter
1675 4614 1882 4661 tantum

295 4680 440 4743 erat,
462 4682 517 4724 et
545 4668 781 4743 abAfris
806 4670 877 4743 ita
896 4671 1297 4743 _estjudicatus,
1328 4668 1384 4727 ut
1406 4668 1593 4743 eorum
1620 4676 1883 4743 judicium

294 4742 370 4819 ab
396 4742 693 4819 apostolica
725 4739 855 4819 sede
885 4741 1155 4819 firmatum
1203 4758 1308 4819 non
1352 4740 1580 4819 legatur.
1620 4739 1716 4801 'Ad
1759 4765 1887 4819 pro-

295 4813 537 4865 bandam
572 4820 750 4883 tamen
779 4811 997 4865 Antonii
1044 4812 1386 4883 iniquitatem
1408 4811 1595 4879 'valet,
1620 4811 1887 4883 qttatenus

294 4882 541 4959 aliquem
568 4882 821 4959 clericum
846 4897 940 4959 pro
960 4882 1235 4959 culpisiti
1254 4885 1595 4959 pletiliposr'e
1623 4882 1883 4959 Ostendit,

295 4953 623 5027 ut‘honoris
646 4953 729 5006 sui
754 4953 924 5020 gradu
957 4969 1066 5008 non
1092 4954 1314 5009 Omnino
1346 4957 1654 5027 dejiciatur.

376 5021 407 5060 δ
440 5022 535 5077 lim
564 5038 673 5076 non
700 5032 935 5077 exstant.

380 5093 513 5146 συθ
541 5104 922 5148 exsecuturum
976 5110 1199 5149 munere
1244 5096 1583 5152 commodius
1635 5100 1775 5155 notis
1834 5102 1889 5157 in

295 5163 593 5233 epistolam
624 5162 1036 5220 Edisseremus.
1078 5168 1132 5220 In
1164 5183 1298 5221 nova
1334 5170 1615 5228 Anausdni
1645 5172 1887 5229 editione

294 5239 373 5287 ob
410 5244 652 5289 ervatum
682 5244 766 5289 est
791 5234 1028 5291 Antonio
1056 5240 1277 5292 minime
1307 5238 1569 5293 redditam
1604 5240 1892 5297 Fussalen-

292 5308 380 5382 eis
411 5305 668 5382 Ecclesiae
690 5305 1243 5382 adtniniStrationetn,
1266 5309 1530 5377 siquidem
1563 5326 1748 5366 curam
1772 5313 1890 5382 ejus

296 5378 644 5453 augustinus
674 5376 941 5453 sobrina
986 5391 1099 5431 sua:
1149 5380 1309 5453 linem
1340 5376 1615 5447 gerebat;
1648 5376 1891 5453 adeoque

294 5446 664 5500 Caelestinum
696 5447 826 5500 nihil
861 5463 1048 5500 eorum
1083 5451 1328 5504 molitum
1356 5446 1476 5506 esse
1502 5446 1621 5522 qua:
1655 5460 1774 5525 pius
1804 5446 1891 5509 ille

297 5518 510 5570 ora-sul
544 5528 827 5570 tantopere
856 5518 1162 5570 verebatur.

297 5528 510 5585 praesul
544 5528 827 5584 tantopere
856 5528 1162 5571 verebatur.

379 5584 409 5621 ιι
444 5590 622 5664 tante:
652 5602 919 5664 canonum
955 5590 1219 5664 Africana:
1246 5590 1497 5664 Ecclesia:
1536 5594 1635 5649 hac
1664 5596 1892 5664 epistola

294 5657 601 5713 clauditur.
667 5659 852 5712 EXstat
882 5668 1138 5726 prmterea
1172 5662 1223 5714 in
1272 5662 1458 5715 iisdem
1492 5680 1621 5716 mss.
1653 5657 1895 5721 tit-colle-

294 5728 610 5782 ctiottibus.
644 5731 695 5780 in
718 5730 911 5795 quibus
932 5733 1211 5795 epistulam
1240 5732 1275 5785 Ε).
1302 5736 1612 5787 υυτιηιιιινιη
1644 5739 1892 5791 Afr-trum

298 5802 372 5851 tul
401 5797 734 5853 ButliiJCilltll
764 5809 977 5854 exstare
1000 5801 1031 5855 tl
1059 5803 1252 5857 ximus.
1276 5803 1479 5877 Scripta
1507 5816 1581 5859 est
1609 5810 1892 5864 occ.isi0ne

2055 3284 2166 3325 ctus
2208 3270 2294 3325 sit.
2343 3270 2475 3325 Tum
2515 3270 2716 3341 rogant,
2762 3272 2816 3327 1⁸
2842 3291 2904 3327 ne
2933 3270 3054 3328 a'se
3098 3270 3568 3328 exconimmiicatos

2059 3360 2381 3415 prtepropere
2410 3344 2760 3399 communioni
2780 3346 3042 3407 restituat,
3064 3345 3127 3397 2°
3160 3356 3212 3399 ut
3244 3349 3568 3415 presbytero-

2056 3433 2169 3488 rum
2198 3416 2845 3488 aliorunqueclericorum
2870 3417 3105 3488 improba
3134 3418 3334 3485 refugio
3361 3434 3450 3469 seu
3479 3435 3571 3488 op.

2058 3486 2355 3553 pellatioues
2394 3487 2637 3556 repellat,
2673 3486 2730 3537 5°
2758 3502 2821 3539 ne
2857 3486 2921 3540 de
2949 3488 3110 3540 latere
3144 3504 3239 3540 suo
3278 3488 3446 3539 mittat
3484 3486 3571 3557 qui

2057 3557 2369 3627 oppellautis
2397 3573 2608 3610 causam
2642 3566 3039 3623 recognoscant,
3070 3558 3134 3609 4ο
3162 3572 3322 3627 neque
3360 3562 3573 3620 petenti.

2060 3626 2152 3679 bus
2196 3635 2510 3680 exsecuturos
2555 3627 2834 3691 concedat;
2871 3635 3126 3695 postremo
3168 3643 3234 3680 ne
3260 3626 3573 3681 Faustinum

2056 3699 2110 3751 in
2139 3697 2369 3769 Africam
2396 3698 2640 3751 remittat.

1985 3788 2214 3843 Domino
2243 3786 2598 3841 dilectissimo
2626 3793 2683 3840 et
2709 3785 3012 3853 honorabili
3044 3787 3195 3843 fratri
3221 3788 3574 3854 Causrttso,

2055 3860 2347 3919 AURELIUS,
2384 3857 2742 3919 'PALATINUS,
2776 3860 3069 3921 ANTONIUS,
3103 3859 3310 3925 Taras,
3339 3865 3576 3916 Surus-

2056 3928 2175 3993 DEI,
2192 3927 2521 3994 TERENTIUS,
2544 3927 2919 3994 FORTUNATUS,
2944 3930 3242 3999 Mammas,
3260 3932 3572 3999 Januamus,

1986 4037 2212 4114 Apiarii,
2248 4039 2339 4110 qui
2375 4055 2520 4114 anno
2551 4038 2670 4114 με)
2696 4041 2909 4114 concilii
2949 4041 3416 4114 Carthaginiensis
3444 4064 3573 4103 sen-

1988 4112 2152 4166 tentia
2193 4121 2430 4165 remotus
2452 4112 2522 4166 ab
2550 4112 2789 4167 Ecclesia
2818 4112 3087 4179 Siccensi,
3110 4112 3447 4173 Thabracain
3478 4136 3574 4176 ce-

1990 4180 2192 4237 lebrem
2226 4183 2277 4235 in
2312 4183 2681 4250 proconsulari
2710 4183 2983 4251 provincia
3012 4185 3288 4243 civitatem
3328 4204 3449 4245 sese
3493 4207 3567 4245 re-

1987 4264 2228 4321 ceperat.
2265 4253 2372 4309 Sed
2403 4253 2470 4308 ab
2500 4254 2649 4307 urbis
2680 4256 2838 4322 hujus
2868 4257 3077 4310 civibus
3104 4257 3283 4312 denuo
3328 4262 3579 4317 nefandis

1989 4322 2206 4393 ﬂagitiis
2234 4333 2537 4386 accusatus,
2570 4340 2744 4393 eaque
2773 4325 2840 4378 de
2860 4338 3021 4379 causa
3046 4326 3115 4379 ab
3142 4329 3318 4383 altero
3348 4330 3575 4386 Cartba~

1988 4396 2221 4462 giniensi
2246 4396 2479 4450 Concilio
2505 4397 2886 4448 communione
2908 4396 3175 4463 privatus.
3204 4399 3422 4453 Ruinam
3446 4419 3576 4457 cott-

1994 4464 2224 4535 fngiens,
2251 4466 2613 4539 incautusque
2638 4479 2700 4539 se
2717 4465 2785 4518 ab
2807 4466 2906 4519 bac
2931 4469 3199 4522 sententia
3226 4483 3574 4539 provocasse,

1991 4534 2355 4607 communioni
2401 4551 2431 4588 a
2479 4534 2777 4591 Caelestino
2830 4538 3110 4591 restitutus
3159 4534 3265 4603 est,
3314 4542 3480 4597 misso
3524 4534 3576 4607 in

1991 4605 2226 4660 Africam
2277 4606 2555 4669 FauSIino,
2589 4614 2648 4662 ut
2676 4614 2731 4660 et
2766 4606 2837 4661 ibi
2884 4611 3197 4664 communio
3224 4612 3271 4663 ei
3323 4614 3576 4670 γράψει-θη

1993 4686 2097 4731 tnr.
2115 4676 2773 4751 Observat'l'illetnoottns
2798 4686 2930 4734 tom.
2958 4678 3077 4735 XIII
3102 4696 3222 4751 pag.
3251 4681 3356 4738 860
3384 4688 3575 4740 tinnula

1992 4758 2077 4803 tus
2098 4765 2162 4803 ex
2196 4748 2421 4803 Honorii
2446 4757 2619 4819 morte
2647 4758 2703 4803 et
2733 4752 3078 4819 usurpatione
3098 4748 3323 4808 Joannis
3346 4755 3397 4809 in
3426 4756 3575 4811 Occi-

1990 4819 2153 4874 de-ote
2182 4822 2465 4890 excitatos,
2509 4818 2577 4871 ab
2603 4821 2845 4890 Augusm
2870 4818 3064 4877 mense
3090 4826 3213 4877 anni
3245 4823 3351 4881 425
3385 4828 3451 4881 ad
3482 4828 3577 4884 ιιι.

1994 4890 2122 4945 liutu
2180 4891 2304 4944 anni
2355 4887 2482 4945 ΩΒ.
2538 4887 2765 4945 liberum
2792 4890 3020 4946 Romam
3073 4894 3210 4949 inter
3248 4907 3303 4950 et
3342 4897 3574 4955 Africam

1918 4982 1923 4989 ί
1994 4976 2098 5036 non
2155 4962 2465 5036 permisisse
2506 4961 2958 5036 cottimerciitm_:_
2991 4962 3240 5036 adeoque
3291 4969 3571 5036 epistolam

1994 5031 2131 5085 hanc
2162 5032 2243 5106 ve_l
2292 5034 2435 5106 circa
2464 5029 2673 5106 exitum
2698 5033 2823 5106 anni
2854 5032 2980 5095 425.
3011 5034 3097 5106 vel
3137 5029 3191 5089 in
3222 5029 3420 5091 ann'um
3442 5038 3573 5106 49.6,

1992 5116 2114 5177 esse
2144 5101 2175 5155 d
2200 5100 2520 5177 fferendam.
2551 5100 2619 5157 Ut
2648 5103 2964 5177 enimanno
2997 5103 3107 5158 ηδ
3129 5113 3253 5177 ante
3275 5100 3571 5177 Augustum

1993 5175 2190 5249 scripta
2240 5172 2513 5236 credatur,
2548 5187 2664 5249 non
2703 5175 2837 5249 sinit
2867 5175 2982 5249 ejus
3025 5176 3332 5249 exordium,
3362 5172 3437 5233 vin
3467 5196 3577 5249 quo

1996 5245 2145 5296 nulla
2172 5254 2275 5307 est,
2309 5257 2431 5311 qua:
2459 5245 2713 5308 praeteriri
2750 5261 2856 5299 non
2883 5246 3044 5312 solet,
3075 5248 3143 5301 de
3169 5247 3421 5304 felicibus
3447 5245 3574 5307 novi

1995 5315 2263 5382 pontiﬁcis
2290 5313 2544 5377 ausiiiciis
2572 5318 2879 5381 gratulatio.

2073 5393 2096 5422 ε
2129 5385 2350 5449 Quidam
2380 5383 2649 5437 inferioris
2674 5397 2810 5439 noue
2843 5401 3000 5451 mss.,
3028 5386 3350 5446 Paluatinas.
3385 5391 3437 5447 In
3470 5409 3578 5450 uno

1998 5455 2326 5529 Harlteo,_ut_
2350 5456 2489 5529 apud
2518 5453 2753 5529 Μαι-ΙΨ.9
2806 5455 3124 5512 Pat’estinus.
3156 5461 3313 5529 Apud
3360 5462 3488 5519 Lab.
3525 5467 3576 5521 in

1998 5542 2194 5596 ηυνξ..
2226 5524 2532 5580 I’aleittiuus
2569 5532 2625 5578 et
2650 5523 2968 5592 Palatinus;
3011 5540 3064 5582 at
3096 5530 3147 5583 in
3178 5523 3346 5594 textu,
3384 5534 3578 5592 νεῖαι-

1997 5598 2181 5651 tinus:
2216 5596 2353 5669 quod
2383 5606 2437 5669 et
2481 5596 2843 5669 arriperemus
2898 5600 3058 5669 ultro,
3110 5602 3213 5657 nisi
3256 5605 3581 5663 sinceriore;

2000 5684 2128 5721 mss.
2158 5669 2286 5736 lii-g.
2319 5667 2613 5740 Collatino
2650 5669 2862 5733 llarlaei,
2902 5667 3383 5740 etc.,'prteferreul
3420 5676 3580 5733 Pala-

2000 5749 2156 5805 tinis,
2191 5739 2459 5809 quomodo
2493 5738 2616 5806 legit
2647 5748 2700 5793 ct
2734 5742 2996 5813 inte-rpre~
3028 5738 3271 5802 Graccus.
