3970 6180
244 305 339 363 ιὲθ

678 306 890 363 EI‘IST.
935 306 1023 362 ιν.
1058 307 1115 363 S.
1159 308 1556 377 C(ELESTINI
1599 313 1802 370 ΡΛΡᾸΞ

1924 326 1932 365 t
1974 318 2343 378 EPISCOPOS
2387 322 2585 380 PROV.
2632 324 3057 386 \‘IENNENSIS.

3398 334 3502 393 430

239 427 448 479 runtur;
474 430 606 484 quas
636 430 824 508 omnes
857 430 955 469 nos
986 415 1375 473 intercessione
1404 418 1586 474 fratris
1614 432 1667 477 et
1690 437 1816 478 coe—
1845 427 1891 486 Λ
1921 427 2277 508 Cmtesrtxus
2326 431 2592 490 universis
2618 436 2888 505 episcopis
2932 453 3030 508 per
3062 441 3423 502 Viennensem
3449 460 3502 503 οι

238 510 429 578 piscopi
454 508 623 562 nostri
652 507 790 573 nuli,
814 508 968 575 cuius
991 508 1385 577 experientiam
1409 514 1814 581 comprobatam

234 619 341 657 esse
370 603 420 655 in
448 602 629 657 causis
664 602 917 653 omnibus
944 610 999 654 et
1029 601 1149 654 vita:
1181 601 1391 655 actibus
1431 602 1621 672 liquet,
1663 606 1815 659 volu-

238 709 345 746 mus
368 690 628 747 resecari.
658 689 756 743 Cui
789 693 957 745 vicvm
988 700 1228 746 nostram
1277 706 1374 761 per
1422 702 1655 748 vestram
1690 709 1817 763 pro-

232 786 450 838 vinciam
483 785 743 839 novet-itis
772 798 893 837 esse
936 783 1283 837 Commissam
1309 802 1321 837 :
1350 784 1420 839 ita
1451 794 1509 839 ut
1552 786 1615 841 ad
1653 803 1774 840 cum
1797 830 1811 853 ,

234 878 414 929 fratres
438 876 767 935 citatissimi,
793 874 1051 943 quidquid
1079 876 1146 928 de
1172 876 1351 929 causis
1376 877 1577 945 agitur,
1605 879 1810 933 refera—

232 976 331 1020 tur.
355 966 482 1020 Siue
504 965 620 1034 ejus
646 966 872 1019 consitio
895 967 1070 1019 uultus
1094 966 1374 1021 ordinetur
1400 984 1413 1020 :
1448 969 1628 1025 nullus
1657 987 1815 1025 usur-

235 1069 333 1129 pet.
362 1062 555 1113 eodem
586 1060 887 1122 inconscio,
912 1059 1257 1114 commissam
1294 1068 1317 1095 ε
1350 1059 1425 1112 illi
1457 1061 1809 1128 provinciam.

232 1150 485 1219 Colligere
506 1150 616 1203 nisi
636 1165 761 1205 cum
786 1149 909 1217 eius
937 1149 1213 1203 voluntate
1237 1150 1524 1220 episcopos
1548 1168 1652 1205 non
1679 1169 1815 1221 prac-

232 1250 432 1295 snmaut
459 1258 474 1293 :
506 1257 604 1309 per
641 1255 763 1297 eum
792 1242 956 1294 etiam
986 1241 1051 1294 ad
1084 1255 1202 1305 nos,
1234 1242 1276 1293 si
1320 1243 1447 1310 quid
1476 1254 1584 1307 est,
1614 1246 1810 1297 refera-

231 1343 326 1388 tur.
367 1332 478 1387 Sed
531 1335 628 1385 hac
660 1332 1021 1402 praeceptione
1069 1341 1423 1400 cognoscent,
1474 1345 1525 1386 et
1570 1349 1691 1387 cum
1723 1338 1812 1403 qui

229 1426 600 1497 refragandum
635 1436 833 1481 nostra:
871 1427 1177 1481 auctoritati
1212 1428 1297 1481 vel
1332 1428 1474 1481 illius
1518 1428 1816 1483 crediderit

229 1522 468 1591 iussioni,
499 1536 527 1573 a
556 1520 913 1575 fraternitatis
936 1530 1103 1584 coetu,
1138 1535 1260 1573 cum
1293 1520 1406 1589 ipse
1434 1519 1459 1557 δ
1484 1535 1543 1574 se
1574 1532 1808 1589 separet,

230 1616 638 1684 segregandam.
1538 1618 1539 1621 “

546 1708 549 1723 ¹
764 1719 783 1747 ε
816 1707 1149 1762 ειηδτοιηι
1183 1706 1249 1760 IV'

2134 501 2536 559 Narbonensem
2571 501 2871 573 provincias
2894 501 3203 567 constitutis
3238 525 3283 568 ο.

1995 613 2043 667 l.
2075 613 2407 684 Cupercmus
2429 618 2643 687 quidem
2686 620 2754 676 de
2781 630 3081 678 vestrarum
3132 626 3494 685 Eccle-iarum

1920 705 1989 761 ita
2018 709 2356 767 ordinatione
2402 714 2659 782 gaudere,
2687 725 2745 770 ιιι
2774 720 3271 786 congratularemur
3320 726 3494 791 potius

1918 797 1984 853 de
2007 800 2245 867 profectu
2277 819 2434 872 quam
2465 805 2663 873 aliquid
2701 806 2995 862 admissum
3032 820 3215 865 contra
3248 813 3489 884 discipli-

1920 906 2040 943 nam
2086 894 2505 949 ecclesiasticam
2556 897 2881 951 doleremus.
2934 900 3010 953 Ad
3061 912 3296 958 nostram
3350 906 3491 960 enim

1919 986 2154 1040 lmtitiam
2187 998 2241 1042 et
2292 989 2429 1043 bene
2470 988 2605 1043 facta
2642 994 2978 1059 pervenTunt,
3009 1002 3062 1047 et
3096 998 3344 1052 maeroris
3374 1015 3501 1053 acn-

1919 1078 2016 1132 leis
2039 1095 2134 1133 nos
2160 1095 2276 1148 qua:
2325 1080 2525 1134 fuerint
2566 1082 2707 1133 male
2756 1081 2888 1136 facta
2939 1097 3327 1155 compungunt.
3361 1090 3491 1152 Nec,

1918 1170 2080 1224 silere
2111 1185 2411 1238 possumus,
2449 1168 2468 1207 ί
2505 1186 2623 1224 ‹·ιιιιι
2661 1172 2781 1234 hoc,
2823 1181 2878 1225 ut
2910 1173 2978 1228 ab
3026 1174 3229 1231 illicitis
3275 1193 3498 1233 revocc-

1921 1275 2038 1314 mus
2067 1263 2298 1329 aliquos,
2335 1262 2493 1316 officii
2523 1263 2691 1315 nostri
2734 1278 3091 1331 provocemur
3123 1266 3406 1334 instinctu;
3444 1270 3495 1324 in

1919 1351 2151 1419 speculis
2179 1366 2208 1405 a
2237 1352 2346 1407 Deo
2374 1353 2672 1419 constituti,
2702 1362 2758 1406 ut
2806 1354 3097 1424 νξεὶιιιιιιίευ
3126 1366 3325 1413 nostrae
3375 1359 3499 1413 dili-

1915 1443 2150 1510 gentiam
2174 1444 2611 1512 comprobautes,
2643 1455 2699 1499 et
2724 1461 2841 1515 qua:
2872 1449 3170 1502 coercenda
3203 1459 3327 1504 sunt
3355 1467 3501 1509 rese-

1918 1549 2123 1596 centus,
2157 1543 2212 1588 et
2247 1550 2365 1603 quae
2394 1535 2726 1589 observanda
2756 1546 2879 1590 sunt
2928 1538 3252 1593 Sanciamtts.
3287 1550 3313 1589 tt
3343 1540 3500 1595 Circa

1918 1627 2161 1694 quamvis
2204 1628 2487 1696 longinqua
2522 1627 2780 1699 Spirilalis
2833 1643 2962 1683 cura
3014 1644 3117 1683 non
3150 1631 3352 1697 deficit,
3402 1634 3496 1687 scd

1920 1732 2013 1783 per
2035 1719 2212 1770 omnia
2245 1733 2345 1787 qua
2378 1733 2573 1771 nomen
2607 1718 2700 1772 Dei
2741 1720 3063 1789 prmdicatur
3093 1723 3363 1790 extendit;
3400 1740 3501 1779 nec

259 1812 563 1857 εαικετικι
611 1815 761 1854 MM!
786 1814 802 1853 t
830 1816 897 1854 AD
928 1796 952 1835 δ
988 1814 1263 1854 EPISCOPOS
1297 1813 1587 1853 PROVINCUB
1626 1816 1777 1854 VIBN-
1840 1796 1886 1851 Β
1919 1812 2160 1863 nmitiam
2215 1820 2450 1864 nostram
2496 1811 2895 1881 subterfugiunt
2923 1827 3042 1882 qua:
3078 1812 3128 1868 in
3158 1819 3499 1870 eversionem

666 1886 852 1929 M3315
882 1886 949 1923 ετ
974 1884 1350 1927 ΝΛΒΒΟΝΕΝὸΙθ.

230 1983 265 2035 Ι.
296 1983 446 2047 Quod
460 1999 568 2037 non
596 1982 809 2039 debeant
839 1980 1120 2035 sacerdotes
1161 1991 1247 2034 aut
1277 1982 1448 2035 clerici
1476 1982 1647 2049 palliis
1676 1984 1808 2035 ami-

289 2056 353 2107 cti
377 2063 475 2107 aut
524 2054 795 2124 praecincti
814 2054 1004 2109 lumbis
1042 2052 1337 2124 inecclesia
1390 2053 1703 2111 ministrare.
1733 2083 1803 2093 —

291 2125 349 2177 Il.
387 2123 547 2190 Quod
574 2123 703 2175 nulli
730 2124 793 2175 sit
818 2124 997 2181 ultima
1044 2123 1343 2188 paenitentia
1373 2124 1696 2191 deneganda.
1738 2153 1807 2175 -,—-

292 2194 372 2248 IIl.
400 2194 563 2260 Quod
596 2210 685 2259 per
739 2194 928 2262 gradus
977 2194 1342 2253 ecclesiasticos
1389 2192 1457 2244 ad
1486 2194 1810 2263 episcOpatus

287 2266 470 2318 debeat
517 2264 740 2333 oﬁciuni
784 2264 1053 2333 perveniri.
1079 2263 1261 2315 —-IV.
1291 2263 1449 2326 Quod
1492 2280 1812 2333 unaqua’que

289 2336 558 2401 provincia
580 2351 676 2391 atto
698 2334 1089 2400 metropolitano
1108 2333 1292 2389 debeat
1323 2348 1430 2389 esse
1460 2343 1712 2391 contenta.
1738 2363 1807 2373 —-

292 2406 351 2456 ν.
382 2406 545 2471 Quod
577 2404 863 2485 nolentibus
895 2403 1066 2473 (addit
1092 2403 1222 2484 Isid.
1253 2404 1554 2486 clericis'rel
1574 2403 1809 2526 ροριιιίδὲ

292 2492 430 2526 nemo
491 2474 668 2526 debeat
719 2489 986 2526 episcopus
1043 2474 1292 2526 ordmart.
1326 2503 1395 2513 —
1430 2472 1515 2525 VI.
1548 2472 1700 2526 Ottod
1746 2492 1775 2526 α

286 2492 430 2527 nemo
491 2474 668 2527 debeat
719 2472 986 2544 episcopus
1043 2474 1395 2544 ordinarﬂ—
1430 2472 1515 2525 VI.
1548 2472 1700 2540 Quod
1746 2492 1775 2526 α

284 2547 487 2599 illicitis
511 2546 582 2599 sit
606 2543 1012 2598 ordinationibus
1043 2543 1424 2597 abstinendum.

287 2758 312 2785 ει
346 2747 510 2816 Quod
540 2745 754 2801 Nicrona
787 2748 1024 2819 synodus
1057 2749 1475 2813 metronolitano
1506 2750 1701 2819 cuique
1752 2750 1806 2805 in

224 2834 309 2872 sua
352 2818 662 2888 provincia.
696 2818 993 2888 eorumque
1034 2820 1281 2874 conciliis
1310 2820 1389 2873 bis
1421 2821 1470 2873 in
1502 2836 1646 2874 anno
1675 2836 1807 2875 con-

220 2890 533 2960 gregandis,
563 2890 820 2953 vindicat,
854 2890 903 2945 id
937 2890 1404 2945 Thessalonicensi
1434 2892 1689 2957 episcopo
1720 2892 1808 2946 hic

223 2974 271 3015 et
300 2962 562 3027 deinceps
590 2961 810 3032 attribui
852 2960 935 3013 vir
970 2961 1210 3032 eruditus
1233 2961 1535 3032 observat;
1568 2962 1809 3032 adeoque

224 3040 274 3083 et
312 3045 436 3084 cum
473 3029 861 3096 superioribus,
896 3030 1088 3092 quibus
1132 3029 1457 3086 lecslinus
1508 3029 1809 3101 regulis'sc

226 3117 321 3155 non
366 3102 666 3163 dominari,
709 3102 805 3155 sed
852 3102 1151 3168 subiecmm
1185 3117 1306 3156 esse
1350 3101 1653 3171 profitetur,
1704 3102 1806 3156 ista

1914 1903 2244 1971 regularum,
2280 1902 2503 1954 novella:
2529 1902 2962 1970 prmsumptiouis
2991 1904 3339 1971 auctoritate,
3383 1916 3502 1961 ten-

1917 2002 2117 2046 ῑ;ιιιιιιι·.

1985 2085 2115 2137 Cm.
2150 2084 2187 2137 Ι.
2220 2114 2287 2124 --
2316 2084 2367 2138 2.
2427 2084 2718 2138 Didicimus
2766 2083 2912 2138 enim
2970 2085 3231 2155 quosdam
3284 2086 3495 2142 Domini

1914 2174 2226 2229 sacerdotes
2248 2174 2627 2244 superstitioso
2650 2173 2827 2243 potius
2846 2174 3014 2229 cultui
3048 2176 3315 2232 inservire
3336 2194 3495 2247 quam

1916 2267 2110 2322 mentis
2127 2268 2210 2323 vel
2244 2266 2367 2322 fidei
2423 2266 2661 2336 puritati.
2696 2265 2802 2322 Sed
2845 2282 2952 2321 non
2980 2268 3200 2332 mirum,
3225 2270 3268 2324 si
3308 2282 3497 2326 contra

1913 2359 2338 2414 ecclesiasticum
2373 2372 2576 2412 morem
2627 2357 2844 2422 faciunt,
2879 2358 2968 2427 qui
3000 2358 3052 2412 in
3109 2359 3346 2415 Ecclesia
3391 2376 3496 2416 non

1913 2457 2221 2515 creverunt,
2248 2449 2340 2504 sed
2373 2449 2478 2502 alio
2509 2447 2790 2504 venientes
2810 2443 2839 2485 δ
2868 2463 2899 2504 e
2940 2449 3069 2515 ritu,
3092 2464 3276 2506 secum
3305 2452 3419 2507 haec
3444 2455 3495 2508 in

1914 2541 2229 2606 Ecclesiam,
2257 2554 2376 2610 qum
2427 2541 2478 2593 in
2517 2537 2665 2593 alial
2710 2541 3124 2597 ctnversatione
3177 2542 3501 2613 habuerant,

1917 2752 2143 2809 omnium
2167 2749 2679 2820 ntetrOpolitanorum
2705 2751 2830 2818 jure
2877 2756 3101 2812 servato;
3128 2747 3263 2804 VIII.
3290 2753 3353 2804 de
3378 2770 3501 2806 eon-

1906 2822 2265 2893 junctionibus
2292 2819 2476 2893 qui_ad
2504 2819 2843 2873 sacerdotium
2865 2820 3335 2893 a:_lmit_teudi_sunt.
3374 2824 3497 2877 Dio-

1918 2889 2103 2960 nysius
2130 2889 2312 2945 autem
2368 2890 2605 2958 Exiguus
2646 2889 3122 2960 totamqepistolam
3170 2890 3227 2944 in
3257 2892 3496 2959 quinque

1908 2958 2143 3030 partitus
2171 2970 2253 3015 est
2276 2961 2480 3030 titulos,
2498 2973 2725 3030 quorum
2754 2958 2957 3025 primus
2986 2960 3125 3028 apud
3151 2958 3322 3028 ipsum
3350 2958 3489 3028 XIV,

1917 3029 2183 3086 secundus
2215 3030 2330 3091 XV.
2359 3040 2413 3084 ct
2442 3029 2518 3083 sic
2544 3029 2799 3095 deinceps
2841 3039 3211 3094 numerantur,
3259 3032 3381 3099 quia
3416 3033 3497 3086 ni-

1918 3102 2111 3155 mirum
2144 3102 2276 3155 duas
2298 3102 2435 3155 alias
2481 3099 2759 3155 leestini
2809 3099 3084 3166 epistolas,
3113 3115 3244 3168 quas
3296 3103 3345 3155 in
3377 3102 3496 3157 Xlll

225 3172 475 3243 componi
524 3185 626 3223 non
656 3162 818 3243 posse
859 3162 1062 3243 censet.
1109 3171 1305 3225 Verum
1338 3162 1527 3225 eadem
1574 3162 1811 3243 synodus
1841 3162 1886 3224 C
1919 3173 2101 3243 titulos
2150 3172 2519 3243 divisit,_buic
2552 3162 2856 3239 prmmittit.
2879 3162 3089 3225 Titulos
3121 3162 3238 3226 illos
3267 3186 3335 3225 ex
3378 3174 3496 3243 ipso

226 3242 404 3312 eodem
436 3255 651 3312 canone
670 3242 1018 3312 .67c0ustituit
1042 3251 1096 3293 ut
1118 3243 1226 3293 suis
1260 3243 1522 3312 privilegia
1547 3242 1812 3296 serventur

229 3310 494 3365 Eccletiis.
526 3311 637 3365 Nec
660 3311 799 3365 nllus
832 3313 1038 3365 inlicias
1068 3313 1208 3374 ierit,
1246 3310 1373 3364 nihil
1408 3310 1493 3365 hic
1528 3314 1814 3367 Thessaio-

228 3384 425 3437 nicensi
462 3383 780 3452 cpiscopoqa
810 3382 1105 3436 Calestino
1135 3382 1372 3447 attribui,
1405 3383 1503 3436 uisi
1534 3384 1672 3452 quod
1708 3384 1813 3438 sal-

232 3462 327 3506 tem
353 3469 385 3505 a
414 3452 656 3506 Damaso
697 3450 921 3518 ejusque
959 3452 1361 3506 successoribus
1404 3450 1723 3507 Constanter
1758 3456 1811 3509 ei

228 3538 545 3592 concessum
590 3521 766 3575 fuerit.
813 3523 895 3576 Nil
932 3523 1093 3591 igitur
1122 3523 1382 3575 adversus
1421 3526 1684 3592 synodum
1722 3524 1813 3578 de-

229 3596 388 3647 crevit
432 3590 785 3658 leestiuus,
817 3608 938 3646 cum
958 3590 1306 3661 privilegium
1351 3602 1426 3645 tot
1452 3590 1811 3649 'decessortnu

231 3678 443 3718 suorum
470 3665 794 3717 auctoritate
818 3663 1087 3716 ﬁrmatum
1107 3665 1308 3719 servari
1331 3664 1515 3716 voluit.
1538 3663 1811 3719 Praeterea

232 3734 660 3801 metropolitanis
706 3733 901 3803 Illyrici
944 3734 1234 3801 episcopos
1279 3734 1363 3786 vel
1402 3734 1682 3788 ordinandi
1727 3736 1812 3789 vel

231 3803 515 3873 colligendi
548 3819 654 3857 non
682 3804 1042 3859 omnimodam
1071 3811 1228 3871 negat
1251 3814 1595 3871 potestatem.
1624 3805 1715 3859 sed
1746 3822 1814 3861 ne

233 3873 548 3928 alterutrum
604 3884 797 3942 printer
840 3875 1079 3940 episcopi
1130 3875 1632 3929 'l‘hessaloniceusis
1682 3891 1815 3929 con-

231 3946 512 3998 scientiatn
546 3943 948 4011 aggrediantur.
972 3943 1251 3997 dumtaxat
1280 3953 1458 3997 cavet.
1494 3945 1610 4010 Qun
1634 3954 1811 3999 autem

234 4017 386 4067 modo
441 4023 500 4068 et
538 4012 1032 4068 Thessalonicensis
1066 4013 1325 4066 antistitis
1358 4013 1710 4083 privilegium
1761 4026 1815 4069 cl.

232 4084 696 4150 ntetropolitarum
738 4084 856 4150 jura
898 4083 1161 4138 servanda
1193 4082 1464 4145 sint..Leo
1512 4087 1673 4153 epist.
1720 4085 1811 4153 M,

232 4168 285 4205 ιι.
317 4155 440 4215 8,;9
465 4163 521 4207 et
542 4153 899 4221 lOexplicat.

298 4223 325 4261 δ
369 4224 629 4279 Voculam
661 4240 715 4278 se
732 4224 1067 4293 supplemus,
1097 4238 1258 4291 quam
1290 4222 1543 4288 librariis,
1577 4240 1702 4283 cum
1733 4234 1817 4280 ter

232 4304 589 4362 repeteretur,
615 4293 780 4349 semel
798 4293 1076 4348 excidisse
1096 4294 1169 4347 nil
1190 4296 1385 4346 mirum
1409 4303 1511 4346 est.
1543 4294 1652 4349 Hac
1678 4296 1815 4351 clan-

234 4366 341 4436 sula
373 4364 730 4424 leestiuus.
758 4373 816 4418 ut
842 4374 901 4419 et
926 4363 1369 4436 iul'ragpishid,
1397 4380 1453 4417 n.
1484 4364 1539 4425 4.
1568 4380 1818 4436 segrega-

235 4435 393 4489 tionis
418 4450 517 4489 seu
547 4434 1119 4504 excommunicatiouis
1169 4433 1423 4504 invidiam
1455 4436 1505 4487 in
1530 4433 1816 4504 ipsummet

1914 3241 2215 3310 descriptos
2244 3240 2583 3295 exhibemus.

1988 3321 2011 3349 ε
2037 3309 2193 3366 Dien.
2226 3321 2282 3366 et
2311 3312 2437 3365 lsid.
2480 3311 2567 3365 hic
2608 3309 2831 3375 addunt,
2875 3312 2933 3365 in
2976 3310 3201 3367 Domino
3251 3314 3492 3380 salutem,

1914 3383 2054 3452 quod
2076 3384 2231 3436 abest
2258 3397 2284 3435 a
2316 3382 2611 3450 potioribus
2637 3396 2766 3436 mss.

1988 3451 2009 3525 ς
2044 3454 2185 3507 Edit.
2218 3453 2379 3525 Rom.
2404 3462 2459 3507 et
2480 3467 2636 3525 conc.
2670 3459 2791 3519 post
2820 3450 3008 3525 Cra_b.,
3033 3452 3242 3525 adlice.
3272 3454 3495 3525 Prmpo—

1916 3522 2166 3579 sitionem
2202 3523 2268 3575 ad
2308 3524 2673 3590 expungimus
2724 3522 3044 3575 auctoritate
3076 3523 3234 3578 Merl.
3267 3533 3321 3578 et
3376 3522 3493 3579 om-

1916 3594 2063 3647 nium
2116 3608 2247 3647 mss.
2278 3593 2437 3647 Solus
2465 3593 2663 3659 Quesn.
2712 3592 2887 3644 locum
2941 3592 3083 3643 hunc
3128 3594 3197 3646 ita
3239 3594 3489 3648 exhibet:

1916 3664 2055 3729 Quin
2081 3664 2144 3717 ab
2163 3664 2354 3717 illicitis
2376 3678 2664 3715 reuocemus
2688 3661 2968 3730 aliquos,et
2985 3661 3148 3730 ofﬁcii
3175 3666 3337 3716 nostri
3366 3680 3492 3733 pro-

1913 3748 2143 3786 vocemus
2171 3736 2237 3787 ad
2265 3734 2447 3786 bonum
2470 3734 2737 3784 instinctu.

1988 3814 2012 3851 κ
2041 3804 2176 3857 Editi
2206 3818 2329 3857 cum
2374 3802 2537 3871 Dion.
2579 3810 2634 3853 et
2661 3798 2790 3852 Isid.
2826 3818 2837 3851 :
2872 3798 2942 3852 Et
2969 3802 3198 3871 quantvis
3222 3802 3359 3855 circa
3380 3803 3493 3859 lon-

1914 3873 2128 3942 ginqua;
2152 3874 2388 3942 quinque
2432 3870 2761 3939 optimorum
2800 3884 2930 3923 mss.
2976 3876 3293 3927 auctoritate
3327 3878 3494 3930 εστι-ιο

1952 3952 2128 3996 ιιηιιιτ.

1952 3958 1983 3994 ιι
2048 3960 2060 3994 ι
2116 3982 2128 3993 .

1914 3957 1944 4011 8
1987 3957 2181 4066 {Iuliani
2212 4026 2275 4066 ac
2304 4011 2485 4079 plures
2506 4023 2637 4063 mss.
2663 4009 2845 4064 itinere
2871 4010 2958 4066 vel
2989 4011 3041 4064 in
3069 4011 3273 4078 itinere;
3304 4027 3491 4069 emen-

1917 4081 2114 4136 dantur
2142 4097 2246 4149 ope
2274 4081 2473 4135 codicis
2502 4080 2846 4135 Corbeiensis
2886 4082 3086 4136 sarculo
3124 4098 3179 4137 γι
3210 4085 3393 4152 scripti
3434 4096 3492 4141 et

1918 4155 2074 4207 unius
2095 4151 2414 4213 Colbertiui.
2444 4153 2495 4205 itt
2524 4152 2717 4218 quibus
2739 4160 2914 4223 exstat
2935 4154 3157 4217 irritum,
3190 4168 3285 4222 pro
3310 4151 3337 4206 e
3362 4157 3489 4223 ritu,

1919 4224 2020 4277 hoc
2042 4235 2124 4278 est
2154 4237 2343 4278 norma
2368 4230 2425 4277 et
2447 4224 2657 4294 ratione
2693 4222 2934 4294 vivendi.
2963 4224 3015 4276 lu
3043 4224 3212 4294 altero
3234 4238 3338 4278 ms.
3373 4240 3494 4294 post

1916 4294 2140 4349 verbum
2180 4301 2457 4353 creverunt,
2501 4291 2746 4358 proxime
2785 4292 3088 4359 subjicitur,
3126 4293 3255 4359 ρυω
3278 4291 3413 4348 enirn
3438 4299 3492 4350 in

1918 4362 2023 4416 alia
2048 4364 2447 4417 conversatione.
2485 4363 2655 4415 I‘orro
2688 4362 2817 4415 illud
2846 4364 2899 4413 in
2920 4361 3149 4415 Ecclesia
3176 4380 3279 4416 non
3324 4380 3495 4419 vrere-

1918 4443 2061 4501 runt,
2096 4449 2203 4489 non
2236 4436 2304 4487 ita
2335 4432 2738 4501 intelligendum
2764 4471 2780 4495 ,
2818 4433 2969 4497 quasi
2998 4439 3145 4484 extra
3194 4433 3490 4489 Ecclesium

230 4520 376 4579 reum
416 4505 651 4579 confert.
674 4504 757 4559 .Ita
786 4515 842 4558 et
868 4503 1048 4565 Afros,
1070 4508 1117 4579 5
1130 4503 1297 4570 piario
1333 4512 1540 4579 amoto,
1553 4501 1814 4579 'eamdcm
1844 4520 1893 4579 ι)
1922 4503 1971 4556 in
1999 4502 2612 4579 ltzeresi‘autscbismate
2642 4501 3004 4579 adoleverint;
3024 4501 3124 4579 sed
3157 4502 3229 4556 ibi
3263 4502 3493 4558 Ecclesia

234 4575 282 4626 in
314 4576 460 4629 hunc
489 4575 861 4645 presbyterum
906 4575 1195 4629 contulisse
1226 4583 1491 4643 postrema
1531 4578 1581 4629 in
1612 4578 1813 4645 episto-

236 4645 335 4697 lam
366 4644 402 4697 2
432 4657 557 4699 nota
586 4644 670 4699 est
694 4647 996 4713 probatum.
1636 4650 1639 4653 '

304 4726 325 4750 ε
362 4717 418 4770 ιιι
442 4716 576 4770 edit.
604 4717 808 4771 Concil.
838 4714 921 4769 Il.
951 4715 1278 4783 Qumautem
1303 4715 1337 4769 4
1379 4725 1515 4779 erat,
1548 4730 1689 4771 nunc
1712 4716 1809 4773 aII.

234 4783 421 4839 Exstat
450 4786 504 4840 in
543 4786 813 4854 plerisque
838 4786 1089 4839 omnibus
1114 4785 1349 4854 antiquis
1380 4787 1811 4849 collectionibus,

237 4862 354 4920 puta
393 4856 632 4925 Dimiysii
662 4856 873 4924 Exigui.
910 4855 1186 4916 Hadriani,
1219 4856 1420 4910 codicis
1460 4872 1488 4909 ει
1518 4856 1812 4923 Quesuello

232 4928 455 4993 vulgati,
490 4927 749 4995 Ilispaua,
795 4925 978 4981 lsidori
1021 4925 1354 4991 Mercatoris,
1389 4941 1487 4978 nec
1528 4942 1630 4979 non
1664 4927 1714 4979 in
1747 4942 1808 4980 ea

234 5012 390 5057 quam
425 4994 687 5051 exhibent
721 5007 1023 5061 pervctusta
1078 4996 1430 5063 exemplaria.
1459 4994 1806 5060 Corbeicnsc,

234 5066 603 5123 Colbertinuut
651 5066 846 5120 litteris
889 5066 1308 5134 LOItgttbal'tlIClS
1340 5077 1638 5122 exaratum.
1670 5066 1807 5122 Lau-

232 5137 393 5189 datur
420 5152 447 5188 a
476 5136 772 5190 Cresconio
800 5135 851 5188 in
874 5136 1145 5189 Bt‘eviario
1168 5152 1286 5190 can.
1323 5146 1377 5190 et
1405 5139 1546 5191 aliis.

302 5202 326 5243 ἀ
357 5208 510 5272 Apud
538 5206 768 5272 Quesn.,
804 5214 856 5259 ut
888 5208 938 5259 in
971 5222 1075 5259 uno
1107 5220 1207 5259 ms.
1266 5205 1447 5271 Colb.,
1474 5205 1806 5270 inscribitur,

234 5276 298 5326 ad
334 5279 607 5341 episcenos
659 5274 963 5335 Viennenses
1008 5286 1057 5329 et
1104 5274 1463 5330 Nai'bonenses
1512 5279 1807 5331 constitutio

235 5348 505 5399 titulorum
530 5344 616 5400 XI
654 5347 802 5400 nullo
846 5356 1023 5403 tamen
1055 5347 1299 5415 subjccm
1324 5349 1498 5402 titulo.
1547 5348 1601 5402 In
1634 5361 1805 5403 veter-

236 5418 374 5487 rima
401 5418 587 5487 codice
608 5417 770 5471 Corb.
804 5427 926 5487 tota
961 5418 1011 5470 iu
1042 5417 1155 5471 bace
1180 5428 1301 5471 octo
1331 5417 1586 5473 dividitur
1613 5420 1810 5487 capitu-

240 5486 283 5536 la
311 5504 324 5536 :
358 5486 396 5537 I.
430 5486 492 5538 de
537 5486 885 5541 sacerdotibus
924 5488 1275 5554 superstitioso
1306 5489 1445 5540 cultu
1486 5486 1808 5542 deserviend-

236 5554 348 5628 bns;
385 5556 463 5628 ll.
481 5557 543 5610 de
562 5559 905 5625 paenitentiam
926 5559 1255 5628 morientibus
1283 5575 1384 5611 non
1412 5559 1718 5628 negariﬂll.
1748 5561 1811 5612 de

236 5626 490 5690 imperitis
518 5629 769 5693 episcoyis
819 5629 1146 5691 ordinandis;
1179 5626 1265 5681 IV.
1299 5628 1361 5682 de
1406 5626 1810 5683 ordinationibus

236 5696 593 5767 sacerdotwn;
629 5696 685 5750 V.
713 5698 775 5752 de
797 5700 1118 5751 accusatione
1142 5700 1391 5767 virginum
1413 5702 1810 5760 monachorum;

244 5763 329 5818 Vl.
384 5767 448 5819 de
486 5778 740 5822 reservato
783 5768 1047 5838 privilegio
1092 5763 1566 5838 sedi-apostolicae;
1616 5768 1722 5824 Vll.
1752 5771 1813 5821 de

1917 4575 2340 4628 ecclesiasticum
2384 4573 2655 4637 ordinent,
2679 4571 2765 4625 cui
2808 4573 3138 4643 monasticus
3165 4583 3491 4643 opponatur,

1918 4655 2092 4697 sonat.
2124 4644 2308 4713 Neque
2351 4643 2641 4713 obscurum
2672 4650 2755 4696 est
2782 4654 2878 4697 eos
2918 4642 3007 4697 bic
3034 4642 3397 4713 uotari,’quos
3425 4661 3491 4699 ex

1921 4712 2259 4771 monasteriis
2290 4714 2354 4768 ad
2389 4712 2754 4767 Ecclesiarum
2796 4726 3015 4767 suarum
3067 4712 3306 4783 regimen
3351 4713 3491 4768 Nar.

1921 4783 2173 4839 boncnsis
2200 4784 2423 4854 alimqne
2464 4783 2757 4837 vicinarum
2785 4784 3204 4854 provinciarum
3248 4785 3494 4839 civitates

1916 4868 2194 4909 accersere
2220 4852 2490 4909 amabant.
2516 4852 2858 4922 Aliquamditt
2896 4862 3071 4908 tamen
3119 4853 3186 4907 ad
3220 4870 3324 4908 non
3382 4871 3494 4909 mc-

1914 4924 2157 4978 diocrem
2184 4926 2436 4979 Ecclesitc
2457 4925 2742 4978 utilitatem
2771 4924 3131 4992 perseveravit
3159 4925 3275 4978 haec
3303 4939 3335 4979 e
3375 4940 3493 4981 mo-

1920 4997 2194 5053 nztsteriis.
2225 4996 2521 5063 praesertim
2546 4992 2835 5059 Lirinensi,
2865 4995 3148 5063 episcopos
3177 4994 3343 5047 variis
3364 4996 3495 5048 civi-

1919 5067 2115 5119 tatibus
2140 5064 2415 5132 qtttcrcﬂdi
2442 5063 2799 5119 consuetudo.

1994 5135 2009 5172 ί
2049 5137 2158 5190 lloc
2184 5146 2285 5201 est,
2341 5136 2394 5187 in
2439 5135 2543 5187 alio
2593 5135 2791 5187 vivendi
2818 5149 3018 5203 genere.
3068 5132 3330 5201 Quocirca
3378 5150 3489 5190 non

1915 5206 2091 5273 placet
2114 5206 2253 5274 quod
2294 5206 2344 5258 iu
2389 5204 2598 5258 duobus
2631 5220 2784 5267 mss.,
2844 5205 3189 5257 conversione.
3241 5204 3493 5259 Mabillo-

1920 5279 2037 5330 nius
2063 5286 2281 5337 uoster,
2315 5277 2521 5343 praefat.
2553 5275 2605 5329 in
2638 5290 2672 5329 ιι
2728 5283 2865 5342 part.
2897 5289 3021 5328 saec.
3073 5283 3258 5334 tvact.
3284 5274 3492 5330 'Beued.

1921 5347 2134 5408 n.129.
2189 5347 2440 5401 observat
2482 5345 2749 5415 episcopis
2793 5346 3124 5398 monasticcn
3176 5345 3323 5412 prius
3370 5360 3495 5413 pro-

1917 5417 2073 5472 fessis
2097 5416 2204 5483 jam
2228 5418 2426 5469 smcnlo
2458 5432 2486 5469 v
2512 5417 2755 5475 religioni
2778 5416 2942 5468 fuisse
2962 5417 3319 5468 monasticam
3346 5415 3495 5469 babi.

1918 5500 2026 5538 tum
2062 5487 2274 5551 penitus
2304 5486 2557 5554 abjiccrc.
2592 5486 2725 5539 Tum
2753 5500 2816 5539 ex
2850 5485 2947 5537 hoc
2980 5485 3100 5539 loco
3123 5485 3493 5555 prob.-t(quotl

1919 5565 1974 5609 ut
2005 5566 2209 5609 certum
2240 5561 2461 5610 omnino
2490 5567 2544 5609 et
2570 5556 2790 5611 evidens
2813 5555 3136 5610 conﬁrmare
3168 5554 3332 5609 nolim
3360 5554 3377 5621 ,
3411 5560 3493 5611 vi-

1919 5629 2031 5681 deri
2065 5637 2239 5680 tamen
2284 5635 2459 5695 potest
2498 5625 2802 5695 probabile)
2834 5626 3122 5681 nonnullos
3169 5626 3331 5680 etiam
3382 5630 3493 5697 epi-

1919 5712 2135 5766 scopas,
2162 5700 2406 5766 quamvis
2447 5697 2756 5751 monastica:
2808 5698 2930 5750 vita:
2981 5708 3250 5765 expertes.
3298 5712 3491 5751 eorum

1920 5771 2167 5837 exemplo
2196 5768 2550 5822 mouasticum
2585 5767 2820 5822 habitum
2851 5770 3169 5838 suscepisse.
3198 5767 3397 5829 Saltem
3424 5771 3489 5820 de
