  <div class='ocr_page' id='page_1' title='image "/cluster/home/n/w/nwhite01/storage/ocr_20150623/50/hvd.32044096580717/253.png"; bbox 0 0 3970 6180; ppageno 0'>
   <div class='ocr_carea' id='block_1_1' title="bbox 0 0 3440 27">
    <p class='ocr_par' dir='ltr' id='par_1_1' title="bbox 16 0 2469 27">
     <span class='ocr_line' id='line_1_1' title="bbox 16 0 2469 27; baseline -0.003 -18"><span class='ocrx_word' id='word_1_1' title='bbox 16 0 457 27; x_wconf 78' lang='lat'><em>__—__</em></span> <span class='ocrx_word' id='word_1_2' title='bbox 736 0 801 19; x_wconf 84' lang='grc'><strong>,,</strong></span> <span class='ocrx_word' id='word_1_3' title='bbox 1408 0 1415 15; x_wconf 88' lang='grc'>,</span> <span class='ocrx_word' id='word_1_4' title='bbox 1734 0 1743 1; x_wconf 31' lang='grc' dir='ltr'><em>κ</em></span> <span class='ocrx_word' id='word_1_5' title='bbox 2296 0 2305 1; x_wconf 59' lang='lat'><strong><em>,</em></strong></span> <span class='ocrx_word' id='word_1_6' title='bbox 2442 0 2469 1; x_wconf 30' lang='grc' dir='ltr'><em>κ</em></span> 
     </span>
    </p>
   </div>
   <div class='ocr_carea' id='block_1_2' title="bbox 3505 0 3905 143">
    <p class='ocr_par' dir='ltr' id='par_1_2' title="bbox 3505 0 3905 143">
     <span class='ocr_line' id='line_1_2' title="bbox 3505 0 3905 143; baseline -0.005 -103"><span class='ocrx_word' id='word_1_7' title='bbox 3505 0 3905 143; x_wconf 47' lang='grc' dir='ltr'><strong>-Ἵ</strong></span> 
     </span>
    </p>
   </div>
   <div class='ocr_carea' id='block_1_3' title="bbox 440 315 2081 391">
    <p class='ocr_par' dir='ltr' id='par_1_3' title="bbox 440 320 2081 391">
     <span class='ocr_line' id='line_1_3' title="bbox 440 320 2081 391; baseline -0.011 1"><span class='ocrx_word' id='word_1_8' title='bbox 440 335 555 391; x_wconf 56' lang='lat' dir='ltr'><strong>ﬁl</strong></span> <span class='ocrx_word' id='word_1_9' title='bbox 1230 324 1288 380; x_wconf 89' lang='lat' dir='ltr'><strong>S.</strong></span> <span class='ocrx_word' id='word_1_10' title='bbox 1330 320 1725 380; x_wconf 69' lang='lat' dir='ltr'><strong>C(ELESTINI</strong></span> <span class='ocrx_word' id='word_1_11' title='bbox 1766 322 1786 376; x_wconf 91' lang='lat' dir='ltr'><strong>l</strong></span> <span class='ocrx_word' id='word_1_12' title='bbox 1825 320 2029 377; x_wconf 76' lang='grc' dir='ltr'><strong>ΡΑΡᾹΞ</strong></span> <span class='ocrx_word' id='word_1_13' title='bbox 2076 320 2081 374; x_wconf 90' lang='grc'><strong>1</strong></span> 
     </span>
    </p>
   </div>
   <div class='ocr_carea' id='block_1_4' title="bbox 2184 315 3731 391">
    <p class='ocr_par' dir='ltr' id='par_1_4' title="bbox 2193 315 3731 375">
     <span class='ocr_line' id='line_1_4' title="bbox 2193 315 3731 375; baseline -0.002 0"><span class='ocrx_word' id='word_1_14' title='bbox 2193 316 2437 375; x_wconf 62' lang='grc' dir='ltr'><strong>ΞΤΟΙΑΕ</strong></span> <span class='ocrx_word' id='word_1_15' title='bbox 2483 317 2565 372; x_wconf 79' lang='grc' dir='ltr'><strong>ΕΤ</strong></span> <span class='ocrx_word' id='word_1_16' title='bbox 2610 315 2953 373; x_wconf 72' lang='lat' dir='ltr'><strong>DECRETA.</strong></span> <span class='ocrx_word' id='word_1_17' title='bbox 3632 315 3731 374; x_wconf 67' lang='grc' dir='ltr'><strong>ὁῖὲ</strong></span> 
     </span>
    </p>
   </div>
   <div class='ocr_carea' id='block_1_5' title="bbox 462 432 3733 513">
    <p class='ocr_par' dir='ltr' id='par_1_5' title="bbox 462 432 3733 513">
     <span class='ocr_line' id='line_1_5' title="bbox 462 432 3733 513; baseline -0.009 -3"><span class='ocrx_word' id='word_1_18' title='bbox 462 451 785 513; x_wconf 87' lang='lat' dir='ltr'><strong>intulerunt;</strong></span> <span class='ocrx_word' id='word_1_19' title='bbox 823 444 1000 500; x_wconf 88' lang='lat' dir='ltr'><strong>amicti</strong></span> <span class='ocrx_word' id='word_1_20' title='bbox 1034 441 1218 512; x_wconf 86' lang='lat' dir='ltr'><strong>pallio,</strong></span> <span class='ocrx_word' id='word_1_21' title='bbox 1252 449 1307 496; x_wconf 92' lang='lat' dir='ltr'><strong>et</strong></span> <span class='ocrx_word' id='word_1_22' title='bbox 1345 438 1559 494; x_wconf 80' lang='lat' dir='ltr'><strong>lumbos</strong></span> <span class='ocrx_word' id='word_1_23' title='bbox 1600 436 1895 508; x_wconf 63' lang='lat' dir='ltr'><strong>praecincti,</strong></span> <span class='ocrx_word' id='word_1_24' title='bbox 1928 451 2043 491; x_wconf 88' lang='lat' dir='ltr'><strong>cre-</strong></span> <span class='ocrx_word' id='word_1_25' title='bbox 2075 438 2125 496; x_wconf 75' lang='grc' dir='ltr'><strong>Α</strong></span> <span class='ocrx_word' id='word_1_26' title='bbox 2154 446 2237 489; x_wconf 89' lang='lat' dir='ltr'><strong>tus</strong></span> <span class='ocrx_word' id='word_1_27' title='bbox 2271 434 2352 489; x_wconf 89' lang='lat' dir='ltr'><strong>sui</strong></span> <span class='ocrx_word' id='word_1_28' title='bbox 2387 444 2630 502; x_wconf 86' lang='lat' dir='ltr'><strong>tempore</strong></span> <span class='ocrx_word' id='word_1_29' title='bbox 2686 432 2786 487; x_wconf 89' lang='lat' dir='ltr'><strong>hoc</strong></span> <span class='ocrx_word' id='word_1_30' title='bbox 2817 432 3009 486; x_wconf 75' lang='lat' dir='ltr'><strong>anima:</strong></span> <span class='ocrx_word' id='word_1_31' title='bbox 3065 447 3177 487; x_wconf 69' lang='lat' dir='ltr'><strong>suto</strong></span> <span class='ocrx_word' id='word_1_32' title='bbox 3228 433 3451 503; x_wconf 83' lang='lat' dir='ltr'><strong>cupiunt</strong></span> <span class='ocrx_word' id='word_1_33' title='bbox 3505 435 3733 490; x_wconf 70' lang='lat' dir='ltr'><strong>remedia</strong></span> 
     </span>
    </p>
   </div>
   <div class='ocr_carea' id='block_1_6' title="bbox 464 528 2050 606">
    <p class='ocr_par' dir='ltr' id='par_1_6' title="bbox 464 528 2050 606">
     <span class='ocr_line' id='line_1_6' title="bbox 464 528 2050 606; baseline -0.011 -7"><span class='ocrx_word' id='word_1_34' title='bbox 464 548 657 601; x_wconf 89' lang='lat' dir='ltr'><strong>dentes</strong></span> <span class='ocrx_word' id='word_1_35' title='bbox 684 556 741 595; x_wconf 83' lang='lat' dir='ltr'><strong>sc</strong></span> <span class='ocrx_word' id='word_1_36' title='bbox 763 539 1053 606; x_wconf 69' lang='lat' dir='ltr'><strong>Scriptura:</strong></span> <span class='ocrx_word' id='word_1_37' title='bbox 1080 534 1259 595; x_wconf 88' lang='lat' dir='ltr'><strong>ﬁdem,</strong></span> <span class='ocrx_word' id='word_1_38' title='bbox 1287 546 1391 585; x_wconf 87' lang='lat' dir='ltr'><strong>non</strong></span> <span class='ocrx_word' id='word_1_39' title='bbox 1423 545 1519 599; x_wconf 89' lang='lat' dir='ltr'><strong>per</strong></span> <span class='ocrx_word' id='word_1_40' title='bbox 1541 530 1811 599; x_wconf 74' lang='lat' dir='ltr'><strong>spiritum,</strong></span> <span class='ocrx_word' id='word_1_41' title='bbox 1834 528 1926 581; x_wconf 79' lang='lat' dir='ltr'><strong>sed</strong></span> <span class='ocrx_word' id='word_1_42' title='bbox 1954 542 2050 596; x_wconf 91' lang='lat' dir='ltr'><strong>per</strong></span> 
     </span>
    </p>
   </div>
   <div class='ocr_carea' id='block_1_7' title="bbox 465 622 2050 700">
    <p class='ocr_par' dir='ltr' id='par_1_7' title="bbox 465 622 2050 700">
     <span class='ocr_line' id='line_1_7' title="bbox 465 622 2050 700; baseline -0.013 -8"><span class='ocrx_word' id='word_1_43' title='bbox 465 638 697 693; x_wconf 76' lang='lat' dir='ltr'><strong>litteram</strong></span> <span class='ocrx_word' id='word_1_44' title='bbox 729 629 1114 700; x_wconf 87' lang='lat' dir='ltr'><strong>completuros.</strong></span> <span class='ocrx_word' id='word_1_45' title='bbox 1144 624 1277 678; x_wconf 83' lang='lat' dir='ltr'><strong>Nam</strong></span> <span class='ocrx_word' id='word_1_46' title='bbox 1304 622 1349 677; x_wconf 89' lang='lat' dir='ltr'><strong>si</strong></span> <span class='ocrx_word' id='word_1_47' title='bbox 1396 623 1463 677; x_wconf 90' lang='lat' dir='ltr'><strong>ad</strong></span> <span class='ocrx_word' id='word_1_48' title='bbox 1496 622 1598 676; x_wconf 90' lang='lat' dir='ltr'><strong>hoc</strong></span> <span class='ocrx_word' id='word_1_49' title='bbox 1650 622 1747 674; x_wconf 88' lang='lat' dir='ltr'><strong>ista</strong></span> <span class='ocrx_word' id='word_1_50' title='bbox 1781 627 2050 689; x_wconf 67' lang='lat' dir='ltr'><strong>prmcepta</strong></span> 
     </span>
    </p>
   </div>
   <div class='ocr_carea' id='block_1_8' title="bbox 465 708 2052 791">
    <p class='ocr_par' dir='ltr' id='par_1_8' title="bbox 465 708 2052 791">
     <span class='ocr_line' id='line_1_8' title="bbox 465 708 2052 791; baseline -0.013 -8"><span class='ocrx_word' id='word_1_51' title='bbox 465 736 610 790; x_wconf 88' lang='lat' dir='ltr'><strong>sunt,</strong></span> <span class='ocrx_word' id='word_1_52' title='bbox 642 734 700 779; x_wconf 89' lang='lat' dir='ltr'><strong>ut</strong></span> <span class='ocrx_word' id='word_1_53' title='bbox 734 722 925 791; x_wconf 63' lang='lat' dir='ltr'><strong>taliter</strong></span> <span class='ocrx_word' id='word_1_54' title='bbox 975 725 1352 779; x_wconf 83' lang='lat' dir='ltr'><strong>servarentur;</strong></span> <span class='ocrx_word' id='word_1_55' title='bbox 1385 729 1479 770; x_wconf 83' lang='lat' dir='ltr'><strong>cur</strong></span> <span class='ocrx_word' id='word_1_56' title='bbox 1534 728 1638 767; x_wconf 91' lang='lat' dir='ltr'><strong>non</strong></span> <span class='ocrx_word' id='word_1_57' title='bbox 1686 712 1821 765; x_wconf 85' lang='lat' dir='ltr'><strong>fiunt</strong></span> <span class='ocrx_word' id='word_1_58' title='bbox 1854 708 2052 779; x_wconf 82' lang='lat' dir='ltr'><strong>pariter</strong></span> 
     </span>
    </p>
   </div>
   <div class='ocr_carea' id='block_1_9' title="bbox 466 802 2053 892">
    <p class='ocr_par' dir='ltr' id='par_1_9' title="bbox 466 802 2053 892">
     <span class='ocr_line' id='line_1_9' title="bbox 466 802 2053 892; baseline -0.013 -18"><span class='ocrx_word' id='word_1_59' title='bbox 466 834 584 892; x_wconf 73' lang='lat' dir='ltr'><strong>qua:</strong></span> <span class='ocrx_word' id='word_1_60' title='bbox 611 821 933 885; x_wconf 85' lang='lat' dir='ltr'><strong>sequuntur,</strong></span> <span class='ocrx_word' id='word_1_61' title='bbox 976 819 1033 864; x_wconf 91' lang='lat' dir='ltr'><strong>ut</strong></span> <span class='ocrx_word' id='word_1_62' title='bbox 1060 810 1297 863; x_wconf 71' lang='lat' dir='ltr'><strong>lucerna:</strong></span> <span class='ocrx_word' id='word_1_63' title='bbox 1355 806 1613 860; x_wconf 83' lang='lat' dir='ltr'><strong>ardentes</strong></span> <span class='ocrx_word' id='word_1_64' title='bbox 1645 805 1696 857; x_wconf 90' lang='lat' dir='ltr'><strong>in</strong></span> <span class='ocrx_word' id='word_1_65' title='bbox 1753 802 2003 857; x_wconf 89' lang='lat' dir='ltr'><strong>manibus</strong></span> <span class='ocrx_word' id='word_1_66' title='bbox 2026 809 2053 838; x_wconf 70' lang='grc' dir='ltr'><em>λ</em></span> 
     </span>
    </p>
   </div>
   <div class='ocr_carea' id='block_1_10' title="bbox 468 898 2056 966">
    <p class='ocr_par' dir='ltr' id='par_1_10' title="bbox 468 898 2056 966">
     <span class='ocr_line' id='line_1_10' title="bbox 468 898 2056 966; baseline -0.01 -2"><span class='ocrx_word' id='word_1_67' title='bbox 468 928 570 966; x_wconf 87' lang='lat' dir='ltr'><strong>una</strong></span> <span class='ocrx_word' id='word_1_68' title='bbox 603 925 723 965; x_wconf 87' lang='lat' dir='ltr'><strong>eum</strong></span> <span class='ocrx_word' id='word_1_69' title='bbox 748 906 941 962; x_wconf 87' lang='lat' dir='ltr'><strong>baculo</strong></span> <span class='ocrx_word' id='word_1_70' title='bbox 972 901 1298 959; x_wconf 80' lang='lat' dir='ltr'><strong>teneantur?</strong></span> <span class='ocrx_word' id='word_1_71' title='bbox 1338 899 1546 954; x_wconf 74' lang='lat' dir='ltr'><strong>llabent</strong></span> <span class='ocrx_word' id='word_1_72' title='bbox 1577 912 1729 951; x_wconf 90' lang='lat' dir='ltr'><strong>suum</strong></span> <span class='ocrx_word' id='word_1_73' title='bbox 1763 898 1862 951; x_wconf 80' lang='lat' dir='ltr'><strong>ista</strong></span> <span class='ocrx_word' id='word_1_74' title='bbox 1913 909 2056 966; x_wconf 83' lang='lat' dir='ltr'><strong>mys—</strong></span> 
     </span>
    </p>
   </div>
   <div class='ocr_carea' id='block_1_11' title="bbox 471 987 2056 1071">
    <p class='ocr_par' dir='ltr' id='par_1_11' title="bbox 471 987 2056 1071">
     <span class='ocr_line' id='line_1_11' title="bbox 471 987 2056 1071; baseline -0.01 -14"><span class='ocrx_word' id='word_1_75' title='bbox 471 1004 688 1071; x_wconf 85' lang='lat' dir='ltr'><strong>terium,</strong></span> <span class='ocrx_word' id='word_1_76' title='bbox 720 1009 775 1055; x_wconf 89' lang='lat' dir='ltr'><strong>et</strong></span> <span class='ocrx_word' id='word_1_77' title='bbox 796 995 1213 1067; x_wconf 86' lang='lat' dir='ltr'><strong>intelligentibus</strong></span> <span class='ocrx_word' id='word_1_78' title='bbox 1237 994 1309 1047; x_wconf 89' lang='lat' dir='ltr'><strong>ita</strong></span> <span class='ocrx_word' id='word_1_79' title='bbox 1338 994 1482 1048; x_wconf 90' lang='lat' dir='ltr'><strong>clara</strong></span> <span class='ocrx_word' id='word_1_80' title='bbox 1510 1001 1657 1055; x_wconf 88' lang='lat' dir='ltr'><strong>sunt,</strong></span> <span class='ocrx_word' id='word_1_81' title='bbox 1707 1003 1763 1044; x_wconf 91' lang='lat' dir='ltr'><strong>ut</strong></span> <span class='ocrx_word' id='word_1_82' title='bbox 1793 1005 1852 1044; x_wconf 90' lang='lat' dir='ltr'><strong>ea</strong></span> <span class='ocrx_word' id='word_1_83' title='bbox 1888 987 2056 1057; x_wconf 83' lang='lat' dir='ltr'><strong>magis</strong></span> 
     </span>
    </p>
   </div>
   <div class='ocr_carea' id='block_1_12' title="bbox 470 1078 2059 1164">
    <p class='ocr_par' dir='ltr' id='par_1_12' title="bbox 470 1078 2059 1164">
     <span class='ocr_line' id='line_1_12' title="bbox 470 1078 2059 1164; baseline -0.011 -16"><span class='ocrx_word' id='word_1_84' title='bbox 470 1108 576 1164; x_wconf 88' lang='lat' dir='ltr'><strong>qua</strong></span> <span class='ocrx_word' id='word_1_85' title='bbox 601 1093 755 1146; x_wconf 89' lang='lat' dir='ltr'><strong>decet</strong></span> <span class='ocrx_word' id='word_1_86' title='bbox 800 1086 1199 1156; x_wconf 86' lang='lat' dir='ltr'><strong>signiﬁcatione</strong></span> <span class='ocrx_word' id='word_1_87' title='bbox 1250 1092 1550 1138; x_wconf 76' lang='lat' dir='ltr'><strong>serventur.</strong></span> <span class='ocrx_word' id='word_1_88' title='bbox 1583 1080 1715 1136; x_wconf 79' lang='lat' dir='ltr'><strong>Nam</strong></span> <span class='ocrx_word' id='word_1_89' title='bbox 1769 1082 1817 1133; x_wconf 90' lang='lat' dir='ltr'><strong>iu</strong></span> <span class='ocrx_word' id='word_1_90' title='bbox 1850 1078 2059 1133; x_wconf 87' lang='lat' dir='ltr'><strong>lumbo-</strong></span> 
     </span>
    </p>
   </div>
   <div class='ocr_carea' id='block_1_13' title="bbox 346 1171 2060 1252">
    <p class='ocr_par' dir='ltr' id='par_1_13' title="bbox 346 1171 2060 1252">
     <span class='ocr_line' id='line_1_13' title="bbox 346 1171 2060 1252; baseline -0.012 -9"><span class='ocrx_word' id='word_1_91' title='bbox 346 1240 349 1243; x_wconf 89' lang='lat'><strong>.</strong></span> <span class='ocrx_word' id='word_1_92' title='bbox 426 1199 590 1247; x_wconf 52' lang='lat' dir='ltr'><strong>vrum</strong></span> <span class='ocrx_word' id='word_1_93' title='bbox 619 1179 1002 1252; x_wconf 70' lang='lat' dir='ltr'><strong>prmeinctione</strong></span> <span class='ocrx_word' id='word_1_94' title='bbox 1024 1176 1338 1237; x_wconf 88' lang='lat' dir='ltr'><strong>castitas,iu</strong></span> <span class='ocrx_word' id='word_1_95' title='bbox 1386 1172 1575 1229; x_wconf 89' lang='lat' dir='ltr'><strong>baculo</strong></span> <span class='ocrx_word' id='word_1_96' title='bbox 1618 1171 1851 1242; x_wconf 84' lang='lat' dir='ltr'><strong>regimen</strong></span> <span class='ocrx_word' id='word_1_97' title='bbox 1879 1178 2060 1239; x_wconf 84' lang='lat' dir='ltr'><strong>pasto-</strong></span> 
     </span>
    </p>
   </div>
   <div class='ocr_carea' id='block_1_14' title="bbox 434 1259 2058 1353">
    <p class='ocr_par' dir='ltr' id='par_1_14' title="bbox 434 1259 2058 1353">
     <span class='ocr_line' id='line_1_14' title="bbox 434 1259 2058 1353; baseline -0.011 -21"><span class='ocrx_word' id='word_1_98' title='bbox 434 1259 682 1353; x_wconf 47' lang='lat' dir='ltr'><strong>;irale,in</strong></span> <span class='ocrx_word' id='word_1_99' title='bbox 712 1269 944 1325; x_wconf 89' lang='lat' dir='ltr'><strong>lucernis</strong></span> <span class='ocrx_word' id='word_1_100' title='bbox 987 1266 1298 1322; x_wconf 82' lang='lat' dir='ltr'><strong>ardentibus</strong></span> <span class='ocrx_word' id='word_1_101' title='bbox 1349 1264 1472 1318; x_wconf 88' lang='lat' dir='ltr'><strong>b0ni</strong></span> <span class='ocrx_word' id='word_1_102' title='bbox 1497 1263 1673 1332; x_wconf 81' lang='lat' dir='ltr'><strong>fulgor</strong></span> <span class='ocrx_word' id='word_1_103' title='bbox 1731 1260 1932 1331; x_wconf 81' lang='lat' dir='ltr'><strong>operis,</strong></span> <span class='ocrx_word' id='word_1_104' title='bbox 1989 1259 2058 1314; x_wconf 86' lang='lat' dir='ltr'><strong>de</strong></span> 
     </span>
    </p>
   </div>
   <div class='ocr_carea' id='block_1_15' title="bbox 470 1351 2061 1435">
    <p class='ocr_par' dir='ltr' id='par_1_15' title="bbox 470 1351 2061 1435">
     <span class='ocr_line' id='line_1_15' title="bbox 470 1351 2061 1435; baseline -0.01 -16"><span class='ocrx_word' id='word_1_105' title='bbox 470 1380 577 1435; x_wconf 91' lang='lat' dir='ltr'><strong>quo</strong></span> <span class='ocrx_word' id='word_1_106' title='bbox 598 1364 825 1417; x_wconf 86' lang='lat' dir='ltr'><strong>dicitur:</strong></span> <span class='ocrx_word' id='word_1_107' title='bbox 844 1359 1012 1430; x_wconf 86' lang='lat' dir='ltr'><strong>Opera</strong></span> <span class='ocrx_word' id='word_1_108' title='bbox 1035 1366 1200 1411; x_wconf 81' lang='lat' dir='ltr'><strong>t&#39;eslt&#39;a</strong></span> <span class='ocrx_word' id='word_1_109' title='bbox 1226 1356 1431 1410; x_wconf 77' lang='lat' dir='ltr'><strong>luceant</strong></span> <span class='ocrx_word' id='word_1_110' title='bbox 1457 1352 1670 1424; x_wconf 74' lang='lat' dir='ltr'><strong>(Matth.</strong></span> <span class='ocrx_word' id='word_1_111' title='bbox 1698 1368 1750 1419; x_wconf 74' lang='grc' dir='ltr'><strong>ν,</strong></span> <span class='ocrx_word' id='word_1_112' title='bbox 1781 1351 1889 1423; x_wconf 81' lang='lat' dir='ltr'><strong>l6),</strong></span> <span class='ocrx_word' id='word_1_113' title='bbox 1924 1352 2061 1405; x_wconf 90' lang='lat' dir='ltr'><strong>indi-</strong></span> 
     </span>
    </p>
   </div>
   <div class='ocr_carea' id='block_1_16' title="bbox 472 1443 2057 1512">
    <p class='ocr_par' dir='ltr' id='par_1_16' title="bbox 472 1443 2057 1512">
     <span class='ocr_line' id='line_1_16' title="bbox 472 1443 2057 1512; baseline -0.011 -1"><span class='ocrx_word' id='word_1_114' title='bbox 472 1468 682 1512; x_wconf 85' lang='lat' dir='ltr'><strong>cantur.</strong></span> <span class='ocrx_word' id='word_1_115' title='bbox 736 1452 763 1491; x_wconf 70' lang='grc' dir='ltr'><strong>ιο</strong></span> <span class='ocrx_word' id='word_1_116' title='bbox 796 1451 1042 1507; x_wconf 81' lang='lat' dir='ltr'><strong>Habeant</strong></span> <span class='ocrx_word' id='word_1_117' title='bbox 1091 1458 1267 1502; x_wconf 88' lang='lat' dir='ltr'><strong>tamen</strong></span> <span class='ocrx_word' id='word_1_118' title='bbox 1316 1447 1477 1501; x_wconf 82' lang='lat' dir='ltr'><strong>istum</strong></span> <span class='ocrx_word' id='word_1_119' title='bbox 1545 1444 1773 1499; x_wconf 82' lang='lat' dir='ltr'><strong>forsitan</strong></span> <span class='ocrx_word' id='word_1_120' title='bbox 1830 1443 2057 1506; x_wconf 90' lang='lat' dir='ltr'><strong>cultum,</strong></span> 
     </span>
    </p>
   </div>
   <div class='ocr_carea' id='block_1_17' title="bbox 431 1532 2062 1614">
    <p class='ocr_par' dir='ltr' id='par_1_17' title="bbox 431 1532 2062 1614">
     <span class='ocr_line' id='line_1_17' title="bbox 431 1532 2062 1614; baseline -0.01 -12"><span class='ocrx_word' id='word_1_121' title='bbox 431 1532 437 1543; x_wconf 73' lang='grc'><em>’</em></span> <span class='ocrx_word' id='word_1_122' title='bbox 475 1560 683 1602; x_wconf 88' lang='lat' dir='ltr'><strong>morem</strong></span> <span class='ocrx_word' id='word_1_123' title='bbox 713 1543 890 1614; x_wconf 87' lang='lat' dir='ltr'><strong>potius</strong></span> <span class='ocrx_word' id='word_1_124' title='bbox 920 1556 1083 1611; x_wconf 88' lang='lat' dir='ltr'><strong>quam</strong></span> <span class='ocrx_word' id='word_1_125' title='bbox 1107 1539 1375 1593; x_wconf 86' lang='lat' dir='ltr'><strong>rationem</strong></span> <span class='ocrx_word' id='word_1_126' title='bbox 1413 1543 1725 1606; x_wconf 81' lang='lat' dir='ltr'><strong>sequentes,</strong></span> <span class='ocrx_word' id='word_1_127' title='bbox 1758 1536 1847 1603; x_wconf 91' lang='lat' dir='ltr'><strong>qui</strong></span> <span class='ocrx_word' id='word_1_128' title='bbox 1884 1547 2062 1588; x_wconf 86' lang='lat' dir='ltr'><strong>remo—</strong></span> 
     </span>
    </p>
   </div>
   <div class='ocr_carea' id='block_1_18' title="bbox 476 1623 2059 1698">
    <p class='ocr_par' dir='ltr' id='par_1_18' title="bbox 476 1623 2059 1698">
     <span class='ocr_line' id='line_1_18' title="bbox 476 1623 2059 1698; baseline -0.011 -5"><span class='ocrx_word' id='word_1_129' title='bbox 476 1636 706 1694; x_wconf 88' lang='lat' dir='ltr'><strong>tioribus</strong></span> <span class='ocrx_word' id='word_1_130' title='bbox 746 1634 990 1690; x_wconf 80' lang='lat' dir='ltr'><strong>habitant</strong></span> <span class='ocrx_word' id='word_1_131' title='bbox 1015 1630 1171 1697; x_wconf 91' lang='lat' dir='ltr'><strong>locis,</strong></span> <span class='ocrx_word' id='word_1_132' title='bbox 1195 1639 1249 1684; x_wconf 89' lang='lat' dir='ltr'><strong>et</strong></span> <span class='ocrx_word' id='word_1_133' title='bbox 1274 1627 1462 1698; x_wconf 89' lang='lat' dir='ltr'><strong>procul</strong></span> <span class='ocrx_word' id='word_1_134' title='bbox 1512 1642 1540 1680; x_wconf 90' lang='lat' dir='ltr'><strong>a</strong></span> <span class='ocrx_word' id='word_1_135' title='bbox 1588 1626 1803 1681; x_wconf 70' lang='lat' dir='ltr'><strong>etetcris</strong></span> <span class='ocrx_word' id='word_1_136' title='bbox 1837 1623 2059 1693; x_wconf 83' lang='lat' dir='ltr'><strong>degunt.</strong></span> 
     </span>
    </p>
   </div>
   <div class='ocr_carea' id='block_1_19' title="bbox 479 1719 2063 1789">
    <p class='ocr_par' dir='ltr' id='par_1_19' title="bbox 479 1719 2063 1789">
     <span class='ocr_line' id='line_1_19' title="bbox 479 1719 2063 1789; baseline -0.011 0"><span class='ocrx_word' id='word_1_137' title='bbox 479 1732 631 1789; x_wconf 84' lang='lat' dir='ltr'><strong>Unde</strong></span> <span class='ocrx_word' id='word_1_138' title='bbox 652 1730 742 1786; x_wconf 86' lang='lat' dir='ltr'><strong>hic</strong></span> <span class='ocrx_word' id='word_1_139' title='bbox 770 1728 981 1784; x_wconf 88' lang='lat' dir='ltr'><strong>habitus</strong></span> <span class='ocrx_word' id='word_1_140' title='bbox 1021 1727 1073 1781; x_wconf 94' lang='lat' dir='ltr'><strong>in</strong></span> <span class='ocrx_word' id='word_1_141' title='bbox 1094 1723 1354 1779; x_wconf 78' lang='lat' dir='ltr'><strong>Ecclesiis</strong></span> <span class='ocrx_word' id='word_1_142' title='bbox 1381 1719 1692 1787; x_wconf 81' lang='lat' dir='ltr'><strong>Gallicanis,</strong></span> <span class='ocrx_word' id='word_1_143' title='bbox 1717 1727 1775 1774; x_wconf 91' lang='lat' dir='ltr'><strong>ut</strong></span> <span class='ocrx_word' id='word_1_144' title='bbox 1796 1727 1874 1774; x_wconf 91' lang='lat' dir='ltr'><strong>tot</strong></span> <span class='ocrx_word' id='word_1_145' title='bbox 1895 1732 2063 1771; x_wconf 86' lang='lat' dir='ltr'><strong>anno-</strong></span> 
     </span>
    </p>
   </div>
   <div class='ocr_carea' id='block_1_20' title="bbox 2155 523 3736 593">
    <p class='ocr_par' dir='ltr' id='par_1_20' title="bbox 2155 523 3736 593">
     <span class='ocr_line' id='line_1_20' title="bbox 2155 523 3736 593; baseline 0 -12"><span class='ocrx_word' id='word_1_146' title='bbox 2155 525 2448 582; x_wconf 80' lang='lat' dir='ltr'><strong>subveniri.</strong></span> <span class='ocrx_word' id='word_1_147' title='bbox 2495 524 2809 588; x_wconf 88' lang='lat' dir='ltr'><strong>llorremns,</strong></span> <span class='ocrx_word' id='word_1_148' title='bbox 2858 523 3048 587; x_wconf 83' lang='lat' dir='ltr'><strong>fateor,</strong></span> <span class='ocrx_word' id='word_1_149' title='bbox 3081 533 3245 579; x_wconf 74' lang='lat' dir='ltr'><strong>tanta:</strong></span> <span class='ocrx_word' id='word_1_150' title='bbox 3303 524 3454 593; x_wconf 79' lang='lat' dir='ltr'><strong>impit</strong></span> <span class='ocrx_word' id='word_1_151' title='bbox 3505 525 3602 579; x_wconf 86' lang='lat' dir='ltr'><strong>atis</strong></span> <span class='ocrx_word' id='word_1_152' title='bbox 3640 526 3736 581; x_wconf 84' lang='lat' dir='ltr'><strong>ali-</strong></span> 
     </span>
    </p>
   </div>
   <div class='ocr_carea' id='block_1_21' title="bbox 2156 613 3739 688">
    <p class='ocr_par' dir='ltr' id='par_1_21' title="bbox 2156 613 3739 688">
     <span class='ocr_line' id='line_1_21' title="bbox 2156 613 3739 688; baseline 0.003 -21"><span class='ocrx_word' id='word_1_153' title='bbox 2156 631 2315 688; x_wconf 83' lang='lat' dir='ltr'><strong>quem</strong></span> <span class='ocrx_word' id='word_1_154' title='bbox 2373 615 2618 685; x_wconf 90' lang='lat' dir='ltr'><strong>reperiri,</strong></span> <span class='ocrx_word' id='word_1_155' title='bbox 2652 623 2711 669; x_wconf 91' lang='lat' dir='ltr'><strong>ut</strong></span> <span class='ocrx_word' id='word_1_156' title='bbox 2737 613 2805 668; x_wconf 87' lang='lat' dir='ltr'><strong>de</strong></span> <span class='ocrx_word' id='word_1_157' title='bbox 2853 613 2945 668; x_wconf 91' lang='lat' dir='ltr'><strong>Dei</strong></span> <span class='ocrx_word' id='word_1_158' title='bbox 2999 614 3197 683; x_wconf 78' lang='lat' dir='ltr'><strong>pietate</strong></span> <span class='ocrx_word' id='word_1_159' title='bbox 3242 613 3456 685; x_wconf 85' lang='lat' dir='ltr'><strong>despert</strong></span> <span class='ocrx_word' id='word_1_160' title='bbox 3524 633 3538 669; x_wconf 90' lang='lat'><strong>:</strong></span> <span class='ocrx_word' id='word_1_161' title='bbox 3589 618 3739 686; x_wconf 85' lang='lat' dir='ltr'><strong>quasi</strong></span> 
     </span>
    </p>
   </div>
   <div class='ocr_carea' id='block_1_22' title="bbox 2158 706 3750 778">
    <p class='ocr_par' dir='ltr' id='par_1_22' title="bbox 2158 706 3750 778">
     <span class='ocr_line' id='line_1_22' title="bbox 2158 706 3750 778; baseline -0.003 -15"><span class='ocrx_word' id='word_1_162' title='bbox 2158 723 2264 763; x_wconf 92' lang='lat' dir='ltr'><strong>non</strong></span> <span class='ocrx_word' id='word_1_163' title='bbox 2288 706 2458 778; x_wconf 63' lang='lat' dir='ltr'><strong>possit</strong></span> <span class='ocrx_word' id='word_1_164' title='bbox 2487 706 2550 759; x_wconf 89' lang='lat' dir='ltr'><strong>ad</strong></span> <span class='ocrx_word' id='word_1_165' title='bbox 2597 721 2656 760; x_wconf 86' lang='lat' dir='ltr'><strong>se</strong></span> <span class='ocrx_word' id='word_1_166' title='bbox 2692 706 2887 777; x_wconf 86' lang='lat' dir='ltr'><strong>quovis</strong></span> <span class='ocrx_word' id='word_1_167' title='bbox 2938 713 3185 773; x_wconf 89' lang='lat' dir='ltr'><strong>tempore</strong></span> <span class='ocrx_word' id='word_1_168' title='bbox 3228 718 3456 760; x_wconf 89' lang='lat' dir='ltr'><strong>concurr</strong></span> <span class='ocrx_word' id='word_1_169' title='bbox 3505 707 3573 760; x_wconf 88' lang='lat' dir='ltr'><strong>oti</strong></span> <span class='ocrx_word' id='word_1_170' title='bbox 3621 721 3750 761; x_wconf 78' lang='lat' dir='ltr'><strong>suc-</strong></span> 
     </span>
    </p>
   </div>
   <div class='ocr_carea' id='block_1_23' title="bbox 2158 797 3741 867">
    <p class='ocr_par' dir='ltr' id='par_1_23' title="bbox 2158 797 3741 867">
     <span class='ocr_line' id='line_1_23' title="bbox 2158 797 3741 867; baseline -0.003 -11"><span class='ocrx_word' id='word_1_171' title='bbox 2158 814 2402 866; x_wconf 87' lang='lat' dir='ltr'><strong>currere,</strong></span> <span class='ocrx_word' id='word_1_172' title='bbox 2424 808 2477 854; x_wconf 87' lang='lat' dir='ltr'><strong>et</strong></span> <span class='ocrx_word' id='word_1_173' title='bbox 2514 797 2905 867; x_wconf 81' lang='lat' dir='ltr'><strong>periclitantem</strong></span> <span class='ocrx_word' id='word_1_174' title='bbox 2937 797 3036 851; x_wconf 86' lang='lat' dir='ltr'><strong>sub</strong></span> <span class='ocrx_word' id='word_1_175' title='bbox 3065 812 3232 851; x_wconf 88' lang='lat' dir='ltr'><strong>onere</strong></span> <span class='ocrx_word' id='word_1_176' title='bbox 3260 808 3460 866; x_wconf 71' lang='lat' dir='ltr'><strong>peccati</strong></span> <span class='ocrx_word' id='word_1_177' title='bbox 3505 813 3601 851; x_wconf 70' lang='grc' dir='ltr'>ἰιιιι</span> <span class='ocrx_word' id='word_1_178' title='bbox 3641 797 3741 852; x_wconf 89' lang='lat' dir='ltr'><strong>ho-</strong></span> 
     </span>
    </p>
   </div>
   <div class='ocr_carea' id='block_1_24' title="bbox 2160 888 3743 959">
    <p class='ocr_par' dir='ltr' id='par_1_24' title="bbox 2160 888 3743 959">
     <span class='ocr_line' id='line_1_24' title="bbox 2160 888 3743 959; baseline -0.002 -12"><span class='ocrx_word' id='word_1_179' title='bbox 2160 892 2381 957; x_wconf 89' lang='lat' dir='ltr'><strong>minem,</strong></span> <span class='ocrx_word' id='word_1_180' title='bbox 2423 889 2666 959; x_wconf 88' lang='lat' dir='ltr'><strong>pondere</strong></span> <span class='ocrx_word' id='word_1_181' title='bbox 2692 904 2799 957; x_wconf 84' lang='lat' dir='ltr'><strong>quo</strong></span> <span class='ocrx_word' id='word_1_182' title='bbox 2822 903 2881 942; x_wconf 90' lang='lat' dir='ltr'><strong>se</strong></span> <span class='ocrx_word' id='word_1_183' title='bbox 2915 888 3006 942; x_wconf 90' lang='lat' dir='ltr'><strong>ille</strong></span> <span class='ocrx_word' id='word_1_184' title='bbox 3027 888 3462 957; x_wconf 76' lang='lat' dir='ltr'><strong>expediridesidt</strong></span> <span class='ocrx_word' id='word_1_185' title='bbox 3508 898 3581 954; x_wconf 85' lang='lat' dir='ltr'><strong>at,</strong></span> <span class='ocrx_word' id='word_1_186' title='bbox 3606 889 3743 944; x_wconf 87' lang='lat' dir='ltr'><strong>libe-</strong></span> 
     </span>
    </p>
   </div>
   <div class='ocr_carea' id='block_1_25' title="bbox 2160 979 3742 1050">
    <p class='ocr_par' dir='ltr' id='par_1_25' title="bbox 2160 979 3742 1050">
     <span class='ocr_line' id='line_1_25' title="bbox 2160 979 3742 1050; baseline -0.001 -13"><span class='ocrx_word' id='word_1_187' title='bbox 2160 998 2301 1038; x_wconf 89' lang='lat' dir='ltr'><strong>rare.</strong></span> <span class='ocrx_word' id='word_1_188' title='bbox 2355 980 2493 1048; x_wconf 83' lang='lat' dir='ltr'><strong>Quid</strong></span> <span class='ocrx_word' id='word_1_189' title='bbox 2551 981 2673 1044; x_wconf 90' lang='lat' dir='ltr'><strong>hoc,</strong></span> <span class='ocrx_word' id='word_1_190' title='bbox 2725 995 2875 1048; x_wconf 83' lang='lat' dir='ltr'><strong>rogo,</strong></span> <span class='ocrx_word' id='word_1_191' title='bbox 2930 979 3075 1034; x_wconf 86' lang='lat' dir='ltr'><strong>aliud</strong></span> <span class='ocrx_word' id='word_1_192' title='bbox 3130 988 3234 1045; x_wconf 85' lang='lat' dir='ltr'><strong>est,</strong></span> <span class='ocrx_word' id='word_1_193' title='bbox 3282 996 3443 1050; x_wconf 86' lang='lat' dir='ltr'><strong>quam</strong></span> <span class='ocrx_word' id='word_1_194' title='bbox 3510 981 3742 1036; x_wconf 80' lang='lat' dir='ltr'><strong>nurienti</strong></span> 
     </span>
    </p>
   </div>
   <div class='ocr_carea' id='block_1_26' title="bbox 2162 1070 3747 1140">
    <p class='ocr_par' dir='ltr' id='par_1_26' title="bbox 2162 1070 3747 1140">
     <span class='ocr_line' id='line_1_26' title="bbox 2162 1070 3747 1140; baseline 0 -12"><span class='ocrx_word' id='word_1_195' title='bbox 2162 1083 2389 1128; x_wconf 90' lang='lat' dir='ltr'><strong>mortem</strong></span> <span class='ocrx_word' id='word_1_196' title='bbox 2413 1070 2632 1137; x_wconf 88' lang='lat' dir='ltr'><strong>addere,</strong></span> <span class='ocrx_word' id='word_1_197' title='bbox 2662 1070 2890 1140; x_wconf 73' lang='lat' dir='ltr'><strong>ejusque</strong></span> <span class='ocrx_word' id='word_1_198' title='bbox 2912 1071 3147 1125; x_wconf 87' lang='lat' dir='ltr'><strong>animam</strong></span> <span class='ocrx_word' id='word_1_199' title='bbox 3187 1086 3280 1126; x_wconf 89' lang='lat' dir='ltr'><strong>sua</strong></span> <span class='ocrx_word' id='word_1_200' title='bbox 3309 1072 3466 1128; x_wconf 69' lang='lat' dir='ltr'><strong>crude</strong></span> <span class='ocrx_word' id='word_1_201' title='bbox 3505 1074 3649 1138; x_wconf 84' lang='lat' dir='ltr'><strong>itate,</strong></span> <span class='ocrx_word' id='word_1_202' title='bbox 3680 1089 3747 1128; x_wconf 88' lang='lat' dir='ltr'><strong>ne</strong></span> 
     </span>
    </p>
   </div>
   <div class='ocr_carea' id='block_1_27' title="bbox 2160 1161 3749 1231">
    <p class='ocr_par' dir='ltr' id='par_1_27' title="bbox 2160 1161 3749 1231">
     <span class='ocr_line' id='line_1_27' title="bbox 2160 1161 3749 1231; baseline 0 -12"><span class='ocrx_word' id='word_1_203' title='bbox 2160 1164 2404 1219; x_wconf 88' lang='lat' dir='ltr'><strong>absoluta</strong></span> <span class='ocrx_word' id='word_1_204' title='bbox 2453 1175 2575 1217; x_wconf 88' lang='lat' dir='ltr'><strong>esse</strong></span> <span class='ocrx_word' id='word_1_205' title='bbox 2602 1161 2791 1231; x_wconf 88' lang='lat' dir='ltr'><strong>possit,</strong></span> <span class='ocrx_word' id='word_1_206' title='bbox 2820 1161 3111 1218; x_wconf 82' lang='lat' dir='ltr'><strong>occidere?</strong></span> <span class='ocrx_word' id='word_1_207' title='bbox 3132 1177 3257 1217; x_wconf 87' lang='lat' dir='ltr'><strong>cum</strong></span> <span class='ocrx_word' id='word_1_208' title='bbox 3294 1163 3436 1219; x_wconf 85' lang='lat' dir='ltr'><strong>Deus</strong></span> <span class='ocrx_word' id='word_1_209' title='bbox 3462 1184 3468 1218; x_wconf 74' lang='grc' dir='ltr'><strong>ί</strong></span> <span class='ocrx_word' id='word_1_210' title='bbox 3505 1163 3529 1217; x_wconf 84' lang='lat' dir='ltr'><strong>d</strong></span> <span class='ocrx_word' id='word_1_211' title='bbox 3554 1164 3749 1219; x_wconf 79' lang='lat' dir='ltr'><strong>subvo-</strong></span> 
     </span>
    </p>
   </div>
   <div class='ocr_carea' id='block_1_28' title="bbox 2164 1252 3752 1324">
    <p class='ocr_par' dir='ltr' id='par_1_28' title="bbox 2164 1252 3752 1324">
     <span class='ocr_line' id='line_1_28' title="bbox 2164 1252 3752 1324; baseline -0.001 -14"><span class='ocrx_word' id='word_1_212' title='bbox 2164 1254 2420 1310; x_wconf 87' lang='lat' dir='ltr'><strong>niendnm</strong></span> <span class='ocrx_word' id='word_1_213' title='bbox 2453 1252 2853 1321; x_wconf 89' lang='lat' dir='ltr'><strong>paratissimus,</strong></span> <span class='ocrx_word' id='word_1_214' title='bbox 2885 1252 3120 1308; x_wconf 90' lang='lat' dir='ltr'><strong>invitans</strong></span> <span class='ocrx_word' id='word_1_215' title='bbox 3142 1253 3206 1307; x_wconf 91' lang='lat' dir='ltr'><strong>ad</strong></span> <span class='ocrx_word' id='word_1_216' title='bbox 3248 1255 3470 1324; x_wconf 69' lang='lat' dir='ltr'><strong>pinnith</strong></span> <span class='ocrx_word' id='word_1_217' title='bbox 3505 1256 3649 1319; x_wconf 75' lang='lat' dir='ltr'><strong>tiam,</strong></span> <span class='ocrx_word' id='word_1_218' title='bbox 3671 1254 3752 1309; x_wconf 90' lang='lat' dir='ltr'><strong>sic</strong></span> 
     </span>
    </p>
   </div>
   <div class='ocr_carea' id='block_1_29' title="bbox 2164 1345 3752 1420">
    <p class='ocr_par' dir='ltr' id='par_1_29' title="bbox 2164 1345 3752 1420">
     <span class='ocr_line' id='line_1_29' title="bbox 2164 1345 3752 1420; baseline -0.003 -15"><span class='ocrx_word' id='word_1_219' title='bbox 2164 1350 2445 1420; x_wconf 86' lang='lat' dir='ltr'><strong>promittat</strong></span> <span class='ocrx_word' id='word_1_220' title='bbox 2474 1364 2487 1400; x_wconf 90' lang='lat'>:</span> <span class='ocrx_word' id='word_1_221' title='bbox 2540 1345 2804 1411; x_wconf 83' lang='lat' dir='ltr'><strong>Peccator,</strong></span> <span class='ocrx_word' id='word_1_222' title='bbox 2842 1346 3034 1417; x_wconf 85' lang='lat' dir='ltr'><strong>inquit,</strong></span> <span class='ocrx_word' id='word_1_223' title='bbox 3079 1362 3402 1418; x_wconf 82' lang='lat' dir='ltr'><strong>quacumque</strong></span> <span class='ocrx_word' id='word_1_224' title='bbox 3428 1348 3472 1401; x_wconf 71' lang='lat' dir='ltr'><strong>da</strong></span> <span class='ocrx_word' id='word_1_225' title='bbox 3505 1364 3512 1395; x_wconf 68' lang='grc' dir='ltr'><strong><em>τ</em></strong></span> <span class='ocrx_word' id='word_1_226' title='bbox 3539 1363 3752 1401; x_wconf 71' lang='lat' dir='ltr'><strong>corruer-</strong></span> 
     </span>
    </p>
   </div>
   <div class='ocr_carea' id='block_1_30' title="bbox 2161 1436 3750 1513">
    <p class='ocr_par' dir='ltr' id='par_1_30' title="bbox 2161 1436 3750 1513">
     <span class='ocr_line' id='line_1_30' title="bbox 2161 1436 3750 1513; baseline -0.005 -15"><span class='ocrx_word' id='word_1_227' title='bbox 2161 1461 2249 1498; x_wconf 84' lang='lat' dir='ltr'><strong>sus</strong></span> <span class='ocrx_word' id='word_1_228' title='bbox 2279 1442 2459 1513; x_wconf 78' lang='lat' dir='ltr'><strong>fuerit,</strong></span> <span class='ocrx_word' id='word_1_229' title='bbox 2493 1448 2703 1510; x_wconf 84' lang='lat' dir='ltr'><strong>peccata</strong></span> <span class='ocrx_word' id='word_1_230' title='bbox 2754 1438 2865 1507; x_wconf 83' lang='lat' dir='ltr'><strong>ejus</strong></span> <span class='ocrx_word' id='word_1_231' title='bbox 2892 1454 2994 1493; x_wconf 87' lang='lat' dir='ltr'><strong>non</strong></span> <span class='ocrx_word' id='word_1_232' title='bbox 3020 1438 3417 1507; x_wconf 83' lang='lat' dir='ltr'><strong>intputabuntur</strong></span> <span class='ocrx_word' id='word_1_233' title='bbox 3439 1456 3474 1493; x_wconf 59' lang='grc' dir='ltr'>ει</span> <span class='ocrx_word' id='word_1_234' title='bbox 3508 1436 3750 1507; x_wconf 74' lang='grc' dir='ltr'><strong>(ΕιεεΙι.</strong></span> 
     </span>
    </p>
   </div>
   <div class='ocr_carea' id='block_1_31' title="bbox 2162 1530 3753 1600">
    <p class='ocr_par' dir='ltr' id='par_1_31' title="bbox 2162 1530 3753 1600">
     <span class='ocr_line' id='line_1_31' title="bbox 2162 1530 3753 1600; baseline -0.003 -10"><span class='ocrx_word' id='word_1_235' title='bbox 2162 1550 2353 1597; x_wconf 69' lang='lat' dir='ltr'><strong>sum,</strong></span> <span class='ocrx_word' id='word_1_236' title='bbox 2391 1532 2502 1599; x_wconf 82' lang='lat' dir='ltr'><strong>l5).</strong></span> <span class='ocrx_word' id='word_1_237' title='bbox 2553 1532 2623 1586; x_wconf 84' lang='lat' dir='ltr'><strong>Et</strong></span> <span class='ocrx_word' id='word_1_238' title='bbox 2652 1531 2846 1586; x_wconf 88' lang='lat' dir='ltr'><strong>iterum</strong></span> <span class='ocrx_word' id='word_1_239' title='bbox 2881 1548 2896 1584; x_wconf 87' lang='lat'><strong>:</strong></span> <span class='ocrx_word' id='word_1_240' title='bbox 2928 1530 3071 1585; x_wconf 84' lang='lat' dir='ltr'><strong>Nolo</strong></span> <span class='ocrx_word' id='word_1_241' title='bbox 3112 1540 3328 1585; x_wconf 86' lang='lat' dir='ltr'><strong>mortem</strong></span> <span class='ocrx_word' id='word_1_242' title='bbox 3374 1540 3398 1568; x_wconf 70' lang='grc' dir='ltr'>ε</span> <span class='ocrx_word' id='word_1_243' title='bbox 3448 1547 3474 1600; x_wconf 79' lang='lat' dir='ltr'><strong>p</strong></span> <span class='ocrx_word' id='word_1_244' title='bbox 3505 1531 3753 1593; x_wconf 64' lang='grc' dir='ltr'><strong>ἀιτιοι-ὴ.</strong></span> 
     </span>
    </p>
   </div>
   <div class='ocr_carea' id='block_1_32' title="bbox 2160 1622 3751 1695">
    <p class='ocr_par' dir='ltr' id='par_1_32' title="bbox 2160 1622 3751 1695">
     <span class='ocr_line' id='line_1_32' title="bbox 2160 1622 3751 1695; baseline -0.003 -13"><span class='ocrx_word' id='word_1_245' title='bbox 2160 1628 2251 1683; x_wconf 83' lang='lat' dir='ltr'><strong>sed</strong></span> <span class='ocrx_word' id='word_1_246' title='bbox 2306 1633 2503 1679; x_wconf 86' lang='lat' dir='ltr'><strong>tantum</strong></span> <span class='ocrx_word' id='word_1_247' title='bbox 2552 1632 2910 1689; x_wconf 80' lang='lat' dir='ltr'><strong>convertatur,</strong></span> <span class='ocrx_word' id='word_1_248' title='bbox 2963 1633 3010 1678; x_wconf 85' lang='lat' dir='ltr'><strong>et</strong></span> <span class='ocrx_word' id='word_1_249' title='bbox 3060 1625 3193 1679; x_wconf 84' lang='lat' dir='ltr'><strong>vivat</strong></span> <span class='ocrx_word' id='word_1_250' title='bbox 3232 1622 3478 1691; x_wconf 72' lang='lat' dir='ltr'><strong>(Ibid.,s</strong></span> <span class='ocrx_word' id='word_1_251' title='bbox 3505 1625 3751 1695; x_wconf 69' lang='lat' dir='ltr'><strong>ttti,25).</strong></span> 
     </span>
    </p>
   </div>
   <div class='ocr_carea' id='block_1_33' title="bbox 2164 1714 3757 1787">
    <p class='ocr_par' dir='ltr' id='par_1_33' title="bbox 2164 1714 3757 1787">
     <span class='ocr_line' id='line_1_33' title="bbox 2164 1714 3757 1787; baseline -0.003 -13"><span class='ocrx_word' id='word_1_252' title='bbox 2164 1718 2405 1774; x_wconf 86' lang='lat' dir='ltr'><strong>Salutem</strong></span> <span class='ocrx_word' id='word_1_253' title='bbox 2430 1730 2559 1787; x_wconf 90' lang='lat' dir='ltr'><strong>ergo</strong></span> <span class='ocrx_word' id='word_1_254' title='bbox 2608 1715 2815 1770; x_wconf 80' lang='lat' dir='ltr'><strong>homini</strong></span> <span class='ocrx_word' id='word_1_255' title='bbox 2844 1715 3051 1781; x_wconf 86' lang='lat' dir='ltr'><strong>adimit,</strong></span> <span class='ocrx_word' id='word_1_256' title='bbox 3079 1714 3322 1786; x_wconf 87' lang='lat' dir='ltr'><strong>quisquis</strong></span> <span class='ocrx_word' id='word_1_257' title='bbox 3350 1728 3480 1771; x_wconf 88' lang='lat' dir='ltr'><strong>mort</strong></span> <span class='ocrx_word' id='word_1_258' title='bbox 3505 1719 3543 1770; x_wconf 77' lang='lat' dir='ltr'><strong>is</strong></span> <span class='ocrx_word' id='word_1_259' title='bbox 3562 1716 3586 1755; x_wconf 74' lang='grc' dir='ltr'><strong>ι</strong></span> <span class='ocrx_word' id='word_1_260' title='bbox 3617 1733 3757 1786; x_wconf 74' lang='lat' dir='ltr'><strong>prze—</strong></span> 
     </span>
    </p>
   </div>
   <div class='ocr_carea' id='block_1_34' title="bbox 478 1806 3758 1888">
    <p class='ocr_par' dir='ltr' id='par_1_34' title="bbox 478 1806 3758 1888">
     <span class='ocr_line' id='line_1_34' title="bbox 478 1806 3758 1888; baseline -0.005 -7"><span class='ocrx_word' id='word_1_261' title='bbox 478 1840 597 1881; x_wconf 89' lang='lat' dir='ltr'><strong>rum</strong></span> <span class='ocrx_word' id='word_1_262' title='bbox 658 1829 1035 1888; x_wconf 86' lang='lat' dir='ltr'><strong>tantorumque</strong></span> <span class='ocrx_word' id='word_1_263' title='bbox 1088 1814 1398 1884; x_wconf 90' lang='lat' dir='ltr'><strong>pontiﬁcum</strong></span> <span class='ocrx_word' id='word_1_264' title='bbox 1445 1813 1497 1866; x_wconf 90' lang='lat' dir='ltr'><strong>in</strong></span> <span class='ocrx_word' id='word_1_265' title='bbox 1543 1812 1773 1866; x_wconf 91' lang='lat' dir='ltr'><strong>alterum</strong></span> <span class='ocrx_word' id='word_1_266' title='bbox 1819 1809 2056 1864; x_wconf 82' lang='lat' dir='ltr'><strong>habitum</strong></span> <span class='ocrx_word' id='word_1_267' title='bbox 2092 1814 2137 1873; x_wconf 88' lang='lat' dir='ltr'><strong>B</strong></span> <span class='ocrx_word' id='word_1_268' title='bbox 2165 1810 2305 1867; x_wconf 88' lang='lat' dir='ltr'><strong>teriti</strong></span> <span class='ocrx_word' id='word_1_269' title='bbox 2333 1818 2578 1879; x_wconf 89' lang='lat' dir='ltr'><strong>tempore</strong></span> <span class='ocrx_word' id='word_1_270' title='bbox 2618 1807 2991 1877; x_wconf 72' lang='lat' dir='ltr'><strong>pmoitentiam</strong></span> <span class='ocrx_word' id='word_1_271' title='bbox 3024 1806 3326 1878; x_wconf 85' lang='lat' dir='ltr'><strong>denegarit.</strong></span> <span class='ocrx_word' id='word_1_272' title='bbox 3381 1808 3450 1863; x_wconf 84' lang='lat' dir='ltr'><strong>Et</strong></span> <span class='ocrx_word' id='word_1_273' title='bbox 3505 1807 3758 1879; x_wconf 57' lang='lat' dir='ltr'><strong>tleSpcra.</strong></span> 
     </span>
    </p>
   </div>
   <div class='ocr_carea' id='block_1_35' title="bbox 478 1900 2062 1971">
    <p class='ocr_par' dir='ltr' id='par_1_35' title="bbox 478 1900 2062 1971">
     <span class='ocr_line' id='line_1_35' title="bbox 478 1900 2062 1971; baseline -0.011 0"><span class='ocrx_word' id='word_1_274' title='bbox 478 1911 815 1971; x_wconf 89' lang='lat' dir='ltr'><strong>consuetudo</strong></span> <span class='ocrx_word' id='word_1_275' title='bbox 841 1908 1124 1964; x_wconf 82' lang='lat' dir='ltr'><strong>vertatur?</strong></span> <span class='ocrx_word' id='word_1_276' title='bbox 1155 1903 1507 1960; x_wconf 84' lang='lat' dir='ltr'><strong>Discernendi</strong></span> <span class='ocrx_word' id='word_1_277' title='bbox 1543 1913 1565 1941; x_wconf 75' lang='grc' dir='ltr'><strong><em>ο</em></strong></span> <span class='ocrx_word' id='word_1_278' title='bbox 1607 1918 1633 1954; x_wconf 91' lang='lat' dir='ltr'><strong>a</strong></span> <span class='ocrx_word' id='word_1_279' title='bbox 1669 1901 1823 1971; x_wconf 88' lang='lat' dir='ltr'><strong>plebe</strong></span> <span class='ocrx_word' id='word_1_280' title='bbox 1845 1900 1928 1955; x_wconf 88' lang='lat' dir='ltr'><strong>vel</strong></span> <span class='ocrx_word' id='word_1_281' title='bbox 1957 1914 2062 1955; x_wconf 67' lang='lat' dir='ltr'><strong>ete-</strong></span> 
     </span>
    </p>
   </div>
   <div class='ocr_carea' id='block_1_36' title="bbox 482 1993 2061 2066">
    <p class='ocr_par' dir='ltr' id='par_1_36' title="bbox 482 1993 2061 2066">
     <span class='ocr_line' id='line_1_36' title="bbox 482 1993 2061 2066; baseline -0.009 -5"><span class='ocrx_word' id='word_1_282' title='bbox 482 2007 614 2062; x_wconf 89' lang='lat' dir='ltr'><strong>teris</strong></span> <span class='ocrx_word' id='word_1_283' title='bbox 634 2018 820 2061; x_wconf 89' lang='lat' dir='ltr'><strong>sumus</strong></span> <span class='ocrx_word' id='word_1_284' title='bbox 848 2001 1117 2066; x_wconf 80' lang='lat' dir='ltr'><strong>doctrina,</strong></span> <span class='ocrx_word' id='word_1_285' title='bbox 1149 2013 1255 2052; x_wconf 87' lang='lat' dir='ltr'><strong>non</strong></span> <span class='ocrx_word' id='word_1_286' title='bbox 1280 2004 1463 2061; x_wconf 83' lang='lat' dir='ltr'><strong>veste;</strong></span> <span class='ocrx_word' id='word_1_287' title='bbox 1491 1993 1923 2059; x_wconf 85' lang='lat' dir='ltr'><strong>conversatione,</strong></span> <span class='ocrx_word' id='word_1_288' title='bbox 1956 2007 2061 2047; x_wconf 92' lang='lat' dir='ltr'><strong>non</strong></span> 
     </span>
    </p>
   </div>
   <div class='ocr_carea' id='block_1_37' title="bbox 482 2083 2066 2162">
    <p class='ocr_par' dir='ltr' id='par_1_37' title="bbox 482 2083 2066 2162">
     <span class='ocr_line' id='line_1_37' title="bbox 482 2083 2066 2162; baseline -0.009 -9"><span class='ocrx_word' id='word_1_289' title='bbox 482 2098 709 2162; x_wconf 86' lang='lat' dir='ltr'><strong>habitu;</strong></span> <span class='ocrx_word' id='word_1_290' title='bbox 761 2093 957 2151; x_wconf 90' lang='lat' dir='ltr'><strong>mentis</strong></span> <span class='ocrx_word' id='word_1_291' title='bbox 985 2090 1240 2160; x_wconf 86' lang='lat' dir='ltr'><strong>puritate,</strong></span> <span class='ocrx_word' id='word_1_292' title='bbox 1274 2103 1380 2144; x_wconf 90' lang='lat' dir='ltr'><strong>non</strong></span> <span class='ocrx_word' id='word_1_293' title='bbox 1405 2088 1575 2143; x_wconf 91' lang='lat' dir='ltr'><strong>cultu.</strong></span> <span class='ocrx_word' id='word_1_294' title='bbox 1604 2085 1737 2141; x_wconf 87' lang='lat' dir='ltr'><strong>Nam</strong></span> <span class='ocrx_word' id='word_1_295' title='bbox 1768 2086 1816 2140; x_wconf 91' lang='lat' dir='ltr'><strong>si</strong></span> <span class='ocrx_word' id='word_1_296' title='bbox 1843 2083 2066 2141; x_wconf 87' lang='lat' dir='ltr'><strong>studere</strong></span> 
     </span>
    </p>
   </div>
   <div class='ocr_carea' id='block_1_38' title="bbox 485 2176 2067 2261">
    <p class='ocr_par' dir='ltr' id='par_1_38' title="bbox 485 2176 2067 2261">
     <span class='ocr_line' id='line_1_38' title="bbox 485 2176 2067 2261; baseline -0.009 -16"><span class='ocrx_word' id='word_1_297' title='bbox 485 2191 806 2261; x_wconf 86' lang='lat' dir='ltr'><strong>incipiamus</strong></span> <span class='ocrx_word' id='word_1_298' title='bbox 835 2184 1086 2252; x_wconf 81' lang='lat' dir='ltr'><strong>novitati,</strong></span> <span class='ocrx_word' id='word_1_299' title='bbox 1117 2176 1372 2239; x_wconf 79' lang='lat' dir='ltr'><strong>traditum</strong></span> <span class='ocrx_word' id='word_1_300' title='bbox 1397 2180 1551 2236; x_wconf 90' lang='lat' dir='ltr'><strong>nobis</strong></span> <span class='ocrx_word' id='word_1_301' title='bbox 1590 2193 1621 2234; x_wconf 91' lang='lat' dir='ltr'><strong>a</strong></span> <span class='ocrx_word' id='word_1_302' title='bbox 1653 2177 1892 2249; x_wconf 86' lang='lat' dir='ltr'><strong>patribus</strong></span> <span class='ocrx_word' id='word_1_303' title='bbox 1916 2176 2067 2233; x_wconf 83' lang='lat' dir='ltr'><strong>ordi-</strong></span> 
     </span>
    </p>
   </div>
   <div class='ocr_carea' id='block_1_39' title="bbox 484 2268 2070 2343">
    <p class='ocr_par' dir='ltr' id='par_1_39' title="bbox 484 2268 2070 2343">
     <span class='ocr_line' id='line_1_39' title="bbox 484 2268 2070 2343; baseline -0.01 -4"><span class='ocrx_word' id='word_1_304' title='bbox 484 2298 610 2339; x_wconf 88' lang='lat' dir='ltr'><strong>nem</strong></span> <span class='ocrx_word' id='word_1_305' title='bbox 636 2278 981 2340; x_wconf 89' lang='lat' dir='ltr'><strong>calcabimus,</strong></span> <span class='ocrx_word' id='word_1_306' title='bbox 1012 2284 1071 2331; x_wconf 88' lang='lat' dir='ltr'><strong>ut</strong></span> <span class='ocrx_word' id='word_1_307' title='bbox 1110 2274 1286 2329; x_wconf 92' lang='lat' dir='ltr'><strong>locum</strong></span> <span class='ocrx_word' id='word_1_308' title='bbox 1340 2270 1691 2343; x_wconf 89' lang='lat' dir='ltr'><strong>supervacuis</strong></span> <span class='ocrx_word' id='word_1_309' title='bbox 1730 2268 2070 2339; x_wconf 55' lang='lat' dir='ltr'><strong>superstitio.</strong></span> 
     </span>
    </p>
   </div>
   <div class='ocr_carea' id='block_1_40' title="bbox 486 2359 2069 2437">
    <p class='ocr_par' dir='ltr' id='par_1_40' title="bbox 486 2359 2069 2437">
     <span class='ocr_line' id='line_1_40' title="bbox 486 2359 2069 2437; baseline -0.009 -9"><span class='ocrx_word' id='word_1_310' title='bbox 486 2374 647 2428; x_wconf 87' lang='lat' dir='ltr'><strong>nibus</strong></span> <span class='ocrx_word' id='word_1_311' title='bbox 672 2369 950 2426; x_wconf 79' lang='lat' dir='ltr'><strong>iaciamus.</strong></span> <span class='ocrx_word' id='word_1_312' title='bbox 971 2365 1153 2421; x_wconf 83' lang='lat' dir='ltr'><strong>Rudes</strong></span> <span class='ocrx_word' id='word_1_313' title='bbox 1175 2377 1304 2433; x_wconf 90' lang='lat' dir='ltr'><strong>ergo</strong></span> <span class='ocrx_word' id='word_1_314' title='bbox 1331 2363 1570 2417; x_wconf 88' lang='lat' dir='ltr'><strong>ﬁdelium</strong></span> <span class='ocrx_word' id='word_1_315' title='bbox 1599 2370 1812 2417; x_wconf 86' lang='lat' dir='ltr'><strong>mentes</strong></span> <span class='ocrx_word' id='word_1_316' title='bbox 1842 2360 1909 2415; x_wconf 92' lang='lat' dir='ltr'><strong>ad</strong></span> <span class='ocrx_word' id='word_1_317' title='bbox 1941 2359 2069 2437; x_wconf 82' lang='lat' dir='ltr'><strong>talia</strong></span> 
     </span>
    </p>
   </div>
   <div class='ocr_carea' id='block_1_41' title="bbox 488 2451 2074 2521">
    <p class='ocr_par' dir='ltr' id='par_1_41' title="bbox 488 2451 2074 2521">
     <span class='ocr_line' id='line_1_41' title="bbox 488 2451 2074 2521; baseline -0.009 -1"><span class='ocrx_word' id='word_1_318' title='bbox 488 2481 595 2520; x_wconf 91' lang='lat' dir='ltr'><strong>non</strong></span> <span class='ocrx_word' id='word_1_319' title='bbox 636 2461 895 2517; x_wconf 86' lang='lat' dir='ltr'><strong>debemus</strong></span> <span class='ocrx_word' id='word_1_320' title='bbox 926 2457 1204 2514; x_wconf 87' lang='lat' dir='ltr'><strong>inducere.</strong></span> <span class='ocrx_word' id='word_1_321' title='bbox 1232 2454 1470 2510; x_wconf 87' lang='lat' dir='ltr'><strong>Docendi</strong></span> <span class='ocrx_word' id='word_1_322' title='bbox 1510 2452 1656 2508; x_wconf 89' lang='lat' dir='ltr'><strong>enim</strong></span> <span class='ocrx_word' id='word_1_323' title='bbox 1704 2459 1831 2506; x_wconf 86' lang='lat' dir='ltr'><strong>sunt</strong></span> <span class='ocrx_word' id='word_1_324' title='bbox 1894 2451 2074 2521; x_wconf 86' lang='lat' dir='ltr'><strong>potius</strong></span> 
     </span>
    </p>
   </div>
   <div class='ocr_carea' id='block_1_42' title="bbox 488 2540 2074 2624">
    <p class='ocr_par' dir='ltr' id='par_1_42' title="bbox 488 2540 2074 2624">
     <span class='ocr_line' id='line_1_42' title="bbox 488 2540 2074 2624; baseline -0.008 -16"><span class='ocrx_word' id='word_1_325' title='bbox 488 2567 649 2624; x_wconf 84' lang='lat' dir='ltr'><strong>quam</strong></span> <span class='ocrx_word' id='word_1_326' title='bbox 676 2548 702 2588; x_wconf 80' lang='grc' dir='ltr'><strong>ιι</strong></span> <span class='ocrx_word' id='word_1_327' title='bbox 725 2548 963 2606; x_wconf 86' lang='lat' dir='ltr'><strong>ludendi.</strong></span> <span class='ocrx_word' id='word_1_328' title='bbox 993 2546 1103 2602; x_wconf 83' lang='lat' dir='ltr'><strong>Nec</strong></span> <span class='ocrx_word' id='word_1_329' title='bbox 1128 2543 1512 2615; x_wconf 86' lang='lat' dir='ltr'><strong>imponendum</strong></span> <span class='ocrx_word' id='word_1_330' title='bbox 1534 2557 1721 2598; x_wconf 90' lang='lat' dir='ltr'><strong>eorum</strong></span> <span class='ocrx_word' id='word_1_331' title='bbox 1767 2550 1852 2598; x_wconf 89' lang='lat' dir='ltr'><strong>est</strong></span> <span class='ocrx_word' id='word_1_332' title='bbox 1876 2540 2074 2606; x_wconf 79' lang='lat' dir='ltr'><strong>oculis,</strong></span> 
     </span>
    </p>
   </div>
   <div class='ocr_carea' id='block_1_43' title="bbox 495 2633 2079 2705">
    <p class='ocr_par' dir='ltr' id='par_1_43' title="bbox 495 2633 2079 2705">
     <span class='ocr_line' id='line_1_43' title="bbox 495 2633 2079 2705; baseline -0.008 -6"><span class='ocrx_word' id='word_1_333' title='bbox 495 2644 590 2699; x_wconf 78' lang='lat' dir='ltr'><strong>sed</strong></span> <span class='ocrx_word' id='word_1_334' title='bbox 616 2641 885 2696; x_wconf 89' lang='lat' dir='ltr'><strong>mentibus</strong></span> <span class='ocrx_word' id='word_1_335' title='bbox 911 2635 1239 2693; x_wconf 86' lang='lat' dir='ltr'><strong>infundenda</strong></span> <span class='ocrx_word' id='word_1_336' title='bbox 1271 2642 1535 2705; x_wconf 70' lang='lat' dir='ltr'><strong>praecepta</strong></span> <span class='ocrx_word' id='word_1_337' title='bbox 1565 2643 1715 2688; x_wconf 89' lang='lat' dir='ltr'><strong>sunt.</strong></span> <span class='ocrx_word' id='word_1_338' title='bbox 1751 2633 1919 2688; x_wconf 85' lang='lat' dir='ltr'><strong>Erant</strong></span> <span class='ocrx_word' id='word_1_339' title='bbox 1958 2633 2079 2702; x_wconf 89' lang='lat' dir='ltr'><strong>qui-</strong></span> 
     </span>
    </p>
   </div>
   <div class='ocr_carea' id='block_1_44' title="bbox 493 2723 2080 2802">
    <p class='ocr_par' dir='ltr' id='par_1_44' title="bbox 493 2723 2080 2802">
     <span class='ocr_line' id='line_1_44' title="bbox 493 2723 2080 2802; baseline -0.006 -13"><span class='ocrx_word' id='word_1_340' title='bbox 493 2738 613 2791; x_wconf 86' lang='lat' dir='ltr'><strong>dem</strong></span> <span class='ocrx_word' id='word_1_341' title='bbox 636 2734 825 2801; x_wconf 84' lang='lat' dir='ltr'><strong>multa,</strong></span> <span class='ocrx_word' id='word_1_342' title='bbox 858 2746 977 2802; x_wconf 71' lang='lat' dir='ltr'><strong>qua:</strong></span> <span class='ocrx_word' id='word_1_343' title='bbox 995 2744 1091 2799; x_wconf 90' lang='lat' dir='ltr'><strong>pro</strong></span> <span class='ocrx_word' id='word_1_344' title='bbox 1110 2726 1389 2794; x_wconf 84' lang='lat' dir='ltr'><strong>disciplina</strong></span> <span class='ocrx_word' id='word_1_345' title='bbox 1413 2723 1883 2781; x_wconf 85' lang='lat' dir='ltr'><strong>ecclesiasticach</strong></span> <span class='ocrx_word' id='word_1_346' title='bbox 1911 2724 2080 2796; x_wconf 83' lang='lat' dir='ltr'><strong>ipsius</strong></span> 
     </span>
    </p>
   </div>
   <div class='ocr_carea' id='block_1_45' title="bbox 494 2817 2082 2894">
    <p class='ocr_par' dir='ltr' id='par_1_45' title="bbox 494 2817 2082 2894">
     <span class='ocr_line' id='line_1_45' title="bbox 494 2817 2082 2894; baseline -0.008 -9"><span class='ocrx_word' id='word_1_347' title='bbox 494 2833 570 2886; x_wconf 87' lang='lat' dir='ltr'><strong>rei</strong></span> <span class='ocrx_word' id='word_1_348' title='bbox 600 2830 779 2884; x_wconf 86' lang='lat' dir='ltr'><strong>dicere</strong></span> <span class='ocrx_word' id='word_1_349' title='bbox 811 2826 1021 2880; x_wconf 85' lang='lat' dir='ltr'><strong>ratione</strong></span> <span class='ocrx_word' id='word_1_350' title='bbox 1045 2835 1348 2894; x_wconf 76' lang='lat' dir='ltr'><strong>possemus;</strong></span> <span class='ocrx_word' id='word_1_351' title='bbox 1375 2818 1469 2876; x_wconf 90' lang='lat' dir='ltr'><strong>scd</strong></span> <span class='ocrx_word' id='word_1_352' title='bbox 1495 2818 1562 2873; x_wconf 80' lang='lat' dir='ltr'><strong>ab</strong></span> <span class='ocrx_word' id='word_1_353' title='bbox 1591 2817 1675 2873; x_wconf 92' lang='lat' dir='ltr'><strong>his</strong></span> <span class='ocrx_word' id='word_1_354' title='bbox 1696 2817 1761 2873; x_wconf 88' lang='lat' dir='ltr'><strong>ad</strong></span> <span class='ocrx_word' id='word_1_355' title='bbox 1788 2818 1891 2872; x_wconf 90' lang='lat' dir='ltr'><strong>alia</strong></span> <span class='ocrx_word' id='word_1_356' title='bbox 1923 2831 2082 2874; x_wconf 88' lang='lat' dir='ltr'><strong>revo-</strong></span> 
     </span>
    </p>
   </div>
   <div class='ocr_carea' id='block_1_46' title="bbox 493 2939 699 2980">
    <p class='ocr_par' dir='ltr' id='par_1_46' title="bbox 493 2939 699 2980">
     <span class='ocr_line' id='line_1_46' title="bbox 493 2939 699 2980; baseline -0.024 0"><span class='ocrx_word' id='word_1_357' title='bbox 493 2939 699 2980; x_wconf 72' lang='lat' dir='ltr'><strong>Cilllllll&#39;.</strong></span> 
     </span>
    </p>
   </div>
   <div class='ocr_carea' id='block_1_47' title="bbox 565 3005 2082 3079">
    <p class='ocr_par' dir='ltr' id='par_1_47' title="bbox 565 3005 2082 3079">
     <span class='ocr_line' id='line_1_47' title="bbox 565 3005 2082 3079; baseline -0.006 -10"><span class='ocrx_word' id='word_1_358' title='bbox 565 3015 694 3069; x_wconf 74' lang='lat' dir='ltr'><strong>CAP.</strong></span> <span class='ocrx_word' id='word_1_359' title='bbox 732 3013 795 3067; x_wconf 95' lang='lat' dir='ltr'><strong>ll.</strong></span> <span class='ocrx_word' id='word_1_360' title='bbox 820 3011 963 3066; x_wconf 77' lang='lat'><strong>—3.</strong></span> <span class='ocrx_word' id='word_1_361' title='bbox 1013 3008 1342 3079; x_wconf 81' lang='lat' dir='ltr'><strong>Agnovimus</strong></span> <span class='ocrx_word' id='word_1_362' title='bbox 1373 3006 1749 3076; x_wconf 64' lang='lat' dir='ltr'><strong>paenitentiam</strong></span> <span class='ocrx_word' id='word_1_363' title='bbox 1802 3005 2082 3061; x_wconf 73' lang='lat' dir='ltr'><strong>morienti-</strong></span> 
     </span>
    </p>
   </div>
   <div class='ocr_carea' id='block_1_48' title="bbox 498 3097 2085 3174">
    <p class='ocr_par' dir='ltr' id='par_1_48' title="bbox 498 3097 2085 3174">
     <span class='ocr_line' id='line_1_48' title="bbox 498 3097 2085 3174; baseline -0.008 -11"><span class='ocrx_word' id='word_1_364' title='bbox 498 3109 598 3163; x_wconf 92' lang='lat' dir='ltr'><strong>bus</strong></span> <span class='ocrx_word' id='word_1_365' title='bbox 619 3103 896 3174; x_wconf 87' lang='lat' dir='ltr'><strong>denegari,</strong></span> <span class='ocrx_word' id='word_1_366' title='bbox 929 3101 1258 3157; x_wconf 89' lang='lat' dir='ltr'><strong>necillorum</strong></span> <span class='ocrx_word' id='word_1_367' title='bbox 1285 3098 1574 3154; x_wconf 88' lang='lat' dir='ltr'><strong>desideriis</strong></span> <span class='ocrx_word' id='word_1_368' title='bbox 1605 3098 1791 3163; x_wconf 89' lang='lat' dir='ltr'><strong>annui,</strong></span> <span class='ocrx_word' id='word_1_369' title='bbox 1821 3098 1909 3169; x_wconf 89' lang='lat' dir='ltr'><strong>qui</strong></span> <span class='ocrx_word' id='word_1_370' title='bbox 1967 3097 2085 3153; x_wconf 88' lang='lat' dir='ltr'><strong>obi-</strong></span> 
     </span>
    </p>
   </div>
   <div class='ocr_carea' id='block_1_49' title="bbox 2168 1900 3762 1977">
    <p class='ocr_par' dir='ltr' id='par_1_49' title="bbox 2168 1900 3762 1977">
     <span class='ocr_line' id='line_1_49' title="bbox 2168 1900 3762 1977; baseline -0.002 -19"><span class='ocrx_word' id='word_1_371' title='bbox 2168 1904 2246 1959; x_wconf 89' lang='lat' dir='ltr'><strong>vit</strong></span> <span class='ocrx_word' id='word_1_372' title='bbox 2275 1903 2343 1959; x_wconf 90' lang='lat' dir='ltr'><strong>de</strong></span> <span class='ocrx_word' id='word_1_373' title='bbox 2363 1900 2650 1958; x_wconf 82' lang='lat' dir='ltr'><strong>clementia</strong></span> <span class='ocrx_word' id='word_1_374' title='bbox 2671 1901 2786 1969; x_wconf 90' lang='lat' dir='ltr'><strong>Dei,</strong></span> <span class='ocrx_word' id='word_1_375' title='bbox 2812 1900 2901 1972; x_wconf 88' lang='lat' dir='ltr'><strong>qui</strong></span> <span class='ocrx_word' id='word_1_376' title='bbox 2927 1916 3051 1956; x_wconf 87' lang='lat' dir='ltr'><strong>eum</strong></span> <span class='ocrx_word' id='word_1_377' title='bbox 3088 1902 3154 1956; x_wconf 92' lang='lat' dir='ltr'><strong>ad</strong></span> <span class='ocrx_word' id='word_1_378' title='bbox 3184 1900 3479 1977; x_wconf 81' lang='lat' dir='ltr'><strong>subvenien</strong></span> <span class='ocrx_word' id='word_1_379' title='bbox 3505 1901 3611 1956; x_wconf 91' lang='lat' dir='ltr'><strong>lum</strong></span> <span class='ocrx_word' id='word_1_380' title='bbox 3644 1916 3762 1955; x_wconf 85' lang='lat' dir='ltr'><strong>mo-</strong></span> 
     </span>
    </p>
   </div>
   <div class='ocr_carea' id='block_1_50' title="bbox 2167 1992 3761 2063">
    <p class='ocr_par' dir='ltr' id='par_1_50' title="bbox 2167 1992 3761 2063">
     <span class='ocr_line' id='line_1_50' title="bbox 2167 1992 3761 2063; baseline -0.004 -11"><span class='ocrx_word' id='word_1_381' title='bbox 2167 1995 2328 2052; x_wconf 73' lang='lat' dir='ltr'><strong>rienti</strong></span> <span class='ocrx_word' id='word_1_382' title='bbox 2376 1992 2631 2049; x_wconf 87' lang='lat' dir='ltr'><strong>sufﬁcere</strong></span> <span class='ocrx_word' id='word_1_383' title='bbox 2686 1992 2770 2047; x_wconf 89' lang='lat' dir='ltr'><strong>vel</strong></span> <span class='ocrx_word' id='word_1_384' title='bbox 2820 2001 3098 2048; x_wconf 90' lang='lat' dir='ltr'><strong>momento</strong></span> <span class='ocrx_word' id='word_1_385' title='bbox 3144 2006 3307 2063; x_wconf 86' lang='lat' dir='ltr'><strong>posse</strong></span> <span class='ocrx_word' id='word_1_386' title='bbox 3351 2006 3459 2048; x_wconf 88' lang='lat' dir='ltr'><strong>non</strong></span> <span class='ocrx_word' id='word_1_387' title='bbox 3505 1992 3761 2049; x_wconf 87' lang='lat' dir='ltr'><strong>credidit.</strong></span> 
     </span>
    </p>
   </div>
   <div class='ocr_carea' id='block_1_51' title="bbox 2169 2082 3764 2155">
    <p class='ocr_par' dir='ltr' id='par_1_51' title="bbox 2169 2082 3764 2155">
     <span class='ocr_line' id='line_1_51' title="bbox 2169 2082 3764 2155; baseline -0.004 -9"><span class='ocrx_word' id='word_1_388' title='bbox 2169 2086 2505 2146; x_wconf 89' lang='lat' dir='ltr'><strong>Perdidisset</strong></span> <span class='ocrx_word' id='word_1_389' title='bbox 2526 2086 2664 2141; x_wconf 91' lang='lat' dir='ltr'><strong>latro</strong></span> <span class='ocrx_word' id='word_1_390' title='bbox 2700 2086 2984 2155; x_wconf 74' lang='lat' dir='ltr'><strong>prmmium</strong></span> <span class='ocrx_word' id='word_1_391' title='bbox 3036 2085 3090 2140; x_wconf 91' lang='lat' dir='ltr'><strong>in</strong></span> <span class='ocrx_word' id='word_1_392' title='bbox 3121 2098 3281 2141; x_wconf 77' lang='lat' dir='ltr'><strong>cruce</strong></span> <span class='ocrx_word' id='word_1_393' title='bbox 3308 2084 3372 2139; x_wconf 87' lang='lat' dir='ltr'><strong>ad</strong></span> <span class='ocrx_word' id='word_1_394' title='bbox 3394 2082 3488 2140; x_wconf 68' lang='lat' dir='ltr'><strong>Ch:</strong></span> <span class='ocrx_word' id='word_1_395' title='bbox 3506 2084 3598 2139; x_wconf 90' lang='lat' dir='ltr'><strong>isti</strong></span> <span class='ocrx_word' id='word_1_396' title='bbox 3628 2084 3764 2139; x_wconf 74' lang='lat' dir='ltr'><strong>des-</strong></span> 
     </span>
    </p>
   </div>
   <div class='ocr_carea' id='block_1_52' title="bbox 2172 2175 3767 2249">
    <p class='ocr_par' dir='ltr' id='par_1_52' title="bbox 2172 2175 3767 2249">
     <span class='ocr_line' id='line_1_52' title="bbox 2172 2175 3767 2249; baseline -0.002 -13"><span class='ocrx_word' id='word_1_397' title='bbox 2172 2188 2342 2236; x_wconf 88' lang='lat' dir='ltr'><strong>teram</strong></span> <span class='ocrx_word' id='word_1_398' title='bbox 2377 2178 2617 2249; x_wconf 88' lang='lat' dir='ltr'><strong>pendens</strong></span> <span class='ocrx_word' id='word_1_399' title='bbox 2643 2177 2797 2249; x_wconf 87' lang='lat' dir='ltr'><strong>(Luc.</strong></span> <span class='ocrx_word' id='word_1_400' title='bbox 2821 2193 2974 2243; x_wconf 77' lang='lat' dir='ltr'><strong>nm,</strong></span> <span class='ocrx_word' id='word_1_401' title='bbox 3003 2175 3119 2248; x_wconf 74' lang='grc'><strong>42),</strong></span> <span class='ocrx_word' id='word_1_402' title='bbox 3146 2177 3190 2232; x_wconf 90' lang='lat' dir='ltr'><strong>si</strong></span> <span class='ocrx_word' id='word_1_403' title='bbox 3225 2177 3376 2233; x_wconf 90' lang='lat' dir='ltr'><strong>illum</strong></span> <span class='ocrx_word' id='word_1_404' title='bbox 3405 2177 3567 2232; x_wconf 90' lang='lat' dir='ltr'><strong>unius</strong></span> <span class='ocrx_word' id='word_1_405' title='bbox 3613 2177 3767 2233; x_wconf 73' lang='lat' dir='ltr'><strong>hora:</strong></span> 
     </span>
    </p>
   </div>
   <div class='ocr_carea' id='block_1_53' title="bbox 2172 2267 3769 2344">
    <p class='ocr_par' dir='ltr' id='par_1_53' title="bbox 2172 2267 3769 2344">
     <span class='ocr_line' id='line_1_53' title="bbox 2172 2267 3769 2344; baseline -0.002 -16"><span class='ocrx_word' id='word_1_406' title='bbox 2172 2271 2491 2344; x_wconf 70' lang='lat' dir='ltr'><strong>pmoitentia</strong></span> <span class='ocrx_word' id='word_1_407' title='bbox 2515 2284 2620 2328; x_wconf 89' lang='lat' dir='ltr'><strong>non</strong></span> <span class='ocrx_word' id='word_1_408' title='bbox 2637 2269 2888 2341; x_wconf 86' lang='lat' dir='ltr'><strong>juvisset.</strong></span> <span class='ocrx_word' id='word_1_409' title='bbox 2913 2267 3049 2325; x_wconf 87' lang='lat' dir='ltr'><strong>Cum</strong></span> <span class='ocrx_word' id='word_1_410' title='bbox 3081 2280 3227 2326; x_wconf 83' lang='lat' dir='ltr'><strong>esset</strong></span> <span class='ocrx_word' id='word_1_411' title='bbox 3274 2269 3330 2325; x_wconf 89' lang='lat' dir='ltr'><strong>in</strong></span> <span class='ocrx_word' id='word_1_412' title='bbox 3355 2284 3538 2340; x_wconf 76' lang='lat' dir='ltr'><strong>paeon,</strong></span> <span class='ocrx_word' id='word_1_413' title='bbox 3585 2271 3769 2340; x_wconf 63' lang='grc' dir='ltr'><strong>ναεηίι</strong></span> 
     </span>
    </p>
   </div>
   <div class='ocr_carea' id='block_1_54' title="bbox 2175 2361 3773 2434">
    <p class='ocr_par' dir='ltr' id='par_1_54' title="bbox 2175 2361 3773 2434">
     <span class='ocr_line' id='line_1_54' title="bbox 2175 2361 3773 2434; baseline -0.003 -12"><span class='ocrx_word' id='word_1_414' title='bbox 2175 2366 2297 2432; x_wconf 89' lang='lat' dir='ltr'><strong>tuit,</strong></span> <span class='ocrx_word' id='word_1_415' title='bbox 2320 2374 2377 2421; x_wconf 91' lang='lat' dir='ltr'><strong>et</strong></span> <span class='ocrx_word' id='word_1_416' title='bbox 2404 2379 2499 2434; x_wconf 87' lang='lat' dir='ltr'><strong>per</strong></span> <span class='ocrx_word' id='word_1_417' title='bbox 2526 2364 2687 2419; x_wconf 90' lang='lat' dir='ltr'><strong>unius</strong></span> <span class='ocrx_word' id='word_1_418' title='bbox 2734 2361 3004 2418; x_wconf 85' lang='lat' dir='ltr'><strong>sermonis</strong></span> <span class='ocrx_word' id='word_1_419' title='bbox 3046 2361 3439 2432; x_wconf 81' lang='lat' dir='ltr'><strong>profeSsionem</strong></span> <span class='ocrx_word' id='word_1_420' title='bbox 3489 2362 3773 2417; x_wconf 76' lang='lat' dir='ltr'><strong>habitacu-</strong></span> 
     </span>
    </p>
   </div>
   <div class='ocr_carea' id='block_1_55' title="bbox 2176 2438 3775 2526">
    <p class='ocr_par' dir='ltr' id='par_1_55' title="bbox 2176 2438 3775 2526">
     <span class='ocr_line' id='line_1_55' title="bbox 2176 2438 3775 2526; baseline -0.004 -16"><span class='ocrx_word' id='word_1_421' title='bbox 2176 2458 2289 2512; x_wconf 90' lang='lat' dir='ltr'><strong>lum</strong></span> <span class='ocrx_word' id='word_1_422' title='bbox 2316 2454 2551 2526; x_wconf 88' lang='lat' dir='ltr'><strong>paradisi</strong></span> <span class='ocrx_word' id='word_1_423' title='bbox 2580 2452 2695 2509; x_wconf 91' lang='lat' dir='ltr'><strong>Deo</strong></span> <span class='ocrx_word' id='word_1_424' title='bbox 2741 2438 3433 2523; x_wconf 33' lang='lat' dir='ltr'><strong>promittente&#39;promeruit.</strong></span> <span class='ocrx_word' id='word_1_425' title='bbox 3468 2452 3606 2508; x_wconf 70' lang='lat' dir='ltr'><strong>Vera</strong></span> <span class='ocrx_word' id='word_1_426' title='bbox 3638 2467 3775 2522; x_wconf 76' lang='lat' dir='ltr'><strong>ergo</strong></span> 
     </span>
    </p>
   </div>
   <div class='ocr_carea' id='block_1_56' title="bbox 2180 2546 3776 2618">
    <p class='ocr_par' dir='ltr' id='par_1_56' title="bbox 2180 2546 3776 2618">
     <span class='ocr_line' id='line_1_56' title="bbox 2180 2546 3776 2618; baseline -0.002 -13"><span class='ocrx_word' id='word_1_427' title='bbox 2180 2550 2247 2605; x_wconf 91' lang='lat' dir='ltr'><strong>ad</strong></span> <span class='ocrx_word' id='word_1_428' title='bbox 2272 2550 2439 2605; x_wconf 87' lang='lat' dir='ltr'><strong>Deum</strong></span> <span class='ocrx_word' id='word_1_429' title='bbox 2470 2547 2761 2604; x_wconf 87' lang='lat' dir='ltr'><strong>conversio</strong></span> <span class='ocrx_word' id='word_1_430' title='bbox 2784 2546 2837 2603; x_wconf 91' lang='lat' dir='ltr'><strong>in</strong></span> <span class='ocrx_word' id='word_1_431' title='bbox 2876 2546 3079 2602; x_wconf 89' lang='lat' dir='ltr'><strong>ultimis</strong></span> <span class='ocrx_word' id='word_1_432' title='bbox 3119 2550 3438 2617; x_wconf 88' lang='lat' dir='ltr'><strong>positorum,</strong></span> <span class='ocrx_word' id='word_1_433' title='bbox 3466 2559 3654 2604; x_wconf 86' lang='lat' dir='ltr'><strong>mente</strong></span> <span class='ocrx_word' id='word_1_434' title='bbox 3678 2563 3776 2618; x_wconf 91' lang='lat' dir='ltr'><strong>po-</strong></span> 
     </span>
    </p>
   </div>
   <div class='ocr_carea' id='block_1_57' title="bbox 2180 2637 3783 2710">
    <p class='ocr_par' dir='ltr' id='par_1_57' title="bbox 2180 2637 3783 2710">
     <span class='ocr_line' id='line_1_57' title="bbox 2180 2637 3783 2710; baseline -0.002 -14"><span class='ocrx_word' id='word_1_435' title='bbox 2180 2642 2289 2696; x_wconf 90' lang='lat' dir='ltr'><strong>tius</strong></span> <span class='ocrx_word' id='word_1_436' title='bbox 2308 2648 2394 2696; x_wconf 90' lang='lat' dir='ltr'><strong>est</strong></span> <span class='ocrx_word' id='word_1_437' title='bbox 2421 2637 2763 2707; x_wconf 63' lang='lat' dir='ltr'><strong>aestimanda,</strong></span> <span class='ocrx_word' id='word_1_438' title='bbox 2787 2653 2893 2692; x_wconf 90' lang='lat' dir='ltr'><strong>non</strong></span> <span class='ocrx_word' id='word_1_439' title='bbox 2921 2646 3186 2710; x_wconf 89' lang='lat' dir='ltr'><strong>tempore,</strong></span> <span class='ocrx_word' id='word_1_440' title='bbox 3230 2637 3495 2710; x_wconf 85' lang='lat' dir='ltr'><strong>propheta</strong></span> <span class='ocrx_word' id='word_1_441' title='bbox 3520 2638 3625 2695; x_wconf 89' lang='lat' dir='ltr'><strong>hoc</strong></span> <span class='ocrx_word' id='word_1_442' title='bbox 3652 2640 3783 2693; x_wconf 81' lang='lat' dir='ltr'><strong>tali-</strong></span> 
     </span>
    </p>
   </div>
   <div class='ocr_carea' id='block_1_58' title="bbox 2181 2730 3781 2805">
    <p class='ocr_par' dir='ltr' id='par_1_58' title="bbox 2181 2730 3781 2805">
     <span class='ocr_line' id='line_1_58' title="bbox 2181 2730 3781 2805; baseline -0.001 -19"><span class='ocrx_word' id='word_1_443' title='bbox 2181 2741 2268 2789; x_wconf 88' lang='lat' dir='ltr'><strong>ter</strong></span> <span class='ocrx_word' id='word_1_444' title='bbox 2293 2740 2615 2789; x_wconf 83' lang='lat' dir='ltr'><strong>asserente:</strong></span> <span class='ocrx_word' id='word_1_445' title='bbox 2659 2730 2789 2786; x_wconf 86' lang='lat' dir='ltr'><strong>Cum</strong></span> <span class='ocrx_word' id='word_1_446' title='bbox 2818 2747 3089 2786; x_wconf 85' lang='lat' dir='ltr'><strong>conversus</strong></span> <span class='ocrx_word' id='word_1_447' title='bbox 3143 2731 3451 2805; x_wconf 83' lang='lat' dir='ltr'><strong>ingemueris</strong></span> <span class='ocrx_word' id='word_1_448' title='bbox 3469 2774 3485 2799; x_wconf 88' lang='lat'><strong>,</strong></span> <span class='ocrx_word' id='word_1_449' title='bbox 3517 2740 3643 2785; x_wconf 85' lang='lat' dir='ltr'><strong>tunc</strong></span> <span class='ocrx_word' id='word_1_450' title='bbox 3664 2734 3781 2786; x_wconf 82' lang='lat' dir='ltr'><strong>sal-</strong></span> 
     </span>
    </p>
   </div>
   <div class='ocr_carea' id='block_1_59' title="bbox 2182 2822 3788 2897">
    <p class='ocr_par' dir='ltr' id='par_1_59' title="bbox 2182 2822 3788 2897">
     <span class='ocr_line' id='line_1_59' title="bbox 2182 2822 3788 2897; baseline -0.001 -18"><span class='ocrx_word' id='word_1_451' title='bbox 2182 2841 2273 2880; x_wconf 86' lang='lat' dir='ltr'><strong>vus</strong></span> <span class='ocrx_word' id='word_1_452' title='bbox 2302 2825 2403 2880; x_wconf 83' lang='lat' dir='ltr'><strong>eris</strong></span> <span class='ocrx_word' id='word_1_453' title='bbox 2448 2822 2665 2897; x_wconf 76' lang='lat' dir='ltr'><strong>(Ezech.</strong></span> <span class='ocrx_word' id='word_1_454' title='bbox 2695 2838 2847 2889; x_wconf 79' lang='lat' dir='ltr'><strong>mn,</strong></span> <span class='ocrx_word' id='word_1_455' title='bbox 2873 2823 2985 2892; x_wconf 76' lang='lat'><strong>3‘5).</strong></span> <span class='ocrx_word' id='word_1_456' title='bbox 3019 2822 3154 2878; x_wconf 88' lang='lat' dir='ltr'><strong>Cum</strong></span> <span class='ocrx_word' id='word_1_457' title='bbox 3204 2838 3335 2895; x_wconf 88' lang='lat' dir='ltr'><strong>ergo</strong></span> <span class='ocrx_word' id='word_1_458' title='bbox 3382 2824 3453 2879; x_wconf 88' lang='lat' dir='ltr'><strong>sit</strong></span> <span class='ocrx_word' id='word_1_459' title='bbox 3507 2824 3788 2878; x_wconf 87' lang='lat' dir='ltr'><strong>Dominus</strong></span> 
     </span>
    </p>
   </div>
   <div class='ocr_carea' id='block_1_60' title="bbox 2184 2916 3787 2988">
    <p class='ocr_par' dir='ltr' id='par_1_60' title="bbox 2184 2916 3787 2988">
     <span class='ocr_line' id='line_1_60' title="bbox 2184 2916 3787 2988; baseline -0.004 -13"><span class='ocrx_word' id='word_1_460' title='bbox 2184 2918 2367 2975; x_wconf 91' lang='lat' dir='ltr'><strong>cordis</strong></span> <span class='ocrx_word' id='word_1_461' title='bbox 2385 2919 2680 2987; x_wconf 90' lang='lat' dir='ltr'><strong>inspector,</strong></span> <span class='ocrx_word' id='word_1_462' title='bbox 2700 2918 2892 2987; x_wconf 88' lang='lat' dir='ltr'><strong>quovis</strong></span> <span class='ocrx_word' id='word_1_463' title='bbox 2914 2925 3161 2988; x_wconf 90' lang='lat' dir='ltr'><strong>tempore</strong></span> <span class='ocrx_word' id='word_1_464' title='bbox 3182 2932 3288 2973; x_wconf 93' lang='lat' dir='ltr'><strong>non</strong></span> <span class='ocrx_word' id='word_1_465' title='bbox 3333 2926 3420 2973; x_wconf 91' lang='lat' dir='ltr'><strong>est</strong></span> <span class='ocrx_word' id='word_1_466' title='bbox 3453 2916 3787 2987; x_wconf 78' lang='lat' dir='ltr'><strong>deneganda</strong></span> 
     </span>
    </p>
   </div>
   <div class='ocr_carea' id='block_1_61' title="bbox 2187 3008 3793 3082">
    <p class='ocr_par' dir='ltr' id='par_1_61' title="bbox 2187 3008 3793 3082">
     <span class='ocr_line' id='line_1_61' title="bbox 2187 3008 3793 3082; baseline -0.004 -14"><span class='ocrx_word' id='word_1_467' title='bbox 2187 3009 2503 3082; x_wconf 70' lang='lat' dir='ltr'><strong>pmnitentia</strong></span> <span class='ocrx_word' id='word_1_468' title='bbox 2529 3009 2842 3078; x_wconf 85' lang='lat' dir='ltr'><strong>postulanti,</strong></span> <span class='ocrx_word' id='word_1_469' title='bbox 2871 3023 2992 3063; x_wconf 89' lang='lat' dir='ltr'><strong>cum</strong></span> <span class='ocrx_word' id='word_1_470' title='bbox 3022 3009 3100 3064; x_wconf 87' lang='lat' dir='ltr'><strong>illi</strong></span> <span class='ocrx_word' id='word_1_471' title='bbox 3139 3024 3199 3067; x_wconf 85' lang='lat' dir='ltr'><strong>se</strong></span> <span class='ocrx_word' id='word_1_472' title='bbox 3225 3009 3431 3081; x_wconf 77' lang='lat' dir='ltr'><strong>obliget</strong></span> <span class='ocrx_word' id='word_1_473' title='bbox 3473 3008 3648 3079; x_wconf 83' lang='lat' dir='ltr'><strong>judici</strong></span> <span class='ocrx_word' id='word_1_474' title='bbox 3696 3009 3793 3064; x_wconf 89' lang='lat' dir='ltr'><strong>cui</strong></span> 
     </span>
    </p>
   </div>
   <div class='ocr_carea' id='block_1_62' title="bbox 2187 3099 3122 3169">
    <p class='ocr_par' dir='ltr' id='par_1_62' title="bbox 2187 3099 3122 3169">
     <span class='ocr_line' id='line_1_62' title="bbox 2187 3099 3122 3169; baseline -0.004 -11"><span class='ocrx_word' id='word_1_475' title='bbox 2187 3101 2402 3160; x_wconf 89' lang='lat' dir='ltr'><strong>occulta</strong></span> <span class='ocrx_word' id='word_1_476' title='bbox 2426 3101 2605 3157; x_wconf 90' lang='lat' dir='ltr'><strong>omnia</strong></span> <span class='ocrx_word' id='word_1_477' title='bbox 2638 3099 2849 3155; x_wconf 89' lang='lat' dir='ltr'><strong>noverit</strong></span> <span class='ocrx_word' id='word_1_478' title='bbox 2874 3099 3122 3169; x_wconf 84' lang='lat' dir='ltr'><strong>revelari.</strong></span> 
     </span>
    </p>
   </div>
   <div class='ocr_carea' id='block_1_63' title="bbox 499 3258 3807 3335">
    <p class='ocr_par' dir='ltr' id='par_1_63' title="bbox 499 3258 3807 3335">
     <span class='ocr_line' id='line_1_63' title="bbox 499 3258 3807 3335; baseline -0.001 -15"><span class='ocrx_word' id='word_1_479' title='bbox 499 3268 566 3320; x_wconf 91' lang='lat' dir='ltr'><strong>iis</strong></span> <span class='ocrx_word' id='word_1_480' title='bbox 595 3265 684 3331; x_wconf 87' lang='lat' dir='ltr'><strong>qui</strong></span> <span class='ocrx_word' id='word_1_481' title='bbox 716 3262 1085 3335; x_wconf 59' lang='lat' dir='ltr'><strong>amonastica;</strong></span> <span class='ocrx_word' id='word_1_482' title='bbox 1104 3262 1232 3335; x_wconf 75' lang='lat' dir='ltr'><strong>vita:</strong></span> <span class='ocrx_word' id='word_1_483' title='bbox 1264 3258 1602 3335; x_wconf 77' lang='lat' dir='ltr'><strong>professione</strong></span> <span class='ocrx_word' id='word_1_484' title='bbox 1622 3259 1686 3335; x_wconf 85' lang='lat' dir='ltr'><strong>ad</strong></span> <span class='ocrx_word' id='word_1_485' title='bbox 1712 3259 2082 3335; x_wconf 61' lang='lat' dir='ltr'><strong>episcopatum</strong></span> <span class='ocrx_word' id='word_1_486' title='bbox 2113 3265 2158 3335; x_wconf 68' lang='grc' dir='ltr'><strong>ρ</strong></span> <span class='ocrx_word' id='word_1_487' title='bbox 2191 3275 2401 3335; x_wconf 48' lang='lat' dir='ltr'><strong>omnes.</strong></span> <span class='ocrx_word' id='word_1_488' title='bbox 2426 3258 2751 3335; x_wconf 74' lang='lat' dir='ltr'><strong>Nomiuatim</strong></span> <span class='ocrx_word' id='word_1_489' title='bbox 2767 3273 2901 3335; x_wconf 78' lang='lat' dir='ltr'><strong>vero</strong></span> <span class='ocrx_word' id='word_1_490' title='bbox 2918 3260 3238 3316; x_wconf 90' lang='lat' dir='ltr'><strong>Sirmondus</strong></span> <span class='ocrx_word' id='word_1_491' title='bbox 3258 3261 3401 3335; x_wconf 85' lang='lat' dir='ltr'><strong>apud</strong></span> <span class='ocrx_word' id='word_1_492' title='bbox 3419 3260 3551 3335; x_wconf 83' lang='lat' dir='ltr'><strong>Lab.</strong></span> <span class='ocrx_word' id='word_1_493' title='bbox 3577 3269 3724 3335; x_wconf 84' lang='lat' dir='ltr'><strong>tom.</strong></span> <span class='ocrx_word' id='word_1_494' title='bbox 3758 3260 3807 3317; x_wconf 88' lang='lat' dir='ltr'><strong>ll</strong></span> 
     </span>
    </p>
   </div>
   <div class='ocr_carea' id='block_1_64' title="bbox 498 3329 2086 3403">
    <p class='ocr_par' dir='ltr' id='par_1_64' title="bbox 498 3329 2086 3403">
     <span class='ocr_line' id='line_1_64' title="bbox 498 3329 2086 3403; baseline -0.002 -14"><span class='ocrx_word' id='word_1_495' title='bbox 498 3329 763 3403; x_wconf 82' lang='lat' dir='ltr'><strong>assumpti</strong></span> <span class='ocrx_word' id='word_1_496' title='bbox 793 3332 1027 3403; x_wconf 83' lang='lat' dir='ltr'><strong>fuerant,</strong></span> <span class='ocrx_word' id='word_1_497' title='bbox 1065 3332 1152 3385; x_wconf 91' lang='lat' dir='ltr'><strong>hic</strong></span> <span class='ocrx_word' id='word_1_498' title='bbox 1190 3330 1537 3403; x_wconf 61' lang='lat' dir='ltr'><strong>praedicatur,</strong></span> <span class='ocrx_word' id='word_1_499' title='bbox 1570 3329 1758 3403; x_wconf 80' lang='lat' dir='ltr'><strong>Amicti</strong></span> <span class='ocrx_word' id='word_1_500' title='bbox 1787 3329 1969 3403; x_wconf 78' lang='lat' dir='ltr'><strong>pallio.</strong></span> <span class='ocrx_word' id='word_1_501' title='bbox 2020 3331 2086 3386; x_wconf 85' lang='lat' dir='ltr'><strong>Et</strong></span> 
     </span>
    </p>
   </div>
   <div class='ocr_carea' id='block_1_65' title="bbox 505 3398 2082 3473">
    <p class='ocr_par' dir='ltr' id='par_1_65' title="bbox 505 3398 2082 3473">
     <span class='ocr_line' id='line_1_65' title="bbox 505 3398 2082 3473; baseline -0.003 -13"><span class='ocrx_word' id='word_1_502' title='bbox 505 3398 812 3473; x_wconf 83' lang='lat' dir='ltr'><strong>hujusmodi</strong></span> <span class='ocrx_word' id='word_1_503' title='bbox 860 3402 1077 3471; x_wconf 88' lang='lat' dir='ltr'><strong>quidem</strong></span> <span class='ocrx_word' id='word_1_504' title='bbox 1128 3398 1634 3473; x_wconf 80' lang='lat' dir='ltr'><strong>pallio_C.esarium</strong></span> <span class='ocrx_word' id='word_1_505' title='bbox 1688 3400 2082 3473; x_wconf 78' lang='lat' dir='ltr'><strong>Arelatensem,</strong></span> 
     </span>
    </p>
   </div>
   <div class='ocr_carea' id='block_1_66' title="bbox 504 3468 2090 3542">
    <p class='ocr_par' dir='ltr' id='par_1_66' title="bbox 504 3468 2090 3542">
     <span class='ocr_line' id='line_1_66' title="bbox 504 3468 2090 3542; baseline -0.002 -12"><span class='ocrx_word' id='word_1_506' title='bbox 504 3468 594 3531; x_wconf 79' lang='lat' dir='ltr'><strong>ubi</strong></span> <span class='ocrx_word' id='word_1_507' title='bbox 625 3475 692 3530; x_wconf 88' lang='lat' dir='ltr'><strong>ad</strong></span> <span class='ocrx_word' id='word_1_508' title='bbox 721 3468 1085 3542; x_wconf 83' lang='lat' dir='ltr'><strong>episcopatum</strong></span> <span class='ocrx_word' id='word_1_509' title='bbox 1112 3469 1409 3542; x_wconf 77' lang='lat' dir='ltr'><strong>accersitus</strong></span> <span class='ocrx_word' id='word_1_510' title='bbox 1441 3468 1604 3542; x_wconf 85' lang='lat' dir='ltr'><strong>venit,</strong></span> <span class='ocrx_word' id='word_1_511' title='bbox 1634 3470 2090 3542; x_wconf 68' lang='lat' dir='ltr'><strong>amictumluisse</strong></span> 
     </span>
    </p>
   </div>
   <div class='ocr_carea' id='block_1_67' title="bbox 504 3539 2091 3612">
    <p class='ocr_par' dir='ltr' id='par_1_67' title="bbox 504 3539 2091 3612">
     <span class='ocr_line' id='line_1_67' title="bbox 504 3539 2091 3612; baseline -0.005 -9"><span class='ocrx_word' id='word_1_512' title='bbox 504 3539 782 3603; x_wconf 80' lang='lat' dir='ltr'><strong>Ennodius</strong></span> <span class='ocrx_word' id='word_1_513' title='bbox 802 3539 962 3612; x_wconf 86' lang='lat' dir='ltr'><strong>epist.</strong></span> <span class='ocrx_word' id='word_1_514' title='bbox 1009 3541 1111 3596; x_wconf 77' lang='lat'><strong>{50</strong></span> <span class='ocrx_word' id='word_1_515' title='bbox 1140 3547 1309 3594; x_wconf 90' lang='lat' dir='ltr'><strong>notat.</strong></span> <span class='ocrx_word' id='word_1_516' title='bbox 1340 3539 1605 3612; x_wconf 75' lang='lat' dir='ltr'><strong>Quocirca</strong></span> <span class='ocrx_word' id='word_1_517' title='bbox 1634 3552 1754 3592; x_wconf 79' lang='lat' dir='ltr'><strong>mox</strong></span> <span class='ocrx_word' id='word_1_518' title='bbox 1784 3539 1941 3593; x_wconf 72' lang='lat' dir='ltr'><strong>dictis</strong></span> <span class='ocrx_word' id='word_1_519' title='bbox 1970 3557 2091 3596; x_wconf 88' lang='lat' dir='ltr'><strong>ver-</strong></span> 
     </span>
    </p>
   </div>
   <div class='ocr_carea' id='block_1_68' title="bbox 505 3609 2087 3686">
    <p class='ocr_par' dir='ltr' id='par_1_68' title="bbox 505 3609 2087 3686">
     <span class='ocr_line' id='line_1_68' title="bbox 505 3609 2087 3686; baseline -0.004 -15"><span class='ocrx_word' id='word_1_520' title='bbox 505 3619 588 3673; x_wconf 80' lang='lat' dir='ltr'><strong>bis</strong></span> <span class='ocrx_word' id='word_1_521' title='bbox 610 3615 825 3686; x_wconf 89' lang='lat' dir='ltr'><strong>pallium</strong></span> <span class='ocrx_word' id='word_1_522' title='bbox 840 3609 1202 3686; x_wconf 46' lang='lat' dir='ltr'><strong>&#39;monastieum</strong></span> <span class='ocrx_word' id='word_1_523' title='bbox 1231 3612 1431 3686; x_wconf 78' lang='lat' dir='ltr'><strong>rectius</strong></span> <span class='ocrx_word' id='word_1_524' title='bbox 1455 3609 1907 3686; x_wconf 63' lang='lat' dir='ltr'><strong>intellexerimuf,</strong></span> <span class='ocrx_word' id='word_1_525' title='bbox 1931 3627 2087 3686; x_wconf 74' lang='lat' dir='ltr'><strong>quam</strong></span> 
     </span>
    </p>
   </div>
   <div class='ocr_carea' id='block_1_69' title="bbox 505 3679 2092 3749">
    <p class='ocr_par' dir='ltr' id='par_1_69' title="bbox 505 3679 2092 3749">
     <span class='ocr_line' id='line_1_69' title="bbox 505 3679 2092 3749; baseline -0.005 -7"><span class='ocrx_word' id='word_1_526' title='bbox 505 3679 629 3744; x_wconf 83' lang='lat' dir='ltr'><strong>eum</strong></span> <span class='ocrx_word' id='word_1_527' title='bbox 659 3686 937 3742; x_wconf 88' lang='lat' dir='ltr'><strong>llolstenio</strong></span> <span class='ocrx_word' id='word_1_528' title='bbox 969 3682 1112 3737; x_wconf 86' lang='lat' dir='ltr'><strong>natis</strong></span> <span class='ocrx_word' id='word_1_529' title='bbox 1142 3683 1196 3735; x_wconf 90' lang='lat' dir='ltr'><strong>in</strong></span> <span class='ocrx_word' id='word_1_530' title='bbox 1224 3680 1506 3749; x_wconf 86' lang='lat' dir='ltr'><strong>epistolam</strong></span> <span class='ocrx_word' id='word_1_531' title='bbox 1557 3679 1769 3733; x_wconf 88' lang='lat' dir='ltr'><strong>Damasi</strong></span> <span class='ocrx_word' id='word_1_532' title='bbox 1816 3680 1883 3733; x_wconf 88' lang='lat' dir='ltr'><strong>ad</strong></span> <span class='ocrx_word' id='word_1_533' title='bbox 1914 3681 2092 3735; x_wconf 77' lang='lat' dir='ltr'><strong>Acho-</strong></span> 
     </span>
    </p>
   </div>
   <div class='ocr_carea' id='block_1_70' title="bbox 507 3749 2090 3821">
    <p class='ocr_par' dir='ltr' id='par_1_70' title="bbox 507 3749 2090 3821">
     <span class='ocr_line' id='line_1_70' title="bbox 507 3749 2090 3821; baseline -0.006 -7"><span class='ocrx_word' id='word_1_534' title='bbox 507 3759 640 3814; x_wconf 88' lang='lat' dir='ltr'><strong>lium</strong></span> <span class='ocrx_word' id='word_1_535' title='bbox 670 3765 721 3812; x_wconf 90' lang='lat' dir='ltr'><strong>et</strong></span> <span class='ocrx_word' id='word_1_536' title='bbox 750 3755 927 3811; x_wconf 90' lang='lat' dir='ltr'><strong>socios</strong></span> <span class='ocrx_word' id='word_1_537' title='bbox 956 3754 1175 3820; x_wconf 87' lang='lat' dir='ltr'><strong>pallium</strong></span> <span class='ocrx_word' id='word_1_538' title='bbox 1209 3749 1660 3821; x_wconf 70' lang='lat' dir='ltr'><strong>philosoiihieum.</strong></span> <span class='ocrx_word' id='word_1_539' title='bbox 1716 3750 1859 3815; x_wconf 74' lang='lat' dir='ltr'><strong>qtiad</strong></span> <span class='ocrx_word' id='word_1_540' title='bbox 1902 3768 1927 3802; x_wconf 91' lang='lat' dir='ltr'><strong>a</strong></span> <span class='ocrx_word' id='word_1_541' title='bbox 1986 3751 2090 3805; x_wconf 82' lang='lat' dir='ltr'><strong>Da-</strong></span> 
     </span>
    </p>
   </div>
   <div class='ocr_carea' id='block_1_71' title="bbox 509 3818 2091 3892">
    <p class='ocr_par' dir='ltr' id='par_1_71' title="bbox 509 3818 2091 3892">
     <span class='ocr_line' id='line_1_71' title="bbox 509 3818 2091 3892; baseline -0.006 -8"><span class='ocrx_word' id='word_1_542' title='bbox 509 3842 661 3884; x_wconf 86' lang='lat' dir='ltr'><strong>maso</strong></span> <span class='ocrx_word' id='word_1_543' title='bbox 688 3828 739 3882; x_wconf 90' lang='lat' dir='ltr'><strong>iu</strong></span> <span class='ocrx_word' id='word_1_544' title='bbox 769 3818 965 3883; x_wconf 86' lang='lat' dir='ltr'><strong>eadem</strong></span> <span class='ocrx_word' id='word_1_545' title='bbox 990 3818 1223 3892; x_wconf 83' lang='lat' dir='ltr'><strong>epistola</strong></span> <span class='ocrx_word' id='word_1_546' title='bbox 1263 3821 1475 3876; x_wconf 87' lang='lat' dir='ltr'><strong>habitos</strong></span> <span class='ocrx_word' id='word_1_547' title='bbox 1505 3818 1635 3874; x_wconf 83' lang='lat' dir='ltr'><strong>idoli</strong></span> <span class='ocrx_word' id='word_1_548' title='bbox 1664 3831 1906 3892; x_wconf 76' lang='lat' dir='ltr'><strong>vocatur,</strong></span> <span class='ocrx_word' id='word_1_549' title='bbox 1959 3832 2013 3875; x_wconf 88' lang='lat' dir='ltr'><strong>et</strong></span> <span class='ocrx_word' id='word_1_550' title='bbox 2062 3836 2091 3874; x_wconf 88' lang='lat' dir='ltr'><strong>a</strong></span> 
     </span>
    </p>
   </div>
   <div class='ocr_carea' id='block_1_72' title="bbox 509 3890 2088 3969">
    <p class='ocr_par' dir='ltr' id='par_1_72' title="bbox 509 3890 2088 3969">
     <span class='ocr_line' id='line_1_72' title="bbox 509 3890 2088 3969; baseline -0.004 -16"><span class='ocrx_word' id='word_1_551' title='bbox 509 3915 616 3969; x_wconf 89' lang='lat' dir='ltr'><strong>quo</strong></span> <span class='ocrx_word' id='word_1_552' title='bbox 639 3897 941 3969; x_wconf 83' lang='lat' dir='ltr'><strong>philosophi</strong></span> <span class='ocrx_word' id='word_1_553' title='bbox 970 3890 1039 3949; x_wconf 84' lang='lat' dir='ltr'><strong>ab</strong></span> <span class='ocrx_word' id='word_1_554' title='bbox 1078 3892 1514 3969; x_wconf 69' lang='lat' dir='ltr'><strong>A_ug_p_stino_lib.</strong></span> <span class='ocrx_word' id='word_1_555' title='bbox 1541 3905 1638 3969; x_wconf 79' lang='lat' dir='ltr'><strong>x_ttt</strong></span> <span class='ocrx_word' id='word_1_556' title='bbox 1668 3890 1736 3943; x_wconf 91' lang='lat' dir='ltr'><strong>de</strong></span> <span class='ocrx_word' id='word_1_557' title='bbox 1768 3890 1885 3944; x_wconf 83' lang='lat' dir='ltr'><strong>Civ.</strong></span> <span class='ocrx_word' id='word_1_558' title='bbox 1923 3892 2012 3947; x_wconf 89' lang='lat' dir='ltr'><strong>Dei</strong></span> <span class='ocrx_word' id='word_1_559' title='bbox 2040 3907 2088 3969; x_wconf 67' lang='grc' dir='ltr'><strong>οΣ</strong></span> 
     </span>
    </p>
   </div>
   <div class='ocr_carea' id='block_1_73' title="bbox 513 3961 2092 4039">
    <p class='ocr_par' dir='ltr' id='par_1_73' title="bbox 513 3961 2092 4039">
     <span class='ocr_line' id='line_1_73' title="bbox 513 3961 2092 4039; baseline -0.007 -14"><span class='ocrx_word' id='word_1_560' title='bbox 513 3961 579 4025; x_wconf 65' lang='grc' dir='ltr'><strong>ἱϐ</strong></span> <span class='ocrx_word' id='word_1_561' title='bbox 606 3961 1055 4039; x_wconf 80' lang='lat' dir='ltr'><strong>cognominantur</strong></span> <span class='ocrx_word' id='word_1_562' title='bbox 1092 3961 1671 4039; x_wconf 64' lang='lat' dir='ltr'><strong>Pulli_ati._&#39;facenduni</strong></span> <span class='ocrx_word' id='word_1_563' title='bbox 1701 3976 1817 4039; x_wconf 88' lang='lat' dir='ltr'><strong>non_</strong></span> <span class='ocrx_word' id='word_1_564' title='bbox 1836 3971 1918 4015; x_wconf 89' lang='lat' dir='ltr'><strong>est</strong></span> <span class='ocrx_word' id='word_1_565' title='bbox 1950 3961 2092 4039; x_wconf 72' lang='lat' dir='ltr'><strong>quod</strong></span> 
     </span>
    </p>
   </div>
   <div class='ocr_carea' id='block_1_74' title="bbox 511 4031 2096 4096">
    <p class='ocr_par' dir='ltr' id='par_1_74' title="bbox 511 4031 2096 4096">
     <span class='ocr_line' id='line_1_74' title="bbox 511 4031 2096 4096; baseline -0.004 -5"><span class='ocrx_word' id='word_1_566' title='bbox 511 4031 832 4096; x_wconf 72' lang='lat' dir='ltr'><strong>Cresconius</strong></span> <span class='ocrx_word' id='word_1_567' title='bbox 860 4050 980 4091; x_wconf 90' lang='lat' dir='ltr'><strong>cum</strong></span> <span class='ocrx_word' id='word_1_568' title='bbox 1010 4034 1113 4089; x_wconf 90' lang='lat' dir='ltr'><strong>hoc</strong></span> <span class='ocrx_word' id='word_1_569' title='bbox 1132 4033 1411 4089; x_wconf 69' lang='lat' dir='ltr'><strong>leestini</strong></span> <span class='ocrx_word' id='word_1_570' title='bbox 1444 4033 1561 4086; x_wconf 92' lang='lat' dir='ltr'><strong>loco</strong></span> <span class='ocrx_word' id='word_1_571' title='bbox 1592 4033 1692 4085; x_wconf 87' lang='lat' dir='ltr'><strong>sub</strong></span> <span class='ocrx_word' id='word_1_572' title='bbox 1719 4031 1909 4085; x_wconf 88' lang='lat' dir='ltr'><strong>eodem</strong></span> <span class='ocrx_word' id='word_1_573' title='bbox 1942 4034 2096 4085; x_wconf 81' lang='lat' dir='ltr'><strong>titulo</strong></span> 
     </span>
    </p>
   </div>
   <div class='ocr_carea' id='block_1_75' title="bbox 512 4100 2095 4179">
    <p class='ocr_par' dir='ltr' id='par_1_75' title="bbox 512 4100 2095 4179">
     <span class='ocr_line' id='line_1_75' title="bbox 512 4100 2095 4179; baseline -0.005 -15"><span class='ocrx_word' id='word_1_574' title='bbox 512 4110 728 4179; x_wconf 82' lang='lat' dir='ltr'><strong>copulat</strong></span> <span class='ocrx_word' id='word_1_575' title='bbox 755 4117 809 4161; x_wconf 91' lang='lat' dir='ltr'><strong>et</strong></span> <span class='ocrx_word' id='word_1_576' title='bbox 829 4108 989 4159; x_wconf 90' lang='lat' dir='ltr'><strong>istum</strong></span> <span class='ocrx_word' id='word_1_577' title='bbox 1017 4104 1229 4179; x_wconf 76' lang='lat' dir='ltr'><strong>concilii</strong></span> <span class='ocrx_word' id='word_1_578' title='bbox 1260 4102 1590 4179; x_wconf 69' lang='lat' dir='ltr'><strong>Gangrensis</strong></span> <span class='ocrx_word' id='word_1_579' title='bbox 1619 4116 1740 4155; x_wconf 87' lang='lat' dir='ltr'><strong>cao.</strong></span> <span class='ocrx_word' id='word_1_580' title='bbox 1774 4100 1866 4157; x_wconf 64' lang='grc' dir='ltr'><strong>ης</strong></span> <span class='ocrx_word' id='word_1_581' title='bbox 1900 4102 1960 4156; x_wconf 87' lang='lat' dir='ltr'><strong>Si</strong></span> <span class='ocrx_word' id='word_1_582' title='bbox 1985 4104 2095 4169; x_wconf 78' lang='lat' dir='ltr'><strong>quis</strong></span> 
     </span>
    </p>
   </div>
   <div class='ocr_carea' id='block_1_76' title="bbox 512 4173 2095 4247">
    <p class='ocr_par' dir='ltr' id='par_1_76' title="bbox 512 4173 2095 4247">
     <span class='ocr_line' id='line_1_76' title="bbox 512 4173 2095 4247; baseline -0.006 -14"><span class='ocrx_word' id='word_1_583' title='bbox 512 4173 740 4233; x_wconf 74' lang='lat' dir='ltr'><strong>virorum</strong></span> <span class='ocrx_word' id='word_1_584' title='bbox 769 4186 977 4247; x_wconf 81' lang='lat' dir='ltr'><strong>propter</strong></span> <span class='ocrx_word' id='word_1_585' title='bbox 1029 4173 1393 4247; x_wconf 68' lang='lat' dir='ltr'><strong>continentiam</strong></span> <span class='ocrx_word' id='word_1_586' title='bbox 1412 4211 1427 4234; x_wconf 93' lang='lat'><strong>,</strong></span> <span class='ocrx_word' id='word_1_587' title='bbox 1473 4186 1610 4247; x_wconf 80' lang='lat' dir='ltr'><strong>qua:_</strong></span> <span class='ocrx_word' id='word_1_588' title='bbox 1635 4180 1875 4247; x_wconf 73' lang='lat' dir='ltr'><strong>putatur,</strong></span> <span class='ocrx_word' id='word_1_589' title='bbox 1908 4179 2095 4247; x_wconf 25' lang='lat' dir='ltr'><strong>an‘tt&#39;ctn</strong></span> 
     </span>
    </p>
   </div>
   <div class='ocr_carea' id='block_1_77' title="bbox 516 4241 2092 4317">
    <p class='ocr_par' dir='ltr' id='par_1_77' title="bbox 516 4241 2092 4317">
     <span class='ocr_line' id='line_1_77' title="bbox 516 4241 2092 4317; baseline -0.01 -15"><span class='ocrx_word' id='word_1_590' title='bbox 516 4249 666 4317; x_wconf 77' lang='lat' dir='ltr'><strong>pallii</strong></span> <span class='ocrx_word' id='word_1_591' title='bbox 688 4241 877 4310; x_wconf 29' lang='lat' dir='ltr'><strong>utilur,‘</strong></span> <span class='ocrx_word' id='word_1_592' title='bbox 896 4244 1040 4317; x_wconf 83' lang='lat' dir='ltr'><strong>quasi</strong></span> <span class='ocrx_word' id='word_1_593' title='bbox 1068 4258 1155 4314; x_wconf 73' lang='lat' dir='ltr'><strong>p.3t‘</strong></span> <span class='ocrx_word' id='word_1_594' title='bbox 1193 4244 1286 4295; x_wconf 86' lang='lat' dir='ltr'><strong>hoc</strong></span> <span class='ocrx_word' id='word_1_595' title='bbox 1308 4241 1490 4317; x_wconf 73' lang='lat' dir='ltr'><strong>habere</strong></span> <span class='ocrx_word' id='word_1_596' title='bbox 1509 4257 1562 4317; x_wconf 78' lang='lat' dir='ltr'><strong>se</strong></span> <span class='ocrx_word' id='word_1_597' title='bbox 1575 4241 1833 4317; x_wconf 76' lang='lat' dir='ltr'><strong>justitiam</strong></span> <span class='ocrx_word' id='word_1_598' title='bbox 1855 4243 2092 4317; x_wconf 61' lang='grc' dir='ltr'><strong>Δςιιεάεηκ,</strong></span> 
     </span>
    </p>
   </div>
   <div class='ocr_carea' id='block_1_78' title="bbox 515 4311 2096 4387">
    <p class='ocr_par' dir='ltr' id='par_1_78' title="bbox 515 4311 2096 4387">
     <span class='ocr_line' id='line_1_78' title="bbox 515 4311 2096 4387; baseline -0.006 -13"><span class='ocrx_word' id='word_1_599' title='bbox 515 4311 563 4375; x_wconf 69' lang='lat' dir='ltr'><strong>ct</strong></span> <span class='ocrx_word' id='word_1_600' title='bbox 589 4318 803 4387; x_wconf 77' lang='lat' dir='ltr'><strong>despicit</strong></span> <span class='ocrx_word' id='word_1_601' title='bbox 844 4311 929 4370; x_wconf 80' lang='lat' dir='ltr'><strong>eos</strong></span> <span class='ocrx_word' id='word_1_602' title='bbox 956 4315 1041 4387; x_wconf 85' lang='lat' dir='ltr'><strong>qui</strong></span> <span class='ocrx_word' id='word_1_603' title='bbox 1068 4311 1184 4367; x_wconf 78' lang='lat' dir='ltr'><strong>cum</strong></span> <span class='ocrx_word' id='word_1_604' title='bbox 1216 4313 1492 4387; x_wconf 80' lang='lat' dir='ltr'><strong>reverentia</strong></span> <span class='ocrx_word' id='word_1_605' title='bbox 1537 4311 1686 4387; x_wconf 79' lang='lat' dir='ltr'><strong>birris</strong></span> <span class='ocrx_word' id='word_1_606' title='bbox 1735 4320 1780 4362; x_wconf 73' lang='lat' dir='ltr'><strong>it</strong></span> <span class='ocrx_word' id='word_1_607' title='bbox 1811 4312 1928 4387; x_wconf 80' lang='lat' dir='ltr'><strong>aliis</strong></span> <span class='ocrx_word' id='word_1_608' title='bbox 1948 4328 2096 4387; x_wconf 50' lang='lat' dir='ltr'><strong>roni-</strong></span> 
     </span>
    </p>
   </div>
   <div class='ocr_carea' id='block_1_79' title="bbox 514 4381 2098 4445">
    <p class='ocr_par' dir='ltr' id='par_1_79' title="bbox 514 4381 2098 4445">
     <span class='ocr_line' id='line_1_79' title="bbox 514 4381 2098 4445; baseline -0.006 0"><span class='ocrx_word' id='word_1_609' title='bbox 514 4381 755 4445; x_wconf 66' lang='lat' dir='ltr'><strong>munibus</strong></span> <span class='ocrx_word' id='word_1_610' title='bbox 780 4397 827 4441; x_wconf 76' lang='lat' dir='ltr'><strong>ct</strong></span> <span class='ocrx_word' id='word_1_611' title='bbox 848 4381 1013 4442; x_wconf 76' lang='lat' dir='ltr'><strong>solitis</strong></span> <span class='ocrx_word' id='word_1_612' title='bbox 1038 4394 1252 4438; x_wconf 76' lang='lat' dir='ltr'><strong>utuntur</strong></span> <span class='ocrx_word' id='word_1_613' title='bbox 1281 4384 1518 4443; x_wconf 67' lang='lat' dir='ltr'><strong>vestibus,</strong></span> <span class='ocrx_word' id='word_1_614' title='bbox 1540 4382 1812 4434; x_wconf 80' lang='lat' dir='ltr'><strong>anathema</strong></span> <span class='ocrx_word' id='word_1_615' title='bbox 1836 4382 1919 4435; x_wconf 82' lang='lat' dir='ltr'><strong>sit.</strong></span> <span class='ocrx_word' id='word_1_616' title='bbox 1948 4381 2098 4436; x_wconf 79' lang='lat' dir='ltr'><strong>Unde</strong></span> 
     </span>
    </p>
   </div>
   <div class='ocr_carea' id='block_1_80' title="bbox 516 4451 2098 4530">
    <p class='ocr_par' dir='ltr' id='par_1_80' title="bbox 516 4451 2098 4530">
     <span class='ocr_line' id='line_1_80' title="bbox 516 4451 2098 4530; baseline -0.006 -15"><span class='ocrx_word' id='word_1_617' title='bbox 516 4468 741 4530; x_wconf 84' lang='lat' dir='ltr'><strong>apparet</strong></span> <span class='ocrx_word' id='word_1_618' title='bbox 783 4457 1004 4530; x_wconf 77' lang='lat' dir='ltr'><strong>pallium</strong></span> <span class='ocrx_word' id='word_1_619' title='bbox 1034 4455 1271 4530; x_wconf 65' lang='lat' dir='ltr'><strong>speciale</strong></span> <span class='ocrx_word' id='word_1_620' title='bbox 1312 4453 1580 4524; x_wconf 86' lang='lat' dir='ltr'><strong>quoddam</strong></span> <span class='ocrx_word' id='word_1_621' title='bbox 1630 4452 1794 4506; x_wconf 81' lang='lat' dir='ltr'><strong>fuisse</strong></span> <span class='ocrx_word' id='word_1_622' title='bbox 1842 4451 2098 4520; x_wconf 71' lang='lat' dir='ltr'><strong>professae</strong></span> 
     </span>
    </p>
   </div>
   <div class='ocr_carea' id='block_1_81' title="bbox 515 4526 1159 4587">
    <p class='ocr_par' dir='ltr' id='par_1_81' title="bbox 515 4526 1159 4587">
     <span class='ocr_line' id='line_1_81' title="bbox 515 4526 1159 4587; baseline -0.016 0"><span class='ocrx_word' id='word_1_623' title='bbox 515 4526 863 4587; x_wconf 70' lang='lat' dir='ltr'><strong>continentia:</strong></span> <span class='ocrx_word' id='word_1_624' title='bbox 886 4526 1159 4582; x_wconf 87' lang='lat' dir='ltr'><strong>indicium.</strong></span> 
     </span>
    </p>
   </div>
   <div class='ocr_carea' id='block_1_82' title="bbox 588 4593 2095 4659">
    <p class='ocr_par' dir='ltr' id='par_1_82' title="bbox 588 4593 2095 4659">
     <span class='ocr_line' id='line_1_82' title="bbox 588 4593 2095 4659; baseline -0.007 -2"><span class='ocrx_word' id='word_1_625' title='bbox 588 4613 614 4642; x_wconf 70' lang='grc' dir='ltr'><strong>α</strong></span> <span class='ocrx_word' id='word_1_626' title='bbox 639 4603 763 4657; x_wconf 73' lang='lat' dir='ltr'><strong>llmc</strong></span> <span class='ocrx_word' id='word_1_627' title='bbox 794 4599 984 4659; x_wconf 84' lang='lat' dir='ltr'><strong>verba,</strong></span> <span class='ocrx_word' id='word_1_628' title='bbox 1007 4614 1113 4651; x_wconf 83' lang='lat' dir='ltr'><strong>una</strong></span> <span class='ocrx_word' id='word_1_629' title='bbox 1137 4611 1253 4650; x_wconf 84' lang='lat' dir='ltr'><strong>cum</strong></span> <span class='ocrx_word' id='word_1_630' title='bbox 1280 4596 1481 4656; x_wconf 82' lang='lat' dir='ltr'><strong>baculo,</strong></span> <span class='ocrx_word' id='word_1_631' title='bbox 1518 4594 1569 4648; x_wconf 90' lang='lat' dir='ltr'><strong>in</strong></span> <span class='ocrx_word' id='word_1_632' title='bbox 1600 4608 1705 4647; x_wconf 85' lang='lat' dir='ltr'><strong>uno</strong></span> <span class='ocrx_word' id='word_1_633' title='bbox 1733 4608 1833 4646; x_wconf 88' lang='lat' dir='ltr'><strong>ms.</strong></span> <span class='ocrx_word' id='word_1_634' title='bbox 1860 4593 2012 4648; x_wconf 91' lang='lat' dir='ltr'><strong>Colb.</strong></span> <span class='ocrx_word' id='word_1_635' title='bbox 2042 4604 2095 4648; x_wconf 87' lang='lat' dir='ltr'><strong>ct</strong></span> 
     </span>
    </p>
   </div>
   <div class='ocr_carea' id='block_1_83' title="bbox 517 4663 2094 4729">
    <p class='ocr_par' dir='ltr' id='par_1_83' title="bbox 517 4663 2094 4729">
     <span class='ocr_line' id='line_1_83' title="bbox 517 4663 2094 4729; baseline -0.006 -1"><span class='ocrx_word' id='word_1_636' title='bbox 517 4674 690 4729; x_wconf 83' lang='lat' dir='ltr'><strong>altero</strong></span> <span class='ocrx_word' id='word_1_637' title='bbox 715 4669 962 4725; x_wconf 82' lang='lat' dir='ltr'><strong>Laudun.</strong></span> <span class='ocrx_word' id='word_1_638' title='bbox 1007 4668 1222 4722; x_wconf 86' lang='lat' dir='ltr'><strong>desunt.</strong></span> <span class='ocrx_word' id='word_1_639' title='bbox 1275 4667 1348 4720; x_wconf 78' lang='lat' dir='ltr'><strong>Ea</strong></span> <span class='ocrx_word' id='word_1_640' title='bbox 1380 4663 1676 4719; x_wconf 82' lang='lat' dir='ltr'><strong>omittenda</strong></span> <span class='ocrx_word' id='word_1_641' title='bbox 1729 4678 1833 4718; x_wconf 86' lang='lat' dir='ltr'><strong>noo</strong></span> <span class='ocrx_word' id='word_1_642' title='bbox 1863 4680 1982 4718; x_wconf 81' lang='lat' dir='ltr'><strong>csse</strong></span> <span class='ocrx_word' id='word_1_643' title='bbox 2027 4681 2094 4719; x_wconf 65' lang='lat' dir='ltr'><strong>et</strong></span> 
     </span>
    </p>
   </div>
   <div class='ocr_carea' id='block_1_84' title="bbox 516 4734 2097 4809">
    <p class='ocr_par' dir='ltr' id='par_1_84' title="bbox 516 4734 2097 4809">
     <span class='ocr_line' id='line_1_84' title="bbox 516 4734 2097 4809; baseline -0.006 -11"><span class='ocrx_word' id='word_1_644' title='bbox 516 4742 776 4799; x_wconf 77' lang='lat' dir='ltr'><strong>subncxis</strong></span> <span class='ocrx_word' id='word_1_645' title='bbox 801 4740 1016 4809; x_wconf 87' lang='lat' dir='ltr'><strong>planum</strong></span> <span class='ocrx_word' id='word_1_646' title='bbox 1047 4748 1149 4791; x_wconf 80' lang='lat' dir='ltr'><strong>cst.</strong></span> <span class='ocrx_word' id='word_1_647' title='bbox 1207 4738 1351 4790; x_wconf 78' lang='lat' dir='ltr'><strong>Eam:</strong></span> <span class='ocrx_word' id='word_1_648' title='bbox 1382 4752 1409 4788; x_wconf 88' lang='lat' dir='ltr'><strong>a</strong></span> <span class='ocrx_word' id='word_1_649' title='bbox 1441 4734 1734 4809; x_wconf 74' lang='lat' dir='ltr'><strong>lecstino</strong></span> <span class='ocrx_word' id='word_1_650' title='bbox 1764 4734 2097 4809; x_wconf 62' lang='lat' dir='ltr'><strong>inﬁt-ange—</strong></span> 
     </span>
    </p>
   </div>
   <div class='ocr_carea' id='block_1_85' title="bbox 520 4804 2098 4874">
    <p class='ocr_par' dir='ltr' id='par_1_85' title="bbox 520 4804 2098 4874">
     <span class='ocr_line' id='line_1_85' title="bbox 520 4804 2098 4874; baseline -0.007 -6"><span class='ocrx_word' id='word_1_651' title='bbox 520 4816 595 4868; x_wconf 91' lang='lat' dir='ltr'><strong>lio</strong></span> <span class='ocrx_word' id='word_1_652' title='bbox 622 4813 781 4868; x_wconf 69' lang='lat' dir='ltr'><strong>Lacte</strong></span> <span class='ocrx_word' id='word_1_653' title='bbox 803 4804 937 4864; x_wconf 76' lang='lat' dir='ltr'><strong>tunc</strong></span> <span class='ocrx_word' id='word_1_654' title='bbox 980 4810 1116 4862; x_wconf 86' lang='lat' dir='ltr'><strong>lecta</strong></span> <span class='ocrx_word' id='word_1_655' title='bbox 1148 4819 1293 4871; x_wconf 89' lang='lat' dir='ltr'><strong>sunt,</strong></span> <span class='ocrx_word' id='word_1_656' title='bbox 1319 4822 1437 4874; x_wconf 67' lang='lat' dir='ltr'><strong>qua!</strong></span> <span class='ocrx_word' id='word_1_657' title='bbox 1470 4819 1612 4858; x_wconf 90' lang='lat' dir='ltr'><strong>nunc</strong></span> <span class='ocrx_word' id='word_1_658' title='bbox 1659 4806 1707 4858; x_wconf 88' lang='lat' dir='ltr'><strong>in</strong></span> <span class='ocrx_word' id='word_1_659' title='bbox 1740 4804 1886 4859; x_wconf 90' lang='lat' dir='ltr'><strong>nullo</strong></span> <span class='ocrx_word' id='word_1_660' title='bbox 1914 4821 2098 4860; x_wconf 77' lang='lat' dir='ltr'><strong>exem-</strong></span> 
     </span>
    </p>
   </div>
   <div class='ocr_carea' id='block_1_86' title="bbox 464 4875 2096 4953">
    <p class='ocr_par' dir='ltr' id='par_1_86' title="bbox 464 4875 2096 4953">
     <span class='ocr_line' id='line_1_86' title="bbox 464 4875 2096 4953; baseline -0.007 -13"><span class='ocrx_word' id='word_1_661' title='bbox 464 4914 481 4953; x_wconf 58' lang='grc' dir='ltr'>ι,</span> <span class='ocrx_word' id='word_1_662' title='bbox 520 4884 658 4953; x_wconf 84' lang='lat' dir='ltr'><strong>plari</strong></span> <span class='ocrx_word' id='word_1_663' title='bbox 686 4882 913 4951; x_wconf 76' lang='lat' dir='ltr'><strong>legimus</strong></span> <span class='ocrx_word' id='word_1_664' title='bbox 940 4882 961 4932; x_wconf 81' lang='lat' dir='ltr'><strong>‘l</strong></span> <span class='ocrx_word' id='word_1_665' title='bbox 986 4878 1137 4953; x_wconf 74' lang='lat' dir='ltr'><strong>Nihil</strong></span> <span class='ocrx_word' id='word_1_666' title='bbox 1162 4878 1297 4932; x_wconf 83' lang='lat' dir='ltr'><strong>forte</strong></span> <span class='ocrx_word' id='word_1_667' title='bbox 1327 4876 1467 4953; x_wconf 82' lang='lat' dir='ltr'><strong>aliud</strong></span> <span class='ocrx_word' id='word_1_668' title='bbox 1493 4875 1662 4953; x_wconf 69' lang='lat' dir='ltr'><strong>voluit</strong></span> <span class='ocrx_word' id='word_1_669' title='bbox 1693 4876 1969 4953; x_wconf 73' lang='lat' dir='ltr'><strong>illepapa,</strong></span> <span class='ocrx_word' id='word_1_670' title='bbox 1996 4876 2096 4953; x_wconf 81' lang='lat' dir='ltr'><strong>uisi</strong></span> 
     </span>
    </p>
   </div>
   <div class='ocr_carea' id='block_1_87' title="bbox 474 4944 2097 5021">
    <p class='ocr_par' dir='ltr' id='par_1_87' title="bbox 474 4944 2097 5021">
     <span class='ocr_line' id='line_1_87' title="bbox 474 4944 2097 5021; baseline -0.006 -11"><span class='ocrx_word' id='word_1_671' title='bbox 520 4944 582 5010; x_wconf 77' lang='lat' dir='ltr'><strong>ut</strong></span> <span class='ocrx_word' id='word_1_672' title='bbox 604 4944 915 5009; x_wconf 72' lang='lat' dir='ltr'><strong>ostenderet</strong></span> <span class='ocrx_word' id='word_1_673' title='bbox 937 4964 1100 5021; x_wconf 88' lang='lat' dir='ltr'><strong>quam</strong></span> <span class='ocrx_word' id='word_1_674' title='bbox 1127 4950 1524 5021; x_wconf 75' lang='lat' dir='ltr'><strong>incomnmdum</strong></span> <span class='ocrx_word' id='word_1_675' title='bbox 1570 4944 1729 5009; x_wconf 83' lang='lat' dir='ltr'><strong>foret,</strong></span> <span class='ocrx_word' id='word_1_676' title='bbox 1764 4946 1810 5000; x_wconf 89' lang='lat' dir='ltr'><strong>si</strong></span> <span class='ocrx_word' id='word_1_677' title='bbox 1840 4947 2097 5021; x_wconf 71' lang='lat' dir='ltr'><strong>praesules</strong></span> 
     </span>
    </p>
   </div>
   <div class='ocr_carea' id='block_1_88' title="bbox 480 5017 2095 5093">
    <p class='ocr_par' dir='ltr' id='par_1_88' title="bbox 480 5017 2095 5093">
     <span class='ocr_line' id='line_1_88' title="bbox 480 5017 2095 5093; baseline -0.007 -12"><span class='ocrx_word' id='word_1_678' title='bbox 480 5019 485 5023; x_wconf 68' lang='grc'><strong>’</strong></span> <span class='ocrx_word' id='word_1_679' title='bbox 519 5041 643 5081; x_wconf 89' lang='lat' dir='ltr'><strong>cum</strong></span> <span class='ocrx_word' id='word_1_680' title='bbox 688 5024 879 5080; x_wconf 84' lang='lat' dir='ltr'><strong>baculo</strong></span> <span class='ocrx_word' id='word_1_681' title='bbox 909 5017 1079 5093; x_wconf 82' lang='lat' dir='ltr'><strong>quem</strong></span> <span class='ocrx_word' id='word_1_682' title='bbox 1102 5017 1472 5093; x_wconf 78' lang='lat' dir='ltr'><strong>ecclesiastico</strong></span> <span class='ocrx_word' id='word_1_683' title='bbox 1495 5031 1608 5093; x_wconf 57' lang='grc' dir='ltr'><strong>Διιειι</strong></span> <span class='ocrx_word' id='word_1_684' title='bbox 1656 5026 1871 5085; x_wconf 80' lang='lat' dir='ltr'><strong>gestare</strong></span> <span class='ocrx_word' id='word_1_685' title='bbox 1900 5017 2095 5093; x_wconf 70' lang='lat' dir='ltr'><strong>solent,</strong></span> 
     </span>
    </p>
   </div>
   <div class='ocr_carea' id='block_1_89' title="bbox 518 5087 2097 5157">
    <p class='ocr_par' dir='ltr' id='par_1_89' title="bbox 518 5087 2097 5157">
     <span class='ocr_line' id='line_1_89' title="bbox 518 5087 2097 5157; baseline -0.007 -5"><span class='ocrx_word' id='word_1_686' title='bbox 518 5099 682 5152; x_wconf 88' lang='lat' dir='ltr'><strong>etiam</strong></span> <span class='ocrx_word' id='word_1_687' title='bbox 717 5087 964 5150; x_wconf 78' lang='lat' dir='ltr'><strong>lucernas</strong></span> <span class='ocrx_word' id='word_1_688' title='bbox 990 5092 1241 5147; x_wconf 80' lang='lat' dir='ltr'><strong>ardentes</strong></span> <span class='ocrx_word' id='word_1_689' title='bbox 1277 5090 1329 5143; x_wconf 92' lang='lat' dir='ltr'><strong>in</strong></span> <span class='ocrx_word' id='word_1_690' title='bbox 1366 5090 1613 5143; x_wconf 88' lang='lat' dir='ltr'><strong>manibus</strong></span> <span class='ocrx_word' id='word_1_691' title='bbox 1655 5104 1719 5142; x_wconf 77' lang='lat' dir='ltr'><strong>ex</strong></span> <span class='ocrx_word' id='word_1_692' title='bbox 1772 5087 2097 5157; x_wconf 79' lang='lat' dir='ltr'><strong>evangelicae</strong></span> 
     </span>
    </p>
   </div>
   <div class='ocr_carea' id='block_1_90' title="bbox 519 5163 1354 5235">
    <p class='ocr_par' dir='ltr' id='par_1_90' title="bbox 519 5163 1354 5235">
     <span class='ocr_line' id='line_1_90' title="bbox 519 5163 1354 5235; baseline -0.011 -13"><span class='ocrx_word' id='word_1_693' title='bbox 519 5168 713 5223; x_wconf 60' lang='lat' dir='ltr'><strong>litterae</strong></span> <span class='ocrx_word' id='word_1_694' title='bbox 752 5163 1067 5235; x_wconf 61' lang='lat' dir='ltr'><strong>praescripto</strong></span> <span class='ocrx_word' id='word_1_695' title='bbox 1095 5169 1354 5235; x_wconf 83' lang='lat' dir='ltr'><strong>tenerent.</strong></span> 
     </span>
    </p>
   </div>
   <div class='ocr_carea' id='block_1_91' title="bbox 591 5228 2096 5304">
    <p class='ocr_par' dir='ltr' id='par_1_91' title="bbox 591 5228 2096 5304">
     <span class='ocr_line' id='line_1_91' title="bbox 591 5228 2096 5304; baseline -0.005 -11"><span class='ocrx_word' id='word_1_696' title='bbox 591 5238 620 5278; x_wconf 71' lang='grc' dir='ltr'>δ</span> <span class='ocrx_word' id='word_1_697' title='bbox 652 5228 794 5293; x_wconf 79' lang='lat' dir='ltr'><strong>Edit.</strong></span> <span class='ocrx_word' id='word_1_698' title='bbox 827 5228 989 5290; x_wconf 57' lang='lat' dir='ltr'><strong>Rom:</strong></span> <span class='ocrx_word' id='word_1_699' title='bbox 1014 5243 1068 5287; x_wconf 91' lang='lat' dir='ltr'><strong>et</strong></span> <span class='ocrx_word' id='word_1_700' title='bbox 1093 5233 1288 5304; x_wconf 84' lang='lat' dir='ltr'><strong>concil.</strong></span> <span class='ocrx_word' id='word_1_701' title='bbox 1318 5246 1440 5304; x_wconf 81' lang='lat' dir='ltr'><strong>cum</strong></span> <span class='ocrx_word' id='word_1_702' title='bbox 1478 5229 1739 5304; x_wconf 77' lang='lat' dir='ltr'><strong>exemplis</strong></span> <span class='ocrx_word' id='word_1_703' title='bbox 1758 5230 1890 5304; x_wconf 83' lang='lat' dir='ltr'><strong>coll.</strong></span> <span class='ocrx_word' id='word_1_704' title='bbox 1935 5228 2096 5304; x_wconf 56' lang='lat' dir='ltr'><strong>Had,</strong></span> 
     </span>
    </p>
   </div>
   <div class='ocr_carea' id='block_1_92' title="bbox 522 5300 2100 5369">
    <p class='ocr_par' dir='ltr' id='par_1_92' title="bbox 522 5300 2100 5369">
     <span class='ocr_line' id='line_1_92' title="bbox 522 5300 2100 5369; baseline -0.007 -5"><span class='ocrx_word' id='word_1_705' title='bbox 522 5308 731 5363; x_wconf 82' lang='lat' dir='ltr'><strong>habent.</strong></span> <span class='ocrx_word' id='word_1_706' title='bbox 759 5306 980 5361; x_wconf 82' lang='lat' dir='ltr'><strong>Rectius</strong></span> <span class='ocrx_word' id='word_1_707' title='bbox 1019 5304 1109 5359; x_wconf 84' lang='lat' dir='ltr'><strong>alii</strong></span> <span class='ocrx_word' id='word_1_708' title='bbox 1154 5302 1296 5369; x_wconf 82' lang='lat' dir='ltr'><strong>libri,</strong></span> <span class='ocrx_word' id='word_1_709' title='bbox 1327 5301 1562 5355; x_wconf 80' lang='lat' dir='ltr'><strong>habeant.</strong></span> <span class='ocrx_word' id='word_1_710' title='bbox 1594 5300 1860 5355; x_wconf 86' lang='lat' dir='ltr'><strong>Permittit</strong></span> <span class='ocrx_word' id='word_1_711' title='bbox 1903 5300 2100 5369; x_wconf 79' lang='lat' dir='ltr'><strong>quippe</strong></span> 
     </span>
    </p>
   </div>
   <div class='ocr_carea' id='block_1_93' title="bbox 521 5370 2097 5441">
    <p class='ocr_par' dir='ltr' id='par_1_93' title="bbox 521 5370 2097 5441">
     <span class='ocr_line' id='line_1_93' title="bbox 521 5370 2097 5441; baseline -0.006 -8"><span class='ocrx_word' id='word_1_712' title='bbox 521 5380 851 5436; x_wconf 72' lang='lat' dir='ltr'><strong>leestinus</strong></span> <span class='ocrx_word' id='word_1_713' title='bbox 876 5375 1115 5431; x_wconf 85' lang='lat' dir='ltr'><strong>habitum</strong></span> <span class='ocrx_word' id='word_1_714' title='bbox 1168 5372 1318 5426; x_wconf 88' lang='lat' dir='ltr'><strong>illum</strong></span> <span class='ocrx_word' id='word_1_715' title='bbox 1371 5370 1696 5441; x_wconf 78' lang='lat' dir='ltr'><strong>singularem</strong></span> <span class='ocrx_word' id='word_1_716' title='bbox 1745 5372 2097 5426; x_wconf 86' lang='lat' dir='ltr'><strong>remOtiorutn</strong></span> 
     </span>
    </p>
   </div>
   <div class='ocr_carea' id='block_1_94' title="bbox 523 5440 2098 5510">
    <p class='ocr_par' dir='ltr' id='par_1_94' title="bbox 523 5440 2098 5510">
     <span class='ocr_line' id='line_1_94' title="bbox 523 5440 2098 5510; baseline -0.006 -6"><span class='ocrx_word' id='word_1_717' title='bbox 523 5449 765 5506; x_wconf 83' lang='lat' dir='ltr'><strong>ineorum</strong></span> <span class='ocrx_word' id='word_1_718' title='bbox 790 5445 1205 5507; x_wconf 84' lang='lat' dir='ltr'><strong>habitatoribus,</strong></span> <span class='ocrx_word' id='word_1_719' title='bbox 1231 5442 1333 5497; x_wconf 90' lang='lat' dir='ltr'><strong>hoc</strong></span> <span class='ocrx_word' id='word_1_720' title='bbox 1362 5450 1445 5496; x_wconf 91' lang='lat' dir='ltr'><strong>est</strong></span> <span class='ocrx_word' id='word_1_721' title='bbox 1466 5440 1749 5496; x_wconf 84' lang='lat' dir='ltr'><strong>monachis</strong></span> <span class='ocrx_word' id='word_1_722' title='bbox 1778 5440 1871 5510; x_wconf 89' lang='lat' dir='ltr'><strong>qui</strong></span> <span class='ocrx_word' id='word_1_723' title='bbox 1918 5441 2098 5509; x_wconf 80' lang='lat' dir='ltr'><strong>procul</strong></span> 
     </span>
    </p>
   </div>
   <div class='ocr_carea' id='block_1_95' title="bbox 523 5510 2101 5579">
    <p class='ocr_par' dir='ltr' id='par_1_95' title="bbox 523 5510 2101 5579">
     <span class='ocr_line' id='line_1_95' title="bbox 523 5510 2101 5579; baseline -0.006 -5"><span class='ocrx_word' id='word_1_724' title='bbox 523 5534 554 5573; x_wconf 86' lang='lat' dir='ltr'><strong>a</strong></span> <span class='ocrx_word' id='word_1_725' title='bbox 577 5521 786 5574; x_wconf 68' lang='lat' dir='ltr'><strong>caeteris</strong></span> <span class='ocrx_word' id='word_1_726' title='bbox 833 5516 1139 5573; x_wconf 86' lang='lat' dir='ltr'><strong>hominibus</strong></span> <span class='ocrx_word' id='word_1_727' title='bbox 1167 5512 1456 5579; x_wconf 72' lang='lat' dir='ltr'><strong>degebant.</strong></span> <span class='ocrx_word' id='word_1_728' title='bbox 1490 5511 1793 5577; x_wconf 75' lang='lat' dir='ltr'><strong>cuiusmodi</strong></span> <span class='ocrx_word' id='word_1_729' title='bbox 1826 5520 1979 5566; x_wconf 90' lang='lat' dir='ltr'><strong>erant</strong></span> <span class='ocrx_word' id='word_1_730' title='bbox 2011 5510 2101 5565; x_wconf 86' lang='lat' dir='ltr'><strong>Li-</strong></span> 
     </span>
    </p>
   </div>
   <div class='ocr_carea' id='block_1_96' title="bbox 526 5582 2103 5653">
    <p class='ocr_par' dir='ltr' id='par_1_96' title="bbox 526 5582 2103 5653">
     <span class='ocr_line' id='line_1_96' title="bbox 526 5582 2103 5653; baseline -0.004 -11"><span class='ocrx_word' id='word_1_731' title='bbox 526 5588 763 5646; x_wconf 84' lang='lat' dir='ltr'><strong>rinensis</strong></span> <span class='ocrx_word' id='word_1_732' title='bbox 788 5590 974 5644; x_wconf 76' lang='lat' dir='ltr'><strong>insula:</strong></span> <span class='ocrx_word' id='word_1_733' title='bbox 1004 5586 1213 5642; x_wconf 71' lang='lat' dir='ltr'><strong>incolae.</strong></span> <span class='ocrx_word' id='word_1_734' title='bbox 1239 5584 1358 5639; x_wconf 86' lang='lat' dir='ltr'><strong>.lam</strong></span> <span class='ocrx_word' id='word_1_735' title='bbox 1391 5583 1552 5653; x_wconf 81' lang='lat' dir='ltr'><strong>igitur</strong></span> <span class='ocrx_word' id='word_1_736' title='bbox 1582 5597 1697 5637; x_wconf 73' lang='lat' dir='ltr'><strong>mos</strong></span> <span class='ocrx_word' id='word_1_737' title='bbox 1723 5593 1777 5638; x_wconf 90' lang='lat' dir='ltr'><strong>et</strong></span> <span class='ocrx_word' id='word_1_738' title='bbox 1807 5595 1937 5636; x_wconf 91' lang='lat' dir='ltr'><strong>usus</strong></span> <span class='ocrx_word' id='word_1_739' title='bbox 1961 5582 2103 5636; x_wconf 82' lang='lat' dir='ltr'><strong>obti-</strong></span> 
     </span>
    </p>
   </div>
   <div class='ocr_carea' id='block_1_97' title="bbox 528 5653 2099 5727">
    <p class='ocr_par' dir='ltr' id='par_1_97' title="bbox 528 5653 2099 5727">
     <span class='ocr_line' id='line_1_97' title="bbox 528 5653 2099 5727; baseline -0.006 -14"><span class='ocrx_word' id='word_1_740' title='bbox 528 5668 742 5723; x_wconf 77' lang='lat' dir='ltr'><strong>atterat,</strong></span> <span class='ocrx_word' id='word_1_741' title='bbox 774 5668 832 5712; x_wconf 90' lang='lat' dir='ltr'><strong>ut</strong></span> <span class='ocrx_word' id='word_1_742' title='bbox 859 5674 889 5712; x_wconf 87' lang='lat' dir='ltr'><strong>a</strong></span> <span class='ocrx_word' id='word_1_743' title='bbox 917 5658 1077 5727; x_wconf 71' lang='lat' dir='ltr'><strong>vulgo</strong></span> <span class='ocrx_word' id='word_1_744' title='bbox 1106 5655 1353 5711; x_wconf 85' lang='lat' dir='ltr'><strong>monachi</strong></span> <span class='ocrx_word' id='word_1_745' title='bbox 1383 5653 1641 5727; x_wconf 59' lang='lat' dir='ltr'><strong>vestibus</strong></span> <span class='ocrx_word' id='word_1_746' title='bbox 1670 5662 2099 5727; x_wconf 76' lang='lat' dir='ltr'><strong>secernercotur.</strong></span> 
     </span>
    </p>
   </div>
   <div class='ocr_carea' id='block_1_98' title="bbox 605 5721 2105 5787">
    <p class='ocr_par' dir='ltr' id='par_1_98' title="bbox 605 5721 2105 5787">
     <span class='ocr_line' id='line_1_98' title="bbox 605 5721 2105 5787; baseline -0.004 -5"><span class='ocrx_word' id='word_1_747' title='bbox 605 5737 629 5767; x_wconf 83' lang='grc'>⁶</span> <span class='ocrx_word' id='word_1_748' title='bbox 660 5721 788 5783; x_wconf 81' lang='lat' dir='ltr'><strong>inde</strong></span> <span class='ocrx_word' id='word_1_749' title='bbox 822 5721 1265 5783; x_wconf 57' lang='lat' dir='ltr'><strong>conﬁei&#39;ceoseut</strong></span> <span class='ocrx_word' id='word_1_750' title='bbox 1308 5724 1525 5787; x_wconf 89' lang='lat' dir='ltr'><strong>eruditi,</strong></span> <span class='ocrx_word' id='word_1_751' title='bbox 1577 5724 1833 5777; x_wconf 81' lang='lat' dir='ltr'><strong>laicoruiu</strong></span> <span class='ocrx_word' id='word_1_752' title='bbox 1878 5721 2105 5777; x_wconf 86' lang='lat' dir='ltr'><strong>clerico-</strong></span> 
     </span>
    </p>
   </div>
   <div class='ocr_carea' id='block_1_99' title="bbox 535 5793 2099 5867">
    <p class='ocr_par' dir='ltr' id='par_1_99' title="bbox 535 5793 2099 5867">
     <span class='ocr_line' id='line_1_99' title="bbox 535 5793 2099 5867; baseline -0.002 -15"><span class='ocrx_word' id='word_1_753' title='bbox 535 5812 759 5867; x_wconf 84' lang='lat' dir='ltr'><strong>rumquo</strong></span> <span class='ocrx_word' id='word_1_754' title='bbox 785 5808 961 5853; x_wconf 88' lang='lat' dir='ltr'><strong>vestes</strong></span> <span class='ocrx_word' id='word_1_755' title='bbox 1004 5798 1189 5867; x_wconf 88' lang='lat' dir='ltr'><strong>primis</strong></span> <span class='ocrx_word' id='word_1_756' title='bbox 1219 5796 1472 5853; x_wconf 75' lang='lat' dir='ltr'><strong>Ecclesiae</strong></span> <span class='ocrx_word' id='word_1_757' title='bbox 1500 5794 1712 5850; x_wconf 75' lang='lat' dir='ltr'><strong>sacculis</strong></span> <span class='ocrx_word' id='word_1_758' title='bbox 1740 5793 1907 5849; x_wconf 89' lang='lat' dir='ltr'><strong>fuisse</strong></span> <span class='ocrx_word' id='word_1_759' title='bbox 1955 5808 2099 5849; x_wconf 85' lang='lat' dir='ltr'><strong>com-</strong></span> 
     </span>
    </p>
   </div>
   <div class='ocr_carea' id='block_1_100' title="bbox 2193 3329 3809 3399">
    <p class='ocr_par' dir='ltr' id='par_1_100' title="bbox 2193 3329 3809 3399">
     <span class='ocr_line' id='line_1_100' title="bbox 2193 3329 3809 3399; baseline 0.001 -14"><span class='ocrx_word' id='word_1_760' title='bbox 2193 3331 2401 3385; x_wconf 80' lang='lat' dir='ltr'><strong>Coneil.</strong></span> <span class='ocrx_word' id='word_1_761' title='bbox 2435 3344 2558 3399; x_wconf 89' lang='lat' dir='ltr'><strong>pag.</strong></span> <span class='ocrx_word' id='word_1_762' title='bbox 2594 3329 3001 3399; x_wconf 70' lang='lat' dir='ltr'><strong>lSlTelericos</strong></span> <span class='ocrx_word' id='word_1_763' title='bbox 3032 3346 3060 3383; x_wconf 93' lang='lat' dir='ltr'><strong>a</strong></span> <span class='ocrx_word' id='word_1_764' title='bbox 3087 3329 3304 3387; x_wconf 68' lang='lat' dir='ltr'><strong>caeteris</strong></span> <span class='ocrx_word' id='word_1_765' title='bbox 3327 3346 3434 3387; x_wconf 89' lang='lat' dir='ltr'><strong>non</strong></span> <span class='ocrx_word' id='word_1_766' title='bbox 3471 3333 3523 3385; x_wconf 91' lang='lat' dir='ltr'><strong>in</strong></span> <span class='ocrx_word' id='word_1_767' title='bbox 3552 3333 3674 3388; x_wconf 82' lang='lat' dir='ltr'><strong>vita</strong></span> <span class='ocrx_word' id='word_1_768' title='bbox 3708 3347 3809 3387; x_wconf 86' lang='lat' dir='ltr'><strong>so-</strong></span> 
     </span>
    </p>
   </div>
   <div class='ocr_carea' id='block_1_101' title="bbox 2197 3398 3810 3463">
    <p class='ocr_par' dir='ltr' id='par_1_101' title="bbox 2197 3398 3810 3463">
     <span class='ocr_line' id='line_1_101' title="bbox 2197 3398 3810 3463; baseline 0 -7"><span class='ocrx_word' id='word_1_769' title='bbox 2197 3402 2305 3456; x_wconf 88' lang='lat' dir='ltr'><strong>lum</strong></span> <span class='ocrx_word' id='word_1_770' title='bbox 2329 3398 2624 3463; x_wconf 88' lang='lat' dir='ltr'><strong>communi,</strong></span> <span class='ocrx_word' id='word_1_771' title='bbox 2667 3398 2763 3454; x_wconf 90' lang='lat' dir='ltr'><strong>sed</strong></span> <span class='ocrx_word' id='word_1_772' title='bbox 2789 3409 2845 3454; x_wconf 91' lang='lat' dir='ltr'><strong>et</strong></span> <span class='ocrx_word' id='word_1_773' title='bbox 2873 3415 3027 3456; x_wconf 89' lang='lat' dir='ltr'><strong>sacro</strong></span> <span class='ocrx_word' id='word_1_774' title='bbox 3056 3404 3108 3457; x_wconf 91' lang='lat' dir='ltr'><strong>in</strong></span> <span class='ocrx_word' id='word_1_775' title='bbox 3135 3403 3434 3459; x_wconf 88' lang='lat' dir='ltr'><strong>ministerio</strong></span> <span class='ocrx_word' id='word_1_776' title='bbox 3463 3403 3655 3456; x_wconf 81' lang='lat' dir='ltr'><strong>lialiitu</strong></span> <span class='ocrx_word' id='word_1_777' title='bbox 3713 3405 3810 3456; x_wconf 53' lang='lat' dir='ltr'><strong>in.</strong></span> 
     </span>
    </p>
   </div>
   <div class='ocr_carea' id='block_1_102' title="bbox 2192 3469 3814 3543">
    <p class='ocr_par' dir='ltr' id='par_1_102' title="bbox 2192 3469 3814 3543">
     <span class='ocr_line' id='line_1_102' title="bbox 2192 3469 3814 3543; baseline 0.001 -17"><span class='ocrx_word' id='word_1_778' title='bbox 2192 3472 2462 3543; x_wconf 83' lang='lat' dir='ltr'><strong>discretos</strong></span> <span class='ocrx_word' id='word_1_779' title='bbox 2481 3469 2646 3543; x_wconf 73' lang='lat' dir='ltr'><strong>fuisse</strong></span> <span class='ocrx_word' id='word_1_780' title='bbox 2657 3469 2871 3543; x_wconf 71' lang='lat' dir='ltr'><strong>astruit.</strong></span> <span class='ocrx_word' id='word_1_781' title='bbox 2894 3469 3006 3527; x_wconf 87' lang='lat' dir='ltr'><strong>Nec</strong></span> <span class='ocrx_word' id='word_1_782' title='bbox 3026 3472 3331 3543; x_wconf 77' lang='lat' dir='ltr'><strong>dissimulat</strong></span> <span class='ocrx_word' id='word_1_783' title='bbox 3348 3474 3488 3543; x_wconf 86' lang='lat' dir='ltr'><strong>quod</strong></span> <span class='ocrx_word' id='word_1_784' title='bbox 3518 3472 3814 3543; x_wconf 75' lang='lat' dir='ltr'><strong>Hierony-</strong></span> 
     </span>
    </p>
   </div>
   <div class='ocr_carea' id='block_1_103' title="bbox 2196 3539 3816 3614">
    <p class='ocr_par' dir='ltr' id='par_1_103' title="bbox 2196 3539 3816 3614">
     <span class='ocr_line' id='line_1_103' title="bbox 2196 3539 3816 3614; baseline -0.001 -18"><span class='ocrx_word' id='word_1_785' title='bbox 2196 3558 2313 3596; x_wconf 91' lang='lat' dir='ltr'><strong>mus</strong></span> <span class='ocrx_word' id='word_1_786' title='bbox 2341 3541 2458 3596; x_wconf 73' lang='lat' dir='ltr'><strong>hmc</strong></span> <span class='ocrx_word' id='word_1_787' title='bbox 2506 3539 2821 3614; x_wconf 76' lang='lat' dir='ltr'><strong>Ezechielis</strong></span> <span class='ocrx_word' id='word_1_788' title='bbox 2847 3556 2998 3609; x_wconf 79' lang='lat' dir='ltr'><strong>xuv,</strong></span> <span class='ocrx_word' id='word_1_789' title='bbox 3033 3541 3134 3614; x_wconf 76' lang='lat' dir='ltr'><strong>l7:</strong></span> <span class='ocrx_word' id='word_1_790' title='bbox 3164 3539 3389 3614; x_wconf 75' lang='lat' dir='ltr'><strong>Cumque</strong></span> <span class='ocrx_word' id='word_1_791' title='bbox 3432 3539 3816 3612; x_wconf 65' lang='lat' dir='ltr'><strong>ingrediantur</strong></span> 
     </span>
    </p>
   </div>
   <div class='ocr_carea' id='block_1_104' title="bbox 2196 3611 3817 3679">
    <p class='ocr_par' dir='ltr' id='par_1_104' title="bbox 2196 3611 3817 3679">
     <span class='ocr_line' id='line_1_104' title="bbox 2196 3611 3817 3679; baseline 0.002 -13"><span class='ocrx_word' id='word_1_792' title='bbox 2196 3622 2368 3679; x_wconf 85' lang='lat' dir='ltr'><strong>portas</strong></span> <span class='ocrx_word' id='word_1_793' title='bbox 2419 3612 2538 3663; x_wconf 83' lang='lat' dir='ltr'><strong>atrii</strong></span> <span class='ocrx_word' id='word_1_794' title='bbox 2592 3611 2870 3677; x_wconf 75' lang='lat' dir='ltr'><strong>interioris,</strong></span> <span class='ocrx_word' id='word_1_795' title='bbox 2922 3613 3140 3666; x_wconf 77' lang='lat' dir='ltr'><strong>vestibus</strong></span> <span class='ocrx_word' id='word_1_796' title='bbox 3183 3611 3328 3668; x_wconf 74' lang='lat' dir='ltr'><strong>lineis</strong></span> <span class='ocrx_word' id='word_1_797' title='bbox 3370 3611 3680 3677; x_wconf 71' lang='lat' dir='ltr'><strong>indurntur,</strong></span> <span class='ocrx_word' id='word_1_798' title='bbox 3735 3616 3817 3669; x_wconf 81' lang='lat' dir='ltr'><strong>ita</strong></span> 
     </span>
    </p>
   </div>
   <div class='ocr_carea' id='block_1_105' title="bbox 2194 3680 3820 3755">
    <p class='ocr_par' dir='ltr' id='par_1_105' title="bbox 2194 3680 3820 3755">
     <span class='ocr_line' id='line_1_105' title="bbox 2194 3680 3820 3755; baseline 0.001 -19"><span class='ocrx_word' id='word_1_799' title='bbox 2194 3689 2616 3755; x_wconf 79' lang='lat' dir='ltr'><strong>commentatur:</strong></span> <span class='ocrx_word' id='word_1_800' title='bbox 2670 3680 2797 3755; x_wconf 11' lang='lat' dir='ltr'><strong>Per,</strong></span> <span class='ocrx_word' id='word_1_801' title='bbox 2819 3699 2935 3751; x_wconf 73' lang='lat' dir='ltr'><strong>qua:</strong></span> <span class='ocrx_word' id='word_1_802' title='bbox 2959 3683 3226 3749; x_wconf 78' lang='lat' dir='ltr'><strong>discimus,</strong></span> <span class='ocrx_word' id='word_1_803' title='bbox 3256 3701 3357 3738; x_wconf 80' lang='lat' dir='ltr'><strong>non</strong></span> <span class='ocrx_word' id='word_1_804' title='bbox 3379 3685 3709 3755; x_wconf 81' lang='lat' dir='ltr'><strong>quotidianis</strong></span> <span class='ocrx_word' id='word_1_805' title='bbox 3766 3695 3820 3738; x_wconf 87' lang='lat' dir='ltr'><strong>et</strong></span> 
     </span>
    </p>
   </div>
   <div class='ocr_carea' id='block_1_106' title="bbox 2195 3751 3824 3821">
    <p class='ocr_par' dir='ltr' id='par_1_106' title="bbox 2195 3751 3824 3821">
     <span class='ocr_line' id='line_1_106' title="bbox 2195 3751 3824 3821; baseline 0.002 -16"><span class='ocrx_word' id='word_1_806' title='bbox 2195 3751 2501 3820; x_wconf 83' lang='lat' dir='ltr'><strong>quibuslibet</strong></span> <span class='ocrx_word' id='word_1_807' title='bbox 2525 3766 2616 3821; x_wconf 83' lang='lat' dir='ltr'><strong>pro</strong></span> <span class='ocrx_word' id='word_1_808' title='bbox 2640 3768 2736 3805; x_wconf 87' lang='lat' dir='ltr'><strong>usu</strong></span> <span class='ocrx_word' id='word_1_809' title='bbox 2756 3754 2869 3806; x_wconf 67' lang='lat' dir='ltr'><strong>vitm</strong></span> <span class='ocrx_word' id='word_1_810' title='bbox 2889 3755 3169 3808; x_wconf 85' lang='lat' dir='ltr'><strong>communis</strong></span> <span class='ocrx_word' id='word_1_811' title='bbox 3196 3751 3405 3821; x_wconf 77' lang='lat' dir='ltr'><strong>pollutis</strong></span> <span class='ocrx_word' id='word_1_812' title='bbox 3436 3757 3664 3809; x_wconf 74' lang='lat' dir='ltr'><strong>vestibus</strong></span> <span class='ocrx_word' id='word_1_813' title='bbox 3710 3771 3824 3809; x_wconf 80' lang='lat' dir='ltr'><strong>nos</strong></span> 
     </span>
    </p>
   </div>
   <div class='ocr_carea' id='block_1_107' title="bbox 2196 3822 3823 3894">
    <p class='ocr_par' dir='ltr' id='par_1_107' title="bbox 2196 3822 3823 3894">
     <span class='ocr_line' id='line_1_107' title="bbox 2196 3822 3823 3894; baseline 0.001 -19"><span class='ocrx_word' id='word_1_814' title='bbox 2196 3822 2398 3894; x_wconf 81' lang='lat' dir='ltr'><strong>ingredi</strong></span> <span class='ocrx_word' id='word_1_815' title='bbox 2429 3822 2609 3874; x_wconf 76' lang='lat' dir='ltr'><strong>dobere</strong></span> <span class='ocrx_word' id='word_1_816' title='bbox 2635 3824 2914 3894; x_wconf 62' lang='lat' dir='ltr'><strong>instincta</strong></span> <span class='ocrx_word' id='word_1_817' title='bbox 2938 3835 3253 3887; x_wconf 80' lang='lat' dir='ltr'><strong>sanctarum,</strong></span> <span class='ocrx_word' id='word_1_818' title='bbox 3297 3826 3386 3879; x_wconf 80' lang='lat' dir='ltr'><strong>sed</strong></span> <span class='ocrx_word' id='word_1_819' title='bbox 3432 3826 3631 3878; x_wconf 84' lang='lat' dir='ltr'><strong>munda</strong></span> <span class='ocrx_word' id='word_1_820' title='bbox 3666 3841 3823 3878; x_wconf 73' lang='lat' dir='ltr'><strong>cort-</strong></span> 
     </span>
    </p>
   </div>
   <div class='ocr_carea' id='block_1_108' title="bbox 2195 3891 3824 3949">
    <p class='ocr_par' dir='ltr' id='par_1_108' title="bbox 2195 3891 3824 3949">
     <span class='ocr_line' id='line_1_108' title="bbox 2195 3891 3824 3949; baseline 0.001 -4"><span class='ocrx_word' id='word_1_821' title='bbox 2195 3891 2409 3945; x_wconf 84' lang='lat' dir='ltr'><strong>scientin</strong></span> <span class='ocrx_word' id='word_1_822' title='bbox 2447 3900 2494 3944; x_wconf 88' lang='lat' dir='ltr'><strong>ct</strong></span> <span class='ocrx_word' id='word_1_823' title='bbox 2542 3891 2747 3945; x_wconf 82' lang='lat' dir='ltr'><strong>mundis</strong></span> <span class='ocrx_word' id='word_1_824' title='bbox 2772 3892 2990 3947; x_wconf 81' lang='lat' dir='ltr'><strong>restibus</strong></span> <span class='ocrx_word' id='word_1_825' title='bbox 3013 3903 3180 3948; x_wconf 87' lang='lat' dir='ltr'><strong>tenere</strong></span> <span class='ocrx_word' id='word_1_826' title='bbox 3211 3895 3418 3949; x_wconf 85' lang='lat' dir='ltr'><strong>Domini</strong></span> <span class='ocrx_word' id='word_1_827' title='bbox 3441 3906 3824 3949; x_wconf 66' lang='lat' dir='ltr'><strong>sacramenta.</strong></span> 
     </span>
    </p>
   </div>
   <div class='ocr_carea' id='block_1_109' title="bbox 2198 3962 3836 4035">
    <p class='ocr_par' dir='ltr' id='par_1_109' title="bbox 2198 3962 3836 4035">
     <span class='ocr_line' id='line_1_109' title="bbox 2198 3962 3836 4035; baseline 0.002 -18"><span class='ocrx_word' id='word_1_828' title='bbox 2198 3962 2379 4035; x_wconf 83' lang='lat' dir='ltr'><strong>Neque</strong></span> <span class='ocrx_word' id='word_1_829' title='bbox 2409 3962 2536 4035; x_wconf 80' lang='lat' dir='ltr'><strong>hinc</strong></span> <span class='ocrx_word' id='word_1_830' title='bbox 2560 3962 2626 4015; x_wconf 84' lang='lat' dir='ltr'><strong>de</strong></span> <span class='ocrx_word' id='word_1_831' title='bbox 2654 3963 2921 4035; x_wconf 87' lang='lat' dir='ltr'><strong>sententia</strong></span> <span class='ocrx_word' id='word_1_832' title='bbox 2955 3972 3220 4018; x_wconf 84' lang='lat' dir='ltr'><strong>movetur.</strong></span> <span class='ocrx_word' id='word_1_833' title='bbox 3258 3966 3348 4019; x_wconf 83' lang='lat' dir='ltr'><strong>llis</strong></span> <span class='ocrx_word' id='word_1_834' title='bbox 3376 3966 3571 4035; x_wconf 89' lang='lat' dir='ltr'><strong>quippe</strong></span> <span class='ocrx_word' id='word_1_835' title='bbox 3605 3967 3836 4021; x_wconf 88' lang='lat' dir='ltr'><strong>lliero—</strong></span> 
     </span>
    </p>
   </div>
   <div class='ocr_carea' id='block_1_110' title="bbox 2198 4033 3835 4104">
    <p class='ocr_par' dir='ltr' id='par_1_110' title="bbox 2198 4033 3835 4104">
     <span class='ocr_line' id='line_1_110' title="bbox 2198 4033 3835 4104; baseline 0.001 -17"><span class='ocrx_word' id='word_1_836' title='bbox 2198 4034 2347 4104; x_wconf 82' lang='lat' dir='ltr'><strong>nyini</strong></span> <span class='ocrx_word' id='word_1_837' title='bbox 2364 4033 2552 4104; x_wconf 85' lang='lat' dir='ltr'><strong>verbis</strong></span> <span class='ocrx_word' id='word_1_838' title='bbox 2574 4033 2886 4104; x_wconf 85' lang='lat' dir='ltr'><strong>mundiores</strong></span> <span class='ocrx_word' id='word_1_839' title='bbox 2914 4035 3129 4102; x_wconf 88' lang='lat' dir='ltr'><strong>quidem</strong></span> <span class='ocrx_word' id='word_1_840' title='bbox 3151 4045 3206 4091; x_wconf 90' lang='lat' dir='ltr'><strong>et</strong></span> <span class='ocrx_word' id='word_1_841' title='bbox 3226 4033 3527 4098; x_wconf 77' lang='lat' dir='ltr'><strong>nitidiores,</strong></span> <span class='ocrx_word' id='word_1_842' title='bbox 3546 4036 3659 4089; x_wconf 83' lang='lat' dir='ltr'><strong>sed</strong></span> <span class='ocrx_word' id='word_1_843' title='bbox 3707 4053 3835 4090; x_wconf 82' lang='lat' dir='ltr'><strong>non</strong></span> 
     </span>
    </p>
   </div>
   <div class='ocr_carea' id='block_1_111' title="bbox 2198 4103 3838 4172">
    <p class='ocr_par' dir='ltr' id='par_1_111' title="bbox 2198 4103 3838 4172">
     <span class='ocr_line' id='line_1_111' title="bbox 2198 4103 3838 4172; baseline 0.002 -15"><span class='ocrx_word' id='word_1_844' title='bbox 2198 4103 2502 4172; x_wconf 80' lang='lat' dir='ltr'><strong>singulares</strong></span> <span class='ocrx_word' id='word_1_845' title='bbox 2525 4114 2580 4157; x_wconf 90' lang='lat' dir='ltr'><strong>et</strong></span> <span class='ocrx_word' id='word_1_846' title='bbox 2608 4103 2673 4156; x_wconf 88' lang='lat' dir='ltr'><strong>ad</strong></span> <span class='ocrx_word' id='word_1_847' title='bbox 2702 4118 2914 4158; x_wconf 88' lang='lat' dir='ltr'><strong>sacrum</strong></span> <span class='ocrx_word' id='word_1_848' title='bbox 2939 4106 3213 4159; x_wconf 83' lang='lat' dir='ltr'><strong>dumtaxat</strong></span> <span class='ocrx_word' id='word_1_849' title='bbox 3241 4105 3595 4161; x_wconf 86' lang='lat' dir='ltr'><strong>ministerium</strong></span> <span class='ocrx_word' id='word_1_850' title='bbox 3626 4108 3838 4162; x_wconf 75' lang='lat' dir='ltr'><strong>desti-</strong></span> 
     </span>
    </p>
   </div>
   <div class='ocr_carea' id='block_1_112' title="bbox 2200 4174 3845 4246">
    <p class='ocr_par' dir='ltr' id='par_1_112' title="bbox 2200 4174 3845 4246">
     <span class='ocr_line' id='line_1_112' title="bbox 2200 4174 3845 4246; baseline 0.003 -19"><span class='ocrx_word' id='word_1_851' title='bbox 2200 4184 2354 4228; x_wconf 91' lang='lat' dir='ltr'><strong>natas</strong></span> <span class='ocrx_word' id='word_1_852' title='bbox 2381 4181 2559 4246; x_wconf 78' lang='lat' dir='ltr'><strong>vestes</strong></span> <span class='ocrx_word' id='word_1_853' title='bbox 2586 4174 2951 4246; x_wconf 76' lang='lat' dir='ltr'><strong>commendari</strong></span> <span class='ocrx_word' id='word_1_854' title='bbox 2982 4176 3247 4246; x_wconf 84' lang='lat' dir='ltr'><strong>intelligit.</strong></span> <span class='ocrx_word' id='word_1_855' title='bbox 3274 4175 3417 4231; x_wconf 90' lang='lat' dir='ltr'><strong>Idem</strong></span> <span class='ocrx_word' id='word_1_856' title='bbox 3447 4177 3619 4231; x_wconf 89' lang='lat' dir='ltr'><strong>sentit</strong></span> <span class='ocrx_word' id='word_1_857' title='bbox 3656 4188 3729 4232; x_wconf 85' lang='lat' dir='ltr'><strong>ct</strong></span> <span class='ocrx_word' id='word_1_858' title='bbox 3762 4178 3845 4232; x_wconf 81' lang='lat' dir='ltr'><strong>de</strong></span> 
     </span>
    </p>
   </div>
   <div class='ocr_carea' id='block_1_113' title="bbox 2198 4242 3847 4315">
    <p class='ocr_par' dir='ltr' id='par_1_113' title="bbox 2198 4242 3847 4315">
     <span class='ocr_line' id='line_1_113' title="bbox 2198 4242 3847 4315; baseline 0.002 -16"><span class='ocrx_word' id='word_1_859' title='bbox 2198 4259 2264 4315; x_wconf 85' lang='lat' dir='ltr'><strong>eo</strong></span> <span class='ocrx_word' id='word_1_860' title='bbox 2289 4243 2430 4314; x_wconf 89' lang='lat' dir='ltr'><strong>quod</strong></span> <span class='ocrx_word' id='word_1_861' title='bbox 2456 4242 2595 4299; x_wconf 87' lang='lat' dir='ltr'><strong>idem</strong></span> <span class='ocrx_word' id='word_1_862' title='bbox 2623 4242 2813 4300; x_wconf 89' lang='lat' dir='ltr'><strong>doctor</strong></span> <span class='ocrx_word' id='word_1_863' title='bbox 2836 4245 2966 4300; x_wconf 89' lang='lat' dir='ltr'><strong>dial.</strong></span> <span class='ocrx_word' id='word_1_864' title='bbox 2996 4246 3019 4297; x_wconf 81' lang='lat' dir='ltr'><strong>l</strong></span> <span class='ocrx_word' id='word_1_865' title='bbox 3047 4242 3231 4300; x_wconf 75' lang='lat' dir='ltr'><strong>contra</strong></span> <span class='ocrx_word' id='word_1_866' title='bbox 3257 4246 3548 4311; x_wconf 69' lang='lat' dir='ltr'><strong>Pelagium,</strong></span> <span class='ocrx_word' id='word_1_867' title='bbox 3581 4249 3691 4315; x_wconf 86' lang='lat' dir='ltr'><strong>qui</strong></span> <span class='ocrx_word' id='word_1_868' title='bbox 3731 4264 3847 4303; x_wconf 77' lang='lat' dir='ltr'><strong>ve-</strong></span> 
     </span>
    </p>
   </div>
   <div class='ocr_carea' id='block_1_114' title="bbox 2200 4314 3851 4384">
    <p class='ocr_par' dir='ltr' id='par_1_114' title="bbox 2200 4314 3851 4384">
     <span class='ocr_line' id='line_1_114' title="bbox 2200 4314 3851 4384; baseline 0.004 -16"><span class='ocrx_word' id='word_1_869' title='bbox 2200 4314 2361 4368; x_wconf 90' lang='lat' dir='ltr'><strong>stium</strong></span> <span class='ocrx_word' id='word_1_870' title='bbox 2391 4322 2639 4368; x_wconf 87' lang='lat' dir='ltr'><strong>ornatum</strong></span> <span class='ocrx_word' id='word_1_871' title='bbox 2681 4315 2790 4369; x_wconf 86' lang='lat' dir='ltr'><strong>Deo</strong></span> <span class='ocrx_word' id='word_1_872' title='bbox 2818 4317 3097 4371; x_wconf 83' lang='lat' dir='ltr'><strong>adversari</strong></span> <span class='ocrx_word' id='word_1_873' title='bbox 3119 4316 3498 4378; x_wconf 88' lang='lat' dir='ltr'><strong>contendebat,</strong></span> <span class='ocrx_word' id='word_1_874' title='bbox 3525 4314 3645 4371; x_wconf 81' lang='lat' dir='ltr'><strong>ait:</strong></span> <span class='ocrx_word' id='word_1_875' title='bbox 3686 4319 3851 4384; x_wconf 68' lang='lat' dir='ltr'><strong>Qui:</strong></span> 
     </span>
    </p>
   </div>
   <div class='ocr_carea' id='block_1_115' title="bbox 2200 4385 3830 4455">
    <p class='ocr_par' dir='ltr' id='par_1_115' title="bbox 2200 4385 3830 4455">
     <span class='ocr_line' id='line_1_115' title="bbox 2200 4385 3830 4455; baseline 0.002 -17"><span class='ocrx_word' id='word_1_876' title='bbox 2200 4394 2339 4449; x_wconf 84' lang='lat' dir='ltr'><strong>sunt,</strong></span> <span class='ocrx_word' id='word_1_877' title='bbox 2354 4385 2790 4455; x_wconf 69' lang='lat' dir='ltr'><strong>rogo,inimicitiat</strong></span> <span class='ocrx_word' id='word_1_878' title='bbox 2801 4397 2978 4440; x_wconf 85' lang='lat' dir='ltr'><strong>contra</strong></span> <span class='ocrx_word' id='word_1_879' title='bbox 2994 4386 3156 4441; x_wconf 82' lang='lat' dir='ltr'><strong>Deum</strong></span> <span class='ocrx_word' id='word_1_880' title='bbox 3167 4390 3231 4452; x_wconf 83' lang='lat' dir='ltr'><strong>,si</strong></span> <span class='ocrx_word' id='word_1_881' title='bbox 3244 4389 3467 4441; x_wconf 85' lang='lat' dir='ltr'><strong>tunicam</strong></span> <span class='ocrx_word' id='word_1_882' title='bbox 3481 4386 3655 4441; x_wconf 81' lang='lat' dir='ltr'><strong>habeo</strong></span> <span class='ocrx_word' id='word_1_883' title='bbox 3673 4406 3830 4443; x_wconf 67' lang='lat' dir='ltr'><strong>imm</strong></span> 
     </span>
    </p>
   </div>
   <div class='ocr_carea' id='block_1_116' title="bbox 2200 4456 3854 4528">
    <p class='ocr_par' dir='ltr' id='par_1_116' title="bbox 2200 4456 3854 4528">
     <span class='ocr_line' id='line_1_116' title="bbox 2200 4456 3854 4528; baseline 0.004 -21"><span class='ocrx_word' id='word_1_884' title='bbox 2200 4456 2416 4528; x_wconf 76' lang='lat' dir='ltr'><strong>diorem,</strong></span> <span class='ocrx_word' id='word_1_885' title='bbox 2442 4457 2485 4528; x_wconf 82' lang='lat' dir='ltr'><strong>si</strong></span> <span class='ocrx_word' id='word_1_886' title='bbox 2514 4456 2799 4528; x_wconf 77' lang='lat' dir='ltr'><strong>episcopus,</strong></span> <span class='ocrx_word' id='word_1_887' title='bbox 2844 4459 3104 4528; x_wconf 83' lang='lat' dir='ltr'><strong>presbyter</strong></span> <span class='ocrx_word' id='word_1_888' title='bbox 3130 4467 3178 4511; x_wconf 87' lang='lat' dir='ltr'><strong>ct</strong></span> <span class='ocrx_word' id='word_1_889' title='bbox 3209 4460 3455 4512; x_wconf 84' lang='lat' dir='ltr'><strong>diaconus</strong></span> <span class='ocrx_word' id='word_1_890' title='bbox 3488 4469 3535 4510; x_wconf 83' lang='lat' dir='ltr'><strong>et</strong></span> <span class='ocrx_word' id='word_1_891' title='bbox 3567 4457 3854 4528; x_wconf 78' lang='lat' dir='ltr'><strong>reliquus</strong></span> 
     </span>
    </p>
   </div>
   <div class='ocr_carea' id='block_1_117' title="bbox 2204 4525 3860 4584">
    <p class='ocr_par' dir='ltr' id='par_1_117' title="bbox 2204 4525 3860 4584">
     <span class='ocr_line' id='line_1_117' title="bbox 2204 4525 3860 4584; baseline 0.004 -7"><span class='ocrx_word' id='word_1_892' title='bbox 2204 4525 2328 4578; x_wconf 87' lang='lat' dir='ltr'><strong>ordo</strong></span> <span class='ocrx_word' id='word_1_893' title='bbox 2347 4525 2716 4579; x_wconf 79' lang='lat' dir='ltr'><strong>ecclesiasticus</strong></span> <span class='ocrx_word' id='word_1_894' title='bbox 2737 4528 2789 4579; x_wconf 90' lang='lat' dir='ltr'><strong>in</strong></span> <span class='ocrx_word' id='word_1_895' title='bbox 2809 4525 3260 4582; x_wconf 82' lang='lat' dir='ltr'><strong>administratione</strong></span> <span class='ocrx_word' id='word_1_896' title='bbox 3279 4545 3393 4582; x_wconf 87' lang='lat' dir='ltr'><strong>cum</strong></span> <span class='ocrx_word' id='word_1_897' title='bbox 3416 4528 3654 4582; x_wconf 85' lang='lat' dir='ltr'><strong>candida</strong></span> <span class='ocrx_word' id='word_1_898' title='bbox 3684 4525 3860 4584; x_wconf 69' lang='lat' dir='ltr'><strong>veste</strong></span> 
     </span>
    </p>
   </div>
   <div class='ocr_carea' id='block_1_118' title="bbox 2128 4594 3861 4689">
    <p class='ocr_par' dir='ltr' id='par_1_118' title="bbox 2128 4594 3861 4689">
     <span class='ocr_line' id='line_1_118' title="bbox 2128 4594 3861 4689; baseline 0 0"><span class='ocrx_word' id='word_1_899' title='bbox 2128 4630 2171 4689; x_wconf 84' lang='grc' dir='ltr'>υ</span> <span class='ocrx_word' id='word_1_900' title='bbox 2201 4594 3153 4689; x_wconf 54' lang='lat' dir='ltr'><strong>Ei‘.‘fﬁi‘i&quot;3.&quot;.‘:’.&#39;_‘_’.‘fi&#39;.&quot;33!fi&#39;ﬁl‘i‘ﬂit</strong></span> <span class='ocrx_word' id='word_1_901' title='bbox 3166 4600 3861 4689; x_wconf 59' lang='lat' dir='ltr'><strong>.ie§!sa_i&quot;&#39;sr£&#39;siasar</strong></span> 
     </span>
    </p>
   </div>
   <div class='ocr_carea' id='block_1_119' title="bbox 2201 4666 3860 4734">
    <p class='ocr_par' dir='ltr' id='par_1_119' title="bbox 2201 4666 3860 4734">
     <span class='ocr_line' id='line_1_119' title="bbox 2201 4666 3860 4734; baseline 0.005 -17"><span class='ocrx_word' id='word_1_902' title='bbox 2201 4666 2440 4719; x_wconf 87' lang='lat' dir='ltr'><strong>nitidam.</strong></span> <span class='ocrx_word' id='word_1_903' title='bbox 2457 4666 2762 4721; x_wconf 84' lang='lat' dir='ltr'><strong>Ohservant</strong></span> <span class='ocrx_word' id='word_1_904' title='bbox 2779 4668 2891 4734; x_wconf 86' lang='lat' dir='ltr'><strong>alii,</strong></span> <span class='ocrx_word' id='word_1_905' title='bbox 2909 4670 3220 4724; x_wconf 82' lang='lat' dir='ltr'><strong>vestesillas</strong></span> <span class='ocrx_word' id='word_1_906' title='bbox 3238 4669 3457 4732; x_wconf 88' lang='lat' dir='ltr'><strong>nitidas,</strong></span> <span class='ocrx_word' id='word_1_907' title='bbox 3473 4668 3603 4721; x_wconf 89' lang='lat' dir='ltr'><strong>dum</strong></span> <span class='ocrx_word' id='word_1_908' title='bbox 3630 4672 3860 4724; x_wconf 80' lang='lat' dir='ltr'><strong>rarius</strong></span> 
     </span>
    </p>
   </div>
   <div class='ocr_carea' id='block_1_120' title="bbox 2199 4735 3864 4809">
    <p class='ocr_par' dir='ltr' id='par_1_120' title="bbox 2199 4735 3864 4809">
     <span class='ocr_line' id='line_1_120' title="bbox 2199 4735 3864 4809; baseline 0.002 -20"><span class='ocrx_word' id='word_1_909' title='bbox 2199 4736 2254 4791; x_wconf 91' lang='lat' dir='ltr'><strong>in</strong></span> <span class='ocrx_word' id='word_1_910' title='bbox 2270 4750 2421 4791; x_wconf 86' lang='lat' dir='ltr'><strong>usum</strong></span> <span class='ocrx_word' id='word_1_911' title='bbox 2438 4735 2823 4809; x_wconf 79' lang='lat' dir='ltr'><strong>adhiberentur</strong></span> <span class='ocrx_word' id='word_1_912' title='bbox 2837 4750 2892 4793; x_wconf 91' lang='lat' dir='ltr'><strong>et</strong></span> <span class='ocrx_word' id='word_1_913' title='bbox 2920 4748 3329 4794; x_wconf 87' lang='lat' dir='ltr'><strong>asservarentur</strong></span> <span class='ocrx_word' id='word_1_914' title='bbox 3359 4738 3676 4792; x_wconf 76' lang='lat' dir='ltr'><strong>studiosius</strong></span> <span class='ocrx_word' id='word_1_915' title='bbox 3692 4785 3709 4809; x_wconf 84' lang='lat'><strong>,</strong></span> <span class='ocrx_word' id='word_1_916' title='bbox 3741 4757 3864 4795; x_wconf 85' lang='lat' dir='ltr'><strong>eo—</strong></span> 
     </span>
    </p>
   </div>
   <div class='ocr_carea' id='block_1_121' title="bbox 2198 4805 3862 4876">
    <p class='ocr_par' dir='ltr' id='par_1_121' title="bbox 2198 4805 3862 4876">
     <span class='ocr_line' id='line_1_121' title="bbox 2198 4805 3862 4876; baseline 0.004 -16"><span class='ocrx_word' id='word_1_917' title='bbox 2198 4821 2306 4875; x_wconf 86' lang='lat' dir='ltr'><strong>que</strong></span> <span class='ocrx_word' id='word_1_918' title='bbox 2336 4805 2667 4875; x_wconf 76' lang='lat' dir='ltr'><strong>pactocizius</strong></span> <span class='ocrx_word' id='word_1_919' title='bbox 2688 4818 2988 4863; x_wconf 89' lang='lat' dir='ltr'><strong>mutaretur</strong></span> <span class='ocrx_word' id='word_1_920' title='bbox 3015 4810 3318 4864; x_wconf 88' lang='lat' dir='ltr'><strong>communis</strong></span> <span class='ocrx_word' id='word_1_921' title='bbox 3340 4810 3565 4864; x_wconf 83' lang='lat' dir='ltr'><strong>vestium</strong></span> <span class='ocrx_word' id='word_1_922' title='bbox 3602 4805 3862 4876; x_wconf 65' lang='lat' dir='ltr'><strong>forma,</strong></span> 
     </span>
    </p>
   </div>
   <div class='ocr_carea' id='block_1_122' title="bbox 2198 4876 3769 4947">
    <p class='ocr_par' dir='ltr' id='par_1_122' title="bbox 2198 4876 3769 4947">
     <span class='ocr_line' id='line_1_122' title="bbox 2198 4876 3769 4947; baseline 0.004 -16"><span class='ocrx_word' id='word_1_923' title='bbox 2198 4891 2356 4947; x_wconf 82' lang='lat' dir='ltr'><strong>quam</strong></span> <span class='ocrx_word' id='word_1_924' title='bbox 2397 4876 2501 4931; x_wconf 76' lang='lat' dir='ltr'><strong>illa:</strong></span> <span class='ocrx_word' id='word_1_925' title='bbox 2534 4879 2794 4944; x_wconf 80' lang='lat' dir='ltr'><strong>perirent,</strong></span> <span class='ocrx_word' id='word_1_926' title='bbox 2829 4880 3084 4947; x_wconf 89' lang='lat' dir='ltr'><strong>paulatim</strong></span> <span class='ocrx_word' id='word_1_927' title='bbox 3116 4880 3354 4935; x_wconf 70' lang='lat' dir='ltr'><strong>evasisse</strong></span> <span class='ocrx_word' id='word_1_928' title='bbox 3394 4880 3769 4946; x_wconf 60' lang='lat' dir='ltr'><strong>singulares.</strong></span> 
     </span>
    </p>
   </div>
   <div class='ocr_carea' id='block_1_123' title="bbox 2272 4944 3770 5007">
    <p class='ocr_par' dir='ltr' id='par_1_123' title="bbox 2272 4944 3770 5007">
     <span class='ocr_line' id='line_1_123' title="bbox 2272 4944 3770 5007; baseline 0.005 -7"><span class='ocrx_word' id='word_1_929' title='bbox 2272 4944 2298 4984; x_wconf 63' lang='grc'><strong>*³</strong></span> <span class='ocrx_word' id='word_1_930' title='bbox 2327 4946 2478 5002; x_wconf 77' lang='lat' dir='ltr'><strong>Meri.</strong></span> <span class='ocrx_word' id='word_1_931' title='bbox 2503 4947 2666 5002; x_wconf 78' lang='lat' dir='ltr'><strong>Crab.</strong></span> <span class='ocrx_word' id='word_1_932' title='bbox 2709 4958 2764 5005; x_wconf 89' lang='lat' dir='ltr'><strong>et</strong></span> <span class='ocrx_word' id='word_1_933' title='bbox 2786 4944 2917 5005; x_wconf 87' lang='lat' dir='ltr'><strong>edit.</strong></span> <span class='ocrx_word' id='word_1_934' title='bbox 2951 4952 3105 5005; x_wconf 78' lang='lat' dir='ltr'><strong>Rom.</strong></span> <span class='ocrx_word' id='word_1_935' title='bbox 3146 4966 3268 5004; x_wconf 77' lang='lat' dir='ltr'><strong>cum</strong></span> <span class='ocrx_word' id='word_1_936' title='bbox 3294 4951 3418 5005; x_wconf 81' lang='lat' dir='ltr'><strong>Isid.</strong></span> <span class='ocrx_word' id='word_1_937' title='bbox 3444 4944 3770 5007; x_wconf 67' lang='lat' dir='ltr'><strong>ilindendi.</strong></span> 
     </span>
    </p>
   </div>
   <div class='ocr_carea' id='block_1_124' title="bbox 2276 5017 3874 5089">
    <p class='ocr_par' dir='ltr' id='par_1_124' title="bbox 2276 5017 3874 5089">
     <span class='ocr_line' id='line_1_124' title="bbox 2276 5017 3874 5089; baseline 0.005 -20"><span class='ocrx_word' id='word_1_938' title='bbox 2276 5027 2298 5055; x_wconf 75' lang='grc' dir='ltr'><strong><em>ο</em></strong></span> <span class='ocrx_word' id='word_1_939' title='bbox 2332 5017 2666 5074; x_wconf 82' lang='lat' dir='ltr'><strong>Velerrimus</strong></span> <span class='ocrx_word' id='word_1_940' title='bbox 2693 5021 2867 5076; x_wconf 77' lang='lat' dir='ltr'><strong>codex</strong></span> <span class='ocrx_word' id='word_1_941' title='bbox 2909 5021 3099 5086; x_wconf 87' lang='lat' dir='ltr'><strong>Corb.,</strong></span> <span class='ocrx_word' id='word_1_942' title='bbox 3140 5031 3355 5074; x_wconf 86' lang='lat' dir='ltr'><strong>mortem</strong></span> <span class='ocrx_word' id='word_1_943' title='bbox 3401 5022 3705 5075; x_wconf 63' lang='lat' dir='ltr'><strong>moricnu&#39;s</strong></span> <span class='ocrx_word' id='word_1_944' title='bbox 3730 5040 3754 5089; x_wconf 87' lang='lat'><strong>;</strong></span> <span class='ocrx_word' id='word_1_945' title='bbox 3790 5041 3874 5078; x_wconf 82' lang='lat' dir='ltr'><strong>ac</strong></span> 
     </span>
    </p>
   </div>
   <div class='ocr_carea' id='block_1_125' title="bbox 2203 5088 3872 5167">
    <p class='ocr_par' dir='ltr' id='par_1_125' title="bbox 2203 5088 3872 5167">
     <span class='ocr_line' id='line_1_125' title="bbox 2203 5088 3872 5167; baseline 0.004 -25"><span class='ocrx_word' id='word_1_946' title='bbox 2203 5088 2428 5155; x_wconf 89' lang='lat' dir='ltr'><strong>deinde,</strong></span> <span class='ocrx_word' id='word_1_947' title='bbox 2455 5098 2657 5144; x_wconf 86' lang='lat' dir='ltr'><strong>tantum</strong></span> <span class='ocrx_word' id='word_1_948' title='bbox 2680 5102 2983 5157; x_wconf 80' lang='lat' dir='ltr'><strong>revertatur,</strong></span> <span class='ocrx_word' id='word_1_949' title='bbox 3001 5095 3089 5146; x_wconf 89' lang='lat' dir='ltr'><strong>ubi</strong></span> <span class='ocrx_word' id='word_1_950' title='bbox 3118 5092 3257 5161; x_wconf 85' lang='lat' dir='ltr'><strong>apud</strong></span> <span class='ocrx_word' id='word_1_951' title='bbox 3282 5093 3618 5159; x_wconf 80' lang='lat' dir='ltr'><strong>QucSu.,sed</strong></span> <span class='ocrx_word' id='word_1_952' title='bbox 3654 5088 3872 5167; x_wconf 70' lang='lat' dir='ltr'><strong>magis</strong></span> 
     </span>
    </p>
   </div>
   <div class='ocr_carea' id='block_1_126' title="bbox 2208 5167 2638 5214">
    <p class='ocr_par' dir='ltr' id='par_1_126' title="bbox 2208 5167 2638 5214">
     <span class='ocr_line' id='line_1_126' title="bbox 2208 5167 2638 5214; baseline 0.002 -2"><span class='ocrx_word' id='word_1_953' title='bbox 2208 5167 2262 5212; x_wconf 90' lang='lat' dir='ltr'><strong>ut</strong></span> <span class='ocrx_word' id='word_1_954' title='bbox 2290 5170 2638 5214; x_wconf 78' lang='lat' dir='ltr'><strong>convertatur.</strong></span> 
     </span>
    </p>
   </div>
   <div class='ocr_carea' id='block_1_127' title="bbox 2285 5230 3876 5304">
    <p class='ocr_par' dir='ltr' id='par_1_127' title="bbox 2285 5230 3876 5304">
     <span class='ocr_line' id='line_1_127' title="bbox 2285 5230 3876 5304; baseline 0.003 -20"><span class='ocrx_word' id='word_1_955' title='bbox 2285 5230 2301 5266; x_wconf 69' lang='grc' dir='ltr'><em>τ</em></span> <span class='ocrx_word' id='word_1_956' title='bbox 2337 5230 2474 5304; x_wconf 75' lang='lat' dir='ltr'><strong>Editi</strong></span> <span class='ocrx_word' id='word_1_957' title='bbox 2497 5246 2617 5304; x_wconf 81' lang='lat' dir='ltr'><strong>cum</strong></span> <span class='ocrx_word' id='word_1_958' title='bbox 2652 5247 2753 5286; x_wconf 87' lang='lat' dir='ltr'><strong>ms.</strong></span> <span class='ocrx_word' id='word_1_959' title='bbox 2781 5233 2942 5304; x_wconf 75' lang='lat' dir='ltr'><strong>Pith.,</strong></span> <span class='ocrx_word' id='word_1_960' title='bbox 2970 5235 3149 5288; x_wconf 85' lang='lat' dir='ltr'><strong>mortis</strong></span> <span class='ocrx_word' id='word_1_961' title='bbox 3165 5243 3389 5303; x_wconf 84' lang='lat' dir='ltr'><strong>tempore</strong></span> <span class='ocrx_word' id='word_1_962' title='bbox 3413 5240 3706 5299; x_wconf 76' lang='lat' dir='ltr'><strong>speratam</strong></span> <span class='ocrx_word' id='word_1_963' title='bbox 3738 5254 3876 5304; x_wconf 74' lang='lat' dir='ltr'><strong>pae—</strong></span> 
     </span>
    </p>
   </div>
   <div class='ocr_carea' id='block_1_128' title="bbox 2209 5302 3877 5373">
    <p class='ocr_par' dir='ltr' id='par_1_128' title="bbox 2209 5302 3877 5373">
     <span class='ocr_line' id='line_1_128' title="bbox 2209 5302 3877 5373; baseline 0.002 -18"><span class='ocrx_word' id='word_1_964' title='bbox 2209 5302 2475 5373; x_wconf 81' lang='lat' dir='ltr'><strong>nitentiam</strong></span> <span class='ocrx_word' id='word_1_965' title='bbox 2503 5303 2787 5373; x_wconf 75' lang='lat' dir='ltr'><strong>denegat-it.</strong></span> <span class='ocrx_word' id='word_1_966' title='bbox 2824 5303 2865 5358; x_wconf 83' lang='grc' dir='ltr'><strong>Ε</strong></span> <span class='ocrx_word' id='word_1_967' title='bbox 2890 5306 3102 5359; x_wconf 71' lang='lat' dir='ltr'><strong>czeteris</strong></span> <span class='ocrx_word' id='word_1_968' title='bbox 3132 5320 3262 5358; x_wconf 89' lang='lat' dir='ltr'><strong>mss.</strong></span> <span class='ocrx_word' id='word_1_969' title='bbox 3298 5303 3497 5366; x_wconf 85' lang='lat' dir='ltr'><strong>nullus,</strong></span> <span class='ocrx_word' id='word_1_970' title='bbox 3530 5305 3698 5357; x_wconf 78' lang='lat' dir='ltr'><strong>sicut</strong></span> <span class='ocrx_word' id='word_1_971' title='bbox 3740 5302 3877 5364; x_wconf 62' lang='lat' dir='ltr'><strong>nec</strong></span> 
     </span>
    </p>
   </div>
   <div class='ocr_carea' id='block_1_129' title="bbox 2208 5372 3875 5442">
    <p class='ocr_par' dir='ltr' id='par_1_129' title="bbox 2208 5372 3875 5442">
     <span class='ocr_line' id='line_1_129' title="bbox 2208 5372 3875 5442; baseline 0.004 -16"><span class='ocrx_word' id='word_1_972' title='bbox 2208 5372 2328 5435; x_wconf 88' lang='lat' dir='ltr'><strong>lvo,</strong></span> <span class='ocrx_word' id='word_1_973' title='bbox 2355 5372 2516 5427; x_wconf 75' lang='lat' dir='ltr'><strong>habet</strong></span> <span class='ocrx_word' id='word_1_974' title='bbox 2536 5372 2815 5442; x_wconf 83' lang='lat' dir='ltr'><strong>speratam.</strong></span> <span class='ocrx_word' id='word_1_975' title='bbox 2845 5374 2953 5429; x_wconf 87' lang='lat' dir='ltr'><strong>Sed</strong></span> <span class='ocrx_word' id='word_1_976' title='bbox 2982 5383 3135 5429; x_wconf 84' lang='lat' dir='ltr'><strong>vetus</strong></span> <span class='ocrx_word' id='word_1_977' title='bbox 3164 5375 3327 5430; x_wconf 89' lang='lat' dir='ltr'><strong>Corb.</strong></span> <span class='ocrx_word' id='word_1_978' title='bbox 3356 5387 3477 5430; x_wconf 86' lang='lat' dir='ltr'><strong>cum</strong></span> <span class='ocrx_word' id='word_1_979' title='bbox 3503 5382 3618 5425; x_wconf 76' lang='lat' dir='ltr'><strong>uno</strong></span> <span class='ocrx_word' id='word_1_980' title='bbox 3657 5374 3875 5432; x_wconf 78' lang='lat' dir='ltr'><strong>Coll).</strong></span> 
     </span>
    </p>
   </div>
   <div class='ocr_carea' id='block_1_130' title="bbox 2210 5442 3877 5517">
    <p class='ocr_par' dir='ltr' id='par_1_130' title="bbox 2210 5442 3877 5517">
     <span class='ocr_line' id='line_1_130' title="bbox 2210 5442 3877 5517; baseline 0.001 -22"><span class='ocrx_word' id='word_1_981' title='bbox 2210 5458 2320 5517; x_wconf 68' lang='lat' dir='ltr'><strong>pra:</strong></span> <span class='ocrx_word' id='word_1_982' title='bbox 2352 5458 2420 5517; x_wconf 75' lang='lat' dir='ltr'><strong>se</strong></span> <span class='ocrx_word' id='word_1_983' title='bbox 2443 5442 2565 5517; x_wconf 74' lang='lat' dir='ltr'><strong>l‘ert,</strong></span> <span class='ocrx_word' id='word_1_984' title='bbox 2603 5456 2866 5512; x_wconf 67' lang='lat' dir='ltr'><strong>pra&#39;termt</strong></span> <span class='ocrx_word' id='word_1_985' title='bbox 2894 5457 3123 5517; x_wconf 81' lang='lat' dir='ltr'><strong>tempore</strong></span> <span class='ocrx_word' id='word_1_986' title='bbox 3151 5447 3499 5517; x_wconf 67' lang='lat' dir='ltr'><strong>paenitentiam</strong></span> <span class='ocrx_word' id='word_1_987' title='bbox 3520 5444 3877 5517; x_wconf 73' lang='lat' dir='ltr'><strong>denegare.</strong></span> 
     </span>
    </p>
   </div>
   <div class='ocr_carea' id='block_1_131' title="bbox 2210 5512 3883 5587">
    <p class='ocr_par' dir='ltr' id='par_1_131' title="bbox 2210 5512 3883 5587">
     <span class='ocr_line' id='line_1_131' title="bbox 2210 5512 3883 5587; baseline 0.002 -21"><span class='ocrx_word' id='word_1_988' title='bbox 2210 5512 2463 5587; x_wconf 60' lang='lat' dir='ltr'><strong>Nounulli</strong></span> <span class='ocrx_word' id='word_1_989' title='bbox 2493 5515 2613 5587; x_wconf 79' lang='lat' dir='ltr'><strong>alii,</strong></span> <span class='ocrx_word' id='word_1_990' title='bbox 2628 5525 2873 5585; x_wconf 55' lang='lat' dir='ltr'><strong>p‘wterea</strong></span> <span class='ocrx_word' id='word_1_991' title='bbox 2896 5512 3121 5583; x_wconf 70' lang='lat' dir='ltr'><strong>tempore</strong></span> <span class='ocrx_word' id='word_1_992' title='bbox 3134 5512 3481 5587; x_wconf 67' lang='lat' dir='ltr'><strong>paenitentiam</strong></span> <span class='ocrx_word' id='word_1_993' title='bbox 3504 5512 3778 5587; x_wconf 38' lang='lat' dir='ltr'><strong>denegnt</strong></span> <span class='ocrx_word' id='word_1_994' title='bbox 3800 5533 3883 5576; x_wconf 75' lang='grc' dir='ltr'>ιι,</span> 
     </span>
    </p>
   </div>
   <div class='ocr_carea' id='block_1_132' title="bbox 2218 5584 3881 5657">
    <p class='ocr_par' dir='ltr' id='par_1_132' title="bbox 2218 5584 3881 5657">
     <span class='ocr_line' id='line_1_132' title="bbox 2218 5584 3881 5657; baseline 0.006 -19"><span class='ocrx_word' id='word_1_995' title='bbox 2218 5584 2406 5657; x_wconf 74' lang='lat' dir='ltr'><strong>Verius</strong></span> <span class='ocrx_word' id='word_1_996' title='bbox 2429 5584 2641 5651; x_wconf 84' lang='lat' dir='ltr'><strong>reliqui,</strong></span> <span class='ocrx_word' id='word_1_997' title='bbox 2666 5588 2933 5657; x_wconf 74' lang='lat' dir='ltr'><strong>pi&#39;arteriti,</strong></span> <span class='ocrx_word' id='word_1_998' title='bbox 2960 5596 3098 5648; x_wconf 86' lang='lat' dir='ltr'><strong>etc.;</strong></span> <span class='ocrx_word' id='word_1_999' title='bbox 3129 5584 3271 5657; x_wconf 64' lang='lat' dir='ltr'><strong>quivd</strong></span> <span class='ocrx_word' id='word_1_1000' title='bbox 3304 5589 3372 5639; x_wconf 84' lang='lat' dir='ltr'><strong>ita</strong></span> <span class='ocrx_word' id='word_1_1001' title='bbox 3399 5587 3532 5640; x_wconf 85' lang='lat' dir='ltr'><strong>forcl</strong></span> <span class='ocrx_word' id='word_1_1002' title='bbox 3562 5584 3838 5657; x_wconf 42' lang='lat' dir='ltr'><strong>clarius</strong></span> <span class='ocrx_word' id='word_1_1003' title='bbox 3862 5610 3881 5648; x_wconf 79' lang='lat'>;</span> 
     </span>
    </p>
   </div>
   <div class='ocr_carea' id='block_1_133' title="bbox 2209 5654 3886 5727">
    <p class='ocr_par' dir='ltr' id='par_1_133' title="bbox 2209 5654 3886 5727">
     <span class='ocr_line' id='line_1_133' title="bbox 2209 5654 3886 5727; baseline 0.003 -23"><span class='ocrx_word' id='word_1_1004' title='bbox 2209 5655 2387 5727; x_wconf 64' lang='lat' dir='ltr'><strong>mortis</strong></span> <span class='ocrx_word' id='word_1_1005' title='bbox 2409 5664 2635 5727; x_wconf 57' lang='lat' dir='ltr'><strong>tempore</strong></span> <span class='ocrx_word' id='word_1_1006' title='bbox 2657 5654 3001 5724; x_wconf 68' lang='lat' dir='ltr'><strong>paziiitentiam</strong></span> <span class='ocrx_word' id='word_1_1007' title='bbox 3029 5654 3270 5727; x_wconf 71' lang='lat' dir='ltr'><strong>prmteriti</strong></span> <span class='ocrx_word' id='word_1_1008' title='bbox 3293 5656 3572 5717; x_wconf 58' lang='lat' dir='ltr'><strong>dena/crit.</strong></span> <span class='ocrx_word' id='word_1_1009' title='bbox 3595 5654 3886 5718; x_wconf 67' lang='grc' dir='ltr'>ΕυιΙσξιιι</span> 
     </span>
    </p>
   </div>
   <div class='ocr_carea' id='block_1_134' title="bbox 2212 5725 3889 5795">
    <p class='ocr_par' dir='ltr' id='par_1_134' title="bbox 2212 5725 3889 5795">
     <span class='ocr_line' id='line_1_134' title="bbox 2212 5725 3889 5795; baseline 0.009 -18"><span class='ocrx_word' id='word_1_1010' title='bbox 2212 5725 2461 5792; x_wconf 79' lang='lat' dir='ltr'><strong>loquendi</strong></span> <span class='ocrx_word' id='word_1_1011' title='bbox 2494 5728 2652 5781; x_wconf 85' lang='lat' dir='ltr'><strong>modo</strong></span> <span class='ocrx_word' id='word_1_1012' title='bbox 2681 5730 2839 5795; x_wconf 74' lang='lat' dir='ltr'><strong>epist.</strong></span> <span class='ocrx_word' id='word_1_1013' title='bbox 2866 5729 2936 5781; x_wconf 67' lang='lat'><strong>9.2</strong></span> <span class='ocrx_word' id='word_1_1014' title='bbox 2993 5725 3047 5781; x_wconf 87' lang='lat' dir='ltr'><strong>n.</strong></span> <span class='ocrx_word' id='word_1_1015' title='bbox 3099 5728 3133 5783; x_wconf 82' lang='lat'><strong>5</strong></span> <span class='ocrx_word' id='word_1_1016' title='bbox 3187 5730 3346 5781; x_wconf 75' lang='lat' dir='ltr'><strong>visur&#39;</strong></span> <span class='ocrx_word' id='word_1_1017' title='bbox 3380 5740 3565 5780; x_wconf 86' lang='lat' dir='ltr'><strong>sumus</strong></span> <span class='ocrx_word' id='word_1_1018' title='bbox 3595 5743 3615 5779; x_wconf 88' lang='lat'><strong>:</strong></span> <span class='ocrx_word' id='word_1_1019' title='bbox 3674 5731 3889 5792; x_wconf 68' lang='lat' dir='ltr'><strong>Nunc</strong></span> 
     </span>
    </p>
   </div>
   <div class='ocr_carea' id='block_1_135' title="bbox 2208 5797 3403 5871">
    <p class='ocr_par' dir='ltr' id='par_1_135' title="bbox 2208 5797 3403 5871">
     <span class='ocr_line' id='line_1_135' title="bbox 2208 5797 3403 5871; baseline 0.006 -25"><span class='ocrx_word' id='word_1_1020' title='bbox 2208 5798 2329 5865; x_wconf 85' lang='lat' dir='ltr'><strong>quia</strong></span> <span class='ocrx_word' id='word_1_1021' title='bbox 2356 5797 2419 5848; x_wconf 80' lang='lat' dir='ltr'><strong>de</strong></span> <span class='ocrx_word' id='word_1_1022' title='bbox 2448 5799 2690 5867; x_wconf 64' lang='lat' dir='ltr'><strong>pi‘a’teriti</strong></span> <span class='ocrx_word' id='word_1_1023' title='bbox 2719 5801 3070 5854; x_wconf 73' lang='lat' dir='ltr'><strong>emendatione</strong></span> <span class='ocrx_word' id='word_1_1024' title='bbox 3098 5801 3403 5871; x_wconf 73' lang='lat' dir='ltr'><strong>gaudemus.</strong></span> 
     </span>
    </p>
   </div>
   <div class='ocr_carea' id='block_1_136' title="bbox 3904 143 3942 1815">
    <p class='ocr_par' dir='ltr' id='par_1_136' title="bbox 3904 143 3905 187">
     <span class='ocr_line' id='line_1_136' title="bbox 3904 143 3905 187; baseline 0 0"><span class='ocrx_word' id='word_1_1025' title='bbox 3904 143 3905 187; x_wconf 98' lang='grc'><strong>1</strong></span> 
     </span>
    </p>

    <p class='ocr_par' dir='ltr' id='par_1_137' title="bbox 3910 440 3911 489">
     <span class='ocr_line' id='line_1_137' title="bbox 3910 440 3911 489; baseline 0 0"><span class='ocrx_word' id='word_1_1026' title='bbox 3910 440 3911 489; x_wconf 98' lang='grc'><strong>1</strong></span> 
     </span>
    </p>

    <p class='ocr_par' dir='ltr' id='par_1_138' title="bbox 3910 504 3931 1389">
     <span class='ocr_line' id='line_1_138' title="bbox 3910 504 3913 579; baseline 0 0"><span class='ocrx_word' id='word_1_1027' title='bbox 3910 504 3913 579; x_wconf 96' lang='grc'><strong>1</strong></span> 
     </span>
     <span class='ocr_line' id='line_1_139' title="bbox 3916 686 3925 1109; baseline 0 0"><span class='ocrx_word' id='word_1_1028' title='bbox 3916 686 3923 1043; x_wconf 85' lang='grc'><strong>1</strong></span> 
     </span>
     <span class='ocr_line' id='line_1_140' title="bbox 3922 1132 3929 1275; baseline 0 0"><span class='ocrx_word' id='word_1_1029' title='bbox 3922 1132 3927 1205; x_wconf 96' lang='grc'><strong>1</strong></span> 
     </span>
     <span class='ocr_line' id='line_1_141' title="bbox 3930 1328 3931 1389; baseline 0 0"><span class='ocrx_word' id='word_1_1030' title='bbox 3930 1328 3931 1389; x_wconf 98' lang='grc'><strong>1</strong></span> 
     </span>
    </p>
   </div>
  </div>
