3970 6180
235 274 339 329 655

722 269 941 335 EPIST.
984 272 1135 346 ΝΒ,
1183 272 1569 329 εοειεδτιδι
1612 273 1810 328 ΡΑΡἈΕ

1928 281 1939 325 t
1979 273 2351 333 EPISCOPOS
2394 274 2594 332 PROV.
2642 275 3064 335 VlENNENSIS.

3344 279 3523 359 ⁵ιδι

297 386 427 442 Car.
461 385 552 440 ιιι.
581 413 653 425 -
681 385 735 439 4.
778 383 1064 443 Ordinatos
1107 402 1238 443 vero
1282 389 1577 457 quosdam,
1630 387 1821 443 fratrcs
1851 394 1897 450 Α
1926 390 2279 461 direximus),
2333 392 2384 445 in
2423 392 2684 461 pontificii
2740 392 3054 463 dignitatem
3103 392 3204 449 hoc
3252 400 3522 469 tempore.

226 479 563 545 charissimi,
594 478 915 549 episcopos,
942 481 1030 549 qui
1076 480 1239 535 nullis
1270 481 1650 535 ecclesiasticis
1680 481 1826 535 ordi-

231 570 386 623 nibus
414 569 482 623 ad
519 577 683 623 tanta:
716 569 989 639 dignitatis
1033 570 1298 641 fastigium
1336 572 1533 626 fuerint
1572 572 1820 638 instituti,

228 673 417 718 contra
449 674 475 699 ³
532 663 751 716 Patrum
784 662 1024 729 decreta,
1059 663 1217 733 hujus
1251 666 1598 732 usurpatione
1647 666 1736 734 qui
1765 680 1823 720 se

228 757 327 811 hoc
345 756 692 826 recognoscit
720 755 916 810 fecisse
940 756 1259 821 didicimus;
1290 772 1409 809 eum
1441 756 1506 809 ad
1539 756 1820 825 episcopa-

224 858 334 903 tum
367 848 455 902 his
497 847 754 917 gradibus
784 847 977 918 quibus
1007 848 1441 918 frequentissime
1491 858 1706 903 cautum
1740 860 1821 904 est

224 940 417 994 debeat
473 940 775 1008 perveniri,
829 950 885 994 ut
930 940 1231 995 minoribus
1280 943 1471 997 initiati
1513 942 1705 998 ofﬁciis
1754 944 1816 998 ad

224 1034 429 1102 majora
460 1032 769 1087 firmentur.
809 1034 974 1089 Debet
1010 1038 1152 1089 enim
1178 1043 1305 1092 ante
1350 1051 1469 1092 esse
1500 1036 1813 1105 discipulus,

224 1124 463 1194 quisquis
488 1124 679 1178 doctor
707 1140 827 1180 esse
848 1124 1146 1190 desiderat,
1173 1138 1227 1180 ut
1251 1128 1420 1195 possit
1450 1128 1648 1183 docere
1672 1129 1817 1198 quod

225 1218 429 1273 didicit.
457 1217 649 1272 Omnis
680 1216 802 1271 vitae
843 1218 1111 1273 institutio
1134 1220 1232 1274 hac
1263 1220 1327 1273 ad
1351 1221 1401 1273 id
1428 1236 1533 1289 quo
1563 1222 1734 1275 tendit
1757 1236 1815 1276 se

226 1308 430 1361 ratione
453 1307 764 1362 confirmat.
793 1308 893 1374 Qui
919 1309 1139 1363 minime
1163 1309 1357 1364 litteris
1387 1326 1607 1379 operam
1651 1311 1815 1367 dede-

227 1400 309 1462 rit,
335 1409 650 1468 praeceptor
680 1414 801 1454 esse
831 1416 937 1454 non
995 1409 1177 1469 potest
1222 1401 1546 1455 litterarum.
1573 1403 1674 1469 Qui
1708 1418 1812 1457 non

226 1506 313 1558 per
334 1490 553 1560 singula
576 1491 843 1560 stipendia
873 1494 1123 1558 erexerit,
1173 1492 1238 1546 ad
1282 1478 1530 1547 meritum
1558 1494 1810 1563 stipendii

225 1582 463 1635 ordinem
501 1596 612 1637 non
663 1591 841 1650 potest
872 1583 1177 1651 pervenire.
1212 1583 1399 1638 Solum
1448 1585 1806 1638 sacerdotium

227 1672 360 1726 inter
389 1673 518 1740 ista,
555 1688 705 1743 rogo,
756 1674 916 1727 vilius
949 1674 1063 1728 est?
1092 1674 1235 1743 quod
1293 1674 1500 1729 facilius
1534 1675 1803 1739 tribuitur,

227 1780 337 1817 cum
367 1763 646 1819 difficilius
673 1764 977 1834 impleatur.

293 1856 343 1909 5.
368 1854 477 1910 Sed
497 1856 609 1925 jam
634 1871 739 1910 non
771 1858 904 1911 satis
926 1866 1006 1911 est
1038 1857 1203 1911 laicos
1232 1858 1504 1923 ordinare,
1532 1873 1667 1928 quos
1692 1858 1810 1913 nul-

228 1947 299 1999 lus
323 1947 435 1999 fieri
464 1947 601 2001 ordo
628 1946 917 2016 permittit,
968 1948 1063 2002 sed
1093 1950 1253 2002 etiam
1299 1964 1525 2017 quorum
1582 1949 1806 2002 crimina

228 2039 373 2107 longe
407 2038 628 2106 lateque
653 2053 746 2105 per
769 2052 959 2092 omnes
984 2053 1121 2107 pene
1172 2048 1295 2092 sunt
1328 2050 1451 2093 nOta
1481 2040 1804 2108 provincias,

227 2132 564 2183 ordinantur.
596 2129 805 2195 Daniel,
840 2145 1009 2199 nuper
1041 2130 1200 2183 missa
1232 2131 1493 2185 relatione
1526 2146 1590 2184 ex
1620 2130 1811 2185 Orien-

232 2224 415 2276 talibus
448 2222 515 2276 ad
550 2235 647 2276 nos
669 2222 929 2290 partibus,
956 2223 1021 2274 ab
1067 2222 1214 2275 omni
1248 2222 1387 2289 quod
1426 2231 1670 2275 tenuerat
1697 2221 1808 2273 vir-

226 2317 395 2381 ginum
424 2313 755 2368 monasterio
781 2314 1000 2367 nefariis
1043 2322 1123 2367 est
1168 2312 1561 2381 objectionibus
1592 2326 1809 2367 accusa-

229 2418 323 2458 tus.
357 2406 573 2461 Multab
624 2406 690 2458 de
736 2406 919 2459 multis
956 2406 1162 2473 objecta
1207 2404 1425 2474 ﬂagitia.
1460 2405 1517 2458 lu
1569 2419 1799 2473 quanam

230 2502 409 2551 lateret
438 2506 701 2551 terrarum
734 2505 889 2561 parte
912 2497 1167 2565 quaesitus
1190 2506 1290 2561 est,
1324 2505 1379 2549 ut
1418 2496 1461 2549 si
1514 2511 1623 2550 suae
1655 2496 1808 2549 inno-

226 2590 409 2643 centiac
463 2587 792 2652 confideret,
830 2598 1015 2642 contra
1064 2604 1121 2643 se
1162 2588 1426 2656 judicium
1475 2587 1803 2657 postulatum

227 2683 443 2734 minimc
475 2681 790 2734 declinaret.
816 2690 837 2717 ε
868 2680 1083 2733 Missum
1108 2682 1173 2733 ad
1204 2680 1575 2734 Arelatensem
1599 2679 1809 2747 episco-

225 2793 345 2842 pum
378 2791 473 2842 per
500 2774 856 2829 Fortunatum
912 2773 1302 2827 subdiaconnm
1355 2781 1615 2839 nostrum,
1653 2779 1712 2826 ut
1741 2772 1807 2826 ad

224 2868 474 2931 jthllt‘illlll
513 2866 902 2928 destinaretur,
959 2864 1285 2931 epistolium.
1322 2864 1507 2918 Tantis
1553 2873 1809 2932 gravatus

227 2956 565 3019 testimoniis,
606 2963 750 3008 tanta
804 2955 1101 3008 facinorum
1153 2955 1492 3008 accusatione
1543 2953 1806 3024 pulsatus,

225 3063 517 3109 sacrarunt,
537 3057 591 3099 nt
615 3047 831 3111 dicitur,
850 3046 1112 3115 virginum
1143 3046 1377 3114 pollutus
1403 3045 1632 3110 incestu,
1668 3044 1813 3114 cpis-

1930 497 2036 549 quo
2068 482 2133 537 ad
2167 498 2382 537 causam
2413 484 2699 539 dicendam
2733 484 2913 539 missis
2942 502 2970 539 a
3005 486 3157 540 nobis
3199 486 3396 540 litteris
3428 502 3521 537 vo-

1928 574 2175 639 cabatur,
2206 574 2464 643 obrepsit.
2501 576 2665 629 Sacro
2701 576 2902 630 nomini
2937 577 3076 632 absit
3106 576 3323 645 injuria.
3361 577 3519 631 Faci-

1928 665 2031 719 lius
2060 675 2143 721 est
2173 676 2227 719 ut
2251 666 2389 721 hanc
2422 666 2734 735 dignitatem
2766 667 2856 721 tali
2890 668 3066 722 dando
3112 667 3226 737 ipse
3275 667 3525 722 amiserit

1931 768 1951 793 ο
1981 757 2278 823 ordinator,
2305 774 2463 827 quam
2519 773 2637 812 eam
2667 759 2913 814 obtineat
2941 759 3218 814 ordinatus
3244 778 3256 811 ε
3283 760 3367 814 cui
3396 776 3525 813 con~

1926 850 2065 901 victo
2112 848 2410 902 sociabitttr
2457 849 2546 917 qui
2588 862 2711 902 eum
2760 849 2862 902 sibi
2930 849 3180 917 credidit,
3238 851 3519 918 largiendo

1930 940 2289 1008 pontificium,
2323 939 2659 995 sociandnm.
2713 940 2895 1007 Qualis
2923 942 3064 996 enim
3098 942 3211 1009 ipse
3252 943 3340 1006 sit,
3370 945 3514 1011 quis-

1924 1032 2044 1101 quis
2069 1032 2204 1086 tales
2256 1031 2541 1101 ordinarit,
2570 1031 2829 1085 ostendit.
2884 1030 2975 1085 llis
3002 1046 3130 1100 ergo
3161 1032 3213 1084 in
3278 1033 3509 1086 medium

1924 1138 2067 1177 nunc
2095 1122 2363 1189 deductis,
2388 1138 2507 1177 cum
2542 1123 2783 1192 plerique
2806 1131 3040 1178 vestrum
3090 1123 3225 1187 sint,
3255 1125 3345 1192 qui
3386 1140 3488 1191 apo

1920 1214 2125 1268 stolicze
2177 1213 2323 1268 sedis
2364 1223 2565 1268 statuta
2619 1215 3018 1284 cognoverint,
3056 1214 3336 1269 nobiscum
3380 1224 3509 1268 tem-

1920 1321 2051 1376 pore
2093 1306 2364 1375 aliquanto
2393 1309 2613 1373 versati,
2641 1307 2705 1361 ad
2751 1308 3053 1377 disciplina:
3087 1323 3354 1371 normam,
3386 1322 3511 1360 nos-

1919 1398 2015 1453 tris
2069 1408 2331 1453 conventa
2399 1398 2913 1465 adhortationibus,
2966 1401 3145 1453 omnia
3204 1400 3509 1453 fraternitas

1919 1498 2095 1541 vestra
2126 1503 2382 1543 revocare
2408 1487 2642 1544 festinet.

1982 1580 2111 1636 Car.
2146 1581 2233 1635 IV.
2262 1612 2331 1620 —
2356 1582 2409 1636 6.
2442 1580 2701 1648 Primum,
2751 1592 2828 1650 ut,
2871 1583 3024 1653 juxta
3057 1584 3274 1639 decreta
3324 1598 3490 1637 cano-

1918 1690 2069 1741 num,
2096 1689 2433 1743 unaquazque
2465 1676 2741 1743 provincia
2781 1692 2881 1731 suo
2923 1678 3340 1745 metr0politano
3371 1692 3501 1730 con-

1842 1772 1887 1831 B
1920 1778 2061 1821 tenta
2094 1767 2185 1832 sit,
2220 1775 2279 1820 ut
2308 1767 2611 1821 decessoris
2657 1768 2829 1820 nostri
2865 1766 2883 1803 τ
2918 1767 3040 1821 data
3088 1767 3152 1820 ad
3186 1766 3499 1821 Narbonen-

1918 1874 2031 1915 sem
2070 1859 2389 1928 episcopum
2433 1858 2713 1923 continent
2740 1860 3051 1923 constituta,
3089 1873 3187 1913 nec
3220 1868 3243 1905 ε
3278 1874 3504 1925 usurpa-

1921 1950 2050 2004 tioni
2084 1950 2234 2005 locus
2271 1949 2435 2003 alicui
2487 1949 2757 2004 sacerdoti
2800 1951 2850 2003 in
2900 1948 3126 2003 alterius
3171 1947 3501 2003 concedatur

1918 2042 2191 2111 injuriam.
2236 2041 2319 2097 Sit
2350 2041 2621 2095 concessis
2660 2040 2764 2094 sibi
2810 2050 3097 2095 contentus
3138 2039 3505 2107 unusquisque

1920 2132 2219 2197 limitibus;
2253 2134 2390 2188 alter
2422 2133 2473 2187 in
2513 2132 2735 2186 alterius
2765 2132 3039 2202 provincia
3079 2134 3153 2187 nil
3185 2141 3497 2201 przesumat.

1984 2224 2035 2276 7.
2064 2224 2174 2278 Nec
2197 2223 2438 2278 emeritis
2465 2224 2517 2278 in
2553 2225 2668 2277 suis
2695 2223 2941 2279 ecclesiis
2984 2224 3196 2278 clericis
3230 2223 3500 2291 peregrini

1912 2326 1965 2371 et
1994 2316 2238 2371 extranei
2281 2324 2335 2371 et
2364 2315 2457 2385 qui
2504 2326 2631 2369 ante
2680 2316 2910 2384 ignorati
2960 2316 3088 2377 sint,
3126 2314 3194 2369 ad
3234 2316 3503 2369 exclusio-

1913 2422 2035 2460 nem
2080 2420 2268 2461 eorum
2300 2407 2391 2475 qui
2434 2406 2571 2461 bene
2613 2405 2679 2459 de
2726 2419 2947 2460 suorum
2976 2405 3177 2459 civium
3228 2414 3504 2459 merentur

1912 2499 2247 2565 testimonio,
2300 2508 2701 2567 praeponantur,
2752 2512 2821 2553 ne
2869 2514 3063 2552 novum
3105 2499 3395 2567 quoddam,
3430 2498 3499 2551 de

1914 2604 2021 2658 quo
2063 2588 2303 2658 episcopi
2342 2588 2489 2653 fiant,
2522 2590 2830 2642 institututtt
2862 2590 3111 2643 videatur
3162 2604 3285 2643 esse
3333 2589 3499 2643 colle-

1912 2680 2079 2749 gium.
2114 2678 2333 2734 —Ctu>.
2391 2680 2451 2732 V.
2505 2680 2693 2735 Nullus
2742 2679 2923 2734 invitis
2979 2680 3139 2734 detur
3186 2681 3499 2747 episcopus.

1912 2769 2080 2837 Cleri,
2108 2770 2283 2839 plebis
2310 2777 2365 2825 et
2388 2770 2618 2835 ordinis,
2648 2786 2946 2826 consensus
2975 2787 3035 2823 ac
3059 2770 3389 2825 desiderium
3415 2785 3503 2824 re-

1921 2862 2182 2930 quiratur.
2218 2861 2370 2915 Tunc
2403 2863 2539 2915 alter
2570 2862 2637 2915 de
2667 2864 2832 2915 altera
2884 2862 3111 2931 eligatur
3146 2861 3410 2925 Ecclesia,
3454 2862 3497 2914 si

1914 2953 1982 3007 de
2012 2952 2252 3006 civitatis
2301 2951 2468 3020 ipsius
2516 2952 2729 3005 clericis
2780 2953 2864 3005 cui
2896 2962 2979 3005 est
3025 2952 3308 3020 cpiscopus
3348 2952 3498 3004 ordi-

1913 3044 2144 3109 nandus,
2181 3042 2359 3096 nullus
2388 3042 2604 3112 dignus,
2637 3043 2779 3112 quod
2818 3042 3037 3097 evenire
3068 3057 3173 3096 non
3204 3041 3498 3105 credimus,

228 3153 389 3205 copns
413 3139 674 3191 asseritur
702 3137 983 3191 ordinatus
1023 3138 1041 3207 (
1070 3137 1122 3190 in
1156 3138 1357 3192 nostris
1386 3137 1549 3192 libelli
1581 3135 1797 3192 scriniis
1826 3150 1870 3212 ρ
1903 3137 2143 3209 potuerit
2206 3134 2456 3204 reperiri.
2516 3136 2761 3189 l’rimum
2825 3136 2967 3190 enim
3027 3137 3105 3189 illi
3172 3136 3500 3205 reprobandi

230 3232 646 3296 dcontinentur,
680 3246 907 3301 quorum
940 3230 1007 3285 ad
1059 3244 1155 3287 vos
1202 3245 1418 3300 quoque
1463 3230 1798 3301 exemplaria

294 3490 319 3513 ³
354 3478 525 3533 Siricii
562 3477 813 3548 videlicet
842 3478 1001 3546 epist.
1035 3478 1089 3543 5,
1122 3495 1176 3531 n.
1208 3479 1262 3533 5.
1308 3478 1604 3533 Innocentii
1644 3481 1806 3548 epist.

235 3551 287 3602 δῖ
325 3569 372 3603 n.
400 3549 458 3608 4,
485 3549 690 3602 Zosimi
718 3546 880 3615 epist.
909 3550 941 3601 υ
972 3549 1095 3601 η.2.
1125 3549 1217 3603 llis
1242 3550 1390 3603 addit
1412 3546 1734 3605 scholiastes
1762 3553 1811 3603 itt

239 3621 420 3672 Harl-'0
455 3635 555 3671 nis.
597 3618 843 3673 SilVCSlI‘l
876 3618 1151 3673 decretum
1198 3619 1258 3673 ll
1311 3630 1363 3673 et
1400 3620 1464 3673 i2
1493 3637 1559 3675 ex
1599 3622 1813 3674 Consti-

239 3702 338 3812 tltno
386 3691 670 3757 videlicet,
704 3688 846 3759 quod
891 3689 944 3743 in
991 3690 1345 3759 appendicem
1390 3700 1521 3748 tom.
1556 3690 1596 3744 ll
1630 3706 1816 3745 aman-

269 3776 489 3812 avnnw.
1700 3804 1709 3812 ,

269 3776 489 3813 ιινιιηιιέ.
1700 3804 1709 3813 ,

298 3831 320 3868 δ
347 3832 497 3884 Edtt.
526 3829 685 3884 Rom.
714 3841 766 3883 et
806 3829 963 3895 Lab.,
990 3847 1021 3882 α
1062 3830 1255 3885 multis.
1288 3831 1436 3887 Unus
1467 3847 1590 3896 ms.,
1626 3848 1742 3902 qua:
1785 3849 1815 3884 a

245 3903 427 3953 multis.

306 3983 323 4008 ε
349 3973 425 4025 lta
460 3978 615 4025 vetus
644 3969 813 4025 codex
885 3967 1047 4023 Corb.
1082 3986 1200 4025 eum
1234 3972 1381 4028 Colb.
1411 3974 1510 4026 nisi
1562 3971 1705 4039 quod
1763 3977 1813 4025 in

246 4041 332 4091 hoc
354 4042 724 4111 episcopalem,
746 4043 812 4113 in
845 4040 938 4113 illo
963 4042 1349 4113 episcopalium,
1384 4046 1500 4097 loci)
1535 4044 1681 4096 vocis
1709 4044 1815 4109 cpi-

247 4114 464 4169 srelium.
498 4122 694 4167 exstet.
743 4112 995 4165 Eauidem
1053 4112 1336 4168 lectionem
1369 4112 1648 4167 confirmat
1682 4114 1815 4167 alter

246 4199 328 4236 ms.
359 4182 522 4235 Colb.
548 4182 971 4250 Longobardicis
1002 4183 1196 4236 litteris
1227 4196 1501 4245 exaratos,
1536 4193 1721 4251 utpote
1763 4184 1813 4236 in

244 4268 335 4316 quo
355 4253 579 4320 legitur,
598 4251 771 4305 Missa:
794 4252 861 4303 ad
886 4254 1229 4306 Arelatensem
1252 4257 1543 4323 episcopum
1569 4271 1655 4319 per
1681 4251 1814 4305 For-

245 4333 467 4375 tunarum
492 4323 867 4375 subdiaconum
905 4332 1157 4389 nostrum,
1188 4336 1240 4375 ut
1270 4326 1337 4376 ad
1367 4326 1628 4393 judicium
1656 4324 1814 4377 desti-

245 4406 468 4457 οιιπιιιητ,
494 4394 742 4459 epistolw.
785 4393 869 4446 Ab
900 4394 1001 4445 hoc
1031 4397 1299 4460 primwva:
1328 4394 1665 4449 collectionis
1695 4395 1818 4447 Dio-

244 4464 360 4529 tuy~ii
390 4463 676 4534 exemplar
698 4463 900 4534 regium
915 4472 1116 4516 tantum
1150 4465 1201 4516 in
1227 4479 1293 4519 eo
1320 4464 1501 4529 distat,
1527 4464 1664 4534 quod
1696 4474 1819 4517 ante

248 4537 416 4595 verba,
457 4532 617 4605 atad
638 4533 923 4605 judicium,
958 4548 1069 4602 pra:
1096 4549 1153 4587 se
1178 4534 1281 4587 fert
1306 4532 1667 4605 pru'ceptiones
1702 4550 1819 4601 per—

251 4616 409 4665 peram
428 4603 699 4655 additum.
726 4603 860 4656 Hinc
880 4605 927 4655 in
964 4605 1226 4669 exemplis
1247 4603 1373 4658 coll.
1406 4603 1568 4658 lladr.
1596 4605 1815 4667 factum,

254 4670 423 4725 illum
442 4713 476 4725 ..
512 4674 881 4743 pra'ceptiones
910 4684 963 4726 ut
984 4674 1049 4726 ad
1068 4674 1322 4742 judicium
1348 4676 1688 4728 destinaretur
1713 4676 1821 4743 epi—

250 4745 456 4805 scopale.
479 4743 605 4795 Inde
627 4743 678 4796 in
696 4745 887 4807 priscis
914 4743 1045 4798 edit.
1070 4745 1261 4798 concil.
1282 4755 1335 4798 et
1359 4746 1511 4799 Hom.
1536 4754 1593 4799 ut
1617 4746 1666 4799 in
1689 4761 1817 4800 mss.

256 4810 355 4886 Isid.
384 4814 649 4876 obtinuit,
684 4812 862 4868 Missa:
884 4822 1101 4868 διαίτη..
1137 4817 1517 4886 prmceptiones,
1555 4826 1609 4867 ut
1639 4817 1704 4868 ad
1726 4817 1815 4884 ju-

254 4884 411 4936 dicium
445 4886 741 4949 episcepale
782 4886 1161 4948 destinaretur;
1194 4884 1357 4940 Sirtn.
1395 4886 1571 4940 Missa:
1600 4895 1811 4939 sunt...

255 4963 298 5027 ut
337 4958 398 5007 ad
442 4956 728 5027 judicium
770 4955 1061 5027 episcopale
1114 4958 1455 5027 destinaretur
1482 5000 1494 5024 ,
1543 4957 1813 5027 epistolae;

256 5022 578 5085 Quesnfcum
608 5025 768 5079 tertio
797 5022 896 5080 ius.
928 5022 1081 5080 Colb.
1104 5038 1156 5079 et
1181 5028 1335 5091 ωδ,
1376 5022 1536 5079 Missa
1560 5022 1634 5079 est
1662 5026 1813 5093 (Lab.

258 5096 425 5166 mnitttt
455 5096 583 5163 est),
624 5104 677 5147 ut
708 5097 776 5148 ad
816 5097 1077 5165 judicium
1117 5098 1405 5166 episcopale
1456 5098 1815 5157 destinaretur,

261 5165 466 5225 ερὶειίλιιι.
507 5166 569 5220 In
622 5166 721 5220 hoc
754 5176 985 5235 peccant
1012 5182 1199 5221 omnes
1235 5165 1338 5219 illa:
1385 5168 1674 5230 lectiones,
1734 5168 1816 5219 vel

260 5239 376 5307 quod
405 5236 708 5290 additittum
760 5239 985 5290 verbum
1030 5238 1393 5307 pra’ceptiones
1445 5237 1704 5297 habeant.
1739 5239 1819 5289 γιτΙ

262 5305 461 5377 (ξυυάίρι
507 5318 762 5373 corrupta
793 5322 926 5361 voce
957 5305 1186 5375 epistola:
1215 5308 1494 5361 inductum
1536 5308 1823 5377 episcopale

262 5376 553 5430 Vocabulum
580 5394 678 5431 una
704 5394 827 5431 cum
854 5378 968 5445 ipsa
992 5376 1224 5447 epistola:
1254 5392 1384 5432 voce
1408 5376 1824 5433 retineantyNe-

264 5458 346 5519 ‘tjte
372 5461 493 5500 vero
525 5450 601 5519 de,
632 5448 930 5516 episcopali
978 5450 1266 5519 provincire
1310 5449 1645 5503 Arelatensis
1685 5448 1827 5516 judi-

266 5517 353 5576 tio,
380 5519 465 5587 sed
495 5517 793 5585 dejndicio
837 5518 1147 5586 apostolica:
1189 5520 1357 5584 sedis,
1391 5521 1455 5573 ad
1488 5534 1647 5587 quam
1678 5520 1826 5573 dela-

268 5591 356 5653 tum
381 5586 545 5641 fuerat
572 5590 807 5643 Uanielis
832 5605 1051 5653 nomen,
1078 5605 1383 5643 sermonem
1418 5586 1673 5652 hicessc,
1700 5606 1822 5643 vcr-

270 5650 370 5706 bum
410 5658 752 5713 destinaretur
787 5676 850 5713 ac
899 5669 1009 5712 tota
1040 5650 1315 5714 orationis
1356 5661 1527 5715 series
1574 5650 1821 5714 suadent.

274 5722 514 5786 tundit-ta:
559 5734 707 5789 vocis
754 5729 1050 5800 episcopale
1095 5733 1400 5791 accessione
1446 5731 1700 5801 deceptus
1749 5734 1825 5785 vir

1909 3236 2057 3293 sunt,
2095 3236 2151 3281 ut
2189 3226 2352 3293 aliqui
2379 3226 2446 3281 de
2477 3226 2667 3282 alienis
2695 3228 2943 3282 ecclesiis
2976 3228 3169 3282 merito
3207 3227 3501 3297 pratferan-

1917 3479 2195 3546 eruditus,
2246 3481 2525 3548 qua'situm
2573 3480 2899 3534 existimavit
2957 3479 3269 3543 Daniclem,
3329 3488 3379 3531 ut
3428 3479 3495 3532 ad

1917 3552 2213 3605 orientales
2237 3551 2543 3618 episeopus,
2570 3553 2636 3603 alt
2665 3551 2726 3603 iis
2761 3562 2813 3602 ttt
2841 3551 3068 3617 propriis
3111 3548 3377 3617 episc0pis
3418 3551 3503 3614 ju-

1918 3621 2201 3687 dicandus,
2228 3620 2607 3674 destinaretur.
2634 3620 2957 3688 Verumipse
2974 3618 3313 3687 leestinus,
3342 3620 3499 3683 infra,

1918 3708 2066 3745 num.
2095 3693 2148 3748 9.
2173 3694 2239 3744 de
2263 3700 2442 3743 mente
2465 3704 2560 3741 sua
2588 3690 2863 3755 ambigere
2893 3703 2992 3742 nos
3018 3705 3123 3743 non
3147 3688 3297 3749 sinit,
3325 3690 3412 3742 ubi
3434 3690 3502 3742 de

1919 3763 2105 3816 eodem
2141 3761 2361 3813 Daniele
2396 3759 2629 3826 snbjieit,
2662 3762 2749 3827 qui
2780 3777 2832 3811 se
2863 3770 3036 3812 nostro
3075 3764 3207 3826 (non
3254 3758 3499 3814 Orienta-

1920 3833 2071 3896 lium)
2095 3830 2295 3900 judicio
2323 3829 2468 3882 debet
2497 3830 2732 3898 objicere.
2760 3829 2928 3883 Porro
2959 3830 3247 3899 epistolium
3281 3830 3499 3898 perinde

1919 3910 2003 3957 est
2032 3910 2193 3968 atque
2224 3903 2529 3952 mandatum
2562 3900 2752 3953 litteris
2792 3900 3190 3954 denuntiatum.
3235 3900 3499 3964 Quocirca

1918 3972 2009 4041 qui
2044 3985 2193 4041 nunc,
2221 3970 2376 4041 misso
2408 3968 2663 4041 epistolio,
2700 3984 2823 4023 mox
2858 3971 3026 4023 missis
3064 3987 3094 4022 a
3122 3970 3268 4024 nobis
3318 3971 3500 4024 litteris

1920 4051 2139 4095 vocatus
2170 4040 2383 4093 dicitur.
2414 4040 2460 4092 Is
2491 4054 2619 4093 νιτο
2651 4042 2958 4108 cpiscopus.
2992 4041 3058 4093 ad
3081 4056 3243 4108 quem
3274 4042 3497 4093 missum

1922 4114 2023 4167 hoe
2052 4110 2381 4179 epistolium,
2436 4110 2742 4164 Honoratus
2793 4111 2913 4176 luit,
2960 4112 3051 4179 qtti
3083 4113 3327 4167 Patroclo
3359 4126 3502 4166 anno

1921 4184 2043 4247 49.6,
2082 4192 2137 4235 ut
2179 4182 2407 4250 PrOSper
2440 4182 2493 4234 in
2541 4180 2812 4235 Chronico
2848 4191 3038 4236 auctor
3066 4193 3177 4249 est,
3212 4197 3353 4236 caeso
3374 4197 3502 4236 sur.-

1920 4255 2100 4308 cessit.

1995 4322 2188 4377 dfidit.
2245 4324 2424 4384 ltom.,
2484 4323 2801 4383 continetur;
2851 4322 2999 4373 Meri.
3062 4330 3115 4373 et
3163 4322 3319 4376 Cral).
3378 4334 3505 4392 post

1925 4395 2073 4457 lsid.,
2105 4405 2157 4446 ut
2184 4394 2235 4445 in
2266 4394 2453 4446 nostris
2493 4391 2676 4444 libellis
2712 4392 2886 4443 scrinii
2914 4392 3237 4457 continetur;
3267 4391 3496 4456 ρηεὲυη

1924 4478 1969 4515 et
2011 4476 2061 4517 ut
2101 4468 2153 4515 in
2192 4464 2349 4515 nostri
2384 4462 2557 4515 scrinii
2592 4460 2777 4514 libellis
2807 4461 3126 4525 continetur;
3154 4465 3502 4516 emendantur

1924 4552 1987 4589 ex
2024 4535 2139 4587 aliis
2172 4534 2347 4587 libris.
2389 4534 2567 4585 Monet
2596 4532 2916 4586 leestinns
2956 4531 3256 4585 libellorum
3290 4532 3354 4585 ad
3387 4549 3446 4587 se
3473 4547 3502 4585 a

1928 4615 2037 4657 toto
2068 4604 2329 4671 virginum
2363 4602 2691 4656 monasterio
2718 4603 2975 4657 adversus
3005 4602 3275 4655 Dauielem
3313 4604 3503 4657 misso-

1927 4692 2065 4740 rum,
2099 4690 2324 4743 quorum
2354 4674 2659 4741 apographa
2698 4673 2883 4738 mittit,
2927 4675 3259 4743 autographa
3288 4673 3340 4726 itt
3371 4689 3502 4742 apo-

1927 4747 2131 4801 stolicae
2163 4744 2306 4799 sedis
2331 4745 2543 4799 scriniis
2573 4744 2860 4797 asservari.

1999 4827 2022 4854 ο
2046 4814 2417 4869 Ordinatorem
2465 4814 2788 4882 hujusmodi,
2825 4830 2929 4867 non
2970 4830 3127 4869 secus
3166 4824 3324 4883 atque
3354 4814 3505 4866 Ordi-

1926 4896 2133 4944 natum.
2165 4887 2352 4939 eadem
2399 4898 2553 4954 pretia
2588 4885 2744 4953 plecti
2789 4886 2987 4953 pariter
3015 4885 3260 4941 Zosimus
3289 4887 3446 4954 epist.
3474 4883 3504 4935 7

1923 4975 1978 5012 n.
2011 4959 2045 5010 2
2073 4959 2205 5009 vult.

2003 5026 2017 5063 ί
2050 5026 2301 5079 lionil'acii
2333 5026 2491 5094 epist.
2528 5026 2612 5077 1‘2.

2000 5097 2103 5149 Flu
2156 5098 2385 5165 vulgatis
2437 5108 2491 5148 ut
2541 5099 2590 5147 itt
2641 5111 2742 5149 ms.
2802 5096 2970 5157 Pitlt.,
3023 5095 3394 5164 usurpationis.
3449 5094 3504 5147 In

1930 5167 2194 5235 exemplis
2225 5168 2347 5220 Coll.
2375 5166 2537 5219 llatlr.
2564 5176 2617 5218 et
2648 5167 2794 5231 lsid.,
2828 5168 3177 5234 usurpatione.
3216 5165 3357 5218 Istud
3383 5167 3503 5219 Ca}-

1930 5239 2154 5291 lestinus
2185 5246 2303 5303 post
2331 5238 2596 5289 laudatam
2626 5239 2905 5305 epistolam
2931 5236 3125 5289 Zosimi
3156 5240 3221 5288 ad
3250 5235 3504 5288 llilarium

1934 5306 2335 5361 NarbonenSrm
2380 5307 2692 5376 subjiciens,
2751 5307 3088 5375 privilegium
3135 5306 3275 5374 quod
3323 5306 3509 5359 Patro-

1934 5378 2050 5433 elus
2112 5378 2165 5430 in
2218 5376 2350 5431 duas
2402 5377 2779 5432 Narbonenscs
2832 5376 3138 5446 provincias
3206 5376 3509 5446 obtinuerat

1935 5448 2295 5516 usnrpationis
2343 5462 2571 5515 arguere
2607 5445 2915 5503 videtur’ac
2955 5457 3159 5500 notare.
3213 5445 3322 5500 Nec
3366 5447 3510 5499 aliud

1932 5520 2147 5584 quidem
2185 5519 2291 5572 Leo
2332 5519 2489 5586 epist.
2526 5518 2584 5571 ll
2623 5534 2673 5571 n.
2724 5522 2755 5571 7
2787 5518 2853 5573 de
2884 5518 2985 5571 hoc
3019 5518 3293 5583 privilegio
3323 5518 3508 5569 sentit.

1936 5589 2232 5643 Fatendum
2266 5600 2440 5642 tamen
2465 5597 2548 5642 est
2576 5591 2883 5657 generalem
2931 5588 3017 5643 hic
3062 5604 3089 5639 a
3123 5589 3417 5642 Caelestino
3447 5588 3514 5641 de

1934 5661 2180 5712 oninibus
2226 5660 2513 5728 provinciis
2569 5661 2807 5729 regulam
2849 5658 3152 5731 pt‘atscribt,
3200 5673 3293 5714 seu
3341 5661 3513 5727 potius

1933 5731 2261 5787 confirmari.
