  <div class='ocr_page' id='page_1' title='image "/cluster/home/n/w/nwhite01/storage/ocr_20150623/50/hvd.32044096580717/256.png"; bbox 0 0 3970 6180; ppageno 0'>
   <div class='ocr_carea' id='block_1_1' title="bbox 258 335 357 393">
    <p class='ocr_par' dir='ltr' id='par_1_1' title="bbox 258 335 357 393">
     <span class='ocr_line' id='line_1_1' title="bbox 258 335 357 393; baseline 0.02 -2"><span class='ocrx_word' id='word_1_1' title='bbox 258 335 357 393; x_wconf 64' lang='grc'><strong>457</strong></span> 
     </span>
    </p>
   </div>
   <div class='ocr_carea' id='block_1_2' title="bbox 1087 324 2713 386">
    <p class='ocr_par' dir='ltr' id='par_1_2' title="bbox 1087 324 2713 386">
     <span class='ocr_line' id='line_1_2' title="bbox 1087 324 2713 386; baseline -0.002 -2"><span class='ocrx_word' id='word_1_2' title='bbox 1087 328 1299 386; x_wconf 78' lang='lat' dir='ltr'><strong>EPIST.</strong></span> <span class='ocrx_word' id='word_1_3' title='bbox 1346 327 1432 383; x_wconf 63' lang='lat' dir='ltr'><strong>\‘l.</strong></span> <span class='ocrx_word' id='word_1_4' title='bbox 1473 326 1786 384; x_wconf 70' lang='lat' dir='ltr'><strong>NESTOlill</strong></span> <span class='ocrx_word' id='word_1_5' title='bbox 1826 325 1913 382; x_wconf 84' lang='lat' dir='ltr'><strong>AD</strong></span> <span class='ocrx_word' id='word_1_6' title='bbox 1952 326 2417 384; x_wconf 68' lang='lat' dir='ltr'><strong>C(ELESTINUM</strong></span> <span class='ocrx_word' id='word_1_7' title='bbox 2461 324 2713 381; x_wconf 76' lang='lat' dir='ltr'><strong>PAPAM.</strong></span> 
     </span>
    </p>
   </div>
   <div class='ocr_carea' id='block_1_3' title="bbox 3404 323 3519 381">
    <p class='ocr_par' dir='ltr' id='par_1_3' title="bbox 3404 323 3519 381">
     <span class='ocr_line' id='line_1_3' title="bbox 3404 323 3519 381; baseline 0.035 -4"><span class='ocrx_word' id='word_1_8' title='bbox 3404 323 3519 381; x_wconf 57' lang='grc' dir='ltr'><strong>δῖε</strong></span> 
     </span>
    </p>
   </div>
   <div class='ocr_carea' id='block_1_4' title="bbox 258 432 3517 521">
    <p class='ocr_par' dir='ltr' id='par_1_4' title="bbox 258 432 3517 521">
     <span class='ocr_line' id='line_1_4' title="bbox 258 432 3517 521; baseline -0.006 -16"><span class='ocrx_word' id='word_1_9' title='bbox 258 446 625 521; x_wconf 82' lang='lat' dir='ltr'><strong>gubernacula</strong></span> <span class='ocrx_word' id='word_1_10' title='bbox 676 442 1012 500; x_wconf 74' lang='lat' dir='ltr'><strong>custodimus</strong></span> <span class='ocrx_word' id='word_1_11' title='bbox 1040 482 1055 506; x_wconf 93' lang='lat'><strong>,</strong></span> <span class='ocrx_word' id='word_1_12' title='bbox 1107 456 1330 496; x_wconf 87' lang='lat' dir='ltr'><strong>necesse</strong></span> <span class='ocrx_word' id='word_1_13' title='bbox 1379 450 1463 495; x_wconf 89' lang='lat' dir='ltr'><strong>est</strong></span> <span class='ocrx_word' id='word_1_14' title='bbox 1513 441 1794 495; x_wconf 88' lang='lat' dir='ltr'><strong>obviemus</strong></span> <span class='ocrx_word' id='word_1_15' title='bbox 1823 457 1836 493; x_wconf 89' lang='lat'><strong>:</strong></span> <span class='ocrx_word' id='word_1_16' title='bbox 1868 449 1915 499; x_wconf 75' lang='grc' dir='ltr'>Α</span> <span class='ocrx_word' id='word_1_17' title='bbox 1943 454 2161 521; x_wconf 74' lang='lat' dir='ltr'><strong>genere,</strong></span> <span class='ocrx_word' id='word_1_18' title='bbox 2198 440 2247 521; x_wconf 77' lang='lat' dir='ltr'><strong>in</strong></span> <span class='ocrx_word' id='word_1_19' title='bbox 2288 453 2396 508; x_wconf 90' lang='lat' dir='ltr'><strong>quo</strong></span> <span class='ocrx_word' id='word_1_20' title='bbox 2422 437 2539 519; x_wconf 82' lang='lat' dir='ltr'><strong>quis</strong></span> <span class='ocrx_word' id='word_1_21' title='bbox 2563 449 2911 521; x_wconf 52' lang='lat' dir='ltr'><strong>sensususuos</strong></span> <span class='ocrx_word' id='word_1_22' title='bbox 2939 432 3154 515; x_wconf 68' lang='lat' dir='ltr'><strong>aperire</strong></span> <span class='ocrx_word' id='word_1_23' title='bbox 3180 432 3394 521; x_wconf 59' lang='lat' dir='ltr'><strong>timens,</strong></span> <span class='ocrx_word' id='word_1_24' title='bbox 3424 432 3517 521; x_wconf 52' lang='lat' dir='ltr'><strong>vix</strong></span> 
     </span>
    </p>
   </div>
   <div class='ocr_carea' id='block_1_5' title="bbox 260 535 1836 613">
    <p class='ocr_par' dir='ltr' id='par_1_5' title="bbox 260 535 1836 613">
     <span class='ocr_line' id='line_1_5' title="bbox 260 535 1836 613; baseline -0.006 -16"><span class='ocrx_word' id='word_1_25' title='bbox 260 546 445 613; x_wconf 77' lang='lat' dir='ltr'><strong>hisque</strong></span> <span class='ocrx_word' id='word_1_26' title='bbox 464 540 861 596; x_wconf 77' lang='lat' dir='ltr'><strong>fraternitatem</strong></span> <span class='ocrx_word' id='word_1_27' title='bbox 886 544 1117 590; x_wconf 88' lang='lat' dir='ltr'><strong>vestram</strong></span> <span class='ocrx_word' id='word_1_28' title='bbox 1140 535 1383 603; x_wconf 83' lang='lat' dir='ltr'><strong>epistolis</strong></span> <span class='ocrx_word' id='word_1_29' title='bbox 1407 548 1836 596; x_wconf 85' lang='lat' dir='ltr'><strong>commonemus,</strong></span> 
     </span>
    </p>
   </div>
   <div class='ocr_carea' id='block_1_6' title="bbox 259 616 1839 703">
    <p class='ocr_par' dir='ltr' id='par_1_6' title="bbox 259 616 1839 703">
     <span class='ocr_line' id='line_1_6' title="bbox 259 616 1839 703; baseline -0.007 -13"><span class='ocrx_word' id='word_1_30' title='bbox 259 636 467 703; x_wconf 86' lang='lat' dir='ltr'><strong>nequis</strong></span> <span class='ocrx_word' id='word_1_31' title='bbox 516 616 710 688; x_wconf 86' lang='lat' dir='ltr'><strong>laicum</strong></span> <span class='ocrx_word' id='word_1_32' title='bbox 754 630 818 683; x_wconf 90' lang='lat' dir='ltr'><strong>ad</strong></span> <span class='ocrx_word' id='word_1_33' title='bbox 859 628 1102 682; x_wconf 84' lang='lat' dir='ltr'><strong>ordinem</strong></span> <span class='ocrx_word' id='word_1_34' title='bbox 1151 628 1435 681; x_wconf 89' lang='lat' dir='ltr'><strong>clericatus</strong></span> <span class='ocrx_word' id='word_1_35' title='bbox 1464 625 1743 689; x_wconf 90' lang='lat' dir='ltr'><strong>admittat;</strong></span> <span class='ocrx_word' id='word_1_36' title='bbox 1787 634 1839 679; x_wconf 88' lang='lat' dir='ltr'><strong>et</strong></span> 
     </span>
    </p>
   </div>
   <div class='ocr_carea' id='block_1_7' title="bbox 258 718 1835 788">
    <p class='ocr_par' dir='ltr' id='par_1_7' title="bbox 258 718 1835 788">
     <span class='ocr_line' id='line_1_7' title="bbox 258 718 1835 788; baseline -0.007 -8"><span class='ocrx_word' id='word_1_37' title='bbox 258 730 393 781; x_wconf 79' lang='lat' dir='ltr'><strong>sinat</strong></span> <span class='ocrx_word' id='word_1_38' title='bbox 427 725 545 779; x_wconf 75' lang='lat' dir='ltr'><strong>fieri</strong></span> <span class='ocrx_word' id='word_1_39' title='bbox 571 723 711 777; x_wconf 89' lang='lat' dir='ltr'><strong>unde</strong></span> <span class='ocrx_word' id='word_1_40' title='bbox 742 731 795 776; x_wconf 90' lang='lat' dir='ltr'><strong>et</strong></span> <span class='ocrx_word' id='word_1_41' title='bbox 832 722 982 775; x_wconf 90' lang='lat' dir='ltr'><strong>illum</strong></span> <span class='ocrx_word' id='word_1_42' title='bbox 1016 719 1269 788; x_wconf 85' lang='lat' dir='ltr'><strong>decipiat,</strong></span> <span class='ocrx_word' id='word_1_43' title='bbox 1303 726 1359 772; x_wconf 90' lang='lat' dir='ltr'><strong>et</strong></span> <span class='ocrx_word' id='word_1_44' title='bbox 1395 718 1495 773; x_wconf 88' lang='lat' dir='ltr'><strong>sibi</strong></span> <span class='ocrx_word' id='word_1_45' title='bbox 1524 731 1711 771; x_wconf 85' lang='lat' dir='ltr'><strong>causas</strong></span> <span class='ocrx_word' id='word_1_46' title='bbox 1741 731 1835 783; x_wconf 83' lang='lat' dir='ltr'><strong>ge-</strong></span> 
     </span>
    </p>
   </div>
   <div class='ocr_carea' id='block_1_8' title="bbox 261 810 1666 885">
    <p class='ocr_par' dir='ltr' id='par_1_8' title="bbox 261 810 1666 885">
     <span class='ocr_line' id='line_1_8' title="bbox 261 810 1666 885; baseline -0.006 -14"><span class='ocrx_word' id='word_1_47' title='bbox 261 825 410 872; x_wconf 90' lang='lat' dir='ltr'><strong>neret</strong></span> <span class='ocrx_word' id='word_1_48' title='bbox 440 816 637 885; x_wconf 85' lang='lat' dir='ltr'><strong>quibus</strong></span> <span class='ocrx_word' id='word_1_49' title='bbox 669 828 792 868; x_wconf 82' lang='lat' dir='ltr'><strong>reus</strong></span> <span class='ocrx_word' id='word_1_50' title='bbox 814 814 1123 867; x_wconf 86' lang='lat' dir='ltr'><strong>constitutis</strong></span> <span class='ocrx_word' id='word_1_51' title='bbox 1156 811 1520 866; x_wconf 76' lang='lat' dir='ltr'><strong>decretalibus</strong></span> <span class='ocrx_word' id='word_1_52' title='bbox 1553 810 1666 864; x_wconf 48' lang='lat' dir='ltr'><strong>list.</strong></span> 
     </span>
    </p>
   </div>
   <div class='ocr_carea' id='block_1_9' title="bbox 327 899 1839 973">
    <p class='ocr_par' dir='ltr' id='par_1_9' title="bbox 327 899 1839 973">
     <span class='ocr_line' id='line_1_9' title="bbox 327 899 1839 973; baseline -0.005 -13"><span class='ocrx_word' id='word_1_53' title='bbox 327 908 378 962; x_wconf 81' lang='lat'><strong>5.</strong></span> <span class='ocrx_word' id='word_1_54' title='bbox 427 906 712 962; x_wconf 86' lang='lat' dir='ltr'><strong>Docendus</strong></span> <span class='ocrx_word' id='word_1_55' title='bbox 760 914 841 958; x_wconf 91' lang='lat' dir='ltr'><strong>est</strong></span> <span class='ocrx_word' id='word_1_56' title='bbox 888 906 1137 973; x_wconf 78' lang='lat' dir='ltr'><strong>papulas,</strong></span> <span class='ocrx_word' id='word_1_57' title='bbox 1191 918 1296 956; x_wconf 90' lang='lat' dir='ltr'><strong>non</strong></span> <span class='ocrx_word' id='word_1_58' title='bbox 1340 902 1669 970; x_wconf 89' lang='lat' dir='ltr'><strong>sequendus.</strong></span> <span class='ocrx_word' id='word_1_59' title='bbox 1707 899 1839 954; x_wconf 86' lang='lat' dir='ltr'><strong>Nos-</strong></span> 
     </span>
    </p>
   </div>
   <div class='ocr_carea' id='block_1_10' title="bbox 261 994 1836 1068">
    <p class='ocr_par' dir='ltr' id='par_1_10' title="bbox 261 994 1836 1068">
     <span class='ocr_line' id='line_1_10' title="bbox 261 994 1836 1068; baseline -0.001 -19"><span class='ocrx_word' id='word_1_60' title='bbox 261 1016 360 1068; x_wconf 97' lang='lat' dir='ltr'><strong>que</strong></span> <span class='ocrx_word' id='word_1_61' title='bbox 386 1008 435 1063; x_wconf 79' lang='grc' dir='ltr'>ι,</span> <span class='ocrx_word' id='word_1_62' title='bbox 471 999 515 1051; x_wconf 92' lang='lat' dir='ltr'><strong>si</strong></span> <span class='ocrx_word' id='word_1_63' title='bbox 550 996 798 1052; x_wconf 89' lang='lat' dir='ltr'><strong>nesciunt</strong></span> <span class='ocrx_word' id='word_1_64' title='bbox 829 1011 925 1050; x_wconf 89' lang='lat' dir='ltr'><strong>eos</strong></span> <span class='ocrx_word' id='word_1_65' title='bbox 963 995 1087 1065; x_wconf 89' lang='lat' dir='ltr'><strong>quid</strong></span> <span class='ocrx_word' id='word_1_66' title='bbox 1121 996 1275 1050; x_wconf 90' lang='lat' dir='ltr'><strong>liceat</strong></span> <span class='ocrx_word' id='word_1_67' title='bbox 1296 995 1497 1063; x_wconf 86' lang='lat' dir='ltr'><strong>quidve</strong></span> <span class='ocrx_word' id='word_1_68' title='bbox 1523 1010 1629 1048; x_wconf 91' lang='lat' dir='ltr'><strong>non</strong></span> <span class='ocrx_word' id='word_1_69' title='bbox 1658 994 1836 1061; x_wconf 89' lang='lat' dir='ltr'><strong>liceat,</strong></span> 
     </span>
    </p>
   </div>
   <div class='ocr_carea' id='block_1_11' title="bbox 261 1085 1837 1153">
    <p class='ocr_par' dir='ltr' id='par_1_11' title="bbox 261 1085 1837 1153">
     <span class='ocr_line' id='line_1_11' title="bbox 261 1085 1837 1153; baseline -0.003 -10"><span class='ocrx_word' id='word_1_70' title='bbox 261 1104 633 1151; x_wconf 89' lang='lat' dir='ltr'><strong>commonere,</strong></span> <span class='ocrx_word' id='word_1_71' title='bbox 670 1103 776 1140; x_wconf 93' lang='lat' dir='ltr'><strong>non</strong></span> <span class='ocrx_word' id='word_1_72' title='bbox 817 1087 899 1139; x_wconf 92' lang='lat' dir='ltr'><strong>his</strong></span> <span class='ocrx_word' id='word_1_73' title='bbox 929 1101 1255 1140; x_wconf 78' lang='lat' dir='ltr'><strong>consensum</strong></span> <span class='ocrx_word' id='word_1_74' title='bbox 1284 1087 1524 1153; x_wconf 75' lang='lat' dir='ltr'><strong>prtebere</strong></span> <span class='ocrx_word' id='word_1_75' title='bbox 1555 1085 1837 1141; x_wconf 86' lang='lat' dir='ltr'><strong>debemus.</strong></span> 
     </span>
    </p>
   </div>
   <div class='ocr_carea' id='block_1_12' title="bbox 262 1175 1844 1246">
    <p class='ocr_par' dir='ltr' id='par_1_12' title="bbox 262 1175 1844 1246">
     <span class='ocr_line' id='line_1_12' title="bbox 262 1175 1844 1246; baseline -0.002 -14"><span class='ocrx_word' id='word_1_76' title='bbox 262 1179 520 1246; x_wconf 83' lang='lat' dir='ltr'><strong>Quisquis</strong></span> <span class='ocrx_word' id='word_1_77' title='bbox 548 1193 679 1232; x_wconf 85' lang='lat' dir='ltr'><strong>vero</strong></span> <span class='ocrx_word' id='word_1_78' title='bbox 706 1186 931 1232; x_wconf 90' lang='lat' dir='ltr'><strong>conatus</strong></span> <span class='ocrx_word' id='word_1_79' title='bbox 956 1176 1116 1231; x_wconf 86' lang='lat' dir='ltr'><strong>luerit</strong></span> <span class='ocrx_word' id='word_1_80' title='bbox 1155 1184 1363 1231; x_wconf 88' lang='lat' dir='ltr'><strong>tentare</strong></span> <span class='ocrx_word' id='word_1_81' title='bbox 1392 1175 1683 1245; x_wconf 88' lang='lat' dir='ltr'><strong>prohibita,</strong></span> <span class='ocrx_word' id='word_1_82' title='bbox 1720 1191 1844 1229; x_wconf 90' lang='lat' dir='ltr'><strong>seu-</strong></span> 
     </span>
    </p>
   </div>
   <div class='ocr_carea' id='block_1_13' title="bbox 266 1264 1836 1333">
    <p class='ocr_par' dir='ltr' id='par_1_13' title="bbox 266 1264 1836 1333">
     <span class='ocr_line' id='line_1_13' title="bbox 266 1264 1836 1333; baseline -0.002 -10"><span class='ocrx_word' id='word_1_83' title='bbox 266 1271 359 1324; x_wconf 88' lang='lat' dir='ltr'><strong>tiet</strong></span> <span class='ocrx_word' id='word_1_84' title='bbox 399 1282 686 1322; x_wconf 84' lang='lat' dir='ltr'><strong>censuram</strong></span> <span class='ocrx_word' id='word_1_85' title='bbox 731 1265 875 1320; x_wconf 84' lang='lat' dir='ltr'><strong>sedis</strong></span> <span class='ocrx_word' id='word_1_86' title='bbox 917 1264 1224 1333; x_wconf 74' lang='lat' dir='ltr'><strong>apostolica:</strong></span> <span class='ocrx_word' id='word_1_87' title='bbox 1266 1266 1486 1320; x_wconf 89' lang='lat' dir='ltr'><strong>minime</strong></span> <span class='ocrx_word' id='word_1_88' title='bbox 1518 1265 1836 1320; x_wconf 80' lang='lat' dir='ltr'><strong>defuturam.</strong></span> 
     </span>
    </p>
   </div>
   <div class='ocr_carea' id='block_1_14' title="bbox 265 1356 1844 1427">
    <p class='ocr_par' dir='ltr' id='par_1_14' title="bbox 265 1356 1844 1427">
     <span class='ocr_line' id='line_1_14' title="bbox 265 1356 1844 1427; baseline 0.001 -18"><span class='ocrx_word' id='word_1_89' title='bbox 265 1362 390 1427; x_wconf 76' lang='lat' dir='ltr'><strong>Qua:</strong></span> <span class='ocrx_word' id='word_1_90' title='bbox 422 1359 568 1413; x_wconf 89' lang='lat' dir='ltr'><strong>enim</strong></span> <span class='ocrx_word' id='word_1_91' title='bbox 597 1356 711 1412; x_wconf 89' lang='lat' dir='ltr'><strong>sola</strong></span> <span class='ocrx_word' id='word_1_92' title='bbox 755 1356 1140 1410; x_wconf 90' lang='lat' dir='ltr'><strong>admonitionis</strong></span> <span class='ocrx_word' id='word_1_93' title='bbox 1183 1357 1501 1411; x_wconf 86' lang='lat' dir='ltr'><strong>auctoritate</strong></span> <span class='ocrx_word' id='word_1_94' title='bbox 1539 1371 1643 1411; x_wconf 91' lang='lat' dir='ltr'><strong>non</strong></span> <span class='ocrx_word' id='word_1_95' title='bbox 1674 1356 1844 1411; x_wconf 83' lang='lat' dir='ltr'><strong>corti-</strong></span> 
     </span>
    </p>
   </div>
   <div class='ocr_carea' id='block_1_15' title="bbox 264 1449 1841 1521">
    <p class='ocr_par' dir='ltr' id='par_1_15' title="bbox 264 1449 1841 1521">
     <span class='ocr_line' id='line_1_15' title="bbox 264 1449 1841 1521; baseline -0.001 -17"><span class='ocrx_word' id='word_1_96' title='bbox 264 1451 461 1521; x_wconf 86' lang='lat' dir='ltr'><strong>gimus,</strong></span> <span class='ocrx_word' id='word_1_97' title='bbox 488 1463 710 1503; x_wconf 87' lang='lat' dir='ltr'><strong>necesse</strong></span> <span class='ocrx_word' id='word_1_98' title='bbox 737 1456 821 1503; x_wconf 90' lang='lat' dir='ltr'><strong>est</strong></span> <span class='ocrx_word' id='word_1_99' title='bbox 847 1463 941 1517; x_wconf 85' lang='lat' dir='ltr'><strong>per</strong></span> <span class='ocrx_word' id='word_1_100' title='bbox 967 1449 1313 1502; x_wconf 80' lang='lat' dir='ltr'><strong>severitatem</strong></span> <span class='ocrx_word' id='word_1_101' title='bbox 1340 1459 1725 1517; x_wconf 79' lang='lat' dir='ltr'><strong>congruentem</strong></span> <span class='ocrx_word' id='word_1_102' title='bbox 1753 1462 1841 1502; x_wconf 89' lang='lat' dir='ltr'><strong>re-</strong></span> 
     </span>
    </p>
   </div>
   <div class='ocr_carea' id='block_1_16' title="bbox 265 1537 1843 1611">
    <p class='ocr_par' dir='ltr' id='par_1_16' title="bbox 265 1537 1843 1611">
     <span class='ocr_line' id='line_1_16' title="bbox 265 1537 1843 1611; baseline -0.003 -17"><span class='ocrx_word' id='word_1_103' title='bbox 265 1542 401 1611; x_wconf 86' lang='lat' dir='ltr'><strong>gulis</strong></span> <span class='ocrx_word' id='word_1_104' title='bbox 432 1539 793 1595; x_wconf 83' lang='lat' dir='ltr'><strong>viudicemus.</strong></span> <span class='ocrx_word' id='word_1_105' title='bbox 843 1538 949 1593; x_wconf 87' lang='lat' dir='ltr'><strong>Per</strong></span> <span class='ocrx_word' id='word_1_106' title='bbox 980 1546 1117 1592; x_wconf 87' lang='lat' dir='ltr'><strong>totas</strong></span> <span class='ocrx_word' id='word_1_107' title='bbox 1168 1537 1288 1605; x_wconf 90' lang='lat' dir='ltr'><strong>hoc,</strong></span> <span class='ocrx_word' id='word_1_108' title='bbox 1330 1552 1450 1607; x_wconf 61' lang='lat' dir='ltr'><strong>qua:</strong></span> <span class='ocrx_word' id='word_1_109' title='bbox 1478 1537 1713 1606; x_wconf 87' lang='lat' dir='ltr'><strong>propriis</strong></span> <span class='ocrx_word' id='word_1_110' title='bbox 1759 1552 1843 1591; x_wconf 88' lang='lat' dir='ltr'><strong>re-</strong></span> 
     </span>
    </p>
   </div>
   <div class='ocr_carea' id='block_1_17' title="bbox 268 1628 1845 1693">
    <p class='ocr_par' dir='ltr' id='par_1_17' title="bbox 268 1628 1845 1693">
     <span class='ocr_line' id='line_1_17' title="bbox 268 1628 1845 1693; baseline -0.004 -6"><span class='ocrx_word' id='word_1_111' title='bbox 268 1632 505 1687; x_wconf 87' lang='lat' dir='ltr'><strong>ctoribus</strong></span> <span class='ocrx_word' id='word_1_112' title='bbox 547 1637 758 1693; x_wconf 89' lang='lat' dir='ltr'><strong>carent,</strong></span> <span class='ocrx_word' id='word_1_113' title='bbox 809 1628 1080 1683; x_wconf 82' lang='lat' dir='ltr'><strong>Ecclesias</strong></span> <span class='ocrx_word' id='word_1_114' title='bbox 1122 1629 1370 1682; x_wconf 88' lang='lat' dir='ltr'><strong>volumus</strong></span> <span class='ocrx_word' id='word_1_115' title='bbox 1416 1629 1737 1691; x_wconf 84' lang='lat' dir='ltr'><strong>innotescat,</strong></span> <span class='ocrx_word' id='word_1_116' title='bbox 1787 1636 1845 1681; x_wconf 89' lang='lat' dir='ltr'><strong>ut</strong></span> 
     </span>
    </p>
   </div>
   <div class='ocr_carea' id='block_1_18' title="bbox 266 1717 1837 1788">
    <p class='ocr_par' dir='ltr' id='par_1_18' title="bbox 266 1717 1837 1788">
     <span class='ocr_line' id='line_1_18' title="bbox 266 1717 1837 1788; baseline -0.004 -11"><span class='ocrx_word' id='word_1_117' title='bbox 266 1721 447 1777; x_wconf 87' lang='lat' dir='ltr'><strong>nullus</strong></span> <span class='ocrx_word' id='word_1_118' title='bbox 498 1719 604 1774; x_wconf 89' lang='lat' dir='ltr'><strong>sibi</strong></span> <span class='ocrx_word' id='word_1_119' title='bbox 656 1733 752 1788; x_wconf 87' lang='lat' dir='ltr'><strong>spe</strong></span> <span class='ocrx_word' id='word_1_120' title='bbox 799 1719 976 1787; x_wconf 83' lang='lat' dir='ltr'><strong>aliqua</strong></span> <span class='ocrx_word' id='word_1_121' title='bbox 1032 1719 1255 1773; x_wconf 68' lang='lat' dir='ltr'><strong>forsitan</strong></span> <span class='ocrx_word' id='word_1_122' title='bbox 1301 1718 1573 1773; x_wconf 83' lang='lat' dir='ltr'><strong>blanditus</strong></span> <span class='ocrx_word' id='word_1_123' title='bbox 1628 1717 1837 1773; x_wconf 90' lang='lat' dir='ltr'><strong>illudat.</strong></span> 
     </span>
    </p>
   </div>
   <div class='ocr_carea' id='block_1_19' title="bbox 271 1808 1922 1879">
    <p class='ocr_par' dir='ltr' id='par_1_19' title="bbox 271 1808 1922 1879">
     <span class='ocr_line' id='line_1_19' title="bbox 271 1808 1922 1879; baseline -0.001 -13"><span class='ocrx_word' id='word_1_124' title='bbox 271 1813 395 1866; x_wconf 88' lang='lat' dir='ltr'><strong>Data</strong></span> <span class='ocrx_word' id='word_1_125' title='bbox 427 1811 457 1849; x_wconf 69' lang='grc' dir='ltr'>δ</span> <span class='ocrx_word' id='word_1_126' title='bbox 485 1811 805 1865; x_wconf 87' lang='lat' dir='ltr'><strong>duodecimo</strong></span> <span class='ocrx_word' id='word_1_127' title='bbox 847 1809 1109 1865; x_wconf 72' lang='lat' dir='ltr'><strong>kalendas</strong></span> <span class='ocrx_word' id='word_1_128' title='bbox 1164 1810 1415 1879; x_wconf 85' lang='lat' dir='ltr'><strong>Augusti,</strong></span> <span class='ocrx_word' id='word_1_129' title='bbox 1464 1808 1665 1863; x_wconf 84' lang='lat' dir='ltr'><strong>Flaviis</strong></span> <span class='ocrx_word' id='word_1_130' title='bbox 1710 1809 1842 1864; x_wconf 84' lang='lat' dir='ltr'><strong>Flo-</strong></span> <span class='ocrx_word' id='word_1_131' title='bbox 1876 1812 1922 1870; x_wconf 90' lang='lat' dir='ltr'><strong>B</strong></span> 
     </span>
    </p>
   </div>
   <div class='ocr_carea' id='block_1_20' title="bbox 271 1901 1663 1973">
    <p class='ocr_par' dir='ltr' id='par_1_20' title="bbox 271 1901 1663 1973">
     <span class='ocr_line' id='line_1_20' title="bbox 271 1901 1663 1973; baseline -0.003 -14"><span class='ocrx_word' id='word_1_132' title='bbox 271 1907 440 1960; x_wconf 85' lang='lat' dir='ltr'><strong>reutio</strong></span> <span class='ocrx_word' id='word_1_133' title='bbox 462 1913 515 1959; x_wconf 88' lang='lat' dir='ltr'><strong>et</strong></span> <span class='ocrx_word' id='word_1_134' title='bbox 546 1903 797 1973; x_wconf 82' lang='lat' dir='ltr'><strong>Dionysio</strong></span> <span class='ocrx_word' id='word_1_135' title='bbox 827 1902 959 1956; x_wconf 89' lang='lat' dir='ltr'><strong>viris</strong></span> <span class='ocrx_word' id='word_1_136' title='bbox 989 1901 1304 1957; x_wconf 61' lang='lat' dir='ltr'><strong>clarissimis</strong></span> <span class='ocrx_word' id='word_1_137' title='bbox 1330 1901 1663 1957; x_wconf 87' lang='lat' dir='ltr'><strong>consulibus.</strong></span> 
     </span>
    </p>
   </div>
   <div class='ocr_carea' id='block_1_21' title="bbox 369 2033 1732 2100">
    <p class='ocr_par' dir='ltr' id='par_1_21' title="bbox 369 2033 1732 2100">
     <span class='ocr_line' id='line_1_21' title="bbox 369 2033 1732 2100; baseline -0.005 -7"><span class='ocrx_word' id='word_1_138' title='bbox 369 2035 680 2093; x_wconf 69' lang='lat' dir='ltr'><strong>MONITUM</strong></span> <span class='ocrx_word' id='word_1_139' title='bbox 722 2036 783 2089; x_wconf 77' lang='lat' dir='ltr'><strong>Di</strong></span> <span class='ocrx_word' id='word_1_140' title='bbox 828 2034 1006 2091; x_wconf 82' lang='lat' dir='ltr'><strong>DUAS</strong></span> <span class='ocrx_word' id='word_1_141' title='bbox 1045 2034 1263 2089; x_wconf 81' lang='lat' dir='ltr'><strong>EPIST.</strong></span> <span class='ocrx_word' id='word_1_142' title='bbox 1303 2033 1732 2100; x_wconf 81' lang='lat' dir='ltr'><strong>SEQUENTES.</strong></span> 
     </span>
    </p>
   </div>
   <div class='ocr_carea' id='block_1_22' title="bbox 341 2148 1839 2216">
    <p class='ocr_par' dir='ltr' id='par_1_22' title="bbox 341 2148 1839 2216">
     <span class='ocr_line' id='line_1_22' title="bbox 341 2148 1839 2216; baseline -0.001 -13"><span class='ocrx_word' id='word_1_143' title='bbox 341 2152 391 2203; x_wconf 80' lang='grc'><strong>1.</strong></span> <span class='ocrx_word' id='word_1_144' title='bbox 434 2152 560 2203; x_wconf 83' lang='lat' dir='ltr'><strong>Duae</strong></span> <span class='ocrx_word' id='word_1_145' title='bbox 600 2150 704 2202; x_wconf 68' lang='lat' dir='ltr'><strong>illm.</strong></span> <span class='ocrx_word' id='word_1_146' title='bbox 747 2150 986 2216; x_wconf 78' lang='lat' dir='ltr'><strong>epistolte</strong></span> <span class='ocrx_word' id='word_1_147' title='bbox 1031 2164 1062 2202; x_wconf 89' lang='lat' dir='ltr'><strong>a</strong></span> <span class='ocrx_word' id='word_1_148' title='bbox 1094 2149 1320 2201; x_wconf 88' lang='lat' dir='ltr'><strong>BarOnio</strong></span> <span class='ocrx_word' id='word_1_149' title='bbox 1367 2149 1593 2216; x_wconf 87' lang='lat' dir='ltr'><strong>primum</strong></span> <span class='ocrx_word' id='word_1_150' title='bbox 1639 2148 1703 2201; x_wconf 90' lang='lat' dir='ltr'><strong>ad</strong></span> <span class='ocrx_word' id='word_1_151' title='bbox 1751 2164 1839 2202; x_wconf 87' lang='lat' dir='ltr'><strong>att-</strong></span> 
     </span>
    </p>
   </div>
   <div class='ocr_carea' id='block_1_23' title="bbox 273 2218 1845 2286">
    <p class='ocr_par' dir='ltr' id='par_1_23' title="bbox 273 2218 1845 2286">
     <span class='ocr_line' id='line_1_23' title="bbox 273 2218 1845 2286; baseline -0.002 -13"><span class='ocrx_word' id='word_1_152' title='bbox 273 2237 393 2273; x_wconf 89' lang='lat' dir='ltr'><strong>nnm</strong></span> <span class='ocrx_word' id='word_1_153' title='bbox 422 2223 527 2274; x_wconf 67' lang='lat'><strong>450</strong></span> <span class='ocrx_word' id='word_1_154' title='bbox 557 2234 588 2273; x_wconf 86' lang='lat' dir='ltr'><strong>e</strong></span> <span class='ocrx_word' id='word_1_155' title='bbox 633 2220 845 2271; x_wconf 81' lang='lat' dir='ltr'><strong>schedis</strong></span> <span class='ocrx_word' id='word_1_156' title='bbox 887 2222 1102 2272; x_wconf 88' lang='lat' dir='ltr'><strong>Antonii</strong></span> <span class='ocrx_word' id='word_1_157' title='bbox 1137 2219 1435 2286; x_wconf 87' lang='lat' dir='ltr'><strong>Augustini,</strong></span> <span class='ocrx_word' id='word_1_158' title='bbox 1484 2229 1593 2271; x_wconf 92' lang='lat' dir='ltr'><strong>tum</strong></span> <span class='ocrx_word' id='word_1_159' title='bbox 1643 2234 1670 2271; x_wconf 90' lang='lat' dir='ltr'><strong>a</strong></span> <span class='ocrx_word' id='word_1_160' title='bbox 1711 2218 1845 2272; x_wconf 89' lang='lat' dir='ltr'><strong>Lah-</strong></span> 
     </span>
    </p>
   </div>
   <div class='ocr_carea' id='block_1_24' title="bbox 273 2289 1847 2355">
    <p class='ocr_par' dir='ltr' id='par_1_24' title="bbox 273 2289 1847 2355">
     <span class='ocr_line' id='line_1_24' title="bbox 273 2289 1847 2355; baseline 0 -15"><span class='ocrx_word' id='word_1_161' title='bbox 273 2291 368 2345; x_wconf 69' lang='lat' dir='ltr'><strong>lieo</strong></span> <span class='ocrx_word' id='word_1_162' title='bbox 397 2301 527 2343; x_wconf 89' lang='lat' dir='ltr'><strong>tom.</strong></span> <span class='ocrx_word' id='word_1_163' title='bbox 576 2289 642 2342; x_wconf 92' lang='grc'><strong>111</strong></span> <span class='ocrx_word' id='word_1_164' title='bbox 668 2290 871 2342; x_wconf 68' lang='grc' dir='ltr'><strong>ϐοιιοιΙ.</strong></span> <span class='ocrx_word' id='word_1_165' title='bbox 922 2304 1039 2355; x_wconf 84' lang='lat' dir='ltr'><strong>pag.</strong></span> <span class='ocrx_word' id='word_1_166' title='bbox 1072 2290 1176 2342; x_wconf 72' lang='grc' dir='ltr'><strong>διε)</strong></span> <span class='ocrx_word' id='word_1_167' title='bbox 1208 2306 1237 2342; x_wconf 90' lang='lat' dir='ltr'><strong>e</strong></span> <span class='ocrx_word' id='word_1_168' title='bbox 1281 2289 1463 2343; x_wconf 89' lang='lat' dir='ltr'><strong>codice</strong></span> <span class='ocrx_word' id='word_1_169' title='bbox 1511 2306 1612 2342; x_wconf 91' lang='lat' dir='ltr'><strong>tus.</strong></span> <span class='ocrx_word' id='word_1_170' title='bbox 1650 2290 1847 2341; x_wconf 90' lang='lat' dir='ltr'><strong>veteris</strong></span> 
     </span>
    </p>
   </div>
   <div class='ocr_carea' id='block_1_25' title="bbox 272 2359 1841 2426">
    <p class='ocr_par' dir='ltr' id='par_1_25' title="bbox 272 2359 1841 2426">
     <span class='ocr_line' id='line_1_25' title="bbox 272 2359 1841 2426; baseline -0.003 -13"><span class='ocrx_word' id='word_1_171' title='bbox 272 2361 519 2413; x_wconf 68' lang='lat' dir='ltr'><strong>editionis</strong></span> <span class='ocrx_word' id='word_1_172' title='bbox 540 2360 741 2413; x_wconf 75' lang='lat' dir='ltr'><strong>Latiare.</strong></span> <span class='ocrx_word' id='word_1_173' title='bbox 769 2360 1020 2425; x_wconf 86' lang='lat' dir='ltr'><strong>Ephesini</strong></span> <span class='ocrx_word' id='word_1_174' title='bbox 1045 2359 1279 2415; x_wconf 85' lang='lat' dir='ltr'><strong>concilii.</strong></span> <span class='ocrx_word' id='word_1_175' title='bbox 1311 2369 1581 2424; x_wconf 88' lang='lat' dir='ltr'><strong>postremo</strong></span> <span class='ocrx_word' id='word_1_176' title='bbox 1601 2374 1627 2411; x_wconf 89' lang='lat' dir='ltr'><strong>a</strong></span> <span class='ocrx_word' id='word_1_177' title='bbox 1654 2360 1841 2426; x_wconf 84' lang='lat' dir='ltr'><strong>Steph.</strong></span> 
     </span>
    </p>
   </div>
   <div class='ocr_carea' id='block_1_26' title="bbox 272 2430 1843 2495">
    <p class='ocr_par' dir='ltr' id='par_1_26' title="bbox 272 2430 1843 2495">
     <span class='ocr_line' id='line_1_26' title="bbox 272 2430 1843 2495; baseline -0.003 -11"><span class='ocrx_word' id='word_1_178' title='bbox 272 2432 487 2485; x_wconf 68' lang='lat' dir='ltr'><strong>Baluzio</strong></span> <span class='ocrx_word' id='word_1_179' title='bbox 528 2444 652 2484; x_wconf 86' lang='lat' dir='ltr'><strong>nov.</strong></span> <span class='ocrx_word' id='word_1_180' title='bbox 686 2430 810 2482; x_wconf 87' lang='lat' dir='ltr'><strong>coll.</strong></span> <span class='ocrx_word' id='word_1_181' title='bbox 861 2430 1056 2482; x_wconf 85' lang='lat' dir='ltr'><strong>eoncil.</strong></span> <span class='ocrx_word' id='word_1_182' title='bbox 1091 2444 1207 2495; x_wconf 79' lang='lat' dir='ltr'><strong>pag.</strong></span> <span class='ocrx_word' id='word_1_183' title='bbox 1246 2432 1349 2483; x_wconf 63' lang='lat'><strong>4&#39;28</strong></span> <span class='ocrx_word' id='word_1_184' title='bbox 1380 2444 1444 2482; x_wconf 81' lang='lat' dir='ltr'><strong>ex</strong></span> <span class='ocrx_word' id='word_1_185' title='bbox 1494 2430 1663 2481; x_wconf 85' lang='lat' dir='ltr'><strong>tribus</strong></span> <span class='ocrx_word' id='word_1_186' title='bbox 1715 2444 1843 2482; x_wconf 89' lang='lat' dir='ltr'><strong>mss.</strong></span> 
     </span>
    </p>
   </div>
   <div class='ocr_carea' id='block_1_27' title="bbox 266 2498 1845 2567">
    <p class='ocr_par' dir='ltr' id='par_1_27' title="bbox 266 2498 1845 2567">
     <span class='ocr_line' id='line_1_27' title="bbox 266 2498 1845 2567; baseline -0.003 -12"><span class='ocrx_word' id='word_1_187' title='bbox 266 2503 425 2555; x_wconf 77' lang='lat' dir='ltr'><strong>edita:</strong></span> <span class='ocrx_word' id='word_1_188' title='bbox 462 2509 609 2554; x_wconf 81' lang='lat' dir='ltr'><strong>sunt.</strong></span> <span class='ocrx_word' id='word_1_189' title='bbox 649 2501 846 2553; x_wconf 85' lang='lat' dir='ltr'><strong>Amhas</strong></span> <span class='ocrx_word' id='word_1_190' title='bbox 886 2498 1450 2567; x_wconf 10' lang='lat' dir='ltr'><strong>Joattneerarnerius</strong></span> <span class='ocrx_word' id='word_1_191' title='bbox 1493 2500 1676 2566; x_wconf 72' lang='lat' dir='ltr'><strong>primm</strong></span> <span class='ocrx_word' id='word_1_192' title='bbox 1712 2499 1845 2567; x_wconf 84' lang='lat' dir='ltr'><strong>parti</strong></span> 
     </span>
    </p>
   </div>
   <div class='ocr_carea' id='block_1_28' title="bbox 272 2566 1847 2637">
    <p class='ocr_par' dir='ltr' id='par_1_28' title="bbox 272 2566 1847 2637">
     <span class='ocr_line' id='line_1_28' title="bbox 272 2566 1847 2637; baseline -0.003 -12"><span class='ocrx_word' id='word_1_193' title='bbox 272 2587 491 2636; x_wconf 68' lang='lat' dir='ltr'><strong>Operam</strong></span> <span class='ocrx_word' id='word_1_194' title='bbox 522 2573 587 2623; x_wconf 78' lang='grc' dir='ltr'><strong>Μ.</strong></span> <span class='ocrx_word' id='word_1_195' title='bbox 620 2570 932 2623; x_wconf 83' lang='lat' dir='ltr'><strong>Mercatoris</strong></span> <span class='ocrx_word' id='word_1_196' title='bbox 964 2586 1084 2637; x_wconf 84' lang='lat' dir='ltr'><strong>pag.</strong></span> <span class='ocrx_word' id='word_1_197' title='bbox 1115 2566 1182 2623; x_wconf 83' lang='grc'>66</span> <span class='ocrx_word' id='word_1_198' title='bbox 1223 2570 1463 2634; x_wconf 79' lang='lat' dir='ltr'><strong>inseruit,</strong></span> <span class='ocrx_word' id='word_1_199' title='bbox 1490 2584 1615 2621; x_wconf 89' lang='lat' dir='ltr'><strong>cura</strong></span> <span class='ocrx_word' id='word_1_200' title='bbox 1648 2566 1847 2622; x_wconf 30' lang='lat' dir='ltr'><strong>et&#39;dili-</strong></span> 
     </span>
    </p>
   </div>
   <div class='ocr_carea' id='block_1_29' title="bbox 270 2639 1848 2710">
    <p class='ocr_par' dir='ltr' id='par_1_29' title="bbox 270 2639 1848 2710">
     <span class='ocr_line' id='line_1_29' title="bbox 270 2639 1848 2710; baseline -0.003 -15"><span class='ocrx_word' id='word_1_201' title='bbox 270 2644 444 2710; x_wconf 82' lang='lat' dir='ltr'><strong>gentia</strong></span> <span class='ocrx_word' id='word_1_202' title='bbox 477 2641 738 2704; x_wconf 88' lang='lat' dir='ltr'><strong>adhibita,</strong></span> <span class='ocrx_word' id='word_1_203' title='bbox 774 2656 874 2701; x_wconf 85' lang='lat' dir='ltr'><strong>qua</strong></span> <span class='ocrx_word' id='word_1_204' title='bbox 907 2656 997 2693; x_wconf 85' lang='lat' dir='ltr'><strong>eas</strong></span> <span class='ocrx_word' id='word_1_205' title='bbox 1019 2656 1081 2693; x_wconf 86' lang='lat' dir='ltr'><strong>ex</strong></span> <span class='ocrx_word' id='word_1_206' title='bbox 1114 2640 1310 2707; x_wconf 85' lang='lat' dir='ltr'><strong>proprii</strong></span> <span class='ocrx_word' id='word_1_207' title='bbox 1350 2640 1542 2706; x_wconf 78' lang='lat' dir='ltr'><strong>ingenii</strong></span> <span class='ocrx_word' id='word_1_208' title='bbox 1575 2639 1848 2706; x_wconf 85' lang='lat' dir='ltr'><strong>conjectu-</strong></span> 
     </span>
    </p>
   </div>
   <div class='ocr_carea' id='block_1_30' title="bbox 272 2710 1846 2773">
    <p class='ocr_par' dir='ltr' id='par_1_30' title="bbox 272 2710 1846 2773">
     <span class='ocr_line' id='line_1_30' title="bbox 272 2710 1846 2773; baseline -0.002 -9"><span class='ocrx_word' id='word_1_209' title='bbox 272 2715 343 2764; x_wconf 87' lang='lat' dir='ltr'><strong>ris</strong></span> <span class='ocrx_word' id='word_1_210' title='bbox 382 2712 715 2765; x_wconf 67' lang='lat' dir='ltr'><strong>emendaret.</strong></span> <span class='ocrx_word' id='word_1_211' title='bbox 762 2710 980 2762; x_wconf 70' lang='lat' dir='ltr'><strong>Grazcus</strong></span> <span class='ocrx_word' id='word_1_212' title='bbox 1025 2725 1208 2763; x_wconf 88' lang='lat' dir='ltr'><strong>earum</strong></span> <span class='ocrx_word' id='word_1_213' title='bbox 1262 2721 1455 2767; x_wconf 65' lang='lat' dir='ltr'><strong>textus,</strong></span> <span class='ocrx_word' id='word_1_214' title='bbox 1498 2724 1652 2773; x_wconf 82' lang='lat' dir='ltr'><strong>quem</strong></span> <span class='ocrx_word' id='word_1_215' title='bbox 1686 2725 1846 2762; x_wconf 83' lang='lat' dir='ltr'><strong>ouum</strong></span> 
     </span>
    </p>
   </div>
   <div class='ocr_carea' id='block_1_31' title="bbox 270 2779 1848 2846">
    <p class='ocr_par' dir='ltr' id='par_1_31' title="bbox 270 2779 1848 2846">
     <span class='ocr_line' id='line_1_31' title="bbox 270 2779 1848 2846; baseline -0.001 -13"><span class='ocrx_word' id='word_1_216' title='bbox 270 2783 385 2835; x_wconf 66' lang='lat' dir='ltr'><strong>sine</strong></span> <span class='ocrx_word' id='word_1_217' title='bbox 417 2782 861 2846; x_wconf 78' lang='lat' dir='ltr'><strong>interpretatione</strong></span> <span class='ocrx_word' id='word_1_218' title='bbox 902 2780 1086 2832; x_wconf 87' lang='lat' dir='ltr'><strong>Latina</strong></span> <span class='ocrx_word' id='word_1_219' title='bbox 1121 2779 1395 2833; x_wconf 74' lang='lat' dir='ltr'><strong>Nestorius</strong></span> <span class='ocrx_word' id='word_1_220' title='bbox 1435 2781 1671 2839; x_wconf 82' lang='lat' dir='ltr'><strong>tuiscrat,</strong></span> <span class='ocrx_word' id='word_1_221' title='bbox 1704 2782 1848 2832; x_wconf 81' lang='lat' dir='ltr'><strong>exci—</strong></span> 
     </span>
    </p>
   </div>
   <div class='ocr_carea' id='block_1_32' title="bbox 269 2850 1847 2917">
    <p class='ocr_par' dir='ltr' id='par_1_32' title="bbox 269 2850 1847 2917">
     <span class='ocr_line' id='line_1_32' title="bbox 269 2850 1847 2917; baseline -0.002 -13"><span class='ocrx_word' id='word_1_222' title='bbox 269 2856 364 2906; x_wconf 90' lang='lat' dir='ltr'><strong>dit.</strong></span> <span class='ocrx_word' id='word_1_223' title='bbox 398 2852 593 2905; x_wconf 81' lang='lat' dir='ltr'><strong>Earum</strong></span> <span class='ocrx_word' id='word_1_224' title='bbox 627 2850 814 2903; x_wconf 85' lang='lat' dir='ltr'><strong>saltem</strong></span> <span class='ocrx_word' id='word_1_225' title='bbox 850 2850 1045 2917; x_wconf 90' lang='lat' dir='ltr'><strong>prima,</strong></span> <span class='ocrx_word' id='word_1_226' title='bbox 1085 2851 1209 2901; x_wconf 86' lang='lat' dir='ltr'><strong>dum</strong></span> <span class='ocrx_word' id='word_1_227' title='bbox 1245 2860 1650 2917; x_wconf 77' lang='lat' dir='ltr'><strong>ex5pemaretur</strong></span> <span class='ocrx_word' id='word_1_228' title='bbox 1681 2850 1847 2903; x_wconf 90' lang='lat' dir='ltr'><strong>inter-</strong></span> 
     </span>
    </p>
   </div>
   <div class='ocr_carea' id='block_1_33' title="bbox 271 2918 1847 2990">
    <p class='ocr_par' dir='ltr' id='par_1_33' title="bbox 271 2918 1847 2990">
     <span class='ocr_line' id='line_1_33' title="bbox 271 2918 1847 2990; baseline -0.003 -14"><span class='ocrx_word' id='word_1_229' title='bbox 271 2938 412 2990; x_wconf 72' lang='lat' dir='ltr'><strong>pres.</strong></span> <span class='ocrx_word' id='word_1_230' title='bbox 446 2937 706 2988; x_wconf 77' lang='lat' dir='ltr'><strong>responso</strong></span> <span class='ocrx_word' id='word_1_231' title='bbox 735 2919 824 2990; x_wconf 82' lang='lat' dir='ltr'><strong>diu</strong></span> <span class='ocrx_word' id='word_1_232' title='bbox 865 2921 1056 2973; x_wconf 82' lang='lat' dir='ltr'><strong>Carttit.</strong></span> <span class='ocrx_word' id='word_1_233' title='bbox 1090 2918 1396 2987; x_wconf 86' lang='lat' dir='ltr'><strong>Utriusque,</strong></span> <span class='ocrx_word' id='word_1_234' title='bbox 1429 2921 1567 2973; x_wconf 86' lang='lat' dir='ltr'><strong>sicut</strong></span> <span class='ocrx_word' id='word_1_235' title='bbox 1604 2929 1656 2972; x_wconf 91' lang='lat' dir='ltr'><strong>et</strong></span> <span class='ocrx_word' id='word_1_236' title='bbox 1687 2932 1847 2972; x_wconf 74' lang='lat' dir='ltr'><strong>cane-</strong></span> 
     </span>
    </p>
   </div>
   <div class='ocr_carea' id='block_1_34' title="bbox 270 2989 1847 3059">
    <p class='ocr_par' dir='ltr' id='par_1_34' title="bbox 270 2989 1847 3059">
     <span class='ocr_line' id='line_1_34' title="bbox 270 2989 1847 3059; baseline -0.001 -15"><span class='ocrx_word' id='word_1_237' title='bbox 270 2989 471 3051; x_wconf 81' lang='lat' dir='ltr'><strong>iarum,</strong></span> <span class='ocrx_word' id='word_1_238' title='bbox 505 3007 625 3059; x_wconf 69' lang='lat' dir='ltr'><strong>qure</strong></span> <span class='ocrx_word' id='word_1_239' title='bbox 664 2992 747 3043; x_wconf 80' lang='lat' dir='ltr'><strong>vel</strong></span> <span class='ocrx_word' id='word_1_240' title='bbox 777 2989 1238 3056; x_wconf 88' lang='lat' dir='ltr'><strong>Constantinopoli</strong></span> <span class='ocrx_word' id='word_1_241' title='bbox 1275 2991 1495 3042; x_wconf 66' lang='lat' dir='ltr'><strong>liouiam</strong></span> <span class='ocrx_word' id='word_1_242' title='bbox 1526 2990 1732 3053; x_wconf 76' lang='lat' dir='ltr'><strong>Grznce,</strong></span> <span class='ocrx_word' id='word_1_243' title='bbox 1769 2991 1847 3042; x_wconf 88' lang='lat' dir='ltr'><strong>vel</strong></span> 
     </span>
    </p>
   </div>
   <div class='ocr_carea' id='block_1_35' title="bbox 270 3059 1848 3127">
    <p class='ocr_par' dir='ltr' id='par_1_35' title="bbox 270 3059 1848 3127">
     <span class='ocr_line' id='line_1_35' title="bbox 270 3059 1848 3127; baseline -0.002 -12"><span class='ocrx_word' id='word_1_244' title='bbox 270 3064 437 3115; x_wconf 69' lang='lat' dir='ltr'><strong>ltoma</strong></span> <span class='ocrx_word' id='word_1_245' title='bbox 468 3061 991 3127; x_wconf 86' lang='lat' dir='ltr'><strong>Constantinopolim</strong></span> <span class='ocrx_word' id='word_1_246' title='bbox 1028 3060 1211 3113; x_wconf 88' lang='lat' dir='ltr'><strong>Latine</strong></span> <span class='ocrx_word' id='word_1_247' title='bbox 1239 3061 1414 3113; x_wconf 75' lang='lat' dir='ltr'><strong>missa:</strong></span> <span class='ocrx_word' id='word_1_248' title='bbox 1446 3067 1589 3121; x_wconf 91' lang='lat' dir='ltr'><strong>sunt,</strong></span> <span class='ocrx_word' id='word_1_249' title='bbox 1621 3059 1848 3112; x_wconf 84' lang='lat' dir='ltr'><strong>obscura</strong></span> 
     </span>
    </p>
   </div>
   <div class='ocr_carea' id='block_1_36' title="bbox 272 3130 1917 3196">
    <p class='ocr_par' dir='ltr' id='par_1_36' title="bbox 272 3130 1917 3196">
     <span class='ocr_line' id='line_1_36' title="bbox 272 3130 1917 3196; baseline -0.001 -12"><span class='ocrx_word' id='word_1_250' title='bbox 272 3132 563 3184; x_wconf 82' lang='lat' dir='ltr'><strong>identidem</strong></span> <span class='ocrx_word' id='word_1_251' title='bbox 610 3143 663 3185; x_wconf 91' lang='lat' dir='ltr'><strong>et</strong></span> <span class='ocrx_word' id='word_1_252' title='bbox 701 3132 945 3183; x_wconf 83' lang='lat' dir='ltr'><strong>iutrieata</strong></span> <span class='ocrx_word' id='word_1_253' title='bbox 996 3130 1385 3196; x_wconf 86' lang='lat' dir='ltr'><strong>interpretatio.</strong></span> <span class='ocrx_word' id='word_1_254' title='bbox 1433 3131 1627 3183; x_wconf 89' lang='lat' dir='ltr'><strong>indicio</strong></span> <span class='ocrx_word' id='word_1_255' title='bbox 1666 3137 1748 3182; x_wconf 88' lang='lat' dir='ltr'><strong>cst</strong></span> <span class='ocrx_word' id='word_1_256' title='bbox 1796 3130 1845 3182; x_wconf 92' lang='lat' dir='ltr'><strong>in</strong></span> <span class='ocrx_word' id='word_1_257' title='bbox 1877 3174 1917 3196; x_wconf 64' lang='grc' dir='ltr'>η</span> 
     </span>
    </p>
   </div>
   <div class='ocr_carea' id='block_1_37' title="bbox 271 3177 1919 3267">
    <p class='ocr_par' dir='ltr' id='par_1_37' title="bbox 271 3177 1919 3267">
     <span class='ocr_line' id='line_1_37' title="bbox 271 3177 1919 3267; baseline -0.001 -12"><span class='ocrx_word' id='word_1_258' title='bbox 271 3212 500 3265; x_wconf 83' lang='lat' dir='ltr'><strong>utraque</strong></span> <span class='ocrx_word' id='word_1_259' title='bbox 525 3204 613 3254; x_wconf 87' lang='lat' dir='ltr'><strong>illa</strong></span> <span class='ocrx_word' id='word_1_260' title='bbox 643 3201 774 3255; x_wconf 86' lang='lat' dir='ltr'><strong>urbe</strong></span> <span class='ocrx_word' id='word_1_261' title='bbox 797 3216 949 3254; x_wconf 86' lang='lat' dir='ltr'><strong>raros</strong></span> <span class='ocrx_word' id='word_1_262' title='bbox 974 3210 1083 3252; x_wconf 91' lang='lat' dir='ltr'><strong>tum</strong></span> <span class='ocrx_word' id='word_1_263' title='bbox 1115 3177 1278 3252; x_wconf 68' lang='lat' dir='ltr'><strong>fuisse</strong></span> <span class='ocrx_word' id='word_1_264' title='bbox 1305 3201 1393 3267; x_wconf 91' lang='lat' dir='ltr'><strong>qui</strong></span> <span class='ocrx_word' id='word_1_265' title='bbox 1419 3200 1659 3253; x_wconf 80' lang='lat' dir='ltr'><strong>Latinam</strong></span> <span class='ocrx_word' id='word_1_266' title='bbox 1688 3199 1847 3253; x_wconf 89' lang='lat' dir='ltr'><strong>simul</strong></span> <span class='ocrx_word' id='word_1_267' title='bbox 1876 3177 1919 3234; x_wconf 57' lang='grc' dir='ltr'><strong>(ἶ</strong></span> 
     </span>
    </p>
   </div>
   <div class='ocr_carea' id='block_1_38' title="bbox 270 3270 1849 3338">
    <p class='ocr_par' dir='ltr' id='par_1_38' title="bbox 270 3270 1849 3338">
     <span class='ocr_line' id='line_1_38' title="bbox 270 3270 1849 3338; baseline -0.001 -13"><span class='ocrx_word' id='word_1_268' title='bbox 270 3285 319 3325; x_wconf 92' lang='lat' dir='ltr'><strong>ct</strong></span> <span class='ocrx_word' id='word_1_269' title='bbox 344 3274 585 3325; x_wconf 65' lang='grc' dir='ltr'>ϐιιίυοιιιι</span> <span class='ocrx_word' id='word_1_270' title='bbox 604 3272 839 3337; x_wconf 88' lang='lat' dir='ltr'><strong>linguam</strong></span> <span class='ocrx_word' id='word_1_271' title='bbox 854 3272 1095 3338; x_wconf 88' lang='lat' dir='ltr'><strong>apprime</strong></span> <span class='ocrx_word' id='word_1_272' title='bbox 1115 3270 1399 3333; x_wconf 82' lang='lat' dir='ltr'><strong>callerem,</strong></span> <span class='ocrx_word' id='word_1_273' title='bbox 1423 3271 1661 3338; x_wconf 79' lang='lat' dir='ltr'><strong>adeoque</strong></span> <span class='ocrx_word' id='word_1_274' title='bbox 1678 3271 1849 3324; x_wconf 75' lang='lat' dir='ltr'><strong>lee-</strong></span> 
     </span>
    </p>
   </div>
   <div class='ocr_carea' id='block_1_39' title="bbox 272 3340 1853 3409">
    <p class='ocr_par' dir='ltr' id='par_1_39' title="bbox 272 3340 1853 3409">
     <span class='ocr_line' id='line_1_39' title="bbox 272 3340 1853 3409; baseline -0.002 -14"><span class='ocrx_word' id='word_1_275' title='bbox 272 3344 415 3396; x_wconf 89' lang='lat' dir='ltr'><strong>stino</strong></span> <span class='ocrx_word' id='word_1_276' title='bbox 466 3342 721 3409; x_wconf 88' lang='lat' dir='ltr'><strong>pontiliee</strong></span> <span class='ocrx_word' id='word_1_277' title='bbox 750 3341 817 3394; x_wconf 88' lang='lat' dir='ltr'><strong>de</strong></span> <span class='ocrx_word' id='word_1_278' title='bbox 869 3353 1093 3407; x_wconf 90' lang='lat' dir='ltr'><strong>utraque</strong></span> <span class='ocrx_word' id='word_1_279' title='bbox 1145 3340 1231 3392; x_wconf 87' lang='lat' dir='ltr'><strong>illa</strong></span> <span class='ocrx_word' id='word_1_280' title='bbox 1268 3341 1487 3399; x_wconf 73' lang='lat' dir='ltr'><strong>civitate</strong></span> <span class='ocrx_word' id='word_1_281' title='bbox 1530 3341 1742 3393; x_wconf 72' lang='lat' dir='ltr'><strong>iiCUiSSU</strong></span> <span class='ocrx_word' id='word_1_282' title='bbox 1775 3342 1853 3393; x_wconf 90' lang='lat' dir='ltr'><strong>di-</strong></span> 
     </span>
    </p>
   </div>
   <div class='ocr_carea' id='block_1_40' title="bbox 271 3410 1848 3479">
    <p class='ocr_par' dir='ltr' id='par_1_40' title="bbox 271 3410 1848 3479">
     <span class='ocr_line' id='line_1_40' title="bbox 271 3410 1848 3479; baseline -0.001 -13"><span class='ocrx_word' id='word_1_283' title='bbox 271 3428 417 3471; x_wconf 86' lang='lat' dir='ltr'><strong>cere.</strong></span> <span class='ocrx_word' id='word_1_284' title='bbox 452 3413 591 3479; x_wconf 88' lang='lat' dir='ltr'><strong>quod</strong></span> <span class='ocrx_word' id='word_1_285' title='bbox 632 3413 698 3463; x_wconf 90' lang='lat' dir='ltr'><strong>de</strong></span> <span class='ocrx_word' id='word_1_286' title='bbox 725 3410 1314 3476; x_wconf 84' lang='lat' dir='ltr'><strong>ConStantinopolitana</strong></span> <span class='ocrx_word' id='word_1_287' title='bbox 1348 3425 1445 3463; x_wconf 92' lang='lat' dir='ltr'><strong>suo</strong></span> <span class='ocrx_word' id='word_1_288' title='bbox 1488 3412 1685 3463; x_wconf 73' lang='lat' dir='ltr'><strong>sreculo</strong></span> <span class='ocrx_word' id='word_1_289' title='bbox 1714 3410 1848 3465; x_wconf 83' lang='lat' dir='ltr'><strong>Gre-</strong></span> 
     </span>
    </p>
   </div>
   <div class='ocr_carea' id='block_1_41' title="bbox 272 3480 1853 3549">
    <p class='ocr_par' dir='ltr' id='par_1_41' title="bbox 272 3480 1853 3549">
     <span class='ocr_line' id='line_1_41' title="bbox 272 3480 1853 3549; baseline 0.001 -18"><span class='ocrx_word' id='word_1_290' title='bbox 272 3486 454 3547; x_wconf 69' lang='lat' dir='ltr'><strong>gorius</strong></span> <span class='ocrx_word' id='word_1_291' title='bbox 486 3483 576 3533; x_wconf 83' lang='lat' dir='ltr'><strong>lib.</strong></span> <span class='ocrx_word' id='word_1_292' title='bbox 610 3496 680 3533; x_wconf 82' lang='lat' dir='ltr'><strong>vit</strong></span> <span class='ocrx_word' id='word_1_293' title='bbox 704 3482 860 3546; x_wconf 81' lang='lat' dir='ltr'><strong>epist.</strong></span> <span class='ocrx_word' id='word_1_294' title='bbox 890 3482 959 3534; x_wconf 79' lang='grc'><strong>50</strong></span> <span class='ocrx_word' id='word_1_295' title='bbox 989 3481 1055 3533; x_wconf 89' lang='lat' dir='ltr'><strong>ad</strong></span> <span class='ocrx_word' id='word_1_296' title='bbox 1094 3480 1294 3533; x_wconf 54' lang='lat' dir='ltr'><strong>Narsen</strong></span> <span class='ocrx_word' id='word_1_297' title='bbox 1326 3482 1540 3547; x_wconf 85' lang='lat' dir='ltr'><strong>scripsit</strong></span> <span class='ocrx_word' id='word_1_298' title='bbox 1572 3498 1583 3532; x_wconf 91' lang='lat'><strong>:</strong></span> <span class='ocrx_word' id='word_1_299' title='bbox 1617 3482 1735 3549; x_wconf 82' lang='lat' dir='ltr'><strong>quia</strong></span> <span class='ocrx_word' id='word_1_300' title='bbox 1762 3482 1853 3533; x_wconf 78' lang='lat' dir='ltr'><strong>lio-</strong></span> 
     </span>
    </p>
   </div>
   <div class='ocr_carea' id='block_1_42' title="bbox 274 3550 1852 3621">
    <p class='ocr_par' dir='ltr' id='par_1_42' title="bbox 274 3550 1852 3621">
     <span class='ocr_line' id='line_1_42' title="bbox 274 3550 1852 3621; baseline 0.003 -22"><span class='ocrx_word' id='word_1_301' title='bbox 274 3554 359 3604; x_wconf 64' lang='lat' dir='ltr'><strong>.lie</strong></span> <span class='ocrx_word' id='word_1_302' title='bbox 397 3555 449 3604; x_wconf 86' lang='lat' dir='ltr'><strong>in</strong></span> <span class='ocrx_word' id='word_1_303' title='bbox 495 3550 1062 3621; x_wconf 81' lang='lat' dir='ltr'><strong>ConstantinOpolitana</strong></span> <span class='ocrx_word' id='word_1_304' title='bbox 1111 3551 1314 3603; x_wconf 80' lang='lat' dir='ltr'><strong>civitate</strong></span> <span class='ocrx_word' id='word_1_305' title='bbox 1350 3553 1437 3619; x_wconf 84' lang='lat' dir='ltr'><strong>qui</strong></span> <span class='ocrx_word' id='word_1_306' title='bbox 1482 3551 1544 3603; x_wconf 84' lang='lat' dir='ltr'><strong>de</strong></span> <span class='ocrx_word' id='word_1_307' title='bbox 1585 3551 1767 3603; x_wconf 86' lang='lat' dir='ltr'><strong>Latino</strong></span> <span class='ocrx_word' id='word_1_308' title='bbox 1800 3553 1852 3604; x_wconf 86' lang='lat' dir='ltr'><strong>in</strong></span> 
     </span>
    </p>
   </div>
   <div class='ocr_carea' id='block_1_43' title="bbox 273 3621 1853 3685">
    <p class='ocr_par' dir='ltr' id='par_1_43' title="bbox 273 3621 1853 3685">
     <span class='ocr_line' id='line_1_43' title="bbox 273 3621 1853 3685; baseline 0.001 -12"><span class='ocrx_word' id='word_1_309' title='bbox 273 3621 509 3673; x_wconf 65' lang='lat' dir='ltr'><strong>Caecum</strong></span> <span class='ocrx_word' id='word_1_310' title='bbox 536 3623 728 3675; x_wconf 81' lang='lat' dir='ltr'><strong>dictata</strong></span> <span class='ocrx_word' id='word_1_311' title='bbox 760 3622 879 3675; x_wconf 84' lang='lat' dir='ltr'><strong>bene</strong></span> <span class='ocrx_word' id='word_1_312' title='bbox 918 3622 1228 3685; x_wconf 78' lang='lat' dir='ltr'><strong>transferant</strong></span> <span class='ocrx_word' id='word_1_313' title='bbox 1257 3638 1355 3672; x_wconf 90' lang='lat' dir='ltr'><strong>non</strong></span> <span class='ocrx_word' id='word_1_314' title='bbox 1386 3628 1540 3683; x_wconf 85' lang='lat' dir='ltr'><strong>sunt;</strong></span> <span class='ocrx_word' id='word_1_315' title='bbox 1564 3621 1684 3673; x_wconf 84' lang='lat' dir='ltr'><strong>dum</strong></span> <span class='ocrx_word' id='word_1_316' title='bbox 1716 3624 1853 3674; x_wconf 87' lang='lat' dir='ltr'><strong>enim</strong></span> 
     </span>
    </p>
   </div>
   <div class='ocr_carea' id='block_1_44' title="bbox 274 3690 1855 3753">
    <p class='ocr_par' dir='ltr' id='par_1_44' title="bbox 274 3690 1855 3753">
     <span class='ocr_line' id='line_1_44' title="bbox 274 3690 1855 3753; baseline 0.001 -11"><span class='ocrx_word' id='word_1_317' title='bbox 274 3691 424 3743; x_wconf 71' lang='lat' dir='ltr'><strong>verba</strong></span> <span class='ocrx_word' id='word_1_318' title='bbox 470 3693 787 3753; x_wconf 81' lang='lat' dir='ltr'><strong>custodiunt,</strong></span> <span class='ocrx_word' id='word_1_319' title='bbox 845 3700 894 3743; x_wconf 89' lang='lat' dir='ltr'><strong>et</strong></span> <span class='ocrx_word' id='word_1_320' title='bbox 942 3708 1121 3745; x_wconf 77' lang='lat' dir='ltr'><strong>sensus</strong></span> <span class='ocrx_word' id='word_1_321' title='bbox 1170 3690 1380 3743; x_wconf 85' lang='lat' dir='ltr'><strong>minime</strong></span> <span class='ocrx_word' id='word_1_322' title='bbox 1424 3694 1711 3753; x_wconf 82' lang='lat' dir='ltr'><strong>attendunt,</strong></span> <span class='ocrx_word' id='word_1_323' title='bbox 1766 3709 1855 3744; x_wconf 82' lang='lat' dir='ltr'><strong>nec</strong></span> 
     </span>
    </p>
   </div>
   <div class='ocr_carea' id='block_1_45' title="bbox 274 3761 1854 3831">
    <p class='ocr_par' dir='ltr' id='par_1_45' title="bbox 274 3761 1854 3831">
     <span class='ocr_line' id='line_1_45' title="bbox 274 3761 1854 3831; baseline 0.001 -18"><span class='ocrx_word' id='word_1_324' title='bbox 274 3762 424 3815; x_wconf 67' lang='lat' dir='ltr'><strong>verba</strong></span> <span class='ocrx_word' id='word_1_325' title='bbox 455 3761 683 3830; x_wconf 75' lang='lat' dir='ltr'><strong>intelligi</strong></span> <span class='ocrx_word' id='word_1_326' title='bbox 716 3762 937 3831; x_wconf 72' lang='lat' dir='ltr'><strong>faciunt,</strong></span> <span class='ocrx_word' id='word_1_327' title='bbox 975 3772 1022 3813; x_wconf 85' lang='lat' dir='ltr'><strong>et</strong></span> <span class='ocrx_word' id='word_1_328' title='bbox 1067 3777 1245 3814; x_wconf 81' lang='lat' dir='ltr'><strong>sensus</strong></span> <span class='ocrx_word' id='word_1_329' title='bbox 1275 3762 1539 3831; x_wconf 80' lang='lat' dir='ltr'><strong>frangunt.</strong></span> <span class='ocrx_word' id='word_1_330' title='bbox 1570 3766 1681 3827; x_wconf 68' lang='lat' dir='ltr'><strong>Qua</strong></span> <span class='ocrx_word' id='word_1_331' title='bbox 1713 3762 1763 3815; x_wconf 89' lang='lat' dir='ltr'><strong>in</strong></span> <span class='ocrx_word' id='word_1_332' title='bbox 1797 3778 1854 3815; x_wconf 88' lang='lat' dir='ltr'><strong>re</strong></span> 
     </span>
    </p>
   </div>
   <div class='ocr_carea' id='block_1_46' title="bbox 276 3830 1854 3897">
    <p class='ocr_par' dir='ltr' id='par_1_46' title="bbox 276 3830 1854 3897">
     <span class='ocr_line' id='line_1_46' title="bbox 276 3830 1854 3897; baseline 0.001 -15"><span class='ocrx_word' id='word_1_333' title='bbox 276 3846 374 3884; x_wconf 75' lang='lat' dir='ltr'><strong>nec</strong></span> <span class='ocrx_word' id='word_1_334' title='bbox 404 3832 603 3885; x_wconf 84' lang='lat' dir='ltr'><strong>Leonis</strong></span> <span class='ocrx_word' id='word_1_335' title='bbox 636 3846 805 3886; x_wconf 72' lang='lat' dir='ltr'><strong>tevutn</strong></span> <span class='ocrx_word' id='word_1_336' title='bbox 836 3830 1043 3885; x_wconf 80' lang='lat' dir='ltr'><strong>felicius</strong></span> <span class='ocrx_word' id='word_1_337' title='bbox 1076 3832 1237 3884; x_wconf 54' lang='lat' dir='ltr'><strong>fuisse</strong></span> <span class='ocrx_word' id='word_1_338' title='bbox 1274 3830 1508 3884; x_wconf 70' lang='lat' dir='ltr'><strong>Flaxiani</strong></span> <span class='ocrx_word' id='word_1_339' title='bbox 1535 3832 1675 3897; x_wconf 84' lang='lat' dir='ltr'><strong>apud</strong></span> <span class='ocrx_word' id='word_1_340' title='bbox 1706 3848 1854 3885; x_wconf 80' lang='lat' dir='ltr'><strong>cum-</strong></span> 
     </span>
    </p>
   </div>
   <div class='ocr_carea' id='block_1_47' title="bbox 275 3900 1855 3971">
    <p class='ocr_par' dir='ltr' id='par_1_47' title="bbox 275 3900 1855 3971">
     <span class='ocr_line' id='line_1_47' title="bbox 275 3900 1855 3971; baseline 0.002 -18"><span class='ocrx_word' id='word_1_341' title='bbox 275 3902 396 3953; x_wconf 59' lang='lat' dir='ltr'><strong>dum</strong></span> <span class='ocrx_word' id='word_1_342' title='bbox 458 3900 694 3956; x_wconf 87' lang='lat' dir='ltr'><strong>Leonem</strong></span> <span class='ocrx_word' id='word_1_343' title='bbox 750 3902 991 3969; x_wconf 84' lang='lat' dir='ltr'><strong>epistolae</strong></span> <span class='ocrx_word' id='word_1_344' title='bbox 1045 3902 1110 3956; x_wconf 78' lang='grc'>57</span> <span class='ocrx_word' id='word_1_345' title='bbox 1163 3901 1433 3971; x_wconf 88' lang='lat' dir='ltr'><strong>antiquior</strong></span> <span class='ocrx_word' id='word_1_346' title='bbox 1485 3902 1855 3969; x_wconf 78' lang='lat' dir='ltr'><strong>interpretatio</strong></span> 
     </span>
    </p>
   </div>
   <div class='ocr_carea' id='block_1_48' title="bbox 277 3974 679 4037">
    <p class='ocr_par' dir='ltr' id='par_1_48' title="bbox 277 3974 679 4037">
     <span class='ocr_line' id='line_1_48' title="bbox 277 3974 679 4037; baseline -0.002 -12"><span class='ocrx_word' id='word_1_347' title='bbox 277 3974 528 4037; x_wconf 72' lang='lat' dir='ltr'><strong>exemplo</strong></span> <span class='ocrx_word' id='word_1_348' title='bbox 553 3974 679 4024; x_wconf 87' lang='lat' dir='ltr'><strong>erit.</strong></span> 
     </span>
    </p>
   </div>
   <div class='ocr_carea' id='block_1_49' title="bbox 346 4039 1855 4107">
    <p class='ocr_par' dir='ltr' id='par_1_49' title="bbox 346 4039 1855 4107">
     <span class='ocr_line' id='line_1_49' title="bbox 346 4039 1855 4107; baseline 0.001 -14"><span class='ocrx_word' id='word_1_349' title='bbox 346 4039 399 4094; x_wconf 74' lang='grc'><strong>2.</strong></span> <span class='ocrx_word' id='word_1_350' title='bbox 436 4042 797 4107; x_wconf 73' lang='grc' dir='ltr'>Ειιιειιιὶιιιυιη</span> <span class='ocrx_word' id='word_1_351' title='bbox 830 4040 1041 4094; x_wconf 89' lang='lat' dir='ltr'><strong>illarum</strong></span> <span class='ocrx_word' id='word_1_352' title='bbox 1069 4042 1351 4094; x_wconf 86' lang='lat' dir='ltr'><strong>veritatem</strong></span> <span class='ocrx_word' id='word_1_353' title='bbox 1375 4055 1480 4093; x_wconf 90' lang='lat' dir='ltr'><strong>non</strong></span> <span class='ocrx_word' id='word_1_354' title='bbox 1511 4049 1711 4093; x_wconf 85' lang='lat' dir='ltr'><strong>tantum</strong></span> <span class='ocrx_word' id='word_1_355' title='bbox 1738 4042 1855 4095; x_wconf 73' lang='lat' dir='ltr'><strong>Cte-</strong></span> 
     </span>
    </p>
   </div>
   <div class='ocr_carea' id='block_1_50' title="bbox 278 4110 1853 4179">
    <p class='ocr_par' dir='ltr' id='par_1_50' title="bbox 278 4110 1853 4179">
     <span class='ocr_line' id='line_1_50' title="bbox 278 4110 1853 4179; baseline 0.002 -17"><span class='ocrx_word' id='word_1_356' title='bbox 278 4111 523 4173; x_wconf 84' lang='lat' dir='ltr'><strong>lestinus,</strong></span> <span class='ocrx_word' id='word_1_357' title='bbox 557 4112 651 4164; x_wconf 83' lang='lat' dir='ltr'><strong>sed</strong></span> <span class='ocrx_word' id='word_1_358' title='bbox 685 4111 843 4163; x_wconf 88' lang='lat' dir='ltr'><strong>etiam</strong></span> <span class='ocrx_word' id='word_1_359' title='bbox 872 4112 1161 4165; x_wconf 76' lang='lat' dir='ltr'><strong>Cassianus</strong></span> <span class='ocrx_word' id='word_1_360' title='bbox 1186 4119 1241 4162; x_wconf 91' lang='lat' dir='ltr'><strong>et</strong></span> <span class='ocrx_word' id='word_1_361' title='bbox 1260 4110 1492 4179; x_wconf 86' lang='lat' dir='ltr'><strong>Cyrillus</strong></span> <span class='ocrx_word' id='word_1_362' title='bbox 1514 4112 1853 4165; x_wconf 82' lang='lat' dir='ltr'><strong>conﬁrmant.</strong></span> 
     </span>
    </p>
   </div>
   <div class='ocr_carea' id='block_1_51' title="bbox 276 4180 1853 4249">
    <p class='ocr_par' dir='ltr' id='par_1_51' title="bbox 276 4180 1853 4249">
     <span class='ocr_line' id='line_1_51' title="bbox 276 4180 1853 4249; baseline 0 -15"><span class='ocrx_word' id='word_1_363' title='bbox 276 4180 326 4234; x_wconf 86' lang='lat' dir='ltr'><strong>ls</strong></span> <span class='ocrx_word' id='word_1_364' title='bbox 355 4182 571 4249; x_wconf 81' lang='lat' dir='ltr'><strong>quidem</strong></span> <span class='ocrx_word' id='word_1_365' title='bbox 603 4180 669 4233; x_wconf 86' lang='lat' dir='ltr'><strong>ad</strong></span> <span class='ocrx_word' id='word_1_366' title='bbox 697 4180 955 4236; x_wconf 81' lang='lat' dir='ltr'><strong>Joannem</strong></span> <span class='ocrx_word' id='word_1_367' title='bbox 996 4182 1387 4233; x_wconf 80' lang='lat' dir='ltr'><strong>Antiocheuum</strong></span> <span class='ocrx_word' id='word_1_368' title='bbox 1416 4181 1679 4240; x_wconf 88' lang='lat' dir='ltr'><strong>scribens,</strong></span> <span class='ocrx_word' id='word_1_369' title='bbox 1712 4182 1853 4248; x_wconf 85' lang='lat' dir='ltr'><strong>ipsa-</strong></span> 
     </span>
    </p>
   </div>
   <div class='ocr_carea' id='block_1_52' title="bbox 278 4250 1853 4318">
    <p class='ocr_par' dir='ltr' id='par_1_52' title="bbox 278 4250 1853 4318">
     <span class='ocr_line' id='line_1_52' title="bbox 278 4250 1853 4318; baseline 0.001 -16"><span class='ocrx_word' id='word_1_370' title='bbox 278 4265 386 4303; x_wconf 80' lang='lat' dir='ltr'><strong>met</strong></span> <span class='ocrx_word' id='word_1_371' title='bbox 419 4251 620 4318; x_wconf 84' lang='lat' dir='ltr'><strong>prioris</strong></span> <span class='ocrx_word' id='word_1_372' title='bbox 666 4251 907 4314; x_wconf 68' lang='lat' dir='ltr'><strong>epistolae</strong></span> <span class='ocrx_word' id='word_1_373' title='bbox 938 4255 1101 4305; x_wconf 83' lang='lat' dir='ltr'><strong>verba</strong></span> <span class='ocrx_word' id='word_1_374' title='bbox 1130 4251 1294 4304; x_wconf 89' lang='lat' dir='ltr'><strong>citare</strong></span> <span class='ocrx_word' id='word_1_375' title='bbox 1324 4265 1385 4303; x_wconf 89' lang='lat' dir='ltr'><strong>ac</strong></span> <span class='ocrx_word' id='word_1_376' title='bbox 1414 4250 1723 4305; x_wconf 86' lang='lat' dir='ltr'><strong>describere</strong></span> <span class='ocrx_word' id='word_1_377' title='bbox 1751 4267 1853 4304; x_wconf 89' lang='lat' dir='ltr'><strong>non</strong></span> 
     </span>
    </p>
   </div>
   <div class='ocr_carea' id='block_1_53' title="bbox 274 4320 1855 4390">
    <p class='ocr_par' dir='ltr' id='par_1_53' title="bbox 274 4320 1855 4390">
     <span class='ocr_line' id='line_1_53' title="bbox 274 4320 1855 4390; baseline 0.001 -19"><span class='ocrx_word' id='word_1_378' title='bbox 274 4320 585 4380; x_wconf 70' lang='lat' dir='ltr'><strong>dubitatur;</strong></span> <span class='ocrx_word' id='word_1_379' title='bbox 631 4320 723 4373; x_wconf 77' lang='lat' dir='ltr'><strong>Sed</strong></span> <span class='ocrx_word' id='word_1_380' title='bbox 776 4330 1038 4387; x_wconf 78' lang='lat' dir='ltr'><strong>quatenus</strong></span> <span class='ocrx_word' id='word_1_381' title='bbox 1086 4322 1365 4388; x_wconf 88' lang='lat' dir='ltr'><strong>epistolam</strong></span> <span class='ocrx_word' id='word_1_382' title='bbox 1410 4320 1558 4373; x_wconf 86' lang='lat' dir='ltr'><strong>illam</strong></span> <span class='ocrx_word' id='word_1_383' title='bbox 1600 4323 1855 4390; x_wconf 73' lang='lat' dir='ltr'><strong>prolixam</strong></span> 
     </span>
    </p>
   </div>
   <div class='ocr_carea' id='block_1_54' title="bbox 278 4390 1472 4463">
    <p class='ocr_par' dir='ltr' id='par_1_54' title="bbox 278 4390 1472 4463">
     <span class='ocr_line' id='line_1_54' title="bbox 278 4390 1472 4463; baseline -0.002 -20"><span class='ocrx_word' id='word_1_384' title='bbox 278 4390 522 4463; x_wconf 53' lang='lat' dir='ltr'><strong>(parapsis)</strong></span> <span class='ocrx_word' id='word_1_385' title='bbox 549 4390 765 4451; x_wconf 80' lang='lat' dir='ltr'><strong>dixerit,</strong></span> <span class='ocrx_word' id='word_1_386' title='bbox 789 4391 965 4463; x_wconf 85' lang='lat' dir='ltr'><strong>minus</strong></span> <span class='ocrx_word' id='word_1_387' title='bbox 996 4400 1079 4443; x_wconf 89' lang='lat' dir='ltr'><strong>est</strong></span> <span class='ocrx_word' id='word_1_388' title='bbox 1112 4390 1472 4463; x_wconf 62' lang='lat' dir='ltr'><strong>perspicuum.</strong></span> 
     </span>
    </p>
   </div>
   <div class='ocr_carea' id='block_1_55' title="bbox 346 4459 1852 4529">
    <p class='ocr_par' dir='ltr' id='par_1_55' title="bbox 346 4459 1852 4529">
     <span class='ocr_line' id='line_1_55' title="bbox 346 4459 1852 4529; baseline 0.002 -17"><span class='ocrx_word' id='word_1_389' title='bbox 346 4459 532 4526; x_wconf 78' lang='lat' dir='ltr'><strong>Neque</strong></span> <span class='ocrx_word' id='word_1_390' title='bbox 562 4472 739 4514; x_wconf 84' lang='lat' dir='ltr'><strong>tamen</strong></span> <span class='ocrx_word' id='word_1_391' title='bbox 777 4460 858 4512; x_wconf 83' lang='lat' dir='ltr'><strong>vel</strong></span> <span class='ocrx_word' id='word_1_392' title='bbox 906 4462 1005 4513; x_wconf 86' lang='lat' dir='ltr'><strong>alia</strong></span> <span class='ocrx_word' id='word_1_393' title='bbox 1051 4461 1359 4528; x_wconf 61' lang='lat' dir='ltr'><strong>quaerenda,</strong></span> <span class='ocrx_word' id='word_1_394' title='bbox 1392 4460 1474 4514; x_wconf 88' lang='lat' dir='ltr'><strong>vel</strong></span> <span class='ocrx_word' id='word_1_395' title='bbox 1507 4475 1591 4526; x_wconf 85' lang='lat' dir='ltr'><strong>ea,</strong></span> <span class='ocrx_word' id='word_1_396' title='bbox 1638 4476 1758 4529; x_wconf 76' lang='lat' dir='ltr'><strong>qum</strong></span> <span class='ocrx_word' id='word_1_397' title='bbox 1789 4463 1852 4515; x_wconf 89' lang='lat' dir='ltr'><strong>ad</strong></span> 
     </span>
    </p>
   </div>
   <div class='ocr_carea' id='block_1_56' title="bbox 277 4529 1932 4605">
    <p class='ocr_par' dir='ltr' id='par_1_56' title="bbox 277 4529 1932 4605">
     <span class='ocr_line' id='line_1_56' title="bbox 277 4529 1932 4605; baseline 0.004 -28"><span class='ocrx_word' id='word_1_398' title='bbox 277 4544 381 4605; x_wconf 73' lang='lat' dir='ltr'><strong>nos</strong></span> <span class='ocrx_word' id='word_1_399' title='bbox 415 4530 696 4605; x_wconf 76' lang='lat' dir='ltr'><strong>pervenit,</strong></span> <span class='ocrx_word' id='word_1_400' title='bbox 718 4530 902 4605; x_wconf 79' lang='lat' dir='ltr'><strong>mutila</strong></span> <span class='ocrx_word' id='word_1_401' title='bbox 944 4529 1111 4605; x_wconf 83' lang='lat' dir='ltr'><strong>videri</strong></span> <span class='ocrx_word' id='word_1_402' title='bbox 1156 4530 1335 4605; x_wconf 78' lang='lat' dir='ltr'><strong>debet.</strong></span> <span class='ocrx_word' id='word_1_403' title='bbox 1381 4531 1504 4583; x_wconf 65' lang='lat' dir='ltr'><strong>llzec</strong></span> <span class='ocrx_word' id='word_1_404' title='bbox 1527 4541 1704 4605; x_wconf 82' lang='lat' dir='ltr'><strong>autem</strong></span> <span class='ocrx_word' id='word_1_405' title='bbox 1736 4549 1856 4601; x_wconf 86' lang='lat' dir='ltr'><strong>pro-</strong></span> <span class='ocrx_word' id='word_1_406' title='bbox 1885 4547 1932 4605; x_wconf 86' lang='grc' dir='ltr'><strong>υ</strong></span> 
     </span>
    </p>
   </div>
   <div class='ocr_carea' id='block_1_57' title="bbox 274 4598 1844 4668">
    <p class='ocr_par' dir='ltr' id='par_1_57' title="bbox 274 4598 1844 4668">
     <span class='ocr_line' id='line_1_57' title="bbox 274 4598 1844 4668; baseline 0.001 -19"><span class='ocrx_word' id='word_1_407' title='bbox 274 4598 408 4661; x_wconf 74' lang='lat' dir='ltr'><strong>lixa,</strong></span> <span class='ocrx_word' id='word_1_408' title='bbox 452 4613 543 4652; x_wconf 90' lang='lat' dir='ltr'><strong>seu</strong></span> <span class='ocrx_word' id='word_1_409' title='bbox 590 4601 766 4665; x_wconf 70' lang='lat' dir='ltr'><strong>ponus</strong></span> <span class='ocrx_word' id='word_1_410' title='bbox 801 4600 955 4668; x_wconf 89' lang='lat' dir='ltr'><strong>longa</strong></span> <span class='ocrx_word' id='word_1_411' title='bbox 995 4602 1117 4654; x_wconf 85' lang='lat' dir='ltr'><strong>ideo</strong></span> <span class='ocrx_word' id='word_1_412' title='bbox 1157 4599 1379 4655; x_wconf 83' lang='lat' dir='ltr'><strong>forsitan</strong></span> <span class='ocrx_word' id='word_1_413' title='bbox 1436 4602 1696 4667; x_wconf 84' lang='lat' dir='ltr'><strong>appellata</strong></span> <span class='ocrx_word' id='word_1_414' title='bbox 1736 4598 1844 4666; x_wconf 72' lang='lat' dir='ltr'><strong>esr,</strong></span> 
     </span>
    </p>
   </div>
   <div class='ocr_carea' id='block_1_58' title="bbox 275 4669 1844 4738">
    <p class='ocr_par' dir='ltr' id='par_1_58' title="bbox 275 4669 1844 4738">
     <span class='ocr_line' id='line_1_58' title="bbox 275 4669 1844 4738; baseline 0.004 -18"><span class='ocrx_word' id='word_1_415' title='bbox 275 4670 400 4737; x_wconf 82' lang='lat' dir='ltr'><strong>quia</strong></span> <span class='ocrx_word' id='word_1_416' title='bbox 445 4684 783 4738; x_wconf 83' lang='lat' dir='ltr'><strong>nequaquam</strong></span> <span class='ocrx_word' id='word_1_417' title='bbox 813 4670 881 4724; x_wconf 83' lang='lat' dir='ltr'><strong>de</strong></span> <span class='ocrx_word' id='word_1_418' title='bbox 929 4669 1024 4723; x_wconf 85' lang='lat' dir='ltr'><strong>illo</strong></span> <span class='ocrx_word' id='word_1_419' title='bbox 1053 4680 1133 4725; x_wconf 88' lang='lat' dir='ltr'><strong>est</strong></span> <span class='ocrx_word' id='word_1_420' title='bbox 1166 4670 1471 4724; x_wconf 78' lang='lat' dir='ltr'><strong>breviorem</strong></span> <span class='ocrx_word' id='word_1_421' title='bbox 1502 4670 1844 4738; x_wconf 79' lang='lat' dir='ltr'><strong>epistularum</strong></span> 
     </span>
    </p>
   </div>
   <div class='ocr_carea' id='block_1_59' title="bbox 349 4845 1296 4909">
    <p class='ocr_par' dir='ltr' id='par_1_59' title="bbox 349 4845 1296 4909">
     <span class='ocr_line' id='line_1_59' title="bbox 349 4845 1296 4909; baseline 0 -10"><span class='ocrx_word' id='word_1_422' title='bbox 349 4857 373 4883; x_wconf 79' lang='grc'><em>⁸</em></span> <span class='ocrx_word' id='word_1_423' title='bbox 399 4846 535 4899; x_wconf 78' lang='lat' dir='ltr'><strong>Vide</strong></span> <span class='ocrx_word' id='word_1_424' title='bbox 566 4845 747 4901; x_wconf 87' lang='lat' dir='ltr'><strong>Gelas.</strong></span> <span class='ocrx_word' id='word_1_425' title='bbox 780 4846 939 4909; x_wconf 80' lang='lat' dir='ltr'><strong>epist.</strong></span> <span class='ocrx_word' id='word_1_426' title='bbox 971 4846 1009 4899; x_wconf 74' lang='grc'><strong>2</strong></span> <span class='ocrx_word' id='word_1_427' title='bbox 1030 4862 1179 4901; x_wconf 85' lang='lat' dir='ltr'><strong>num.</strong></span> <span class='ocrx_word' id='word_1_428' title='bbox 1210 4847 1296 4901; x_wconf 80' lang='grc'><strong>15.</strong></span> 
     </span>
    </p>
   </div>
   <div class='ocr_carea' id='block_1_60' title="bbox 348 4915 1855 4981">
    <p class='ocr_par' dir='ltr' id='par_1_60' title="bbox 348 4915 1855 4981">
     <span class='ocr_line' id='line_1_60' title="bbox 348 4915 1855 4981; baseline 0.001 -10"><span class='ocrx_word' id='word_1_429' title='bbox 348 4915 523 4971; x_wconf 76' lang='lat' dir='ltr'><strong>bJulii</strong></span> <span class='ocrx_word' id='word_1_430' title='bbox 552 4918 626 4968; x_wconf 75' lang='lat'><strong>20</strong></span> <span class='ocrx_word' id='word_1_431' title='bbox 654 4932 742 4968; x_wconf 88' lang='lat' dir='ltr'><strong>an.</strong></span> <span class='ocrx_word' id='word_1_432' title='bbox 774 4916 898 4970; x_wconf 70' lang='grc'><strong>429.</strong></span> <span class='ocrx_word' id='word_1_433' title='bbox 935 4916 991 4969; x_wconf 74' lang='lat' dir='ltr'><strong>In</strong></span> <span class='ocrx_word' id='word_1_434' title='bbox 1025 4931 1130 4969; x_wconf 91' lang='lat' dir='ltr'><strong>uno</strong></span> <span class='ocrx_word' id='word_1_435' title='bbox 1162 4932 1191 4969; x_wconf 89' lang='lat' dir='ltr'><strong>e</strong></span> <span class='ocrx_word' id='word_1_436' title='bbox 1230 4933 1357 4970; x_wconf 87' lang='lat' dir='ltr'><strong>mss.</strong></span> <span class='ocrx_word' id='word_1_437' title='bbox 1392 4916 1569 4981; x_wconf 87' lang='lat' dir='ltr'><strong>Colh.,</strong></span> <span class='ocrx_word' id='word_1_438' title='bbox 1610 4916 1741 4970; x_wconf 87' lang='lat' dir='ltr'><strong>Data</strong></span> <span class='ocrx_word' id='word_1_439' title='bbox 1766 4935 1855 4972; x_wconf 80' lang='lat' dir='ltr'><strong>xm</strong></span> 
     </span>
    </p>
   </div>
   <div class='ocr_carea' id='block_1_61' title="bbox 276 4986 1856 5057">
    <p class='ocr_par' dir='ltr' id='par_1_61' title="bbox 276 4986 1856 5057">
     <span class='ocr_line' id='line_1_61' title="bbox 276 4986 1856 5057; baseline 0.003 -18"><span class='ocrx_word' id='word_1_440' title='bbox 276 4988 384 5040; x_wconf 77' lang='grc' dir='ltr'>ιαι,</span> <span class='ocrx_word' id='word_1_441' title='bbox 410 4989 585 5057; x_wconf 82' lang='lat' dir='ltr'><strong>Aug.;</strong></span> <span class='ocrx_word' id='word_1_442' title='bbox 620 4988 669 5038; x_wconf 91' lang='lat' dir='ltr'><strong>in</strong></span> <span class='ocrx_word' id='word_1_443' title='bbox 694 4987 863 5041; x_wconf 87' lang='lat' dir='ltr'><strong>altero</strong></span> <span class='ocrx_word' id='word_1_444' title='bbox 893 4986 1031 5040; x_wconf 79' lang='lat' dir='ltr'><strong>utin</strong></span> <span class='ocrx_word' id='word_1_445' title='bbox 1062 4986 1395 5057; x_wconf 46' lang='grc' dir='ltr'><strong>(λιιι-ουκ</strong></span> <span class='ocrx_word' id='word_1_446' title='bbox 1422 4987 1527 5039; x_wconf 85' lang='lat' dir='ltr'><strong>Ital.</strong></span> <span class='ocrx_word' id='word_1_447' title='bbox 1564 4989 1695 5051; x_wconf 85' lang='lat' dir='ltr'><strong>Auq.</strong></span> <span class='ocrx_word' id='word_1_448' title='bbox 1720 4989 1856 5043; x_wconf 84' lang='lat' dir='ltr'><strong>Tum</strong></span> 
     </span>
    </p>
   </div>
   <div class='ocr_carea' id='block_1_62' title="bbox 277 5053 1856 5123">
    <p class='ocr_par' dir='ltr' id='par_1_62' title="bbox 277 5053 1856 5123">
     <span class='ocr_line' id='line_1_62' title="bbox 277 5053 1856 5123; baseline 0.003 -16"><span class='ocrx_word' id='word_1_449' title='bbox 277 5060 417 5109; x_wconf 61' lang='lat' dir='ltr'><strong>alitis</strong></span> <span class='ocrx_word' id='word_1_450' title='bbox 451 5053 577 5109; x_wconf 76' lang='lat' dir='ltr'><strong>item</strong></span> <span class='ocrx_word' id='word_1_451' title='bbox 610 5057 769 5109; x_wconf 80' lang='lat' dir='ltr'><strong>Cori).</strong></span> <span class='ocrx_word' id='word_1_452' title='bbox 806 5057 1006 5117; x_wconf 81' lang='lat' dir='ltr'><strong>subdit,</strong></span> <span class='ocrx_word' id='word_1_453' title='bbox 1036 5057 1094 5123; x_wconf 72' lang='grc' dir='ltr'><strong>θ’.</strong></span> <span class='ocrx_word' id='word_1_454' title='bbox 1122 5057 1201 5108; x_wconf 86' lang='lat' dir='ltr'><strong>illi</strong></span> <span class='ocrx_word' id='word_1_455' title='bbox 1224 5053 1518 5117; x_wconf 79' lang='lat' dir='ltr'><strong>Forentini,</strong></span> <span class='ocrx_word' id='word_1_456' title='bbox 1546 5066 1598 5109; x_wconf 90' lang='lat' dir='ltr'><strong>et</strong></span> <span class='ocrx_word' id='word_1_457' title='bbox 1629 5057 1771 5111; x_wconf 82' lang='lat' dir='ltr'><strong>Pitlt.</strong></span> <span class='ocrx_word' id='word_1_458' title='bbox 1794 5057 1856 5123; x_wconf 80' lang='grc' dir='ltr'><strong>ΙῙ.</strong></span> 
     </span>
    </p>
   </div>
   <div class='ocr_carea' id='block_1_63' title="bbox 278 5123 1858 5197">
    <p class='ocr_par' dir='ltr' id='par_1_63' title="bbox 278 5123 1858 5197">
     <span class='ocr_line' id='line_1_63' title="bbox 278 5123 1858 5197; baseline 0.001 -19"><span class='ocrx_word' id='word_1_459' title='bbox 278 5128 338 5181; x_wconf 89' lang='lat' dir='ltr'><strong>ll.</strong></span> <span class='ocrx_word' id='word_1_460' title='bbox 386 5123 659 5178; x_wconf 80' lang='lat' dir='ltr'><strong>Florensio</strong></span> <span class='ocrx_word' id='word_1_461' title='bbox 701 5135 745 5177; x_wconf 75' lang='lat' dir='ltr'><strong>rt</strong></span> <span class='ocrx_word' id='word_1_462' title='bbox 778 5125 1047 5197; x_wconf 42' lang='lat' dir='ltr'><strong>Dionysio.</strong></span> <span class='ocrx_word' id='word_1_463' title='bbox 1090 5129 1242 5181; x_wconf 83' lang='lat' dir='ltr'><strong>Sicut</strong></span> <span class='ocrx_word' id='word_1_464' title='bbox 1281 5142 1375 5194; x_wconf 90' lang='lat' dir='ltr'><strong>pro</strong></span> <span class='ocrx_word' id='word_1_465' title='bbox 1407 5137 1623 5197; x_wconf 85' lang='lat' dir='ltr'><strong>augusto</strong></span> <span class='ocrx_word' id='word_1_466' title='bbox 1665 5128 1858 5181; x_wconf 87' lang='lat' dir='ltr'><strong>notarii</strong></span> 
     </span>
    </p>
   </div>
   <div class='ocr_carea' id='block_1_64' title="bbox 275 5197 1857 5267">
    <p class='ocr_par' dir='ltr' id='par_1_64' title="bbox 275 5197 1857 5267">
     <span class='ocr_line' id='line_1_64' title="bbox 275 5197 1857 5267; baseline 0.023 -45"><span class='ocrx_word' id='word_1_467' title='bbox 275 5197 524 5267; x_wconf 49' lang='lat' dir='ltr'><strong>mrigera</strong></span> <span class='ocrx_word' id='word_1_468' title='bbox 552 5197 727 5267; x_wconf 67' lang='grc' dir='ltr'>εοιυιιι</span> <span class='ocrx_word' id='word_1_469' title='bbox 765 5212 887 5265; x_wconf 75' lang='lat' dir='ltr'><strong>aug.</strong></span> <span class='ocrx_word' id='word_1_470' title='bbox 935 5208 981 5249; x_wconf 88' lang='lat' dir='ltr'><strong>et</strong></span> <span class='ocrx_word' id='word_1_471' title='bbox 1010 5212 1163 5267; x_wconf 72' lang='lat' dir='ltr'><strong>augg.</strong></span> <span class='ocrx_word' id='word_1_472' title='bbox 1198 5198 1462 5263; x_wconf 84' lang='lat' dir='ltr'><strong>geminata</strong></span> <span class='ocrx_word' id='word_1_473' title='bbox 1492 5198 1672 5250; x_wconf 87' lang='lat' dir='ltr'><strong>littera</strong></span> <span class='ocrx_word' id='word_1_474' title='bbox 1702 5212 1857 5267; x_wconf 71' lang='lat' dir='ltr'><strong>gpro</strong></span> 
     </span>
    </p>
   </div>
   <div class='ocr_carea' id='block_1_65' title="bbox 276 5265 1854 5335">
    <p class='ocr_par' dir='ltr' id='par_1_65' title="bbox 276 5265 1854 5335">
     <span class='ocr_line' id='line_1_65' title="bbox 276 5265 1854 5335; baseline 0.001 -18"><span class='ocrx_word' id='word_1_475' title='bbox 276 5266 550 5335; x_wconf 66' lang='lat' dir='ltr'><strong>angustis;</strong></span> <span class='ocrx_word' id='word_1_476' title='bbox 599 5266 668 5317; x_wconf 88' lang='lat' dir='ltr'><strong>ita</strong></span> <span class='ocrx_word' id='word_1_477' title='bbox 720 5280 837 5317; x_wconf 91' lang='lat' dir='ltr'><strong>cum</strong></span> <span class='ocrx_word' id='word_1_478' title='bbox 886 5281 981 5333; x_wconf 89' lang='lat' dir='ltr'><strong>pro</strong></span> <span class='ocrx_word' id='word_1_479' title='bbox 1022 5265 1209 5335; x_wconf 44' lang='lat' dir='ltr'><strong>fluvio</strong></span> <span class='ocrx_word' id='word_1_480' title='bbox 1244 5269 1460 5334; x_wconf 80' lang='lat' dir='ltr'><strong>pingere</strong></span> <span class='ocrx_word' id='word_1_481' title='bbox 1490 5265 1854 5333; x_wconf 56' lang='lat' dir='ltr'><strong>soleant&#39;lv&#39;l.,</strong></span> 
     </span>
    </p>
   </div>
   <div class='ocr_carea' id='block_1_66' title="bbox 280 5332 1860 5405">
    <p class='ocr_par' dir='ltr' id='par_1_66' title="bbox 280 5332 1860 5405">
     <span class='ocr_line' id='line_1_66' title="bbox 280 5332 1860 5405; baseline 0.004 -20"><span class='ocrx_word' id='word_1_482' title='bbox 280 5332 382 5401; x_wconf 80' lang='lat' dir='ltr'><strong>pro</strong></span> <span class='ocrx_word' id='word_1_483' title='bbox 416 5334 635 5405; x_wconf 68' lang='lat' dir='ltr'><strong>Flavii:</strong></span> <span class='ocrx_word' id='word_1_484' title='bbox 688 5332 973 5405; x_wconf 80' lang='lat' dir='ltr'><strong>pinxerunt</strong></span> <span class='ocrx_word' id='word_1_485' title='bbox 1006 5332 1180 5389; x_wconf 87' lang='lat' dir='ltr'><strong>FFll.</strong></span> <span class='ocrx_word' id='word_1_486' title='bbox 1230 5332 1489 5401; x_wconf 37' lang='lat' dir='ltr'><strong>Quo—circa</strong></span> <span class='ocrx_word' id='word_1_487' title='bbox 1539 5352 1643 5405; x_wconf 90' lang='lat' dir='ltr'><strong>non</strong></span> <span class='ocrx_word' id='word_1_488' title='bbox 1688 5337 1860 5405; x_wconf 85' lang='lat' dir='ltr'><strong>placet</strong></span> 
     </span>
    </p>
   </div>
   <div class='ocr_carea' id='block_1_67' title="bbox 277 5404 1863 5472">
    <p class='ocr_par' dir='ltr' id='par_1_67' title="bbox 277 5404 1863 5472">
     <span class='ocr_line' id='line_1_67' title="bbox 277 5404 1863 5472; baseline 0.006 -20"><span class='ocrx_word' id='word_1_489' title='bbox 277 5404 426 5472; x_wconf 79' lang='lat' dir='ltr'><strong>quod</strong></span> <span class='ocrx_word' id='word_1_490' title='bbox 460 5416 612 5457; x_wconf 76' lang='lat' dir='ltr'><strong>vetus</strong></span> <span class='ocrx_word' id='word_1_491' title='bbox 659 5404 933 5470; x_wconf 76' lang='lat' dir='ltr'><strong>exemplar</strong></span> <span class='ocrx_word' id='word_1_492' title='bbox 973 5405 1095 5457; x_wconf 89' lang='lat' dir='ltr'><strong>cod.</strong></span> <span class='ocrx_word' id='word_1_493' title='bbox 1146 5406 1349 5472; x_wconf 86' lang='lat' dir='ltr'><strong>Quesu.</strong></span> <span class='ocrx_word' id='word_1_494' title='bbox 1383 5406 1564 5471; x_wconf 86' lang='lat' dir='ltr'><strong>habet,</strong></span> <span class='ocrx_word' id='word_1_495' title='bbox 1597 5404 1783 5460; x_wconf 84' lang='lat' dir='ltr'><strong>Flavio</strong></span> <span class='ocrx_word' id='word_1_496' title='bbox 1815 5417 1863 5461; x_wconf 87' lang='lat' dir='ltr'><strong>et</strong></span> 
     </span>
    </p>
   </div>
   <div class='ocr_carea' id='block_1_68' title="bbox 279 5471 1861 5543">
    <p class='ocr_par' dir='ltr' id='par_1_68' title="bbox 279 5471 1861 5543">
     <span class='ocr_line' id='line_1_68' title="bbox 279 5471 1861 5543; baseline 0.004 -19"><span class='ocrx_word' id='word_1_497' title='bbox 279 5471 591 5543; x_wconf 59' lang='lat' dir='ltr'><strong>Florentino</strong></span> <span class='ocrx_word' id='word_1_498' title='bbox 641 5484 686 5527; x_wconf 79' lang='lat' dir='ltr'><strong>et</strong></span> <span class='ocrx_word' id='word_1_499' title='bbox 738 5474 1022 5543; x_wconf 58' lang='lat' dir='ltr'><strong>Dionysio;</strong></span> <span class='ocrx_word' id='word_1_500' title='bbox 1070 5471 1543 5541; x_wconf 18' lang='lat' dir='ltr'><strong>sed’pratleritnus</strong></span> <span class='ocrx_word' id='word_1_501' title='bbox 1583 5492 1702 5529; x_wconf 90' lang='lat' dir='ltr'><strong>cum</strong></span> <span class='ocrx_word' id='word_1_502' title='bbox 1752 5492 1861 5531; x_wconf 92' lang='lat' dir='ltr'><strong>uno</strong></span> 
     </span>
    </p>
   </div>
   <div class='ocr_carea' id='block_1_69' title="bbox 276 5541 1862 5614">
    <p class='ocr_par' dir='ltr' id='par_1_69' title="bbox 276 5541 1862 5614">
     <span class='ocr_line' id='line_1_69' title="bbox 276 5541 1862 5614; baseline 0.003 -18"><span class='ocrx_word' id='word_1_503' title='bbox 276 5542 439 5614; x_wconf 64' lang='lat' dir='ltr'><strong>Colit.</strong></span> <span class='ocrx_word' id='word_1_504' title='bbox 472 5552 527 5595; x_wconf 89' lang='lat' dir='ltr'><strong>et</strong></span> <span class='ocrx_word' id='word_1_505' title='bbox 555 5544 743 5607; x_wconf 79' lang='lat' dir='ltr'><strong>Corb.,</strong></span> <span class='ocrx_word' id='word_1_506' title='bbox 778 5541 992 5614; x_wconf 15' lang='lat' dir='ltr'><strong>Fla‘viisi</strong></span> <span class='ocrx_word' id='word_1_507' title='bbox 1016 5543 1319 5598; x_wconf 82' lang='lat' dir='ltr'><strong>Florentino</strong></span> <span class='ocrx_word' id='word_1_508' title='bbox 1352 5553 1395 5598; x_wconf 87' lang='lat' dir='ltr'><strong>et</strong></span> <span class='ocrx_word' id='word_1_509' title='bbox 1428 5544 1697 5614; x_wconf 84' lang='lat' dir='ltr'><strong>Dionysio.</strong></span> <span class='ocrx_word' id='word_1_510' title='bbox 1726 5548 1862 5601; x_wconf 86' lang='lat' dir='ltr'><strong>Aliis</strong></span> 
     </span>
    </p>
   </div>
   <div class='ocr_carea' id='block_1_70' title="bbox 278 5612 1859 5684">
    <p class='ocr_par' dir='ltr' id='par_1_70' title="bbox 278 5612 1859 5684">
     <span class='ocr_line' id='line_1_70' title="bbox 278 5612 1859 5684; baseline 0.003 -19"><span class='ocrx_word' id='word_1_511' title='bbox 278 5614 336 5665; x_wconf 87' lang='lat' dir='ltr'><strong>in</strong></span> <span class='ocrx_word' id='word_1_512' title='bbox 373 5612 525 5684; x_wconf 84' lang='lat' dir='ltr'><strong>libris</strong></span> <span class='ocrx_word' id='word_1_513' title='bbox 565 5614 901 5668; x_wconf 87' lang='lat' dir='ltr'><strong>desideratur</strong></span> <span class='ocrx_word' id='word_1_514' title='bbox 951 5613 1165 5668; x_wconf 77' lang='lat' dir='ltr'><strong>Flaviis.</strong></span> <span class='ocrx_word' id='word_1_515' title='bbox 1198 5615 1483 5684; x_wconf 79' lang='lat' dir='ltr'><strong>Dionysius</strong></span> <span class='ocrx_word' id='word_1_516' title='bbox 1522 5612 1651 5670; x_wconf 83' lang='lat' dir='ltr'><strong>vero</strong></span> <span class='ocrx_word' id='word_1_517' title='bbox 1696 5625 1859 5670; x_wconf 87' lang='lat' dir='ltr'><strong>totam</strong></span> 
     </span>
    </p>
   </div>
   <div class='ocr_carea' id='block_1_71' title="bbox 278 5682 1861 5746">
    <p class='ocr_par' dir='ltr' id='par_1_71' title="bbox 278 5682 1861 5746">
     <span class='ocr_line' id='line_1_71' title="bbox 278 5682 1861 5746; baseline 0.007 -15"><span class='ocrx_word' id='word_1_518' title='bbox 278 5682 471 5735; x_wconf 81' lang='lat' dir='ltr'><strong>omisit</strong></span> <span class='ocrx_word' id='word_1_519' title='bbox 504 5683 813 5736; x_wconf 85' lang='lat' dir='ltr'><strong>cbrouieam</strong></span> <span class='ocrx_word' id='word_1_520' title='bbox 849 5692 1051 5746; x_wconf 89' lang='lat' dir='ltr'><strong>notam,</strong></span> <span class='ocrx_word' id='word_1_521' title='bbox 1083 5685 1138 5737; x_wconf 84' lang='lat' dir='ltr'><strong>in</strong></span> <span class='ocrx_word' id='word_1_522' title='bbox 1174 5686 1296 5737; x_wconf 87' lang='lat' dir='ltr'><strong>eod.</strong></span> <span class='ocrx_word' id='word_1_523' title='bbox 1328 5682 1427 5738; x_wconf 82' lang='lat' dir='ltr'><strong>Th.</strong></span> <span class='ocrx_word' id='word_1_524' title='bbox 1461 5685 1552 5741; x_wconf 87' lang='lat' dir='ltr'><strong>lib.</strong></span> <span class='ocrx_word' id='word_1_525' title='bbox 1603 5701 1688 5741; x_wconf 81' lang='lat' dir='ltr'><strong>xvi</strong></span> <span class='ocrx_word' id='word_1_526' title='bbox 1721 5690 1800 5742; x_wconf 91' lang='lat' dir='ltr'><strong>tit.</strong></span> <span class='ocrx_word' id='word_1_527' title='bbox 1830 5688 1861 5742; x_wconf 90' lang='lat'>8</span> 
     </span>
    </p>
   </div>
   <div class='ocr_carea' id='block_1_72' title="bbox 279 5752 1418 5825">
    <p class='ocr_par' dir='ltr' id='par_1_72' title="bbox 279 5752 1418 5825">
     <span class='ocr_line' id='line_1_72' title="bbox 279 5752 1418 5825; baseline -0.002 -15"><span class='ocrx_word' id='word_1_528' title='bbox 279 5753 371 5810; x_wconf 80' lang='lat' dir='ltr'><strong>lex</strong></span> <span class='ocrx_word' id='word_1_529' title='bbox 407 5752 479 5807; x_wconf 69' lang='lat'><strong>‘29</strong></span> <span class='ocrx_word' id='word_1_530' title='bbox 503 5753 691 5809; x_wconf 86' lang='lat' dir='ltr'><strong>iisdem</strong></span> <span class='ocrx_word' id='word_1_531' title='bbox 718 5754 1028 5815; x_wconf 77' lang='lat' dir='ltr'><strong>consulibus</strong></span> <span class='ocrx_word' id='word_1_532' title='bbox 1054 5756 1418 5825; x_wconf 86' lang='lat' dir='ltr'><strong>consignatur.</strong></span> 
     </span>
    </p>
   </div>
   <div class='ocr_carea' id='block_1_73' title="bbox 1946 502 3521 577">
    <p class='ocr_par' dir='ltr' id='par_1_73' title="bbox 1946 502 3521 577">
     <span class='ocr_line' id='line_1_73' title="bbox 1946 502 3521 577; baseline -0.005 -16"><span class='ocrx_word' id='word_1_533' title='bbox 1946 502 2065 561; x_wconf 81' lang='lat' dir='ltr'><strong>illos</strong></span> <span class='ocrx_word' id='word_1_534' title='bbox 2093 502 2273 574; x_wconf 84' lang='lat' dir='ltr'><strong>paucis</strong></span> <span class='ocrx_word' id='word_1_535' title='bbox 2306 502 2537 577; x_wconf 67' lang='lat' dir='ltr'><strong>retegit;</strong></span> <span class='ocrx_word' id='word_1_536' title='bbox 2586 522 2705 560; x_wconf 90' lang='lat' dir='ltr'><strong>cum</strong></span> <span class='ocrx_word' id='word_1_537' title='bbox 2733 504 3019 577; x_wconf 15' lang='lat' dir='ltr'><strong>iNestorius</strong></span> <span class='ocrx_word' id='word_1_538' title='bbox 3065 503 3392 577; x_wconf 74' lang='lat' dir='ltr'><strong>in_epistola</strong></span> <span class='ocrx_word' id='word_1_539' title='bbox 3425 502 3521 554; x_wconf 58' lang='lat' dir='ltr'><strong>illa»</strong></span> 
     </span>
    </p>
   </div>
   <div class='ocr_carea' id='block_1_74' title="bbox 1945 573 3565 644">
    <p class='ocr_par' dir='ltr' id='par_1_74' title="bbox 1945 573 3565 644">
     <span class='ocr_line' id='line_1_74' title="bbox 1945 573 3565 644; baseline -0.004 -14"><span class='ocrx_word' id='word_1_540' title='bbox 1945 573 2189 632; x_wconf 65' lang='lat' dir='ltr'><strong>haeresim</strong></span> <span class='ocrx_word' id='word_1_541' title='bbox 2235 595 2381 632; x_wconf 87' lang='lat' dir='ltr'><strong>suam</strong></span> <span class='ocrx_word' id='word_1_542' title='bbox 2428 573 2558 631; x_wconf 74' lang='lat' dir='ltr'><strong>satis</strong></span> <span class='ocrx_word' id='word_1_543' title='bbox 2605 576 2782 644; x_wconf 88' lang='lat' dir='ltr'><strong>ample</strong></span> <span class='ocrx_word' id='word_1_544' title='bbox 2823 583 2982 643; x_wconf 90' lang='lat' dir='ltr'><strong>atque</strong></span> <span class='ocrx_word' id='word_1_545' title='bbox 3030 574 3248 643; x_wconf 86' lang='lat' dir='ltr'><strong>c0pio-e</strong></span> <span class='ocrx_word' id='word_1_546' title='bbox 3286 585 3514 644; x_wconf 77' lang='lat' dir='ltr'><strong>asserat,</strong></span> <span class='ocrx_word' id='word_1_547' title='bbox 3553 573 3565 634; x_wconf 88' lang='lat'><strong>&#39;_</strong></span> 
     </span>
    </p>
   </div>
   <div class='ocr_carea' id='block_1_75' title="bbox 1943 643 3439 716">
    <p class='ocr_par' dir='ltr' id='par_1_75' title="bbox 1943 643 3439 716">
     <span class='ocr_line' id='line_1_75' title="bbox 1943 643 3439 716; baseline -0.003 -16"><span class='ocrx_word' id='word_1_548' title='bbox 1943 648 2080 701; x_wconf 88' lang='lat' dir='ltr'><strong>adeo</strong></span> <span class='ocrx_word' id='word_1_549' title='bbox 2111 659 2167 701; x_wconf 90' lang='lat' dir='ltr'><strong>ut</strong></span> <span class='ocrx_word' id='word_1_550' title='bbox 2190 649 2355 702; x_wconf 73' lang='lat' dir='ltr'><strong>latere</strong></span> <span class='ocrx_word' id='word_1_551' title='bbox 2387 657 2478 700; x_wconf 90' lang='lat' dir='ltr'><strong>attt</strong></span> <span class='ocrx_word' id='word_1_552' title='bbox 2505 643 2753 716; x_wconf 79' lang='lat' dir='ltr'><strong>ambigua</strong></span> <span class='ocrx_word' id='word_1_553' title='bbox 2781 645 2952 716; x_wconf 82' lang='lat' dir='ltr'><strong>videri</strong></span> <span class='ocrx_word' id='word_1_554' title='bbox 2978 646 3083 716; x_wconf 83' lang='lat' dir='ltr'><strong>jam</strong></span> <span class='ocrx_word' id='word_1_555' title='bbox 3120 662 3221 716; x_wconf 66' lang='lat' dir='ltr'><strong>non</strong></span> <span class='ocrx_word' id='word_1_556' title='bbox 3251 643 3439 716; x_wconf 69' lang='lat' dir='ltr'><strong>possit.</strong></span> 
     </span>
    </p>
   </div>
   <div class='ocr_carea' id='block_1_76' title="bbox 2015 713 3517 785">
    <p class='ocr_par' dir='ltr' id='par_1_76' title="bbox 2015 713 3517 785">
     <span class='ocr_line' id='line_1_76' title="bbox 2015 713 3517 785; baseline -0.006 -13"><span class='ocrx_word' id='word_1_557' title='bbox 2015 720 2066 772; x_wconf 74' lang='lat'><strong>3.</strong></span> <span class='ocrx_word' id='word_1_558' title='bbox 2096 720 2149 771; x_wconf 91' lang='lat' dir='ltr'><strong>In</strong></span> <span class='ocrx_word' id='word_1_559' title='bbox 2184 728 2465 785; x_wconf 86' lang='lat' dir='ltr'><strong>utramque</strong></span> <span class='ocrx_word' id='word_1_560' title='bbox 2488 716 2631 770; x_wconf 83' lang='lat' dir='ltr'><strong>Cadit</strong></span> <span class='ocrx_word' id='word_1_561' title='bbox 2656 713 2757 771; x_wconf 83' lang='lat' dir='ltr'><strong>ista</strong></span> <span class='ocrx_word' id='word_1_562' title='bbox 2783 715 3019 768; x_wconf 74' lang='lat' dir='ltr'><strong>Cassiani</strong></span> <span class='ocrx_word' id='word_1_563' title='bbox 3052 714 3119 767; x_wconf 85' lang='lat' dir='ltr'><strong>de</strong></span> <span class='ocrx_word' id='word_1_564' title='bbox 3148 713 3517 785; x_wconf 80' lang='lat' dir='ltr'><strong>Nestoriocit-</strong></span> 
     </span>
    </p>
   </div>
   <div class='ocr_carea' id='block_1_77' title="bbox 1944 784 3513 859">
    <p class='ocr_par' dir='ltr' id='par_1_77' title="bbox 1944 784 3513 859">
     <span class='ocr_line' id='line_1_77' title="bbox 1944 784 3513 859; baseline -0.004 -20"><span class='ocrx_word' id='word_1_565' title='bbox 1944 789 2234 859; x_wconf 78' lang='lat' dir='ltr'><strong>postulatio</strong></span> <span class='ocrx_word' id='word_1_566' title='bbox 2268 784 2405 859; x_wconf 78' lang='lat' dir='ltr'><strong>(Lib.</strong></span> <span class='ocrx_word' id='word_1_567' title='bbox 2430 803 2445 840; x_wconf 90' lang='grc' dir='ltr'><strong>ι</strong></span> <span class='ocrx_word' id='word_1_568' title='bbox 2478 788 2539 842; x_wconf 86' lang='lat' dir='ltr'><strong>de</strong></span> <span class='ocrx_word' id='word_1_569' title='bbox 2569 785 2687 840; x_wconf 84' lang='lat' dir='ltr'><strong>Inc.</strong></span> <span class='ocrx_word' id='word_1_570' title='bbox 2718 786 3045 859; x_wconf 33' lang='lat' dir='ltr'><strong>c._5),‘quod</strong></span> <span class='ocrx_word' id='word_1_571' title='bbox 3069 784 3513 859; x_wconf 80' lang='lat' dir='ltr'><strong>interces.~ionibus</strong></span> 
     </span>
    </p>
   </div>
   <div class='ocr_carea' id='block_1_78' title="bbox 1942 854 3514 927">
    <p class='ocr_par' dir='ltr' id='par_1_78' title="bbox 1942 854 3514 927">
     <span class='ocr_line' id='line_1_78' title="bbox 1942 854 3514 927; baseline -0.003 -18"><span class='ocrx_word' id='word_1_572' title='bbox 1942 854 2049 910; x_wconf 61' lang='lat' dir='ltr'><strong>Suis</strong></span> <span class='ocrx_word' id='word_1_573' title='bbox 2092 854 2559 927; x_wconf 82' lang='lat' dir='ltr'><strong>Pelagianistarum</strong></span> <span class='ocrx_word' id='word_1_574' title='bbox 2607 857 2836 927; x_wconf 74' lang='lat' dir='ltr'><strong>querelas</strong></span> <span class='ocrx_word' id='word_1_575' title='bbox 2880 854 3042 927; x_wconf 65' lang='lat' dir='ltr'><strong>favet,</strong></span> <span class='ocrx_word' id='word_1_576' title='bbox 3084 864 3130 927; x_wconf 77' lang='lat' dir='ltr'><strong>et</strong></span> <span class='ocrx_word' id='word_1_577' title='bbox 3167 857 3367 927; x_wconf 76' lang='lat' dir='ltr'><strong>scriptis</strong></span> <span class='ocrx_word' id='word_1_578' title='bbox 3408 855 3514 905; x_wconf 83' lang='lat' dir='ltr'><strong>suis</strong></span> 
     </span>
    </p>
   </div>
   <div class='ocr_carea' id='block_1_79' title="bbox 1942 924 3511 997">
    <p class='ocr_par' dir='ltr' id='par_1_79' title="bbox 1942 924 3511 997">
     <span class='ocr_line' id='line_1_79' title="bbox 1942 924 3511 997; baseline -0.003 -17"><span class='ocrx_word' id='word_1_579' title='bbox 1942 944 2122 980; x_wconf 80' lang='lat' dir='ltr'><strong>causas</strong></span> <span class='ocrx_word' id='word_1_580' title='bbox 2170 924 2381 981; x_wconf 79' lang='lat' dir='ltr'><strong>illorum</strong></span> <span class='ocrx_word' id='word_1_581' title='bbox 2411 929 2646 997; x_wconf 86' lang='lat' dir='ltr'><strong>adjuvat.</strong></span> <span class='ocrx_word' id='word_1_582' title='bbox 2681 926 2831 982; x_wconf 89' lang='lat' dir='ltr'><strong>Unde</strong></span> <span class='ocrx_word' id='word_1_583' title='bbox 2880 924 2985 997; x_wconf 84' lang='lat' dir='ltr'><strong>non</strong></span> <span class='ocrx_word' id='word_1_584' title='bbox 3030 924 3164 997; x_wconf 69' lang='lat' dir='ltr'><strong>levis</strong></span> <span class='ocrx_word' id='word_1_585' title='bbox 3206 924 3511 997; x_wconf 63' lang='lat' dir='ltr'><strong>(Ottjt‘cllll‘a</strong></span> 
     </span>
    </p>
   </div>
   <div class='ocr_carea' id='block_1_80' title="bbox 1944 992 3509 1067">
    <p class='ocr_par' dir='ltr' id='par_1_80' title="bbox 1944 992 3509 1067">
     <span class='ocr_line' id='line_1_80' title="bbox 1944 992 3509 1067; baseline -0.004 -16"><span class='ocrx_word' id='word_1_586' title='bbox 1944 1000 2178 1065; x_wconf 86' lang='lat' dir='ltr'><strong>capitur,</strong></span> <span class='ocrx_word' id='word_1_587' title='bbox 2210 1000 2401 1052; x_wconf 86' lang='lat' dir='ltr'><strong>saltem</strong></span> <span class='ocrx_word' id='word_1_588' title='bbox 2441 992 2675 1067; x_wconf 75' lang='lat' dir='ltr'><strong>priorem</strong></span> <span class='ocrx_word' id='word_1_589' title='bbox 2722 1012 2863 1050; x_wconf 90' lang='lat' dir='ltr'><strong>anno</strong></span> <span class='ocrx_word' id='word_1_590' title='bbox 2894 996 2997 1051; x_wconf 71' lang='grc'><strong>429</strong></span> <span class='ocrx_word' id='word_1_591' title='bbox 3029 992 3215 1067; x_wconf 78' lang='lat' dir='ltr'><strong>fuisse-</strong></span> <span class='ocrx_word' id='word_1_592' title='bbox 3237 994 3509 1067; x_wconf 77' lang='lat' dir='ltr'><strong>scriptam.</strong></span> 
     </span>
    </p>
   </div>
   <div class='ocr_carea' id='block_1_81' title="bbox 1944 1064 3511 1136">
    <p class='ocr_par' dir='ltr' id='par_1_81' title="bbox 1944 1064 3511 1136">
     <span class='ocr_line' id='line_1_81' title="bbox 1944 1064 3511 1136; baseline -0.004 -15"><span class='ocrx_word' id='word_1_593' title='bbox 1944 1064 2058 1121; x_wconf 87' lang='lat' dir='ltr'><strong>Iloc</strong></span> <span class='ocrx_word' id='word_1_594' title='bbox 2083 1069 2275 1136; x_wconf 82' lang='lat' dir='ltr'><strong>quippe</strong></span> <span class='ocrx_word' id='word_1_595' title='bbox 2306 1064 2455 1121; x_wconf 78' lang='lat' dir='ltr'><strong>anno</strong></span> <span class='ocrx_word' id='word_1_596' title='bbox 2482 1068 2751 1122; x_wconf 76' lang='lat' dir='ltr'><strong>lulianum</strong></span> <span class='ocrx_word' id='word_1_597' title='bbox 2782 1082 2904 1136; x_wconf 90' lang='lat' dir='ltr'><strong>cum</strong></span> <span class='ocrx_word' id='word_1_598' title='bbox 2942 1066 3101 1118; x_wconf 84' lang='lat' dir='ltr'><strong>sociis</strong></span> <span class='ocrx_word' id='word_1_599' title='bbox 3131 1064 3511 1136; x_wconf 81' lang='lat' dir='ltr'><strong>Constantino-</strong></span> 
     </span>
    </p>
   </div>
   <div class='ocr_carea' id='block_1_82' title="bbox 1946 1134 3514 1205">
    <p class='ocr_par' dir='ltr' id='par_1_82' title="bbox 1946 1134 3514 1205">
     <span class='ocr_line' id='line_1_82' title="bbox 1946 1134 3514 1205; baseline -0.004 -15"><span class='ocrx_word' id='word_1_600' title='bbox 1946 1134 2235 1205; x_wconf 80' lang='lat' dir='ltr'><strong>politanatn</strong></span> <span class='ocrx_word' id='word_1_601' title='bbox 2286 1138 2561 1192; x_wconf 87' lang='lat' dir='ltr'><strong>civitatem</strong></span> <span class='ocrx_word' id='word_1_602' title='bbox 2613 1135 2985 1205; x_wconf 80' lang='lat' dir='ltr'><strong>inquietudine</strong></span> <span class='ocrx_word' id='word_1_603' title='bbox 3033 1149 3126 1205; x_wconf 83' lang='lat' dir='ltr'><strong>sua</strong></span> <span class='ocrx_word' id='word_1_604' title='bbox 3172 1134 3514 1205; x_wconf 71' lang='lat' dir='ltr'><strong>perlutbasse</strong></span> 
     </span>
    </p>
   </div>
   <div class='ocr_carea' id='block_1_83' title="bbox 1945 1204 3515 1273">
    <p class='ocr_par' dir='ltr' id='par_1_83' title="bbox 1945 1204 3515 1273">
     <span class='ocr_line' id='line_1_83' title="bbox 1945 1204 3515 1273; baseline -0.003 -14"><span class='ocrx_word' id='word_1_605' title='bbox 1945 1204 2150 1260; x_wconf 84' lang='lat' dir='ltr'><strong>certum</strong></span> <span class='ocrx_word' id='word_1_606' title='bbox 2175 1219 2274 1262; x_wconf 73' lang='grc' dir='ltr'><strong>ρει.</strong></span> <span class='ocrx_word' id='word_1_607' title='bbox 2304 1209 2409 1262; x_wconf 82' lang='lat' dir='ltr'><strong>Nec</strong></span> <span class='ocrx_word' id='word_1_608' title='bbox 2431 1210 2532 1261; x_wconf 90' lang='lat' dir='ltr'><strong>alia</strong></span> <span class='ocrx_word' id='word_1_609' title='bbox 2557 1208 2624 1263; x_wconf 90' lang='lat' dir='ltr'><strong>de</strong></span> <span class='ocrx_word' id='word_1_610' title='bbox 2651 1204 2832 1273; x_wconf 85' lang='lat' dir='ltr'><strong>causa,</strong></span> <span class='ocrx_word' id='word_1_611' title='bbox 2862 1204 2963 1259; x_wconf 89' lang='lat' dir='ltr'><strong>nisi</strong></span> <span class='ocrx_word' id='word_1_612' title='bbox 2995 1214 3052 1257; x_wconf 89' lang='lat' dir='ltr'><strong>nt</strong></span> <span class='ocrx_word' id='word_1_613' title='bbox 3078 1204 3368 1273; x_wconf 13' lang='lat' dir='ltr'><strong>ltuicimalo</strong></span> <span class='ocrx_word' id='word_1_614' title='bbox 3398 1217 3515 1273; x_wconf 87' lang='lat' dir='ltr'><strong>mc-</strong></span> 
     </span>
    </p>
   </div>
   <div class='ocr_carea' id='block_1_84' title="bbox 1945 1272 3518 1340">
    <p class='ocr_par' dir='ltr' id='par_1_84' title="bbox 1945 1272 3518 1340">
     <span class='ocr_line' id='line_1_84' title="bbox 1945 1272 3518 1340; baseline -0.004 -10"><span class='ocrx_word' id='word_1_615' title='bbox 1945 1278 2181 1340; x_wconf 87' lang='lat' dir='ltr'><strong>deretur,</strong></span> <span class='ocrx_word' id='word_1_616' title='bbox 2232 1280 2429 1332; x_wconf 83' lang='lat' dir='ltr'><strong>Marius</strong></span> <span class='ocrx_word' id='word_1_617' title='bbox 2470 1279 2730 1332; x_wconf 80' lang='lat' dir='ltr'><strong>Mercator</strong></span> <span class='ocrx_word' id='word_1_618' title='bbox 2766 1272 2825 1330; x_wconf 85' lang='lat' dir='ltr'><strong>in</strong></span> <span class='ocrx_word' id='word_1_619' title='bbox 2866 1275 3138 1329; x_wconf 75' lang='lat' dir='ltr'><strong>consulatu</strong></span> <span class='ocrx_word' id='word_1_620' title='bbox 3182 1272 3437 1326; x_wconf 76' lang='lat' dir='ltr'><strong>Florentii</strong></span> <span class='ocrx_word' id='word_1_621' title='bbox 3473 1282 3518 1323; x_wconf 88' lang='lat' dir='ltr'><strong>et</strong></span> 
     </span>
    </p>
   </div>
   <div class='ocr_carea' id='block_1_85' title="bbox 1946 1342 3517 1419">
    <p class='ocr_par' dir='ltr' id='par_1_85' title="bbox 1946 1342 3517 1419">
     <span class='ocr_line' id='line_1_85' title="bbox 1946 1342 3517 1419; baseline -0.005 -19"><span class='ocrx_word' id='word_1_622' title='bbox 1946 1348 2217 1419; x_wconf 81' lang='lat' dir='ltr'><strong>Dionysii,</strong></span> <span class='ocrx_word' id='word_1_623' title='bbox 2267 1352 2367 1403; x_wconf 92' lang='lat' dir='ltr'><strong>hoc</strong></span> <span class='ocrx_word' id='word_1_624' title='bbox 2408 1358 2505 1419; x_wconf 83' lang='lat' dir='ltr'><strong>est</strong></span> <span class='ocrx_word' id='word_1_625' title='bbox 2552 1350 2667 1417; x_wconf 91' lang='lat' dir='ltr'><strong>ipso</strong></span> <span class='ocrx_word' id='word_1_626' title='bbox 2722 1361 2863 1419; x_wconf 85' lang='lat' dir='ltr'><strong>anno</strong></span> <span class='ocrx_word' id='word_1_627' title='bbox 2920 1346 3044 1409; x_wconf 66' lang='grc'><strong>429,</strong></span> <span class='ocrx_word' id='word_1_628' title='bbox 3080 1342 3517 1419; x_wconf 14' lang='grc' dir='ltr'>Αςιιιιιιιιοη-ἱιοιῆιι</span> 
     </span>
    </p>
   </div>
   <div class='ocr_carea' id='block_1_86' title="bbox 1948 1414 3514 1487">
    <p class='ocr_par' dir='ltr' id='par_1_86' title="bbox 1948 1414 3514 1487">
     <span class='ocr_line' id='line_1_86' title="bbox 1948 1414 3514 1487; baseline -0.006 -18"><span class='ocrx_word' id='word_1_629' title='bbox 1948 1419 2047 1485; x_wconf 77' lang='lat' dir='ltr'><strong>ipsi</strong></span> <span class='ocrx_word' id='word_1_630' title='bbox 2085 1414 2353 1474; x_wconf 57' lang='lat' dir='ltr'><strong>Ecclesia?</strong></span> <span class='ocrx_word' id='word_1_631' title='bbox 2390 1414 2996 1487; x_wconf 68' lang='lat' dir='ltr'><strong>ConstantinOpolitaua;</strong></span> <span class='ocrx_word' id='word_1_632' title='bbox 3043 1414 3514 1487; x_wconf 8' lang='lat' dir='ltr'><strong>aliisquepoblato,</strong></span> 
     </span>
    </p>
   </div>
   <div class='ocr_carea' id='block_1_87' title="bbox 1946 1485 3521 1552">
    <p class='ocr_par' dir='ltr' id='par_1_87' title="bbox 1946 1485 3521 1552">
     <span class='ocr_line' id='line_1_87' title="bbox 1946 1485 3521 1552; baseline -0.004 -11"><span class='ocrx_word' id='word_1_633' title='bbox 1946 1487 2143 1541; x_wconf 85' lang='lat' dir='ltr'><strong>Juliani</strong></span> <span class='ocrx_word' id='word_1_634' title='bbox 2184 1504 2245 1542; x_wconf 86' lang='lat' dir='ltr'><strong>ac</strong></span> <span class='ocrx_word' id='word_1_635' title='bbox 2289 1489 2556 1542; x_wconf 90' lang='lat' dir='ltr'><strong>sociorum</strong></span> <span class='ocrx_word' id='word_1_636' title='bbox 2605 1485 2849 1541; x_wconf 74' lang='lat' dir='ltr'><strong>hmreSim</strong></span> <span class='ocrx_word' id='word_1_637' title='bbox 2899 1496 2950 1541; x_wconf 86' lang='lat' dir='ltr'><strong>et</strong></span> <span class='ocrx_word' id='word_1_638' title='bbox 2977 1486 3175 1549; x_wconf 78' lang='lat' dir='ltr'><strong>justam</strong></span> <span class='ocrx_word' id='word_1_639' title='bbox 3218 1485 3361 1539; x_wconf 86' lang='lat' dir='ltr'><strong>illius</strong></span> <span class='ocrx_word' id='word_1_640' title='bbox 3396 1498 3521 1552; x_wconf 81' lang='lat' dir='ltr'><strong>pro—</strong></span> 
     </span>
    </p>
   </div>
   <div class='ocr_carea' id='block_1_88' title="bbox 1948 1556 3117 1625">
    <p class='ocr_par' dir='ltr' id='par_1_88' title="bbox 1948 1556 3117 1625">
     <span class='ocr_line' id='line_1_88' title="bbox 1948 1556 3117 1625; baseline -0.003 -12"><span class='ocrx_word' id='word_1_641' title='bbox 1948 1558 2296 1625; x_wconf 88' lang='lat' dir='ltr'><strong>scriptionem</strong></span> <span class='ocrx_word' id='word_1_642' title='bbox 2324 1560 2575 1613; x_wconf 89' lang='lat' dir='ltr'><strong>omnibus</strong></span> <span class='ocrx_word' id='word_1_643' title='bbox 2602 1557 2937 1613; x_wconf 70' lang='lat' dir='ltr'><strong>manifestam</strong></span> <span class='ocrx_word' id='word_1_644' title='bbox 2971 1556 3117 1611; x_wconf 84' lang='lat' dir='ltr'><strong>fecit.</strong></span> 
     </span>
    </p>
   </div>
   <div class='ocr_carea' id='block_1_89' title="bbox 2019 1624 3520 1698">
    <p class='ocr_par' dir='ltr' id='par_1_89' title="bbox 2019 1624 3520 1698">
     <span class='ocr_line' id='line_1_89' title="bbox 2019 1624 3520 1698; baseline -0.005 -16"><span class='ocrx_word' id='word_1_645' title='bbox 2019 1624 2199 1697; x_wconf 85' lang='lat' dir='ltr'><strong>Neque</strong></span> <span class='ocrx_word' id='word_1_646' title='bbox 2242 1630 2563 1698; x_wconf 64' lang='lat' dir='ltr'><strong>conjectura:</strong></span> <span class='ocrx_word' id='word_1_647' title='bbox 2613 1630 2736 1683; x_wconf 89' lang='lat' dir='ltr'><strong>lmie</strong></span> <span class='ocrx_word' id='word_1_648' title='bbox 2789 1637 3071 1695; x_wconf 84' lang='lat' dir='ltr'><strong>repugnat,</strong></span> <span class='ocrx_word' id='word_1_649' title='bbox 3107 1624 3254 1698; x_wconf 16' lang='lat' dir='ltr'><strong>quod»</strong></span> <span class='ocrx_word' id='word_1_650' title='bbox 3282 1624 3520 1692; x_wconf 86' lang='lat' dir='ltr'><strong>Augusto</strong></span> 
     </span>
    </p>
   </div>
   <div class='ocr_carea' id='block_1_90' title="bbox 1949 1696 3517 1755">
    <p class='ocr_par' dir='ltr' id='par_1_90' title="bbox 1949 1696 3517 1755">
     <span class='ocr_line' id='line_1_90' title="bbox 1949 1696 3517 1755; baseline -0.003 -4"><span class='ocrx_word' id='word_1_651' title='bbox 1949 1696 2223 1752; x_wconf 77' lang='lat' dir='ltr'><strong>dumtaxat</strong></span> <span class='ocrx_word' id='word_1_652' title='bbox 2252 1696 2437 1755; x_wconf 86' lang='lat' dir='ltr'><strong>mense</strong></span> <span class='ocrx_word' id='word_1_653' title='bbox 2467 1699 2592 1754; x_wconf 88' lang='lat' dir='ltr'><strong>anni</strong></span> <span class='ocrx_word' id='word_1_654' title='bbox 2626 1700 2729 1755; x_wconf 67' lang='lat'><strong>450</strong></span> <span class='ocrx_word' id='word_1_655' title='bbox 2759 1698 3078 1754; x_wconf 70' lang='lat' dir='ltr'><strong>C(eicsunus</strong></span> <span class='ocrx_word' id='word_1_656' title='bbox 3108 1697 3171 1749; x_wconf 88' lang='lat' dir='ltr'><strong>ad</strong></span> <span class='ocrx_word' id='word_1_657' title='bbox 3215 1696 3517 1748; x_wconf 78' lang='lat' dir='ltr'><strong>Nestorium</strong></span> 
     </span>
    </p>
   </div>
   <div class='ocr_carea' id='block_1_91' title="bbox 1950 1764 3513 1837">
    <p class='ocr_par' dir='ltr' id='par_1_91' title="bbox 1950 1764 3513 1837">
     <span class='ocr_line' id='line_1_91' title="bbox 1950 1764 3513 1837; baseline -0.005 -16"><span class='ocrx_word' id='word_1_658' title='bbox 1950 1769 2247 1837; x_wconf 63' lang='lat' dir='ltr'><strong>rescripsit.</strong></span> <span class='ocrx_word' id='word_1_659' title='bbox 2306 1771 2437 1825; x_wconf 85' lang='lat' dir='ltr'><strong>Nam</strong></span> <span class='ocrx_word' id='word_1_660' title='bbox 2494 1778 2546 1823; x_wconf 91' lang='lat' dir='ltr'><strong>et</strong></span> <span class='ocrx_word' id='word_1_661' title='bbox 2591 1771 2690 1823; x_wconf 91' lang='lat' dir='ltr'><strong>iste</strong></span> <span class='ocrx_word' id='word_1_662' title='bbox 2743 1785 2873 1837; x_wconf 85' lang='lat' dir='ltr'><strong>papa</strong></span> <span class='ocrx_word' id='word_1_663' title='bbox 2921 1767 3165 1836; x_wconf 76' lang='lat' dir='ltr'><strong>responsi</strong></span> <span class='ocrx_word' id='word_1_664' title='bbox 3209 1764 3513 1837; x_wconf 72' lang='lat' dir='ltr'><strong>tarditatem</strong></span> 
     </span>
    </p>
   </div>
   <div class='ocr_carea' id='block_1_92' title="bbox 1952 1834 3519 1907">
    <p class='ocr_par' dir='ltr' id='par_1_92' title="bbox 1952 1834 3519 1907">
     <span class='ocr_line' id='line_1_92' title="bbox 1952 1834 3519 1907; baseline -0.004 -16"><span class='ocrx_word' id='word_1_665' title='bbox 1952 1840 2073 1893; x_wconf 90' lang='lat' dir='ltr'><strong>inde</strong></span> <span class='ocrx_word' id='word_1_666' title='bbox 2099 1834 2353 1905; x_wconf 60' lang='lat' dir='ltr'><strong>esensat;</strong></span> <span class='ocrx_word' id='word_1_667' title='bbox 2384 1840 2523 1907; x_wconf 92' lang='lat' dir='ltr'><strong>quod</strong></span> <span class='ocrx_word' id='word_1_668' title='bbox 2555 1840 2645 1893; x_wconf 92' lang='lat' dir='ltr'><strong>diu</strong></span> <span class='ocrx_word' id='word_1_669' title='bbox 2674 1834 3021 1905; x_wconf 68' lang='lat' dir='ltr'><strong>exspectatus</strong></span> <span class='ocrx_word' id='word_1_670' title='bbox 3045 1838 3136 1900; x_wconf 89' lang='lat' dir='ltr'><strong>sit,</strong></span> <span class='ocrx_word' id='word_1_671' title='bbox 3171 1834 3262 1904; x_wconf 86' lang='lat' dir='ltr'><strong>qui</strong></span> <span class='ocrx_word' id='word_1_672' title='bbox 3289 1834 3519 1907; x_wconf 85' lang='lat' dir='ltr'><strong>Nestorii</strong></span> 
     </span>
    </p>
   </div>
   <div class='ocr_carea' id='block_1_93' title="bbox 1949 1906 3519 1964">
    <p class='ocr_par' dir='ltr' id='par_1_93' title="bbox 1949 1906 3519 1964">
     <span class='ocr_line' id='line_1_93' title="bbox 1949 1906 3519 1964; baseline -0.004 -3"><span class='ocrx_word' id='word_1_673' title='bbox 1949 1909 2158 1963; x_wconf 89' lang='lat' dir='ltr'><strong>litteras</strong></span> <span class='ocrx_word' id='word_1_674' title='bbox 2189 1910 2373 1964; x_wconf 84' lang='lat' dir='ltr'><strong>Latine</strong></span> <span class='ocrx_word' id='word_1_675' title='bbox 2406 1906 2690 1963; x_wconf 85' lang='lat' dir='ltr'><strong>redderet.</strong></span> <span class='ocrx_word' id='word_1_676' title='bbox 2725 1909 2886 1962; x_wconf 84' lang='lat' dir='ltr'><strong>Forte</strong></span> <span class='ocrx_word' id='word_1_677' title='bbox 2915 1909 3076 1962; x_wconf 88' lang='lat' dir='ltr'><strong>etiam</strong></span> <span class='ocrx_word' id='word_1_678' title='bbox 3122 1922 3189 1961; x_wconf 81' lang='lat' dir='ltr'><strong>ex</strong></span> <span class='ocrx_word' id='word_1_679' title='bbox 3224 1920 3405 1958; x_wconf 88' lang='lat' dir='ltr'><strong>earum</strong></span> <span class='ocrx_word' id='word_1_680' title='bbox 3437 1906 3519 1955; x_wconf 90' lang='lat' dir='ltr'><strong>iu-</strong></span> 
     </span>
    </p>
   </div>
   <div class='ocr_carea' id='block_1_94' title="bbox 1952 1974 3523 2045">
    <p class='ocr_par' dir='ltr' id='par_1_94' title="bbox 1952 1974 3523 2045">
     <span class='ocr_line' id='line_1_94' title="bbox 1952 1974 3523 2045; baseline -0.004 -12"><span class='ocrx_word' id='word_1_681' title='bbox 1952 1982 2338 2045; x_wconf 82' lang='lat' dir='ltr'><strong>terpretatione</strong></span> <span class='ocrx_word' id='word_1_682' title='bbox 2370 1980 2682 2033; x_wconf 78' lang='lat' dir='ltr'><strong>manifestas</strong></span> <span class='ocrx_word' id='word_1_683' title='bbox 2727 1981 2780 2031; x_wconf 92' lang='lat' dir='ltr'><strong>in</strong></span> <span class='ocrx_word' id='word_1_684' title='bbox 2827 1980 2931 2032; x_wconf 87' lang='lat' dir='ltr'><strong>illis</strong></span> <span class='ocrx_word' id='word_1_685' title='bbox 2961 1975 3370 2044; x_wconf 86' lang='lat' dir='ltr'><strong>deprehendens</strong></span> <span class='ocrx_word' id='word_1_686' title='bbox 3412 1974 3523 2045; x_wconf 80' lang='lat' dir='ltr'><strong>ha:-</strong></span> 
     </span>
    </p>
   </div>
   <div class='ocr_carea' id='block_1_95' title="bbox 1951 2043 3521 2115">
    <p class='ocr_par' dir='ltr' id='par_1_95' title="bbox 1951 2043 3521 2115">
     <span class='ocr_line' id='line_1_95' title="bbox 1951 2043 3521 2115; baseline -0.004 -13"><span class='ocrx_word' id='word_1_687' title='bbox 1951 2043 2132 2102; x_wconf 65' lang='lat' dir='ltr'><strong>reseos</strong></span> <span class='ocrx_word' id='word_1_688' title='bbox 2160 2061 2331 2115; x_wconf 91' lang='lat' dir='ltr'><strong>notas,</strong></span> <span class='ocrx_word' id='word_1_689' title='bbox 2375 2050 2677 2103; x_wconf 88' lang='lat' dir='ltr'><strong>rescribere</strong></span> <span class='ocrx_word' id='word_1_690' title='bbox 2714 2047 2869 2102; x_wconf 90' lang='lat' dir='ltr'><strong>citius</strong></span> <span class='ocrx_word' id='word_1_691' title='bbox 2902 2043 3097 2107; x_wconf 90' lang='lat' dir='ltr'><strong>timuit,</strong></span> <span class='ocrx_word' id='word_1_692' title='bbox 3124 2045 3297 2101; x_wconf 88' lang='lat' dir='ltr'><strong>donec</strong></span> <span class='ocrx_word' id='word_1_693' title='bbox 3320 2045 3388 2099; x_wconf 86' lang='lat' dir='ltr'><strong>de</strong></span> <span class='ocrx_word' id='word_1_694' title='bbox 3420 2043 3521 2096; x_wconf 87' lang='lat' dir='ltr'><strong>hoc</strong></span> 
     </span>
    </p>
   </div>
   <div class='ocr_carea' id='block_1_96' title="bbox 1950 2117 3179 2187">
    <p class='ocr_par' dir='ltr' id='par_1_96' title="bbox 1950 2117 3179 2187">
     <span class='ocr_line' id='line_1_96' title="bbox 1950 2117 3179 2187; baseline -0.003 -14"><span class='ocrx_word' id='word_1_695' title='bbox 1950 2128 2062 2174; x_wconf 86' lang='lat' dir='ltr'><strong>toto</strong></span> <span class='ocrx_word' id='word_1_696' title='bbox 2096 2122 2312 2181; x_wconf 69' lang='lat' dir='ltr'><strong>negotio</strong></span> <span class='ocrx_word' id='word_1_697' title='bbox 2339 2120 2535 2175; x_wconf 90' lang='lat' dir='ltr'><strong>certior</strong></span> <span class='ocrx_word' id='word_1_698' title='bbox 2565 2117 2978 2187; x_wconf 86' lang='lat' dir='ltr'><strong>iustructiorque</strong></span> <span class='ocrx_word' id='word_1_699' title='bbox 3010 2117 3179 2170; x_wconf 88' lang='lat' dir='ltr'><strong>tleret.</strong></span> 
     </span>
    </p>
   </div>
   <div class='ocr_carea' id='block_1_97' title="bbox 2517 2247 2956 2304">
    <p class='ocr_par' dir='ltr' id='par_1_97' title="bbox 2517 2247 2956 2304">
     <span class='ocr_line' id='line_1_97' title="bbox 2517 2247 2956 2304; baseline -0.002 -1"><span class='ocrx_word' id='word_1_700' title='bbox 2517 2248 2851 2304; x_wconf 76' lang='lat' dir='ltr'><strong>EPISTULA</strong></span> <span class='ocrx_word' id='word_1_701' title='bbox 2890 2247 2956 2303; x_wconf 81' lang='lat' dir='ltr'><strong>Vl</strong></span> 
     </span>
    </p>
   </div>
   <div class='ocr_carea' id='block_1_98' title="bbox 2055 2354 3391 2399">
    <p class='ocr_par' dir='ltr' id='par_1_98' title="bbox 2055 2354 3391 2399">
     <span class='ocr_line' id='line_1_98' title="bbox 2055 2354 3391 2399; baseline -0.002 -2"><span class='ocrx_word' id='word_1_702' title='bbox 2055 2358 2301 2399; x_wconf 65' lang='lat' dir='ltr'><strong>NESTORH</strong></span> <span class='ocrx_word' id='word_1_703' title='bbox 2340 2360 2407 2398; x_wconf 82' lang='lat' dir='ltr'><strong>AD</strong></span> <span class='ocrx_word' id='word_1_704' title='bbox 2444 2357 2796 2398; x_wconf 69' lang='grc' dir='ltr'>εωιιιετιιςυιι</span> <span class='ocrx_word' id='word_1_705' title='bbox 2836 2356 3005 2395; x_wconf 65' lang='grc' dir='ltr'><strong>ΡΔΡΑΜ</strong></span> <span class='ocrx_word' id='word_1_706' title='bbox 3045 2354 3196 2395; x_wconf 74' lang='lat' dir='ltr'><strong>UBBIS</strong></span> <span class='ocrx_word' id='word_1_707' title='bbox 3234 2354 3391 2395; x_wconf 67' lang='grc' dir='ltr'>ιιοιιιε</span> 
     </span>
    </p>
   </div>
   <div class='ocr_carea' id='block_1_99' title="bbox 1955 2453 3525 2530">
    <p class='ocr_par' dir='ltr' id='par_1_99' title="bbox 1955 2453 3525 2530">
     <span class='ocr_line' id='line_1_99' title="bbox 1955 2453 3525 2530; baseline -0.007 -16"><span class='ocrx_word' id='word_1_708' title='bbox 1955 2459 2021 2515; x_wconf 87' lang='lat' dir='ltr'><strong>Ut</strong></span> <span class='ocrx_word' id='word_1_709' title='bbox 2051 2461 2097 2512; x_wconf 88' lang='lat' dir='ltr'><strong>ei</strong></span> <span class='ocrx_word' id='word_1_710' title='bbox 2145 2459 2396 2530; x_wconf 71' lang='lat' dir='ltr'><strong>signiﬁcet</strong></span> <span class='ocrx_word' id='word_1_711' title='bbox 2437 2474 2540 2528; x_wconf 88' lang='lat' dir='ltr'><strong>quo</strong></span> <span class='ocrx_word' id='word_1_712' title='bbox 2573 2466 2735 2530; x_wconf 69' lang='lat' dir='ltr'><strong>pacto</strong></span> <span class='ocrx_word' id='word_1_713' title='bbox 2762 2472 2933 2530; x_wconf 78' lang='lat' dir='ltr'><strong>gerere</strong></span> <span class='ocrx_word' id='word_1_714' title='bbox 2978 2470 3031 2508; x_wconf 78' lang='lat' dir='ltr'><strong>se</strong></span> <span class='ocrx_word' id='word_1_715' title='bbox 3056 2453 3232 2530; x_wconf 71' lang='lat' dir='ltr'><strong>debeat</strong></span> <span class='ocrx_word' id='word_1_716' title='bbox 3278 2468 3391 2530; x_wconf 78' lang='lat' dir='ltr'><strong>cum</strong></span> <span class='ocrx_word' id='word_1_717' title='bbox 3420 2454 3525 2530; x_wconf 83' lang='lat' dir='ltr'><strong>epi—_</strong></span> 
     </span>
    </p>
   </div>
   <div class='ocr_carea' id='block_1_100' title="bbox 2020 2524 3525 2600">
    <p class='ocr_par' dir='ltr' id='par_1_100' title="bbox 2020 2524 3525 2600">
     <span class='ocr_line' id='line_1_100' title="bbox 2020 2524 3525 2600; baseline -0.005 -17"><span class='ocrx_word' id='word_1_718' title='bbox 2020 2524 2525 2600; x_wconf 57' lang='lat' dir='ltr'><strong>scopis&#39;quibusdant</strong></span> <span class='ocrx_word' id='word_1_719' title='bbox 2559 2524 2991 2600; x_wconf 69' lang='lat' dir='ltr'><strong>Occidentalibus,</strong></span> <span class='ocrx_word' id='word_1_720' title='bbox 3025 2525 3117 2600; x_wconf 75' lang='lat' dir='ltr'><strong>qui</strong></span> <span class='ocrx_word' id='word_1_721' title='bbox 3138 2526 3405 2600; x_wconf 56' lang='lat' dir='ltr'><strong>seiniqua</strong></span> <span class='ocrx_word' id='word_1_722' title='bbox 3420 2524 3525 2592; x_wconf 85' lang='lat' dir='ltr'><strong>pati</strong></span> 
     </span>
    </p>
   </div>
   <div class='ocr_carea' id='block_1_101' title="bbox 2022 2590 3526 2666">
    <p class='ocr_par' dir='ltr' id='par_1_101' title="bbox 2022 2590 3526 2666">
     <span class='ocr_line' id='line_1_101' title="bbox 2022 2590 3526 2666; baseline -0.004 -16"><span class='ocrx_word' id='word_1_723' title='bbox 2022 2590 2430 2666; x_wconf 62' lang='lat' dir='ltr'><strong>expostulabant.</strong></span> <span class='ocrx_word' id='word_1_724' title='bbox 2459 2598 2585 2651; x_wconf 82' lang='lat' dir='ltr'><strong>Tant</strong></span> <span class='ocrx_word' id='word_1_725' title='bbox 2626 2610 2677 2649; x_wconf 88' lang='lat' dir='ltr'><strong>ut</strong></span> <span class='ocrx_word' id='word_1_726' title='bbox 2708 2597 2970 2650; x_wconf 75' lang='lat' dir='ltr'><strong>Iiwrcticos</strong></span> <span class='ocrx_word' id='word_1_727' title='bbox 2995 2590 3223 2666; x_wconf 80' lang='lat' dir='ltr'><strong>traducit</strong></span> <span class='ocrx_word' id='word_1_728' title='bbox 3244 2590 3526 2666; x_wconf 71' lang='lat' dir='ltr'><strong>qui_Deuiit</strong></span> 
     </span>
    </p>
   </div>
   <div class='ocr_carea' id='block_1_102' title="bbox 2028 2663 3525 2734">
    <p class='ocr_par' dir='ltr' id='par_1_102' title="bbox 2028 2663 3525 2734">
     <span class='ocr_line' id='line_1_102' title="bbox 2028 2663 3525 2734; baseline -0.004 -13"><span class='ocrx_word' id='word_1_729' title='bbox 2028 2663 2251 2722; x_wconf 65' lang='lat' dir='ltr'><strong>verbum</strong></span> <span class='ocrx_word' id='word_1_730' title='bbox 2288 2681 2497 2729; x_wconf 86' lang='lat' dir='ltr'><strong>natum,</strong></span> <span class='ocrx_word' id='word_1_731' title='bbox 2544 2678 2816 2732; x_wconf 89' lang='lat' dir='ltr'><strong>mortuum,</strong></span> <span class='ocrx_word' id='word_1_732' title='bbox 2861 2663 3137 2734; x_wconf 83' lang='lat' dir='ltr'><strong>sepultum,</strong></span> <span class='ocrx_word' id='word_1_733' title='bbox 3185 2680 3246 2717; x_wconf 89' lang='lat' dir='ltr'><strong>ac</strong></span> <span class='ocrx_word' id='word_1_734' title='bbox 3301 2663 3525 2716; x_wconf 78' lang='lat' dir='ltr'><strong>Mariam</strong></span> 
     </span>
    </p>
   </div>
   <div class='ocr_carea' id='block_1_103' title="bbox 2022 2740 2603 2798">
    <p class='ocr_par' dir='ltr' id='par_1_103' title="bbox 2022 2740 2603 2798">
     <span class='ocr_line' id='line_1_103' title="bbox 2022 2740 2603 2798; baseline -0.007 -3"><span class='ocrx_word' id='word_1_735' title='bbox 2022 2744 2262 2798; x_wconf 78' lang='grc' dir='ltr'><strong>Θιότοκον</strong></span> <span class='ocrx_word' id='word_1_736' title='bbox 2291 2740 2603 2793; x_wconf 71' lang='lat' dir='ltr'><strong>asserebant.</strong></span> 
     </span>
    </p>
   </div>
   <div class='ocr_carea' id='block_1_104' title="bbox 2027 2842 3528 2903">
    <p class='ocr_par' dir='ltr' id='par_1_104' title="bbox 2027 2842 3528 2903">
     <span class='ocr_line' id='line_1_104' title="bbox 2027 2842 3528 2903; baseline -0.008 0"><span class='ocrx_word' id='word_1_737' title='bbox 2027 2852 2076 2903; x_wconf 76' lang='grc'><strong>1.</strong></span> <span class='ocrx_word' id='word_1_738' title='bbox 2111 2848 2403 2903; x_wconf 85' lang='lat' dir='ltr'><strong>Fraternas</strong></span> <span class='ocrx_word' id='word_1_739' title='bbox 2450 2848 2605 2902; x_wconf 87' lang='lat' dir='ltr'><strong>nobis</strong></span> <span class='ocrx_word' id='word_1_740' title='bbox 2644 2846 2871 2901; x_wconf 87' lang='lat' dir='ltr'><strong>invicem</strong></span> <span class='ocrx_word' id='word_1_741' title='bbox 2914 2846 3170 2899; x_wconf 87' lang='lat' dir='ltr'><strong>debemus</strong></span> <span class='ocrx_word' id='word_1_742' title='bbox 3213 2842 3528 2898; x_wconf 83' lang='lat' dir='ltr'><strong>Collocutio-</strong></span> 
     </span>
    </p>
   </div>
   <div class='ocr_carea' id='block_1_105' title="bbox 1954 2935 3526 3013">
    <p class='ocr_par' dir='ltr' id='par_1_105' title="bbox 1954 2935 3526 3013">
     <span class='ocr_line' id='line_1_105' title="bbox 1954 2935 3526 3013; baseline -0.007 -19"><span class='ocrx_word' id='word_1_743' title='bbox 1954 2956 2072 3005; x_wconf 75' lang='lat' dir='ltr'><strong>nes,</strong></span> <span class='ocrx_word' id='word_1_744' title='bbox 2109 2954 2164 2994; x_wconf 93' lang='lat' dir='ltr'><strong>ut</strong></span> <span class='ocrx_word' id='word_1_745' title='bbox 2192 2956 2295 2994; x_wconf 88' lang='lat' dir='ltr'><strong>una</strong></span> <span class='ocrx_word' id='word_1_746' title='bbox 2338 2940 2479 2995; x_wconf 88' lang='lat' dir='ltr'><strong>inter</strong></span> <span class='ocrx_word' id='word_1_747' title='bbox 2512 2954 2609 2993; x_wconf 92' lang='lat' dir='ltr'><strong>nos</strong></span> <span class='ocrx_word' id='word_1_748' title='bbox 2657 2937 2951 3013; x_wconf 80' lang='lat' dir='ltr'><strong>secundum</strong></span> <span class='ocrx_word' id='word_1_749' title='bbox 2984 2946 3006 2974; x_wconf 76' lang='grc' dir='ltr'><strong>ε</strong></span> <span class='ocrx_word' id='word_1_750' title='bbox 3032 2935 3363 2990; x_wconf 88' lang='lat' dir='ltr'><strong>obtinentem</strong></span> <span class='ocrx_word' id='word_1_751' title='bbox 3395 2949 3526 2986; x_wconf 84' lang='lat' dir='ltr'><strong>eou-</strong></span> 
     </span>
    </p>
   </div>
   <div class='ocr_carea' id='block_1_106' title="bbox 1955 3024 3529 3099">
    <p class='ocr_par' dir='ltr' id='par_1_106' title="bbox 1955 3024 3529 3099">
     <span class='ocr_line' id='line_1_106' title="bbox 1955 3024 3529 3099; baseline -0.008 -13"><span class='ocrx_word' id='word_1_752' title='bbox 1955 3031 2192 3086; x_wconf 85' lang='lat' dir='ltr'><strong>cordiam</strong></span> <span class='ocrx_word' id='word_1_753' title='bbox 2228 3031 2510 3099; x_wconf 82' lang='lat' dir='ltr'><strong>pugnaturi</strong></span> <span class='ocrx_word' id='word_1_754' title='bbox 2544 3030 2817 3083; x_wconf 73' lang='lat' dir='ltr'><strong>diabolum</strong></span> <span class='ocrx_word' id='word_1_755' title='bbox 2852 3027 2997 3096; x_wconf 90' lang='lat' dir='ltr'><strong>pacis</strong></span> <span class='ocrx_word' id='word_1_756' title='bbox 3035 3025 3330 3082; x_wconf 88' lang='lat' dir='ltr'><strong>inimicum.</strong></span> <span class='ocrx_word' id='word_1_757' title='bbox 3357 3024 3529 3087; x_wconf 83' lang='lat' dir='ltr'><strong>Quor-</strong></span> 
     </span>
    </p>
   </div>
   <div class='ocr_carea' id='block_1_107' title="bbox 1955 3116 3528 3191">
    <p class='ocr_par' dir='ltr' id='par_1_107' title="bbox 1955 3116 3528 3191">
     <span class='ocr_line' id='line_1_107' title="bbox 1955 3116 3528 3191; baseline -0.008 -13"><span class='ocrx_word' id='word_1_758' title='bbox 1955 3140 2072 3178; x_wconf 90' lang='lat' dir='ltr'><strong>sum</strong></span> <span class='ocrx_word' id='word_1_759' title='bbox 2117 3124 2219 3179; x_wconf 89' lang='lat' dir='ltr'><strong>hoc</strong></span> <span class='ocrx_word' id='word_1_760' title='bbox 2262 3122 2669 3191; x_wconf 79' lang='lat' dir='ltr'><strong>auteloquinm?</strong></span> <span class='ocrx_word' id='word_1_761' title='bbox 2706 3121 2953 3175; x_wconf 77' lang='lat' dir='ltr'><strong>Julianus</strong></span> <span class='ocrx_word' id='word_1_762' title='bbox 2990 3118 3207 3189; x_wconf 89' lang='lat' dir='ltr'><strong>quidam</strong></span> <span class='ocrx_word' id='word_1_763' title='bbox 3250 3124 3305 3171; x_wconf 92' lang='lat' dir='ltr'><strong>et</strong></span> <span class='ocrx_word' id='word_1_764' title='bbox 3337 3116 3528 3170; x_wconf 82' lang='lat' dir='ltr'><strong>Florus</strong></span> 
     </span>
    </p>
   </div>
   <div class='ocr_carea' id='block_1_108' title="bbox 1953 3206 3528 3279">
    <p class='ocr_par' dir='ltr' id='par_1_108' title="bbox 1953 3206 3528 3279">
     <span class='ocr_line' id='line_1_108' title="bbox 1953 3206 3528 3279; baseline -0.008 -7"><span class='ocrx_word' id='word_1_765' title='bbox 1953 3229 2006 3272; x_wconf 90' lang='lat' dir='ltr'><strong>et</strong></span> <span class='ocrx_word' id='word_1_766' title='bbox 2044 3215 2301 3271; x_wconf 91' lang='lat' dir='ltr'><strong>Orontius</strong></span> <span class='ocrx_word' id='word_1_767' title='bbox 2344 3223 2400 3268; x_wconf 89' lang='lat' dir='ltr'><strong>et</strong></span> <span class='ocrx_word' id='word_1_768' title='bbox 2435 3213 2655 3279; x_wconf 88' lang='lat' dir='ltr'><strong>Fabius,</strong></span> <span class='ocrx_word' id='word_1_769' title='bbox 2680 3209 2705 3249; x_wconf 75' lang='grc' dir='ltr'>ἀ</span> <span class='ocrx_word' id='word_1_770' title='bbox 2737 3212 2977 3265; x_wconf 81' lang='lat' dir='ltr'><strong>dicentes</strong></span> <span class='ocrx_word' id='word_1_771' title='bbox 3007 3224 3065 3264; x_wconf 92' lang='lat' dir='ltr'><strong>se</strong></span> <span class='ocrx_word' id='word_1_772' title='bbox 3102 3206 3528 3264; x_wconf 87' lang='lat' dir='ltr'><strong>Occidentalium</strong></span> 
     </span>
    </p>
   </div>
   <div class='ocr_carea' id='block_1_109' title="bbox 1956 3298 3531 3379">
    <p class='ocr_par' dir='ltr' id='par_1_109' title="bbox 1956 3298 3531 3379">
     <span class='ocr_line' id='line_1_109' title="bbox 1956 3298 3531 3379; baseline -0.008 -19"><span class='ocrx_word' id='word_1_773' title='bbox 1956 3311 2187 3379; x_wconf 69' lang='lat' dir='ltr'><strong>partium</strong></span> <span class='ocrx_word' id='word_1_774' title='bbox 2229 3308 2537 3377; x_wconf 81' lang='lat' dir='ltr'><strong>episeopos,</strong></span> <span class='ocrx_word' id='word_1_775' title='bbox 2582 3319 2725 3373; x_wconf 69' lang='lat' dir='ltr'><strong>smpe</strong></span> <span class='ocrx_word' id='word_1_776' title='bbox 2768 3314 2822 3357; x_wconf 85' lang='lat' dir='ltr'><strong>et</strong></span> <span class='ocrx_word' id='word_1_777' title='bbox 2854 3302 3154 3372; x_wconf 87' lang='lat' dir='ltr'><strong>piissimum</strong></span> <span class='ocrx_word' id='word_1_778' title='bbox 3187 3307 3242 3354; x_wconf 90' lang='lat' dir='ltr'><strong>et</strong></span> <span class='ocrx_word' id='word_1_779' title='bbox 3269 3298 3531 3368; x_wconf 65' lang='lat' dir='ltr'><strong>prazdica-</strong></span> 
     </span>
    </p>
   </div>
   <div class='ocr_carea' id='block_1_110' title="bbox 1958 3391 3532 3469">
    <p class='ocr_par' dir='ltr' id='par_1_110' title="bbox 1958 3391 3532 3469">
     <span class='ocr_line' id='line_1_110' title="bbox 1958 3391 3532 3469; baseline -0.01 -13"><span class='ocrx_word' id='word_1_780' title='bbox 1958 3401 2223 3457; x_wconf 78' lang='lat' dir='ltr'><strong>tissimnm</strong></span> <span class='ocrx_word' id='word_1_781' title='bbox 2259 3401 2634 3469; x_wconf 87' lang='lat' dir='ltr'><strong>imperatorem</strong></span> <span class='ocrx_word' id='word_1_782' title='bbox 2671 3398 2938 3459; x_wconf 89' lang='lat' dir='ltr'><strong>adierunt,</strong></span> <span class='ocrx_word' id='word_1_783' title='bbox 2972 3411 3034 3450; x_wconf 89' lang='lat' dir='ltr'><strong>ac</strong></span> <span class='ocrx_word' id='word_1_784' title='bbox 3063 3407 3189 3449; x_wconf 88' lang='lat' dir='ltr'><strong>suas</strong></span> <span class='ocrx_word' id='word_1_785' title='bbox 3218 3404 3409 3446; x_wconf 83' lang='lat' dir='ltr'><strong>causas</strong></span> <span class='ocrx_word' id='word_1_786' title='bbox 3439 3391 3532 3442; x_wconf 75' lang='lat' dir='ltr'><strong>tle-</strong></span> 
     </span>
    </p>
   </div>
   <div class='ocr_carea' id='block_1_111' title="bbox 1956 3480 3533 3559">
    <p class='ocr_par' dir='ltr' id='par_1_111' title="bbox 1956 3480 3533 3559">
     <span class='ocr_line' id='line_1_111' title="bbox 1956 3480 3533 3559; baseline -0.011 -11"><span class='ocrx_word' id='word_1_787' title='bbox 1956 3493 2238 3556; x_wconf 85' lang='lat' dir='ltr'><strong>lleveruut,</strong></span> <span class='ocrx_word' id='word_1_788' title='bbox 2274 3499 2459 3559; x_wconf 89' lang='lat' dir='ltr'><strong>tatnqu</strong></span> <span class='ocrx_word' id='word_1_789' title='bbox 2496 3505 2547 3543; x_wconf 88' lang='grc' dir='ltr'><strong>ιιι</strong></span> <span class='ocrx_word' id='word_1_790' title='bbox 2590 3486 2875 3542; x_wconf 82' lang='lat' dir='ltr'><strong>orthodoxi</strong></span> <span class='ocrx_word' id='word_1_791' title='bbox 2920 3485 3250 3552; x_wconf 86' lang='lat' dir='ltr'><strong>temporibus</strong></span> <span class='ocrx_word' id='word_1_792' title='bbox 3278 3480 3533 3536; x_wconf 69' lang='lat' dir='ltr'><strong>orthodo—</strong></span> 
     </span>
    </p>
   </div>
   <div class='ocr_carea' id='block_1_112' title="bbox 1957 3572 3533 3652">
    <p class='ocr_par' dir='ltr' id='par_1_112' title="bbox 1957 3572 3533 3652">
     <span class='ocr_line' id='line_1_112' title="bbox 1957 3572 3533 3652; baseline -0.008 -15"><span class='ocrx_word' id='word_1_793' title='bbox 1957 3584 2038 3639; x_wconf 79' lang='lat' dir='ltr'><strong>xis</strong></span> <span class='ocrx_word' id='word_1_794' title='bbox 2073 3582 2501 3652; x_wconf 88' lang='lat' dir='ltr'><strong>persecutionem</strong></span> <span class='ocrx_word' id='word_1_795' title='bbox 2545 3582 2685 3647; x_wconf 85' lang='lat' dir='ltr'><strong>passi</strong></span> <span class='ocrx_word' id='word_1_796' title='bbox 2722 3597 2736 3632; x_wconf 86' lang='lat'><strong>:</strong></span> <span class='ocrx_word' id='word_1_797' title='bbox 2766 3594 2907 3646; x_wconf 74' lang='lat' dir='ltr'><strong>saepe</strong></span> <span class='ocrx_word' id='word_1_798' title='bbox 2948 3576 3139 3630; x_wconf 88' lang='lat' dir='ltr'><strong>eadem</strong></span> <span class='ocrx_word' id='word_1_799' title='bbox 3181 3584 3234 3627; x_wconf 92' lang='lat' dir='ltr'><strong>et</strong></span> <span class='ocrx_word' id='word_1_800' title='bbox 3262 3572 3400 3642; x_wconf 89' lang='lat' dir='ltr'><strong>apud</strong></span> <span class='ocrx_word' id='word_1_801' title='bbox 3437 3587 3533 3625; x_wconf 86' lang='lat' dir='ltr'><strong>nos</strong></span> 
     </span>
    </p>
   </div>
   <div class='ocr_carea' id='block_1_113' title="bbox 1955 3667 3537 3739">
    <p class='ocr_par' dir='ltr' id='par_1_113' title="bbox 1955 3667 3537 3739">
     <span class='ocr_line' id='line_1_113' title="bbox 1955 3667 3537 3739; baseline -0.006 -12"><span class='ocrx_word' id='word_1_802' title='bbox 1955 3674 2333 3739; x_wconf 86' lang='lat' dir='ltr'><strong>lamentantes,</strong></span> <span class='ocrx_word' id='word_1_803' title='bbox 2360 3688 2422 3727; x_wconf 89' lang='lat' dir='ltr'><strong>ac</strong></span> <span class='ocrx_word' id='word_1_804' title='bbox 2453 3686 2596 3739; x_wconf 74' lang='lat' dir='ltr'><strong>Strpc</strong></span> <span class='ocrx_word' id='word_1_805' title='bbox 2625 3669 2834 3737; x_wconf 74' lang='lat' dir='ltr'><strong>reji-cti,</strong></span> <span class='ocrx_word' id='word_1_806' title='bbox 2873 3668 3061 3723; x_wconf 87' lang='lat' dir='ltr'><strong>eadem</strong></span> <span class='ocrx_word' id='word_1_807' title='bbox 3096 3670 3271 3721; x_wconf 87' lang='lat' dir='ltr'><strong>lacere</strong></span> <span class='ocrx_word' id='word_1_808' title='bbox 3303 3680 3409 3718; x_wconf 91' lang='lat' dir='ltr'><strong>non</strong></span> <span class='ocrx_word' id='word_1_809' title='bbox 3443 3667 3537 3718; x_wconf 80' lang='lat' dir='ltr'><strong>dc-</strong></span> 
     </span>
    </p>
   </div>
   <div class='ocr_carea' id='block_1_114' title="bbox 1955 3754 3536 3828">
    <p class='ocr_par' dir='ltr' id='par_1_114' title="bbox 1955 3754 3536 3828">
     <span class='ocr_line' id='line_1_114' title="bbox 1955 3754 3536 3828; baseline -0.008 -10"><span class='ocrx_word' id='word_1_810' title='bbox 1955 3766 2197 3827; x_wconf 88' lang='lat' dir='ltr'><strong>sierunt;</strong></span> <span class='ocrx_word' id='word_1_811' title='bbox 2236 3761 2331 3816; x_wconf 91' lang='lat' dir='ltr'><strong>sed</strong></span> <span class='ocrx_word' id='word_1_812' title='bbox 2360 3763 2613 3814; x_wconf 86' lang='lat' dir='ltr'><strong>insistunt</strong></span> <span class='ocrx_word' id='word_1_813' title='bbox 2642 3774 2738 3828; x_wconf 85' lang='lat' dir='ltr'><strong>per</strong></span> <span class='ocrx_word' id='word_1_814' title='bbox 2779 3758 2895 3812; x_wconf 88' lang='lat' dir='ltr'><strong>dies</strong></span> <span class='ocrx_word' id='word_1_815' title='bbox 2939 3756 3204 3825; x_wconf 82' lang='lat' dir='ltr'><strong>singulos,</strong></span> <span class='ocrx_word' id='word_1_816' title='bbox 3251 3754 3536 3823; x_wconf 88' lang='lat' dir='ltr'><strong>implentes</strong></span> 
     </span>
    </p>
   </div>
   <div class='ocr_carea' id='block_1_115' title="bbox 1959 3846 3533 3919">
    <p class='ocr_par' dir='ltr' id='par_1_115' title="bbox 1959 3846 3533 3919">
     <span class='ocr_line' id='line_1_115' title="bbox 1959 3846 3533 3919; baseline -0.005 -13"><span class='ocrx_word' id='word_1_817' title='bbox 1959 3869 2116 3909; x_wconf 88' lang='lat' dir='ltr'><strong>aures</strong></span> <span class='ocrx_word' id='word_1_818' title='bbox 2160 3852 2404 3905; x_wconf 88' lang='lat' dir='ltr'><strong>oumium</strong></span> <span class='ocrx_word' id='word_1_819' title='bbox 2446 3850 2669 3905; x_wconf 88' lang='lat' dir='ltr'><strong>vocibus</strong></span> <span class='ocrx_word' id='word_1_820' title='bbox 2698 3849 3033 3919; x_wconf 83' lang='lat' dir='ltr'><strong>lacrymosis.</strong></span> <span class='ocrx_word' id='word_1_821' title='bbox 3070 3846 3162 3903; x_wconf 83' lang='lat' dir='ltr'><strong>liis</strong></span> <span class='ocrx_word' id='word_1_822' title='bbox 3204 3846 3419 3917; x_wconf 86' lang='lat' dir='ltr'><strong>quidem</strong></span> <span class='ocrx_word' id='word_1_823' title='bbox 3468 3848 3533 3898; x_wconf 87' lang='lat' dir='ltr'><strong>ad</strong></span> 
     </span>
    </p>
   </div>
   <div class='ocr_carea' id='block_1_116' title="bbox 1957 3940 3533 4010">
    <p class='ocr_par' dir='ltr' id='par_1_116' title="bbox 1957 3940 3533 4010">
     <span class='ocr_line' id='line_1_116' title="bbox 1957 3940 3533 4010; baseline -0.004 -12"><span class='ocrx_word' id='word_1_824' title='bbox 1957 3959 2051 3999; x_wconf 89' lang='lat' dir='ltr'><strong>eos</strong></span> <span class='ocrx_word' id='word_1_825' title='bbox 2096 3942 2461 4010; x_wconf 88' lang='lat' dir='ltr'><strong>sermonibus,</strong></span> <span class='ocrx_word' id='word_1_826' title='bbox 2512 3942 2706 4010; x_wconf 88' lang='lat' dir='ltr'><strong>quibus</strong></span> <span class='ocrx_word' id='word_1_827' title='bbox 2736 3941 2996 4009; x_wconf 81' lang='lat' dir='ltr'><strong>Oportuit,</strong></span> <span class='ocrx_word' id='word_1_828' title='bbox 3038 3940 3120 3995; x_wconf 90' lang='lat' dir='ltr'><strong>usi</strong></span> <span class='ocrx_word' id='word_1_829' title='bbox 3165 3954 3373 4007; x_wconf 89' lang='lat' dir='ltr'><strong>sumus,</strong></span> <span class='ocrx_word' id='word_1_830' title='bbox 3410 3955 3533 3993; x_wconf 87' lang='lat' dir='ltr'><strong>cum</strong></span> 
     </span>
    </p>
   </div>
   <div class='ocr_carea' id='block_1_117' title="bbox 1960 4030 3534 4104">
    <p class='ocr_par' dir='ltr' id='par_1_117' title="bbox 1960 4030 3534 4104">
     <span class='ocr_line' id='line_1_117' title="bbox 1960 4030 3534 4104; baseline -0.004 -16"><span class='ocrx_word' id='word_1_831' title='bbox 1960 4035 2162 4104; x_wconf 83' lang='lat' dir='ltr'><strong>negotii</strong></span> <span class='ocrx_word' id='word_1_832' title='bbox 2200 4049 2388 4087; x_wconf 90' lang='lat' dir='ltr'><strong>eorum</strong></span> <span class='ocrx_word' id='word_1_833' title='bbox 2430 4049 2610 4089; x_wconf 81' lang='lat' dir='ltr'><strong>veram</strong></span> <span class='ocrx_word' id='word_1_834' title='bbox 2657 4032 2813 4087; x_wconf 82' lang='lat' dir='ltr'><strong>[idem</strong></span> <span class='ocrx_word' id='word_1_835' title='bbox 2858 4033 3206 4086; x_wconf 86' lang='lat' dir='ltr'><strong>nesciremus.</strong></span> <span class='ocrx_word' id='word_1_836' title='bbox 3249 4030 3355 4086; x_wconf 87' lang='lat' dir='ltr'><strong>Sed</strong></span> <span class='ocrx_word' id='word_1_837' title='bbox 3400 4045 3534 4099; x_wconf 82' lang='lat' dir='ltr'><strong>quo-</strong></span> 
     </span>
    </p>
   </div>
   <div class='ocr_carea' id='block_1_118' title="bbox 1962 4123 3534 4195">
    <p class='ocr_par' dir='ltr' id='par_1_118' title="bbox 1962 4123 3534 4195">
     <span class='ocr_line' id='line_1_118' title="bbox 1962 4123 3534 4195; baseline -0.003 -16"><span class='ocrx_word' id='word_1_838' title='bbox 1962 4126 2107 4179; x_wconf 89' lang='lat' dir='ltr'><strong>niam</strong></span> <span class='ocrx_word' id='word_1_839' title='bbox 2150 4125 2420 4195; x_wconf 87' lang='lat' dir='ltr'><strong>apertiore</strong></span> <span class='ocrx_word' id='word_1_840' title='bbox 2462 4123 2617 4179; x_wconf 90' lang='lat' dir='ltr'><strong>nobis</strong></span> <span class='ocrx_word' id='word_1_841' title='bbox 2654 4124 2722 4179; x_wconf 91' lang='lat' dir='ltr'><strong>de</strong></span> <span class='ocrx_word' id='word_1_842' title='bbox 2752 4124 2926 4177; x_wconf 90' lang='lat' dir='ltr'><strong>causis</strong></span> <span class='ocrx_word' id='word_1_843' title='bbox 2966 4138 3151 4179; x_wconf 90' lang='lat' dir='ltr'><strong>eorum</strong></span> <span class='ocrx_word' id='word_1_844' title='bbox 3185 4123 3372 4176; x_wconf 91' lang='lat' dir='ltr'><strong>notitia</strong></span> <span class='ocrx_word' id='word_1_845' title='bbox 3400 4137 3534 4190; x_wconf 82' lang='lat' dir='ltr'><strong>Opus</strong></span> 
     </span>
    </p>
   </div>
   <div class='ocr_carea' id='block_1_119' title="bbox 1963 4216 3534 4288">
    <p class='ocr_par' dir='ltr' id='par_1_119' title="bbox 1963 4216 3534 4288">
     <span class='ocr_line' id='line_1_119' title="bbox 1963 4216 3534 4288; baseline -0.005 -15"><span class='ocrx_word' id='word_1_846' title='bbox 1963 4228 2065 4283; x_wconf 89' lang='lat' dir='ltr'><strong>est,</strong></span> <span class='ocrx_word' id='word_1_847' title='bbox 2096 4234 2163 4273; x_wconf 91' lang='lat' dir='ltr'><strong>ne</strong></span> <span class='ocrx_word' id='word_1_848' title='bbox 2195 4218 2468 4288; x_wconf 90' lang='lat' dir='ltr'><strong>piissimus</strong></span> <span class='ocrx_word' id='word_1_849' title='bbox 2500 4226 2556 4270; x_wconf 88' lang='lat' dir='ltr'><strong>et</strong></span> <span class='ocrx_word' id='word_1_850' title='bbox 2594 4216 3075 4271; x_wconf 75' lang='lat' dir='ltr'><strong>christianissimus</strong></span> <span class='ocrx_word' id='word_1_851' title='bbox 3117 4216 3409 4283; x_wconf 88' lang='lat' dir='ltr'><strong>imperator</strong></span> <span class='ocrx_word' id='word_1_852' title='bbox 3440 4232 3534 4268; x_wconf 84' lang='lat' dir='ltr'><strong>no-</strong></span> 
     </span>
    </p>
   </div>
   <div class='ocr_carea' id='block_1_120' title="bbox 1960 4307 3537 4377">
    <p class='ocr_par' dir='ltr' id='par_1_120' title="bbox 1960 4307 3537 4377">
     <span class='ocr_line' id='line_1_120' title="bbox 1960 4307 3537 4377; baseline -0.007 -9"><span class='ocrx_word' id='word_1_853' title='bbox 1960 4322 2075 4369; x_wconf 76' lang='lat' dir='ltr'><strong>SIer</strong></span> <span class='ocrx_word' id='word_1_854' title='bbox 2104 4310 2402 4366; x_wconf 86' lang='lat' dir='ltr'><strong>molestiam</strong></span> <span class='ocrx_word' id='word_1_855' title='bbox 2432 4323 2576 4377; x_wconf 71' lang='lat' dir='ltr'><strong>smpe</strong></span> <span class='ocrx_word' id='word_1_856' title='bbox 2605 4308 2779 4363; x_wconf 88' lang='lat' dir='ltr'><strong>abhis</strong></span> <span class='ocrx_word' id='word_1_857' title='bbox 2806 4307 3101 4369; x_wconf 87' lang='lat' dir='ltr'><strong>sustineat;</strong></span> <span class='ocrx_word' id='word_1_858' title='bbox 3136 4323 3203 4360; x_wconf 89' lang='lat' dir='ltr'><strong>ne</strong></span> <span class='ocrx_word' id='word_1_859' title='bbox 3231 4320 3354 4375; x_wconf 88' lang='lat' dir='ltr'><strong>nos,</strong></span> <span class='ocrx_word' id='word_1_860' title='bbox 3388 4308 3537 4376; x_wconf 80' lang='lat' dir='ltr'><strong>igno-</strong></span> 
     </span>
    </p>
   </div>
   <div class='ocr_carea' id='block_1_121' title="bbox 1965 4395 3537 4463">
    <p class='ocr_par' dir='ltr' id='par_1_121' title="bbox 1965 4395 3537 4463">
     <span class='ocr_line' id='line_1_121' title="bbox 1965 4395 3537 4463; baseline -0.004 -9"><span class='ocrx_word' id='word_1_861' title='bbox 1965 4410 2153 4455; x_wconf 88' lang='lat' dir='ltr'><strong>rantes</strong></span> <span class='ocrx_word' id='word_1_862' title='bbox 2182 4415 2368 4453; x_wconf 89' lang='lat' dir='ltr'><strong>eorum</strong></span> <span class='ocrx_word' id='word_1_863' title='bbox 2400 4412 2612 4463; x_wconf 65' lang='lat' dir='ltr'><strong>causas,</strong></span> <span class='ocrx_word' id='word_1_864' title='bbox 2650 4398 2793 4451; x_wconf 91' lang='lat' dir='ltr'><strong>circa</strong></span> <span class='ocrx_word' id='word_1_865' title='bbox 2824 4396 3021 4463; x_wconf 80' lang='lat' dir='ltr'><strong>negotii</strong></span> <span class='ocrx_word' id='word_1_866' title='bbox 3055 4395 3423 4448; x_wconf 55' lang='lat' dir='ltr'><strong>defensionem</strong></span> <span class='ocrx_word' id='word_1_867' title='bbox 3454 4397 3537 4449; x_wconf 87' lang='lat' dir='ltr'><strong>di-</strong></span> 
     </span>
    </p>
   </div>
   <div class='ocr_carea' id='block_1_122' title="bbox 1960 4484 3535 4559">
    <p class='ocr_par' dir='ltr' id='par_1_122' title="bbox 1960 4484 3535 4559">
     <span class='ocr_line' id='line_1_122' title="bbox 1960 4484 3535 4559; baseline -0.004 -14"><span class='ocrx_word' id='word_1_868' title='bbox 1960 4492 2226 4554; x_wconf 88' lang='lat' dir='ltr'><strong>vidamur,</strong></span> <span class='ocrx_word' id='word_1_869' title='bbox 2260 4489 2481 4559; x_wconf 86' lang='lat' dir='ltr'><strong>dignare</strong></span> <span class='ocrx_word' id='word_1_870' title='bbox 2519 4486 2674 4541; x_wconf 87' lang='lat' dir='ltr'><strong>nobis</strong></span> <span class='ocrx_word' id='word_1_871' title='bbox 2716 4486 2959 4540; x_wconf 90' lang='lat' dir='ltr'><strong>notitiam</strong></span> <span class='ocrx_word' id='word_1_872' title='bbox 2995 4484 3062 4540; x_wconf 91' lang='lat' dir='ltr'><strong>de</strong></span> <span class='ocrx_word' id='word_1_873' title='bbox 3103 4484 3188 4538; x_wconf 85' lang='lat' dir='ltr'><strong>his</strong></span> <span class='ocrx_word' id='word_1_874' title='bbox 3219 4485 3426 4553; x_wconf 83' lang='lat' dir='ltr'><strong>largiri,</strong></span> <span class='ocrx_word' id='word_1_875' title='bbox 3468 4501 3535 4539; x_wconf 88' lang='lat' dir='ltr'><strong>ne</strong></span> 
     </span>
    </p>
   </div>
   <div class='ocr_carea' id='block_1_123' title="bbox 1961 4574 3532 4650">
    <p class='ocr_par' dir='ltr' id='par_1_123' title="bbox 1961 4574 3532 4650">
     <span class='ocr_line' id='line_1_123' title="bbox 1961 4574 3532 4650; baseline -0.006 -14"><span class='ocrx_word' id='word_1_876' title='bbox 1961 4583 2044 4637; x_wconf 86' lang='lat' dir='ltr'><strong>vel</strong></span> <span class='ocrx_word' id='word_1_877' title='bbox 2068 4581 2305 4650; x_wconf 88' lang='lat' dir='ltr'><strong>quidam,</strong></span> <span class='ocrx_word' id='word_1_878' title='bbox 2331 4577 2629 4647; x_wconf 82' lang='lat' dir='ltr'><strong>ignorando</strong></span> <span class='ocrx_word' id='word_1_879' title='bbox 2654 4577 2913 4647; x_wconf 87' lang='lat' dir='ltr'><strong>justitiam</strong></span> <span class='ocrx_word' id='word_1_880' title='bbox 2935 4575 3197 4643; x_wconf 87' lang='lat' dir='ltr'><strong>veritatis,</strong></span> <span class='ocrx_word' id='word_1_881' title='bbox 3228 4574 3532 4643; x_wconf 79' lang='lat' dir='ltr'><strong>importuna</strong></span> 
     </span>
    </p>
   </div>
   <div class='ocr_carea' id='block_1_124' title="bbox 1958 4667 3539 4738">
    <p class='ocr_par' dir='ltr' id='par_1_124' title="bbox 1958 4667 3539 4738">
     <span class='ocr_line' id='line_1_124' title="bbox 1958 4667 3539 4738; baseline -0.004 -10"><span class='ocrx_word' id='word_1_882' title='bbox 1958 4674 2305 4729; x_wconf 87' lang='lat' dir='ltr'><strong>miseratione</strong></span> <span class='ocrx_word' id='word_1_883' title='bbox 2324 4672 2735 4735; x_wconf 86' lang='lat' dir='ltr'><strong>conturbentur,</strong></span> <span class='ocrx_word' id='word_1_884' title='bbox 2765 4668 2845 4723; x_wconf 81' lang='lat' dir='ltr'><strong>vel</strong></span> <span class='ocrx_word' id='word_1_885' title='bbox 2872 4669 3184 4723; x_wconf 74' lang='lat' dir='ltr'><strong>cenauicam</strong></span> <span class='ocrx_word' id='word_1_886' title='bbox 3216 4667 3539 4738; x_wconf 83' lang='lat' dir='ltr'><strong>indignatio-</strong></span> 
     </span>
    </p>
   </div>
   <div class='ocr_carea' id='block_1_125' title="bbox 2034 4847 3537 4913">
    <p class='ocr_par' dir='ltr' id='par_1_125' title="bbox 2034 4847 3537 4913">
     <span class='ocr_line' id='line_1_125' title="bbox 2034 4847 3537 4913; baseline -0.002 -10"><span class='ocrx_word' id='word_1_887' title='bbox 2034 4861 2055 4888; x_wconf 71' lang='grc' dir='ltr'><strong>ε</strong></span> <span class='ocrx_word' id='word_1_888' title='bbox 2084 4850 2156 4903; x_wconf 87' lang='lat' dir='ltr'><strong>lla</strong></span> <span class='ocrx_word' id='word_1_889' title='bbox 2184 4849 2366 4902; x_wconf 86' lang='lat' dir='ltr'><strong>Baluz.</strong></span> <span class='ocrx_word' id='word_1_890' title='bbox 2399 4850 2465 4902; x_wconf 88' lang='lat' dir='ltr'><strong>At</strong></span> <span class='ocrx_word' id='word_1_891' title='bbox 2494 4848 2689 4902; x_wconf 89' lang='lat' dir='ltr'><strong>Baron.</strong></span> <span class='ocrx_word' id='word_1_892' title='bbox 2712 4858 2767 4903; x_wconf 91' lang='lat' dir='ltr'><strong>et</strong></span> <span class='ocrx_word' id='word_1_893' title='bbox 2790 4847 2949 4913; x_wconf 90' lang='lat' dir='ltr'><strong>Lab.,</strong></span> <span class='ocrx_word' id='word_1_894' title='bbox 2978 4848 3254 4902; x_wconf 77' lang='lat' dir='ltr'><strong>secundum</strong></span> <span class='ocrx_word' id='word_1_895' title='bbox 3282 4848 3537 4901; x_wconf 80' lang='lat' dir='ltr'><strong>obtinente</strong></span> 
     </span>
    </p>
   </div>
   <div class='ocr_carea' id='block_1_126' title="bbox 1959 4917 3531 4987">
    <p class='ocr_par' dir='ltr' id='par_1_126' title="bbox 1959 4917 3531 4987">
     <span class='ocr_line' id='line_1_126' title="bbox 1959 4917 3531 4987; baseline 0.001 -16"><span class='ocrx_word' id='word_1_896' title='bbox 1959 4920 2254 4972; x_wconf 83' lang='lat' dir='ltr'><strong>concordia.</strong></span> <span class='ocrx_word' id='word_1_897' title='bbox 2278 4920 2393 4972; x_wconf 87' lang='lat' dir='ltr'><strong>Non</strong></span> <span class='ocrx_word' id='word_1_898' title='bbox 2423 4918 2670 4987; x_wconf 91' lang='lat' dir='ltr'><strong>displicet</strong></span> <span class='ocrx_word' id='word_1_899' title='bbox 2699 4918 2840 4985; x_wconf 89' lang='lat' dir='ltr'><strong>quod</strong></span> <span class='ocrx_word' id='word_1_900' title='bbox 2868 4917 3113 4972; x_wconf 86' lang='lat' dir='ltr'><strong>Labbeus</strong></span> <span class='ocrx_word' id='word_1_901' title='bbox 3142 4917 3209 4971; x_wconf 91' lang='lat' dir='ltr'><strong>ad</strong></span> <span class='ocrx_word' id='word_1_902' title='bbox 3238 4920 3531 4986; x_wconf 83' lang='lat' dir='ltr'><strong>marginem</strong></span> 
     </span>
    </p>
   </div>
   <div class='ocr_carea' id='block_1_127' title="bbox 1960 4988 3533 5053">
    <p class='ocr_par' dir='ltr' id='par_1_127' title="bbox 1960 4988 3533 5053">
     <span class='ocr_line' id='line_1_127' title="bbox 1960 4988 3533 5053; baseline -0.002 -12"><span class='ocrx_word' id='word_1_903' title='bbox 1960 4989 2257 5053; x_wconf 84' lang='lat' dir='ltr'><strong>annotavit,</strong></span> <span class='ocrx_word' id='word_1_904' title='bbox 2295 4989 2607 5041; x_wconf 86' lang='lat' dir='ltr'><strong>unanimiter</strong></span> <span class='ocrx_word' id='word_1_905' title='bbox 2651 4989 2915 5041; x_wconf 83' lang='lat' dir='ltr'><strong>nobiscum</strong></span> <span class='ocrx_word' id='word_1_906' title='bbox 2946 4988 3199 5041; x_wconf 86' lang='lat' dir='ltr'><strong>obtinente</strong></span> <span class='ocrx_word' id='word_1_907' title='bbox 3238 4989 3533 5053; x_wconf 86' lang='lat' dir='ltr'><strong>concordia,</strong></span> 
     </span>
    </p>
   </div>
   <div class='ocr_carea' id='block_1_128' title="bbox 1960 5056 3534 5127">
    <p class='ocr_par' dir='ltr' id='par_1_128' title="bbox 1960 5056 3534 5127">
     <span class='ocr_line' id='line_1_128' title="bbox 1960 5056 3534 5127; baseline -0.001 -17"><span class='ocrx_word' id='word_1_908' title='bbox 1960 5058 2332 5127; x_wconf 85' lang='lat' dir='ltr'><strong>impugnaturi.</strong></span> <span class='ocrx_word' id='word_1_909' title='bbox 2364 5057 2655 5112; x_wconf 85' lang='lat' dir='ltr'><strong>Garnerius</strong></span> <span class='ocrx_word' id='word_1_910' title='bbox 2677 5072 2806 5110; x_wconf 89' lang='lat' dir='ltr'><strong>vero</strong></span> <span class='ocrx_word' id='word_1_911' title='bbox 2839 5059 3012 5125; x_wconf 86' lang='lat' dir='ltr'><strong>ipsum</strong></span> <span class='ocrx_word' id='word_1_912' title='bbox 3038 5056 3196 5111; x_wconf 90' lang='lat' dir='ltr'><strong>etiam</strong></span> <span class='ocrx_word' id='word_1_913' title='bbox 3230 5066 3432 5127; x_wconf 73' lang='lat' dir='ltr'><strong>textum</strong></span> <span class='ocrx_word' id='word_1_914' title='bbox 3462 5057 3534 5109; x_wconf 89' lang='lat' dir='ltr'><strong>ita</strong></span> 
     </span>
    </p>
   </div>
   <div class='ocr_carea' id='block_1_129' title="bbox 1960 5126 3537 5197">
    <p class='ocr_par' dir='ltr' id='par_1_129' title="bbox 1960 5126 3537 5197">
     <span class='ocr_line' id='line_1_129' title="bbox 1960 5126 3537 5197; baseline -0.001 -16"><span class='ocrx_word' id='word_1_915' title='bbox 1960 5126 2303 5193; x_wconf 31' lang='lat' dir='ltr'><strong>eoiup’osuit:</strong></span> <span class='ocrx_word' id='word_1_916' title='bbox 2336 5127 2469 5181; x_wconf 79' lang='lat' dir='ltr'><strong>velut</strong></span> <span class='ocrx_word' id='word_1_917' title='bbox 2516 5130 2657 5197; x_wconf 83' lang='lat' dir='ltr'><strong>(vera</strong></span> <span class='ocrx_word' id='word_1_918' title='bbox 2700 5129 2831 5180; x_wconf 89' lang='lat' dir='ltr'><strong>inter</strong></span> <span class='ocrx_word' id='word_1_919' title='bbox 2861 5144 2952 5181; x_wconf 83' lang='lat' dir='ltr'><strong>nos</strong></span> <span class='ocrx_word' id='word_1_920' title='bbox 2994 5127 3268 5197; x_wconf 68' lang='lat' dir='ltr'><strong>secundum</strong></span> <span class='ocrx_word' id='word_1_921' title='bbox 3302 5126 3537 5197; x_wconf 86' lang='lat' dir='ltr'><strong>Scriptu-</strong></span> 
     </span>
    </p>
   </div>
   <div class='ocr_carea' id='block_1_130' title="bbox 1962 5194 3354 5268">
    <p class='ocr_par' dir='ltr' id='par_1_130' title="bbox 1962 5194 3354 5268">
     <span class='ocr_line' id='line_1_130' title="bbox 1962 5194 3354 5268; baseline -0.002 -17"><span class='ocrx_word' id='word_1_922' title='bbox 1962 5197 2320 5268; x_wconf 53' lang='lat' dir='ltr'><strong>rasoljtinente</strong></span> <span class='ocrx_word' id='word_1_923' title='bbox 2348 5196 2646 5265; x_wconf 87' lang='lat' dir='ltr'><strong>concordia)</strong></span> <span class='ocrx_word' id='word_1_924' title='bbox 2671 5198 2948 5268; x_wconf 86' lang='lat' dir='ltr'><strong>pugnaturi</strong></span> <span class='ocrx_word' id='word_1_925' title='bbox 2970 5198 3023 5249; x_wconf 88' lang='lat' dir='ltr'><strong>in</strong></span> <span class='ocrx_word' id='word_1_926' title='bbox 3051 5194 3354 5268; x_wconf 74' lang='lat' dir='ltr'><strong>Diabolum.</strong></span> 
     </span>
    </p>
   </div>
   <div class='ocr_carea' id='block_1_131' title="bbox 2033 5265 3539 5336">
    <p class='ocr_par' dir='ltr' id='par_1_131' title="bbox 2033 5265 3539 5336">
     <span class='ocr_line' id='line_1_131' title="bbox 2033 5265 3539 5336; baseline 0 -17"><span class='ocrx_word' id='word_1_927' title='bbox 2033 5265 2146 5320; x_wconf 60' lang='lat' dir='ltr'><strong>“lli</strong></span> <span class='ocrx_word' id='word_1_928' title='bbox 2190 5268 2487 5336; x_wconf 81' lang='lat' dir='ltr'><strong>Pelagiana:</strong></span> <span class='ocrx_word' id='word_1_929' title='bbox 2529 5265 2690 5320; x_wconf 76' lang='lat' dir='ltr'><strong>secta:</strong></span> <span class='ocrx_word' id='word_1_930' title='bbox 2727 5265 2852 5321; x_wconf 77' lang='lat' dir='ltr'><strong>sunt</strong></span> <span class='ocrx_word' id='word_1_931' title='bbox 2892 5266 3249 5333; x_wconf 86' lang='lat' dir='ltr'><strong>antesignani.</strong></span> <span class='ocrx_word' id='word_1_932' title='bbox 3295 5265 3539 5323; x_wconf 84' lang='lat' dir='ltr'><strong>Julianus</strong></span> 
     </span>
    </p>
   </div>
   <div class='ocr_carea' id='block_1_132' title="bbox 1964 5335 3538 5405">
    <p class='ocr_par' dir='ltr' id='par_1_132' title="bbox 1964 5335 3538 5405">
     <span class='ocr_line' id='line_1_132' title="bbox 1964 5335 3538 5405; baseline 0.001 -16"><span class='ocrx_word' id='word_1_933' title='bbox 1964 5335 2277 5389; x_wconf 78' lang='lat' dir='ltr'><strong>Eelanensis</strong></span> <span class='ocrx_word' id='word_1_934' title='bbox 2323 5335 2608 5405; x_wconf 85' lang='lat' dir='ltr'><strong>episcopus</strong></span> <span class='ocrx_word' id='word_1_935' title='bbox 2656 5336 2767 5391; x_wconf 88' lang='lat' dir='ltr'><strong>suis</strong></span> <span class='ocrx_word' id='word_1_936' title='bbox 2821 5338 2872 5389; x_wconf 92' lang='lat' dir='ltr'><strong>in</strong></span> <span class='ocrx_word' id='word_1_937' title='bbox 2922 5336 3274 5404; x_wconf 86' lang='lat' dir='ltr'><strong>Augustinum</strong></span> <span class='ocrx_word' id='word_1_938' title='bbox 3323 5337 3538 5405; x_wconf 88' lang='lat' dir='ltr'><strong>scriptis</strong></span> 
     </span>
    </p>
   </div>
   <div class='ocr_carea' id='block_1_133' title="bbox 1963 5404 3541 5472">
    <p class='ocr_par' dir='ltr' id='par_1_133' title="bbox 1963 5404 3541 5472">
     <span class='ocr_line' id='line_1_133' title="bbox 1963 5404 3541 5472; baseline 0.001 -14"><span class='ocrx_word' id='word_1_939' title='bbox 1963 5404 2576 5466; x_wconf 62' lang='lat' dir='ltr'><strong>famosissimasevasit.</strong></span> <span class='ocrx_word' id='word_1_940' title='bbox 2608 5406 2770 5459; x_wconf 88' lang='lat' dir='ltr'><strong>Floro</strong></span> <span class='ocrx_word' id='word_1_941' title='bbox 2811 5405 2903 5459; x_wconf 88' lang='lat' dir='ltr'><strong>ille</strong></span> <span class='ocrx_word' id='word_1_942' title='bbox 2944 5406 3057 5458; x_wconf 72' lang='lat' dir='ltr'><strong>haec</strong></span> <span class='ocrx_word' id='word_1_943' title='bbox 3092 5407 3293 5472; x_wconf 88' lang='lat' dir='ltr'><strong>scripta</strong></span> <span class='ocrx_word' id='word_1_944' title='bbox 3335 5421 3541 5459; x_wconf 88' lang='lat' dir='ltr'><strong>nuncu-</strong></span> 
     </span>
    </p>
   </div>
   <div class='ocr_carea' id='block_1_134' title="bbox 1967 5474 3540 5544">
    <p class='ocr_par' dir='ltr' id='par_1_134' title="bbox 1967 5474 3540 5544">
     <span class='ocr_line' id='line_1_134' title="bbox 1967 5474 3540 5544; baseline 0.004 -21"><span class='ocrx_word' id='word_1_945' title='bbox 1967 5476 2126 5543; x_wconf 82' lang='lat' dir='ltr'><strong>pavit,</strong></span> <span class='ocrx_word' id='word_1_946' title='bbox 2168 5476 2219 5528; x_wconf 91' lang='lat' dir='ltr'><strong>in</strong></span> <span class='ocrx_word' id='word_1_947' title='bbox 2257 5476 2449 5544; x_wconf 85' lang='lat' dir='ltr'><strong>quibus</strong></span> <span class='ocrx_word' id='word_1_948' title='bbox 2486 5484 2541 5529; x_wconf 87' lang='lat' dir='ltr'><strong>et</strong></span> <span class='ocrx_word' id='word_1_949' title='bbox 2568 5474 2815 5529; x_wconf 89' lang='lat' dir='ltr'><strong>eumdem</strong></span> <span class='ocrx_word' id='word_1_950' title='bbox 2848 5474 2987 5543; x_wconf 88' lang='lat' dir='ltr'><strong>apud</strong></span> <span class='ocrx_word' id='word_1_951' title='bbox 3020 5476 3393 5542; x_wconf 81' lang='lat' dir='ltr'><strong>Augustinum,</strong></span> <span class='ocrx_word' id='word_1_952' title='bbox 3440 5476 3540 5532; x_wconf 85' lang='lat' dir='ltr'><strong>lib.</strong></span> 
     </span>
    </p>
   </div>
   <div class='ocr_carea' id='block_1_135' title="bbox 1966 5544 3544 5616">
    <p class='ocr_par' dir='ltr' id='par_1_135' title="bbox 1966 5544 3544 5616">
     <span class='ocr_line' id='line_1_135' title="bbox 1966 5544 3544 5616; baseline -0.002 -17"><span class='ocrx_word' id='word_1_953' title='bbox 1966 5560 1983 5599; x_wconf 87' lang='grc' dir='ltr'><strong>ι</strong></span> <span class='ocrx_word' id='word_1_954' title='bbox 2010 5546 2110 5613; x_wconf 90' lang='lat' dir='ltr'><strong>Op.</strong></span> <span class='ocrx_word' id='word_1_955' title='bbox 2144 5544 2381 5616; x_wconf 48' lang='lat' dir='ltr'><strong>Imperi},</strong></span> <span class='ocrx_word' id='word_1_956' title='bbox 2409 5560 2459 5616; x_wconf 83' lang='lat' dir='ltr'><strong>c.</strong></span> <span class='ocrx_word' id='word_1_957' title='bbox 2490 5546 2547 5613; x_wconf 77' lang='lat'><strong>2,</strong></span> <span class='ocrx_word' id='word_1_958' title='bbox 2573 5545 2861 5616; x_wconf 65' lang='lat' dir='ltr'><strong>piissimum</strong></span> <span class='ocrx_word' id='word_1_959' title='bbox 2889 5555 3085 5616; x_wconf 81' lang='lat' dir='ltr'><strong>patrem</strong></span> <span class='ocrx_word' id='word_1_960' title='bbox 3110 5546 3360 5613; x_wconf 88' lang='lat' dir='ltr'><strong>appellat.</strong></span> <span class='ocrx_word' id='word_1_961' title='bbox 3390 5547 3544 5600; x_wconf 84' lang='lat' dir='ltr'><strong>Alter</strong></span> 
     </span>
    </p>
   </div>
   <div class='ocr_carea' id='block_1_136' title="bbox 1966 5613 3544 5685">
    <p class='ocr_par' dir='ltr' id='par_1_136' title="bbox 1966 5613 3544 5685">
     <span class='ocr_line' id='line_1_136' title="bbox 1966 5613 3544 5685; baseline 0 -16"><span class='ocrx_word' id='word_1_962' title='bbox 1966 5630 1997 5669; x_wconf 90' lang='lat' dir='ltr'><strong>e</strong></span> <span class='ocrx_word' id='word_1_963' title='bbox 2024 5615 2306 5684; x_wconf 76' lang='lat' dir='ltr'><strong>przecipuis</strong></span> <span class='ocrx_word' id='word_1_964' title='bbox 2329 5613 2528 5682; x_wconf 84' lang='lat' dir='ltr'><strong>Pelagii</strong></span> <span class='ocrx_word' id='word_1_965' title='bbox 2561 5613 2855 5685; x_wconf 76' lang='lat' dir='ltr'><strong>discipulis,</strong></span> <span class='ocrx_word' id='word_1_966' title='bbox 2889 5613 2898 5616; x_wconf 81' lang='grc'><em>’</em></span> <span class='ocrx_word' id='word_1_967' title='bbox 2926 5616 3164 5685; x_wconf 77' lang='lat' dir='ltr'><strong>Anianus</strong></span> <span class='ocrx_word' id='word_1_968' title='bbox 3200 5616 3436 5685; x_wconf 87' lang='lat' dir='ltr'><strong>nomine,</strong></span> <span class='ocrx_word' id='word_1_969' title='bbox 3463 5619 3544 5670; x_wconf 82' lang='lat' dir='ltr'><strong>lu-</strong></span> 
     </span>
    </p>
   </div>
   <div class='ocr_carea' id='block_1_137' title="bbox 1967 5682 3541 5765">
    <p class='ocr_par' dir='ltr' id='par_1_137' title="bbox 1967 5682 3541 5765">
     <span class='ocr_line' id='line_1_137' title="bbox 1967 5682 3541 5765; baseline 0.001 -27"><span class='ocrx_word' id='word_1_970' title='bbox 1967 5682 2455 5765; x_wconf 62' lang='lat' dir='ltr'><strong>ettlirationem_qua</strong></span> <span class='ocrx_word' id='word_1_971' title='bbox 2480 5682 3117 5765; x_wconf 19' lang='lat' dir='ltr'><strong>homili‘asphrysostom‘i</strong></span> <span class='ocrx_word' id='word_1_972' title='bbox 3140 5682 3429 5765; x_wconf 63' lang='lat' dir='ltr'><strong>Latinitate</strong></span> <span class='ocrx_word' id='word_1_973' title='bbox 3446 5685 3541 5765; x_wconf 67' lang='lat' dir='ltr'><strong>d9-</strong></span> 
     </span>
    </p>
   </div>
   <div class='ocr_carea' id='block_1_138' title="bbox 1970 5751 3510 5825">
    <p class='ocr_par' dir='ltr' id='par_1_138' title="bbox 1970 5751 3510 5825">
     <span class='ocr_line' id='line_1_138' title="bbox 1970 5751 3510 5825; baseline 0.002 -16"><span class='ocrx_word' id='word_1_974' title='bbox 1970 5754 2134 5825; x_wconf 85' lang='lat' dir='ltr'><strong>navit,</strong></span> <span class='ocrx_word' id='word_1_975' title='bbox 2160 5751 2383 5812; x_wconf 79' lang='lat' dir='ltr'><strong>Orontio</strong></span> <span class='ocrx_word' id='word_1_976' title='bbox 2404 5754 2693 5825; x_wconf 83' lang='lat' dir='ltr'><strong>inscripsit.</strong></span> <span class='ocrx_word' id='word_1_977' title='bbox 2717 5751 3004 5811; x_wconf 81' lang='lat' dir='ltr'><strong>‘ltdeinlra</strong></span> <span class='ocrx_word' id='word_1_978' title='bbox 3025 5753 3304 5825; x_wconf 85' lang='lat' dir='ltr'><strong>epistolam</strong></span> <span class='ocrx_word' id='word_1_979' title='bbox 3323 5756 3385 5813; x_wconf 77' lang='grc'><strong>19</strong></span> <span class='ocrx_word' id='word_1_980' title='bbox 3400 5771 3455 5811; x_wconf 85' lang='grc' dir='ltr'>ιι.</span> <span class='ocrx_word' id='word_1_981' title='bbox 3476 5758 3510 5812; x_wconf 84' lang='lat'><strong>6</strong></span> 
     </span>
    </p>
   </div>
  </div>
