3970 6180
512 430 619 486 ΗΘ
1290 420 1350 474 S.
1390 412 1780 473 COELESTIXI
1824 411 1840 465 l
1886 408 2086 465 i‘AP/E
2131 405 2485 464 EPISTULA}
2528 406 2613 462 ET
2658 398 3000 461 DECRETA.
3648 394 3740 451 «£10

516 544 773 613 gradibus
813 549 866 596 et
908 536 1189 594 laboribus
1235 543 1442 587 notum.
1486 533 1554 585 At
1583 530 1662 583 illi
1714 526 1921 591 miseri,
1951 523 2093 596 quod
2124 527 2168 586 Α
2269 522 2443 579 6.Scd
2467 520 2593 593 quid
2620 520 2807 576 multis
2831 517 3043 574 morer?
3068 514 3634 584 Collabora,ob9ecro,
3661 534 3745 575 no.

518 640 751 691 futurum
786 632 960 686 fuerat
991 630 1326 698 ignorantes,
1356 623 1609 677 oli’erenti
1638 636 1761 675 eum
1794 620 1924 673 mibi
1966 619 2095 671 obe-

519 723 859 782 dientissime
906 718 1279 774 crediderunt.
1320 714 1459 783 Quid
1494 713 1683 783 plura?
1733 711 1933 767 factum
1988 720 2092 775 est,

519 834 641 875 esse
674 816 779 870 illis
801 814 1089 881 episcopus
1119 810 1302 878 cmpit.

593 910 648 961 .5.
682 904 822 973 Quid
868 900 1254 958 faciam?Nolo
1305 898 1445 971 apud
1493 906 1639 953 tuam
1685 894 2097 952 venerationem

523 1012 747 1069 gravare
788 1012 943 1065 quem
1002 992 1347 1047 nutriendum
1398 988 1626 1059 collegi;
1676 988 1802 1043 nolo
1846 986 2102 1042 deserere

523 1106 658 1162 quos
699 1087 1032 1159 colligendos
1068 1085 1356 1140 timoribus
1384 1090 1441 1137 et
1477 1082 1760 1136 doloribus
1792 1079 2097 1149 parturivi;

526 1196 581 1240 et
618 1184 887 1256 quomodo
918 1189 1203 1249 utrumque
1233 1193 1410 1248 agam,
1439 1176 1681 1246 reperire
1713 1188 1819 1228 non
1851 1188 2096 1242 possunt.

532 1278 639 1332 Res
669 1276 865 1346 quippe
901 1274 967 1327 ad
1001 1283 1209 1326 tantum
1245 1269 1560 1325 scandalum
1602 1268 1769 1334 venit,
1801 1278 1861 1323 ut
1889 1265 1939 1320 in
1981 1282 2105 1320 cum

531 1369 617 1424 ltic
635 1366 775 1435 apud
801 1380 898 1419 nos
913 1379 1105 1421 causas
1134 1363 1405 1425 dicerent,
1421 1361 1511 1430 qui
1533 1360 1602 1415 de
1627 1360 1768 1414 illius
1791 1358 2105 1427 episc0patu

527 1457 891 1529 suscipiendo,
929 1467 1199 1523 tamquam
1231 1454 1368 1508 bene
1399 1451 1505 1506 sibi
1545 1450 1979 1513 consulentibus,
2006 1450 2107 1504 ob-

532 1559 972 1622 temperaverant
1004 1547 1181 1602 nobis.
1214 1545 1270 1599 ln
1295 1545 1491 1615 quibus
1533 1544 1711 1598 causis
1737 1559 1859 1597 eum
1889 1551 2106 1611 stupro-

528 1662 651 1701 rum
680 1642 907 1699 crimina
937 1638 1205 1708 capitalia,
1234 1654 1353 1707 qua:
1378 1652 1484 1690 non
1515 1636 1582 1689 ab
1608 1636 1736 1703 ipsis
1768 1635 1959 1703 quibus
1994 1634 2109 1704 epi-

526 1752 725 1807 scopus
750 1744 885 1803 erat,
919 1733 1016 1788 sed
1046 1732 1115 1785 ab
1144 1732 1266 1785 aliis
1292 1729 1613 1800 quibusdam
1640 1728 1848 1796 objecta
1873 1726 2106 1791 fuerant,

531 1829 745 1899 probari
777 1827 996 1882 minime
1028 1822 1355 1894 potuissent,
1387 1833 1548 1889 atque
1594 1820 1661 1873 ab
1708 1821 1771 1874 iis
1820 1835 1941 1889 qua:
1973 1818 2107 1872 iuvi-

532 1922 841 1976 diosissime
885 1917 1262 1987 jactabantur,
1314 1914 1591 1968 videretur
1648 1926 1771 1965 esse
1829 1920 2109 1980 purgatus,
2145 1905 2189 1964 B

535 2024 641 2068 tam
673 2009 1011 2066 miserandus
1042 2009 1215 2063 tactus
1246 2014 1332 2061 est
1348 2015 1399 2059 et
1430 2004 1585 2059 nobis
1616 2014 1670 2057 ct
1701 2004 1844 2068 aliis,
1872 2014 1926 2055 ut
1956 2001 2115 2072 quid-

527 2102 663 2175 quid
692 2118 721 2155 a
761 2101 1074 2155 castellmis
1117 2108 1170 2153 et
1216 2096 1360 2151 illius
1396 2094 1632 2166 regionis
1682 2094 1994 2147 hominibus
2047 2092 2115 2147 de

533 2192 861 2252 intolerabili
894 2187 1284 2256 dominatione,
1314 2186 1381 2241 de
1421 2185 1625 2253 rapinis
1657 2194 1706 2239 et
1746 2184 1978 2239 diversis
2018 2198 2117 2253 op-

535 2283 904 2355 pressionibus
949 2292 1003 2337 et
1047 2277 1463 2336 contritionibus
1505 2276 1885 2346 objiciebatur,
1913 2291 2117 2345 nequa-

528 2396 692 2451 quam
719 2378 873 2433 nobis
906 2377 1011 2431 tale
1042 2374 1337 2437 videretur,
1372 2379 1429 2427 ut
1458 2381 1680 2440 propter
1727 2370 1829 2425 hoc
1874 2367 1959 2424 vel
1992 2383 2118 2438 pro-

538 2483 657 2543 pter
684 2471 845 2525 simul
875 2478 1068 2525 euneta
1115 2474 1397 2537 congesta,
1427 2466 1740 2534 episcopatu
1788 2478 1912 2516 cum
1966 2470 2118 2530 puta-

534 2578 720 2619 remus
756 2578 877 2617 esse
923 2558 1267 2629 privandum,
1300 2557 1395 2611 sed
1436 2554 1769 2610 restituenda
1820 2568 1938 2623 qui:
1982 2565 2111 2621 pro-

534 2656 795 2709 barentur
822 2651 1023 2706 ablata.

608 2746 663 2801 5.
688 2745 930 2814 Denique
970 2740 1273 2797 sententias
1318 2748 1538 2794 nostras
1565 2738 1643 2792 sic
1672 2734 2115 2805 temperavimus,

530 2849 593 2895 ut
620 2839 768 2893 salvo
817 2835 1153 2905 episcOpatu,
1193 2848 1299 2886 non
1354 2839 1530 2885 tamen
1581 2829 1806 2883 omnino
1856 2826 2119 2895 impunita

536 2931 997 3001 relinquerentur,
1031 2940 1151 2996 quae
1196 2942 1304 2979 non
1336 2922 1602 2980 deberent
1651 2922 1735 2975 vel
1789 2918 1967 2974 eidem
2018 2918 2118 2988 ipsi

527 3023 791 3090 deinceps
820 3020 1126 3087 iterumque
1156 3014 1423 3083 facienda,
1452 3014 1535 3068 vel
1564 3012 1787 3067 exteris
1835 3008 2117 3073 imitanda,

530 3113 787 3184 proponi.
831 3111 1102 3165 llonorem
1152 3108 1334 3176 itaque
1372 3108 1641 3176 integrum
1674 3104 2011 3159 servavimus
2032 3102 2121 3172 ju-

528 3204 654 3259 veni
700 3198 1170 3272 corrigendo;sed
1219 3196 1565 3267 corripiendo
1616 3196 1908 3249 minuimus
1962 3204 2117 3261 pote-

2202 617 2430 681 biscum,
2466 616 2665 684 pietate
2715 610 3040 667 venerabilis
3088 609 3306 663 domine
3363 608 3674 675 beatissime,
3700 621 3748 666 et

2198 708 2377 763 debita
2408 706 2671 761 cltaritate
2699 701 3010 758 venerande
3038 708 3226 755 sancte
3254 715 3413 768 papa,
3442 709 3493 753 et
3516 700 3640 769 jube
3661 702 3746 760 tibi

2200 817 2318 867 qua!
2355 800 2561 854 directa
2595 807 2721 853 sunt
2755 796 2934 852 omnia
2979 796 3214 851 recitari.
3247 795 3381 851 Vide
3406 796 3748 867 episcopatum

2201 894 2436 963 qualiter
2465 892 2727 963 gesserit;
2751 888 3209 960 quemadmodum
3233 887 3435 956 judicio
3461 896 3633 944 nostro
3672 906 3751 947 us-

2202 1002 2305 1058 que
2349 985 2482 1040 adeo
2526 984 2887 1044 consenserit,
2930 980 3313 1035 communione
3367 979 3631 1048 privatus,
3664 983 3752 1037 nisi

2210 1079 2359 1147 prius
2382 1074 2797 1134 Fussalensibus
2822 1072 3003 1127 omnia
3036 1072 3421 1137 redderentur;
3452 1071 3556 1141 jam
3588 1085 3753 1143 postea

2208 1180 2264 1223 ut
2292 1184 2349 1224 re
2390 1176 2509 1222 aeta
2552 1166 2834 1221 :cstimatis
2858 1164 3022 1219 rebus
3045 1162 3250 1216 solidos
3280 1165 3601 1232 seposuerit,
3634 1176 3682 1218 ut
3711 1165 3753 1219 ei

2206 1260 2523 1315 communio
2565 1257 2915 1323 redderetur;
2949 1270 3106 1326 quam
3135 1264 3351 1311 versuta
3378 1258 3621 1311 suasione
3649 1272 3760 1311 san-

2207 1360 2352 1407 ctum
2392 1363 2577 1406 senem
2612 1357 2639 1385 ιι
2672 1346 2957 1418 primatem
3001 1355 3243 1402 nostrum
3292 1347 3470 1416 gravis
3502 1348 3654 1401 imum
3693 1351 3760 1402 vi-

2211 1458 2353 1510 rum,
2376 1449 2432 1495 ut
2460 1442 2508 1495 ei
2550 1448 2745 1496 cuncta
2787 1438 3059 1504 crederet,
3089 1454 3247 1508 quem
3278 1440 3424 1491 velut
3449 1441 3586 1492 omni
3615 1440 3760 1493 modo

2212 1533 2544 1602 inculpatum
2585 1529 2893 1586 venerando
2924 1545 3075 1601 papa;
3124 1529 3400 1585 Bonifacio
3450 1532 3763 1587 commenda-

2212 1635 2316 1687 ret,
2343 1623 2643 1687 iuduxerit;
2689 1632 2745 1677 et
2799 1633 2995 1676 cmtera
3023 1636 3143 1691 qua:
3169 1637 3198 1674 a
3245 1636 3331 1675 me
3361 1622 3488 1691 quid
3526 1637 3653 1691 opus
3688 1631 3762 1676 est

2215 1718 2403 1783 recoli,
2428 1733 2550 1773 cum
2598 1728 2932 1772 memoratus
2978 1714 3308 1770 venerabilis
3352 1730 3519 1769 senex
3544 1716 3603 1769 ad
3631 1726 3757 1769 luant

2214 1809 2631 1865 sanctimoniam
2662 1810 2912 1863 universa
2942 1808 3233 1863 retuletit?

2290 1902 2339 1954 7.
2375 1900 2432 1955 In
2462 1901 2568 1954 illis
2597 1912 2778 1953 autent
2832 1898 3223 1969 multiplicibus
3276 1899 3444 1968 gestis
3496 1898 3674 1968 quibus
3710 1897 3768 1951 de

2221 1992 2311 2047 illo
2359 2002 2600 2046 nostrum
2642 1991 2902 2060 judicium
2951 1992 3279 2053 continetur,
3317 1991 3489 2059 magis
3537 1990 3765 2043 deberem

2218 2084 2413 2148 vereri,
2442 2098 2509 2138 ne
2536 2083 2630 2136 tibi
2658 2082 2834 2137 minus
2859 2096 3052 2136 severe
3080 2097 3238 2151 quam
3262 2090 3541 2151 oporteret
3559 2080 3763 2150 judieas-

2218 2190 2278 2229 se
2322 2175 2634 2240 videamur;
2670 2175 2771 2229 nisi
2829 2175 3026 2228 scirem
3079 2188 3175 2227 vos
3224 2184 3328 2227 tam
3382 2188 3671 2243 propensos
3713 2170 3769 2224 ad

2222 2266 2674 2331 misericordiam,
2706 2276 2761 2317 ut
2802 2280 2905 2318 non
2931 2265 3105 2319 solum
3147 2263 3324 2328 nobis,
3349 2265 3475 2334 quia
3500 2263 3572 2317 illi
3603 2277 3773 2331 peper-

2219 2360 2413 2421 cimus.
2462 2374 2656 2414 verum
2702 2358 2865 2411 etiam
2919 2358 3015 2425 ip~i
3056 2355 3378 2410 existimetis
3411 2371 3532 2409 esse
3574 2369 3775 2425 parcen-

2223 2451 2369 2506 dum.
2390 2451 2495 2506 Sed
2523 2449 2799 2519 ille,quod
2831 2464 2863 2502 a
2894 2448 3047 2501 nobis
3077 2459 3168 2501 aut
3198 2446 3431 2516 benigne
3461 2457 3548 2501 aut
3577 2446 3777 2500 remisse

2223 2544 2422 2598 factum
2464 2552 2568 2609 est,
2604 2543 2655 2595 in
2704 2538 3174 2609 praescriptionem
3206 2548 3423 2593 vertere
3452 2546 3604 2608 atque
3643 2549 3777 2587 usur-

2222 2650 2352 2705 pare
2378 2641 2629 2687 conatur.
2662 2629 2875 2685 Clamat
2902 2647 2915 2684 :
2946 2632 3047 2683 Aut
3077 2631 3131 2681 in
3164 2646 3275 2682 mea
3322 2628 3572 2683 cathedra
3617 2626 3775 2680 sedere

2222 2725 2398 2789 debui,
2430 2733 2521 2778 aut
2550 2723 2826 2791 episcopus
2854 2737 2961 2775 esse
2993 2737 3096 2774 non
3140 2720 3328 2787 debui;
3350 2721 3507 2790 quasi
3538 2734 3672 2773 nunc
3704 2732 3778 2770 se-

2220 2818 2349 2873 deat
2378 2818 2481 2871 nisi
2516 2817 2569 2870 in
2596 2832 2713 2871 sua.
2744 2815 2979 2885 Propter
3008 2813 3110 2869 hoc
3140 2814 3287 2869 enim
3318 2816 3437 2869 loca
3490 2815 3577 2868 illa
3622 2813 3776 2866 eidem

2222 2911 2444 2965 dimissa
2489 2919 2651 2979 atque
2701 2907 2965 2978 permissa
3000 2916 3129 2961 sunt
3178 2907 3231 2961 in
3287 2909 3494 2977 quibus
3544 2915 3597 2961 et
3648 2905 3779 2974 prius

2221 3002 2515 3073 episeOpus
2564 3009 2702 3062 erat,
2738 3014 2805 3054 ne
2854 2999 2907 3052 in
2960 2997 3194 3052 alit-nam
3250 2997 3563 3053 cathedram
3612 3004 3779 3051 contra

2223 3103 2421 3149 statuta
2468 3104 2682 3163 patrum
2714 3088 2742 3128 δ
2771 3088 3065 3145 translatus
3117 3089 3310 3144 illcite
3353 3089 3645 3145 diceretur.
3688 3089 3781 3140 Aut

2224 3201 2355 3242 vero
2380 3186 2663 3256 quisquam
2696 3182 2768 3237 ita
2823 3197 2944 3237 esse
2999 3182 3162 3237 debet
3196 3182 3314 3237 sive
3346 3180 3655 3237 severitatis
3678 3177 3782 3232 sive

530 3307 749 3360 statem,
794 3310 862 3349 ue
901 3294 1107 3347 scilicet
1150 3292 1231 3346 eis
1278 3300 1534 3359 przeesset
1564 3290 1812 3351 ulterius,
1847 3303 1969 3342 cum
2000 3287 2116 3356 qoi-
2144 3279 2188 3339 C
2224 3281 2468 3336 lenitatis
2497 3286 2741 3344 exactor,
2775 3287 2832 3331 ut
2858 3276 2953 3346 qui
2990 3292 3095 3331 non
3127 3276 3226 3330 visi
3272 3274 3480 3331 fuerint
3522 3276 3782 3344 episcopa-

532 3391 635 3445 bus
682 3389 762 3443 sic
816 3396 1019 3456 egerat,
1053 3395 1110 3437 ut
1139 3383 1327 3438 dolore
1371 3382 1519 3452 justo
1555 3397 1678 3435 eum
1731 3381 1836 3435 sibi
1882 3394 2118 3447 prmesse

531 3480 682 3537 ferre
729 3479 951 3533 omnino
996 3490 1103 3529 non
1149 3482 1391 3543 possent,
1427 3483 1480 3527 et
1526 3488 1649 3526 cum
1708 3488 1808 3526 suo
1870 3471 2119 3538 illiusque

533 3571 779 3642 perit-nlo
806 3570 860 3624 in
900 3567 1116 3637 aliquod
1150 3565 1327 3619 scelus
1357 3563 1582 3619 forsitan
1608 3574 1921 3632 erupturam
1948 3562 2119 3628 impa-

533 3663 777 3720 tientiam
805 3662 887 3716 sui
926 3658 1133 3714 doloris
1164 3655 1537 3711 ostenderent.
1574 3653 1813 3721 Quorum
1844 3653 1970 3707 talis
1998 3654 2117 3707 ani-

532 3772 652 3811 mus
698 3754 859 3809 etiam
914 3761 1062 3813 tunc,
1088 3748 1302 3821 quando
1332 3763 1455 3802 eum
1498 3748 1581 3802 eis
1623 3745 1692 3800 de
1727 3744 1819 3799 illo
1870 3744 2110 3813 episcopi

527 3852 778 3915 egerunt,
809 3842 1089 3899 evidenter
1112 3838 1381 3909 apparuit,
1409 3852 1530 3892 eum
1558 3837 1667 3906 jam
1692 3834 1773 3890 vir
1799 3835 2113 3903 spectabilis

526 3939 704 4005 Celer,
739 3938 805 3993 de
829 3936 983 4008 cujus
1013 3933 1297 3988 adversum
1326 3946 1387 3986 se
1414 3928 1737 4000 praepotenti
1768 3927 2116 3982 adminiSIra-

528 4034 676 4087 tione
700 4036 1031 4099 conquestus
1064 4035 1169 4094 est,
1204 4023 1408 4079 nullam
1438 4031 1592 4094 gerat
1624 4022 1707 4078 vel
1737 4022 1789 4076 in
1819 4020 2000 4075 Africa
2025 4020 2111 4076 vel

527 4124 736 4200 uspiam
770 4129 1110 4193 potestatem.

531 4255 760 4315 traditus
791 4270 895 4310 non
926 4253 1197 4309 immerito
1226 4252 1500 4319 credatur,
1525 4254 1601 4309 uti
1654 4254 1771 4309 fieri
1822 4250 1946 4312 tunc
1976 4272 2107 4312 eon-

532 4330 777 4384 snevisse
811 4326 1050 4394 pluribus
1080 4325 1346 4394 exemplis
1378 4326 1430 4379 in
1461 4326 1685 4379 citatum
1710 4325 1897 4380 Sirieii
1930 4328 2105 4381 locum

532 4400 903 4471 probavimus.
934 4396 1358 4471 liis__a_djicintus
1409 4395 1542 4471 illud
1592 4394 1989 4471 Citrysttsttimi,
2040 4397 2109 4471 de

534 4464 645 4540 quo
676 4469 949 4524 Palladius
997 4466 1222 4540 dialog.‘
1253 4481 1378 4537 pag.
1404 4465 1509 4540 ξεῖ
1547 4464 1735 4540 scribit
1768 4484 1780 4519 :
1816 4464 2110 4540 Duodecim

445 4564 451 4570 ·
526 4536 630 4596 rimi
641 4558 694 4595 os
718 4550 866 4593 natus
891 4540 1093 4592 reressit
1119 4556 1150 4591 n
1175 4536 1377 4593 rhetore
1408 4536 1646 4600 Libanio,
1674 4548 1826 4602 atque
1845 4554 1878 4591 α
1906 4537 2111 4591 Meletio

532 4610 863 4667 Antiochensi
895 4607 1279 4681 archiepiscopo
1306 4610 1617 4681 baptizatur,
1641 4620 1686 4662 et
1717 4610 1873 4662 lector
1900 4609 2112 4681 ordina-

527 4695 636 4737 (ur.
671 4681 965 4738 Antonium
1020 4668 1389 4733 ta'men'ultra
1450 4668 1768 4747 vigesimum
1812 4678 1985 4733 artatis
2016 4668 2190 4737 {IIL'r-D

530 4769 664 4809 num
696 4755 747 4804 in
781 4750 1003 4804 lectoris
1035 4748 1211 4803 ofﬁcio
1241 4747 1545 4817 perstitisse
1575 4750 1702 4803 binc
1728 4748 2023 4815 colligitur.

604 4833 629 4860 ι
667 4822 1003 4875 Valentinum
1031 4818 1149 4872 scil.
1177 4820 1457 4884 Baianum,
1492 4821 1581 4885 qui
1611 4821 1661 4871 in
1686 4820 1862 4874 fronte
1892 4822 2050 4883 epist.
2074 4821 2110 4875 ‘l

531 4894 601 4948 ad
635 4891 966 4949 Bonifacium
995 4890 1174 4956 prima:
1215 4890 1350 4943 sedis
1397 4890 1673 4957 provincia:
1732 4889 1996 4943 Numidia
2031 4894 2109 4945 in-

531 4966 806 5019 scribitur.
852 4961 1005 5015 Hunc
1052 4961 1195 5016 inter
1229 4960 1447 5017 Antonii
1495 4959 1706 5027 judiees
1752 4977 1857 5013 non
1899 4962 2111 5015 sedisse

538 5036 665 5090 hinc
678 5032 973 5103 colligitur.
998 5030 1197 5086 Verum
1212 5032 1460 5085 eumdem
1477 5040 1685 5099 postea.
1702 5034 2057 5085 communicat
2070 5034 2113 5103 is

526 5122 651 5160 eum
697 5120 764 5159 eo
808 5102 996 5171 gestis,
1031 5118 1137 5156 non
1168 5112 1373 5156 tantum
1421 5116 1663 5155 errorem
1694 5102 1981 5171 abiecisse,
2010 5102 2106 5156 sed

531 5187 587 5231 et
640 5178 905 5230 veriorem
953 5174 1195 5227 omnium
1254 5174 1574 5228 relationem
1630 5172 1696 5226 ad
1753 5173 2108 5227 Caelestinum

530 5265 633 5370 una
667 5263 787 5370 erm
820 5246 921 5299 bac
950 5245 1229 5314 Augustini
1252 5244 1477 5313 epistola
1510 5243 1725 5298 misisse
1754 5244 1997 5298 subnexa
2029 5244 2113 5298 in-

575 5334 690 5370 tcan
721 5357 735 5370 .

575 5321 735 5371 ieant.

546 5394 565 5407 ’
608 5388 635 5428 ιι
664 5390 808 5442 Afris
838 5387 1013 5456 ignota
1043 5394 1157 5439 tum
1188 5394 1349 5441 erant
1395 5383 2020 5456 Sardicensiandecrela,
2058 5392 2121 5439 ut

540 5474 604 5511 es
648 5454 879 5519 epistola
921 5459 1189 5527 sequenti,
1222 5473 1276 5510 η.
1305 5459 1359 5521 5,
1396 5458 1569 5525 palam
1596 5458 1708 5509 liet.
1744 5454 1919 5527 Unum
1954 5455 2118 5523 igitur

540 5527 631 5581 hic
662 5529 913 5593 intelligit
940 5525 1291 5595 Augustinus,
1324 5541 1387 5580 ac
1426 5528 1750 5580 servandum
1784 5525 1885 5579 sibi
1916 5538 2116 5594 propo-

535 5605 762 5650 suernut
788 5597 1001 5653 Antonii
1022 5599 1251 5667 iudices,
1273 5598 1472 5651 Nico-oi
1495 5596 1708 5651 ronctlii
1733 5611 1997 5650 canonem
2021 5595 2107 5661 15,

537 5682 648 5735 quo
675 5667 950 5731 statuitur,
978 5679 1037 5721 ut
1061 5670 1123 5722 de
1151 5670 1353 5723 civita'e
1375 5668 1442 5721 ad
1472 5668 1725 5722 civitatem
1770 5683 1872 5720 non
1913 5668 2111 5732 episco-

534 5754 655 5811 pus,
688 5754 789 5811 non
816 5740 1093 5808 presbyter,
1124 5756 1223 5793 non
1246 5740 1491 5793 diaconus
1520 5742 1881 5811 transferatur.
1912 5737 2106 5811 Optan-

533 5806 664 5865 tiutu
690 5806 823 5860 foret
853 5818 908 5859 ut
932 5806 986 5862 et
1011 5819 1191 5862 nostra
1222 5820 1379 5862 attate
1405 5818 1719 5863 servaretur
1744 5809 1858 5861 lucc
1889 5808 2097 5874 regula,

529 5881 763 5937 maxime
787 5893 912 5956 erga
948 5881 1293 5947 presbyteros
1320 5894 1546 5949 quorum
1576 5881 1681 5933 vita
1708 5879 1878 5948 turpis
1909 5893 1969 5930 ac
2001 5893 2097 5931 no-

2227 3384 2313 3427 tus
2339 3371 2546 3426 honore
2573 3369 2843 3440 privandi,
2878 3369 3025 3423 nullo
3058 3369 3219 3423 modo
3251 3369 3305 3424 in
3338 3369 3422 3424 eis
3464 3365 3660 3439 aliquid
3681 3364 3781 3418 vin.

2225 3462 2588 3529 dicetur;aut
2616 3461 2668 3515 in
2714 3448 2909 3530 quibus
2951 3460 3153 3530 aliquid
3199 3460 3371 3515 visum
3428 3459 3586 3515 fuerit
3629 3454 3780 3511 vindi-

2222 3554 2476 3620 candum,
2509 3555 2857 3627 episcopatus
2888 3554 3093 3608 bonore
3124 3554 3409 3624 priventur
3428 3557 3453 3609 ἲ

2293 3650 2347 3707 8.
2386 3650 2637 3707 Existunt
2680 3650 2951 3718 exempla,
2989 3650 3105 3717 ipsa
3144 3650 3274 3705 sede
3318 3649 3613 3720 apostolica
3653 3642 3783 3715 judi-

2221 3753 2378 3800 caute
2408 3745 2493 3800 vel
2521 3744 2755 3798 aliorum
2781 3742 3023 3812 iudicata
3059 3752 3081 3780 ε
3117 3742 3390 3804 ﬁrmante.
3423 3741 3673 3813 quosdam
3700 3752 3785 3807 pro

2220 3838 2395 3908 culpis
2425 3836 2773 3905 quibusdam,
2801 3850 2905 3891 nec
2935 3834 3235 3906 episcopali
3279 3836 3544 3905 spoliatos
3575 3835 3783 3893 honore,

2224 3946 2322 3986 nec
2349 3930 2570 3985 relictos
2601 3926 2934 3984 omnimodis
2958 3928 3270 3996 impunitos.
3304 3927 3441 3995 Qua:
3467 3936 3525 3982 ut
3552 3942 3577 3978 a
3606 3922 3787 3978 uestris

2222 4022 2563 4094 temporibus
2631 4020 2997 4076 remotissima
3046 4034 3151 4074 non
3207 4019 3505 4089 requiram.
3567 4014 3785 4072 recentia

2224 4115 2558 4173 memorabo.
2602 4112 2813 4169 Clamet
2851 4112 3073 4167 Priscus
3110 4112 3411 4181 provinciae
3450 4104 3791 4165 Caesariensis

2208 4274 2339 4314 cens
2371 4258 2581 4326 populis
2609 4257 2867 4312 seandalo
2908 4266 2993 4313 est
3025 4269 3080 4311 et
3108 4257 3312 4321 exitio;
3351 4274 3455 4314 nec
3503 4266 3610 4312 tam
3643 4252 3784 4309 facile

2212 4331 2545 4392 sinerentur,
2576 4337 2855 4396 postquam
2892 4328 3196 4384 Ecclesiam
3250 4328 3491 4398 primum
3540 4329 3640 4382 sibi
3681 4340 3791 4398 cre-

2212 4399 2379 4453 ditam
2442 4398 2701 4461 lmseriot,
2755 4402 2938 4464 procul
2994 4399 3060 4453 ad
3113 4397 3273 4451 aliam
3315 4397 3788 4453 administrandam
3855 4423 3863 4429 -

2216 4469 2485 4534 transire;
2517 4469 2601 4523 cui
2627 4478 2778 4539 tanto
2798 4469 3000 4523 certius
3028 4472 3269 4523 inserunt
3296 4470 3576 4528 damnum,
3602 4474 3791 4537 quanto

2217 4542 2394 4595 minus
2421 4542 2489 4594 ab
2522 4554 2711 4594 eorum
2742 4537 2958 4608 ﬂagitiis
2991 4551 3231 4593 cavetur.
3269 4539 3380 4593 Hoc
3418 4541 3485 4594 ad
3532 4550 3789 4591 smmnmu

2217 4611 2422 4670 liceret.
2456 4625 2579 4664 cum
2611 4612 2855 4679 gravium
2904 4614 3168 4677 scelerum
3215 4611 3479 4675 accusati,
3510 4623 3609 4663 nec
3648 4611 3791 4674 plane

2214 4681 2473 4743 convicti,
2500 4679 2734 4750 propria?
2767 4681 2942 4750 plebis
2982 4682 3051 4733 ob
3081 4695 3356 4747 aspersam
3406 4682 3564 4733 latitat
3616 4691 3789 4732 macu-

2217 4752 2321 4805 lam
2356 4747 2534 4805 mious
2565 4747 2725 4803 utiles
2756 4747 2875 4805 fore
2901 4751 3287 4818 iudicarentur.
3321 4750 3411 4804 Sic
3456 4766 3519 4804 se
3565 4751 3787 4820 primunt

2213 4824 2449 4891 gessisse
2496 4821 2745 4891 videntur
2787 4821 2902 4875 Afri
2937 4836 3061 4890 erga
3091 4820 3391 4889 Apiariutn.
3419 4837 3545 4875 cum
3590 4820 3787 4884 objecta

2213 4890 2437 4975 crimina
2471 4890 2819 4959 impudenter
2862 4900 3105 4963 negaret,
3137 4906 3237 4945 nec
3268 4904 3412 4946 esset
3440 4892 3583 4945 unde
3616 4899 3792 4959 aperte

2216 4975 2658 5019 convinceretur.

2290 5044 2312 5072 ε
2348 5034 2675 5095 Apostoliczc
2716 5031 2861 5085 sedis
2889 5032 2943 5086 in
2990 5031 3242 5087 Afrorum
3282 5030 3505 5099 iudieiis
3561 5037 3792 5098 pote~tas

2214 5102 2303 5157 hic
2350 5116 2539 5171 aperte
2583 5102 3057 5169 pra'dicaturned
3104 5102 3357 5157 observat
3405 5102 3489 5155 vir
3533 5101 3790 5161 eruditus,

2222 5175 2333 5227 Ita-e
2365 5188 2431 5227 eo
2457 5173 2741 5228 intervallo
2771 5175 2911 5226 dicta
2938 5186 3060 5228 esse
3080 5188 3186 5239 quo
3216 5172 3327 5227 Afri
3357 5172 3583 5236 Romam
3616 5172 3790 5239 appr-If

2220 5244 2334 5299 lare
2381 5244 2754 5312 permiserunt,
2791 5245 2963 5297 donec
3002 5236 3267 5297 consultis
3319 5243 3529 5296 Niemni
3577 5236 3788 5294 conTtbi

2221 5315 2522 5369 verissimis
2551 5314 2977 5382 exemplaribus,
3007 5323 3183 5368 utrum
3231 5315 3284 5367 itt
3314 5314 3393 5367 eis
3426 5314 3791 5379 reperirentur

2219 5385 2415 5438 laudati
2463 5400 2491 5437 a
2539 5382 2760 5438 Zosimo
2813 5397 3069 5450 canones,
3109 5385 3369 5438 certiores
3415 5382 3541 5436 tacti
3592 5387 3787 5434 esseut.

2216 5455 2379 5510 Certe
2406 5454 2731 5510 Laurentius
2772 5453 2912 5508 infra
2951 5454 3303 5523 appellandus
3325 5453 3458 5508 Cod.
3490 5466 3615 5523 can.
3651 5450 3786 5506 Eccl.

2220 5526 2339 5580 Afr.
2369 5539 2422 5579 c.
2449 5524 2573 5588 155,
2604 5539 2748 5594 anno
2770 5523 2899 5585 419,
2942 5520 3371 5594 Carthaginiensi
3407 5520 3643 5577 concitio
3692 5536 3787 5574 non

2221 5607 2425 5649 tan'um
2468 5597 2617 5648 velut
2665 5592 2954 5648 Icositanus
2999 5592 3309 5663 episcopus,
3362 5594 3458 5647 sed
3524 5601 3787 5661 tamquam

2218 5666 2418 5733 legatus
2457 5668 2732 5733 prouincia
2794 5665 3123 5719 Cwsariensis
3175 5664 3487 5719 subscribit.
3550 5663 3786 5716 Nondum

2216 5737 2380 5805 igitur
2412 5739 2513 5790 ltoe
2540 5752 2685 5791 anno
2714 5737 2976 5790 adversus
2996 5752 3118 5791 eum
3148 5738 3354 5805 prolata
3380 5744 3501 5789 erat
3530 5735 3781 5789 sententia

2213 5823 2372 5876 quant
2409 5808 2736 5876 Augustinus
2767 5822 2887 5861 mox
2922 5818 3204 5862 memorat.
