3970 6180
288 301 358 359 tet

1002 296 1212 352 l-ZI‘IST.
1268 296 1330 349 ll.
1387 293 1649 349 CONClL.
1700 289 1926 345 AFRIC.
1974 287 2063 342 AD
2109 284 2572 342 COELES'l'lNUM
2620 282 2866 339 PAPAM.

3436 281 3542 336 ωε

285 404 543 474 episc0pus
578 417 591 455 :
631 396 736 452 Aut
777 370 848 449 ad
883 395 1172 463 primatum
1215 392 1402 460 locus,
1444 392 1586 446 sicut
1636 390 1850 445 caeteris
1878 391 1923 450 Λ
1958 397 2164 451 butum,
2194 386 2431 441 nondum
2485 385 2676 439 saltem
2711 393 2867 437 :rtate
2921 383 3212 448 ﬁrmatum,
3244 397 3272 437 a
3309 400 3413 452 quo
3463 388 3543 441 sic

287 506 332 552 et
373 493 494 550 mibi
526 502 713 563 patere
743 489 953 553 debuit,
984 496 1076 542 aut
1107 487 1447 557 episcopatus
1494 484 1625 540 mihi
1666 499 1845 539 rema-

288 601 393 641 nere
447 600 557 639 non
611 580 820 635 debuit.
869 577 1078 632 Clamet
1136 577 1276 632 alius
1330 575 1576 645 ejusdem
1630 575 1853 644 provin-

287 682 368 733 cia:
391 675 580 730 Victor
606 673 921 743 cpiscopus,
954 670 1046 725 cui
1075 668 1269 725 relicto
1298 668 1352 722 in
1385 667 1573 721 eadem
1608 681 1767 737 paena
1798 667 1850 719 iu

285 784 371 841 qua
392 776 445 822 et
475 766 695 820 Priscus
726 762 848 827 fuit,
874 776 1141 832 nusquam
1174 760 1275 827 nisi
1301 760 1353 813 in
1388 759 1609 813 dioecesi
1636 759 1758 827 ejus
1785 758 1854 811 ab

284 862 449 933 aliquo
493 857 932 914 communicatur
984 857 1280 924 episcopo;
1313 853 1533 919 clamet,
1583 852 1803 923 inquam
1839 868 1853 905 :

286 958 377 1008 Aut
416 951 623 1022 ubique
661 949 1069 1003 communicare
1110 945 1296 1012 debui,
1327 954 1418 998 aut
1443 944 1607 999 etiam
1638 943 1693 997 in
1722 945 1857 999 meis

285 1044 403 1099 locis
445 1039 859 1097 communicare
889 1054 994 1091 non
1044 1035 1231 1092 debui.
1254 1034 1466 1090 Clamet
1496 1035 1687 1088 tertius
1713 1034 1859 1103 ejus-

287 1135 395 1189 dem
444 1132 741 1204 provincia:
786 1127 1113 1184 Laurentius
1172 1128 1489 1198 cpiscopus,
1522 1135 1575 1178 et
1633 1140 1858 1193 prorsus

284 1226 431 1296 hujus
462 1222 691 1279 vocibus
717 1222 913 1275 clamet
948 1237 963 1275 :
996 1218 1106 1273 Aut
1150 1218 1203 1272 in
1240 1216 1498 1272 cathedra
1533 1217 1616 1270 cui
1643 1215 1861 1270 ordina-

287 1326 360 1370 tus
388 1328 530 1379 sum,
556 1311 748 1367 sedere
777 1308 961 1376 debui,
994 1315 1089 1362 aut
1131 1308 1421 1376 episcopus
1465 1322 1589 1361 esse
1633 1322 1740 1359 non
1774 1308 1862 1360 de-

287 1407 387 1461 bui.
427 1404 537 1461 Sed
585 1403 708 1474 quis
758 1401 861 1456 ista
897 1410 923 1438 ⁸
956 1403 1247 1469 vituperet,
1282 1398 1384 1452 nisi
1428 1399 1516 1467 qni
1560 1413 1746 1465 parum
1776 1408 1858 1449 at-

286 1499 469 1564 tendit,
502 1513 603 1553 nec
633 1496 805 1551 inulta
834 1496 1017 1550 omnia
1040 1492 1421 1563 relinquenda,
1443 1508 1542 1546 nec
1566 1509 1671 1545 uno
1701 1491 1861 1543 modo

284 1591 451 1647 omnia
482 1585 847 1644 vindicanda?

352 1685 401 1740 9.
424 1683 561 1751 Quia
593 1696 724 1753 ergo
754 1676 1018 1752 pastorali
1060 1676 1324 1747 vigilique
1355 1678 1565 1732 cautela
1612 1673 1864 1730 beatissi-

1954 479 2350 549 aflligerentur,
2389 476 2581 532 innixi.
2613 477 2799 546 Neque
2846 476 2971 531 huic
3029 478 3211 531 noceri
3272 477 3417 543 volo,
3453 482 3539 533 cui

1952 579 2154 640 quanto
2209 570 2382 639 magis
2433 571 2699 623 sinceram
2752 569 2930 624 habeo
2986 570 3331 637 charitatem,
3388 580 3552 637 tanto,

1955 662 2130 732 magis
2160 678 2340 732 prava:
2387 662 2503 730 ejus
2541 662 2827 733 cupiditati
2866 663 3087 718 obsism.
3127 662 3351 734 Utrique
3384 665 3544 718 arise-

1957 754 2247 810 ricordiam
2288 763 2601 809 mercantur
2629 764 2797 821 tuam,
2834 756 2908 811 illi
2940 772 3007 811 ne
3056 756 3193 811 mala
3240 758 3535 826 patiantur,

1958 846 2062 901 iSte
2093 861 2160 899 ne
2192 844 2380 911 faciat;
2416 846 2491 899 illi
2519 861 2586 899 ne
2611 846 2829 900 oderint
2856 846 3199 914 catholicam,
3227 848 3326 900 sia
3354 848 3546 902 catho-

1960 940 2075 994 licis
2113 939 2412 1010 episc0pis,
2444 939 2790 1012 maximeque
2826 942 2893 995 ab
2926 942 3037 1010 ipsa
3066 942 3196 995 sede
3225 944 3542 1011 apostolica,

1959 1041 2149 1086 contra
2183 1032 2508 1087 eatholicum
2561 1049 2666 1086 non
2712 1032 2793 1088 eis
2840 1032 3156 1087 subvenitur
3194 1034 3543 1103 episcOpum;

1964 1125 2069 1179 iste
2098 1136 2278 1181 autem
2308 1142 2379 1180 ne
2410 1142 2469 1181 se
2503 1136 2652 1181 tanto
2690 1127 2896 1182 scelere
2938 1126 3264 1196 obstringat,
3301 1137 3356 1181 ut
3407 1143 3544 1197 quos

1964 1216 2182 1269 molitur
2210 1216 2409 1270 invitos
2442 1216 2617 1271 facere
2647 1232 2796 1283 suos,
2830 1233 2857 1270 a
2888 1214 3103 1273 Christo
3131 1218 3289 1273 faciat
3315 1218 3546 1272 alienos.

2035 1304 2123 1359 10.
2158 1305 2241 1361 Me
2289 1321 2438 1373 sane,
2481 1307 2624 1378 quod
2672 1307 3034 1362 conﬁtendum
3091 1318 3173 1362 est
3224 1308 3545 1363 beatitudini

1966 1407 2093 1463 tum,
2148 1400 2199 1451 in
2252 1398 2355 1451 isto
2400 1411 2750 1469 utrorumque
2790 1400 3033 1468 periculo
3076 1410 3256 1456 tantus
3303 1403 3463 1455 timor
3498 1412 3554 1457 et

1968 1505 2169 1544 mceror
2198 1492 2495 1555 excruciat,
2526 1502 2581 1545 ut
2625 1493 2691 1545 ab
2720 1492 2897 1546 ol'licio
2923 1493 3152 1563 cogitem
3186 1494 3408 1563 gerendi
3438 1495 3552 1563 epi-

1966 1592 2219 1650 scopatus
2244 1582 2558 1642 abscedere.
2588 1592 2641 1636 et
2666 1598 2749 1639 me
2783 1585 3035 1637 lamentis
3065 1585 3237 1639 errori
3273 1600 3392 1640 meo
3418 1602 3553 1640 con-

1970 1676 2308 1730 venientibus
2354 1676 2582 1743 dedere,
2635 1677 2678 1730 si
2723 1692 2817 1746 per
2856 1693 2979 1732 eum
3023 1681 3176 1745 cujus
3221 1679 3553 1748 episc0patui

291 1793 399 1833 mus
430 1790 567 1846 papa
600 1772 908 1828 Bonifacius
948 1771 1000 1825 in
1030 1770 1268 1841 epistola
1300 1785 1395 1826 sua
1422 1768 1623 1839 posuit,
1654 1768 1721 1821 de
1749 1770 1863 1821 An-
1895 1767 1941 1826 B
1970 1782 2068 1836 per
2111 1766 2527 1830 imprudentiam
2571 1770 2896 1838 sull'ragatus
2934 1784 3076 1834 sum,
3125 1770 3324 1823 vastari
3370 1769 3557 1824 Eccle-

302 1870 438 1925 tonio
486 1868 715 1937 loquens
762 1863 1041 1935 episeopo,
1071 1869 1127 1918 et
1175 1862 1273 1929 ait,
1310 1861 1371 1917 Si
1401 1861 1639 1915 ordinem
1688 1876 1865 1913 rerum

296 1961 428 2015 nobis
450 1958 679 2029 ﬁdeliter
702 1956 944 2011 indicarit
969 1972 983 2021 ;
1011 1955 1196 2027 accipe
1222 1970 1366 2009 nunc
1389 1954 1633 2009 ordinem
1659 1968 1864 2019 rerum,
1888 1994 1889 1997 η

293 2068 439 2122 quem
497 2050 592 2104 ille
642 2049 693 2102 in
748 2062 848 2102 suo
906 2047 1092 2101 libello
1134 2045 1382 2111 reticuit,
1415 2062 1480 2101 ac
1522 2045 1719 2101 deinde
1750 2062 1867 2116 qua:

298 2151 405 2212 ροδι
427 2142 547 2210 ejus
574 2153 777 2194 sancta:
806 2138 1080 2192 memorie.
1114 2137 1213 2192 viri
1255 2138 1307 2192 in
1333 2136 1513 2192 Africa
1539 2136 1707 2192 lectas
1728 2138 1871 2192 litte-

305 2250 384 2289 ras
410 2234 438 2273 ιι
470 2242 623 2305 gesta
656 2242 809 2297 sunt;
841 2241 890 2286 et
934 2230 1160 2285 subveni
1202 2230 1511 2287 horninibus
1535 2247 1690 2300 opem
1727 2241 1869 2285 tuam

298 2327 345 2381 in
367 2325 572 2382 Christi
616 2322 992 2379 misericordia
1024 2323 1199 2377 multo
1226 2323 1439 2377 avidius
1468 2338 1626 2391 qttam
1662 2323 1754 2377 ille
1780 2338 1873 2392 po-

297 2419 589 2480 scentibus.
622 2432 651 2470 a
681 2415 843 2485 cujus
874 2414 1251 2485 inquietudine
1278 2414 1595 2471 desiderant
1623 2414 1872 2469 liberari.

296 2512 494 2565 Judicia
533 2506 736 2579 quippe
766 2506 898 2573 illis,
927 2516 979 2561 et
1016 2507 1263 2577 publicas
1291 2513 1611 2577 potestates,
1642 2514 1699 2560 et
1730 2505 1875 2560 mili-

302 2612 437 2657 tares
484 2602 718 2669 impetus
767 2607 1040 2668 tamquam
1086 2609 1108 2638 ο
1157 2607 1515 2653 exsecuturos
1562 2598 1876 2667 apostolicae

300 2695 438 2751 sedis
465 2694 818 2759 sententiam,
843 2691 960 2746 sivo
982 2689 1119 2760 ipse,
1140 2690 1265 2747 sive
1284 2704 1534 2748 rumores
1554 2689 1877 2746 creberrimi

302 2787 723 2850 comminantur;
756 2793 816 2839 ut
847 2783 1031 2838 miseri
1062 2782 1312 2839 homines
1350 2781 1646 2838 Christiani
1685 2783 1877 2839 catho-

304 2880 384 2934 lici
409 2876 657 2951 graviora
702 2875 997 2931 formident
1022 2891 1050 2929 a
1082 2874 1353 2931 catholico
1381 2875 1664 2946 episcopo,
1689 2890 1879 2946 quam,

301 2987 415 3026 cum
463 2977 654 3025 essent
684 2968 954 3033 haeretici,
985 2981 1016 3020 a
1044 2967 1438 3021 catholicorum
1482 2967 1877 3037 imperatorum

303 3062 508 3132 legibus
538 3059 902 3115 formidabant
951 3058 1069 3113 Non
1093 3059 1237 3112 sinas
1261 3058 1363 3112 ista
1397 3057 1531 3125 lieri,
1568 3059 1796 3115 obsecro
1829 3069 1881 3115 te

1970 1857 2103 1911 siam
2137 1857 2229 1912 Dei
2262 1867 2338 1924 et,
2370 1858 2514 1929 quod
2543 1860 2655 1927 ipse
2682 1860 2821 1914 Deus
2853 1869 3088 1926 avertat,
3124 1861 3284 1915 etiam
3312 1876 3433 1915 cum
3458 1877 3555 1915 va-

1969 1955 2162 2013 stantis
2193 1953 2498 2024 perditione
2527 1954 2706 2022 perire
2730 1968 3085 2023 conspexero.
3115 1951 3380 2010 Recolens
3410 1954 3553 2010 enim

1970 2047 2113 2117 quod
2141 2047 2217 2100 ait
2250 2047 2541 2116 Apostolus
2572 2064 2585 2100 ε
2618 2046 2680 2100 Si
2711 2056 2903 2101 nosmet
2943 2047 3083 2116 ipsos
3111 2047 3493 2117 judicaremus,
3526 2065 3559 2101 a

1976 2138 2198 2194 Domino
2223 2156 2320 2192 non
2342 2138 2701 2210 judicarcmur
2727 2138 2769 2211 (l
2799 2138 2919 2192 Cor.
2946 2154 3019 2203 ιι,
3050 2140 3174 2207 51);
3197 2138 3450 2208 judicaho
3474 2155 3561 2194 me

1973 2230 2177 2299 ipsum.
2220 2237 2281 2283 ut
2325 2240 2508 2299 parcat
2542 2228 2672 2284 mihi
2703 2230 2790 2299 qui
2830 2229 3174 2296 iudicaturus
3204 2240 3287 2284 est
3324 2230 3475 2285 vivos
3509 2243 3564 2285 et

1975 2331 2239 2375 mortuos.
2275 2320 2329 2373 Si
2362 2332 2539 2374 autem
2568 2330 2622 2375 et
2648 2320 2888 2375 membra
2914 2320 3112 2376 Christi
3139 2337 3257 2391 qua:
3281 2322 3332 2375 in
3361 2322 3449 2375 illa
3477 2338 3563 2376 re-

1974 2412 2134 2483 gione
2162 2420 2290 2467 sunt
2322 2413 2388 2467 ab
2419 2412 2684 2467 exitiabili
2717 2413 2910 2468 timore
2943 2427 3008 2468 ac
3039 2414 3253 2467 tristitia
3283 2429 3563 2469 recreave-

1978 2506 2071 2571 ris,
2122 2515 2176 2560 et
2224 2521 2398 2560 meam
2433 2514 2767 2561 senectutem
2823 2505 2923 2561 hac
2971 2504 3307 2561 misericordi
3354 2506 3564 2576 justitia

1980 2596 2143 2651 fueris
2176 2596 2511 2663 eunsolatus,
2546 2596 2809 2652 retribuet
2840 2596 2954 2663 tibi,
2982 2606 3039 2652 et
3072 2598 3122 2651 in
3152 2600 3404 2667 praesenti
3433 2608 3483 2652 et
3513 2599 3564 2654 in

1981 2687 2156 2742 futura
2183 2688 2314 2753 vita,
2346 2688 2483 2742 bona
2518 2704 2616 2755 pro
2649 2689 2826 2750 bonis,
2854 2689 2943 2758 qui
2977 2703 3073 2757 per
3116 2698 3166 2742 te
3199 2691 3351 2743 nobis
3389 2691 3439 2744 in
3466 2692 3564 2744 ism

1984 2779 2331 2835 tribulatione
2351 2780 2707 2846 suecurrit,ct
2730 2784 2817 2850 qui
2848 2789 2898 2834 te
2927 2779 2978 2834 in
3005 2778 3094 2834 illa
3112 2780 3241 2855 sede
3264 2782 3566 2861 constituit.

2516 2892 2543 2931 (ι
2586 2893 2921 2950 EPISTOLA
2962 2894 3030 2951 ll.

2056 2992 2302 3043 conetur
2340 3001 2586 3044 AFRICANI
2625 3004 2694 3044 so
2732 3002 2909 3045 νΑΡΑΜ
2946 3004 3301 3045 cmus'rmuu
3341 3005 3491 3045 uncis

2530 3074 2687 3116 BOIIE
2725 3075 3033 3117 EPISCOPUI.

306 3170 396 3222 Ρθτ
441 3150 659 3243 emisi!
687 3151 1029 3243 εξδηξόυῖηθτης
1060 3165 1157 3221 Per
1195 3151 1430 3243 τηιίξειοιί
1485 3152 1633 3207 Pelii
1673 3168 1881 3208 ιηοιηο·
1909 3138 1955 3203 C
1989 3170 2184 3225 Notum
2213 3172 2259 3226 ei
2287 3173 2487 3243 faciunt
2514 3172 2605 3242 qui
2637 3172 2879 3243 Apiarins
2908 3172 3111 3242 ﬂagitia
3138 3188 3233 3227 sua
3272 3173 3421 3242 fateri
3446 3190 3572 3227 €009

305 3246 455 3307 riam,
485 3242 576 3312 qui
604 3241 1036 3297 Christianorum
1071 3241 1392 3312 praepositos
1419 3244 1743 3313 populorum
1769 3260 1885 3299 mo-

309 3336 418 3391 nuit
445 3335 491 3406 (ι
523 3334 672 3388 Petr.
696 3351 751 3400 v,
771 3333 827 3406 5)
844 3350 912 3388 ne
926 3334 1190 3389 violenter
1211 3333 1560 3390 dominentur
1585 3336 1637 3389 in
1667 3335 1883 3391 fratres.

305 3430 412 3501 Ego
448 3428 809 3485 Fussalenses
840 3426 1162 3494 catholicos,
1200 3429 1339 3483 tilios
1378 3430 1430 3484 in
1457 3428 1677 3485 Christo
1710 3448 1883 3498 meos,

302 3532 357 3577 et
398 3522 693 3578 Antonium
725 3521 1062 3591 episcopum,
1093 3520 1264 3576 filium
1315 3522 1369 3575 in
1422 3521 1643 3578 Christo
1685 3540 1886 3591 meum,

305 3604 619 3684 benignitati
651 3611 935 3666 charitatis
964 3615 1271 3669 sanctitatis
1318 3623 1446 3679 tuae,
1471 3615 1595 3683 quia
1628 3624 1890 3687 utrosque

302 3708 491 3777 diligo,
521 3717 779 3776 utrosque
829 3705 1176 3761 commendo.
1223 3705 1408 3777 Neque
1463 3707 1887 3764 Fussalensibus

301 3812 599 3853 succenseo
628 3798 751 3867 quia
778 3797 975 3865 justam
1000 3798 1066 3852 de
1096 3813 1181 3853 me
1209 3798 1600 3868 querimoniam
1630 3799 1889 3872 ingerunt

301 3894 522 3948 auribus
550 3894 677 3957 tuis,
703 3891 847 3963 quod
876 3891 955 3947 eis
993 3891 1271 3947 hominem
1309 3893 1555 3949 nondum
1587 3895 1718 3950 mihi
1748 3911 1883 3965 pro-

377 4015 402 4044 ι
435 4002 495 4061 In
524 4013 781 4078 promptu
808 4014 924 4058 erat
950 4003 1040 4078 bis,
1062 4005 1371 4072 exemplum
1391 4005 1633 4076 adjicere
1656 4009 1885 4078 Apiarii,

303 4078 370 4132 de
400 4092 510 4145 quo
539 4076 849 4129 Alricanum
871 4077 1157 4130 concilium
1190 4078 1349 4146 epist.
1383 4078 1418 4131 2
1458 4078 1523 4130 ad
1550 4076 1888 4136 Bonifacium

303 4163 495 4217 papam
535 4146 795 4218 statuisse
843 4162 903 4199 se
943 4147 1150 4211 scribit,
1184 4156 1238 4199 ut
1270 4150 1333 4202 de
1364 4148 1595 4201 Siccensi
1626 4147 1885 4218 Ecclesia,

301 4226 501 4271 retento
526 4217 719 4270 scilicet
745 4216 938 4289 honore
972 4218 1161 4289 gradus
1194 4219 1296 4283 sui,
1332 4230 1696 4284 removeretur,
1728 4230 1775 4287 et
1802 4216 1891 4276 ae-

302 4289 735 4364 ceptocpistolio,
754 4287 1204 4364 ubicumrjugplibi
1227 4290 1371 4364 vellet
1394 4300 1438 4364 et
1466 4303 1654 4356 posset,
1684 4298 1891 4364 presby-

304 4357 420 4413 terii
451 4357 649 4412 honoro
678 4358 1000 4428 fungeretur.
1030 4357 1234 4414 Verum
1264 4362 1351 4413 ubi
1384 4357 1719 4429 Augustinus
1742 4357 1892 4428 judi-

302 4431 510 4483 ciorum
562 4443 593 4483 a
642 4429 773 4500 sede
811 4429 1102 4497 apostolica
1155 4430 1487 4486 firmaturum
1542 4432 1791 4500 exempla
1838 4437 1888 4489 iu

305 4501 541 4554 medium
564 4499 805 4559 adducit,
822 4501 997 4553 minus
1021 4500 1087 4554 ad
1115 4516 1228 4555 rem
1251 4501 1393 4554 illius
1423 4499 1887 4561 accommodatum

304 4582 422 4624 enit
474 4571 1193 4645 exemplum‘Apiariitqui
1254 4582 1307 4624 et
1353 4576 1639 4645 presbyter
1680 4584 1888 4630 tantum

306 4650 445 4713 erat,
468 4652 523 4696 et
551 4641 621 4694 ab
642 4639 787 4694 Afris
812 4640 885 4713 ita
904 4650 996 4713 est
1013 4641 1303 4709 judicatus,
1334 4639 1390 4699 ut
1413 4639 1598 4713 eorum
1625 4646 1890 4713 judicium

305 4712 375 4788 ab
398 4712 699 4788 apostolica
732 4710 862 4788 sede
892 4711 1160 4788 ﬁrmatum
1209 4728 1314 4788 non
1358 4709 1586 4788 legalu‘r.
1626 4709 1722 4770 'Ad
1765 4734 1894 4788 pro-

306 4784 542 4835 bandam
578 4791 757 4835 tamen
787 4782 1004 4835 Antonii
1051 4782 1393 4853 iniquitatem
1416 4782 1601 4849 'valet,
1625 4782 1893 4852 quatenus

305 4853 546 4919 aliquem
575 4853 828 4927 clericum
853 4867 947 4927 pro
967 4853 1138 4922 culpis
1162 4855 1241 4927 ita
1261 4855 1417 4922 plecti
1443 4871 1601 4922 posse
1629 4860 1890 4927 ostendit,

306 4924 628 4996 attinuerit;
652 4924 736 4977 sui
760 4923 931 4991 gradu
964 4940 1071 4977 non
1098 4924 1321 4978 Omnino
1352 4926 1660 4996 dejieiatur.

381 4992 408 5031 δ
443 4994 541 5047 Hae
569 5009 677 5047 non
707 5003 942 5047 exstant.

386 5073 410 5102 ⁸
438 5064 518 5117 De
547 5074 928 5118 exsecuturum
984 5079 1207 5119 munere
1251 5066 1589 5120 commodius
1642 5069 1781 5124 notis
1839 5071 1895 5126 iu

309 5134 600 5201 epistulam
630 5134 677 5187 τ
693 5134 1042 5189 disseremus.
1085 5137 1138 5189 In
1170 5150 1306 5189 nova
1341 5138 1621 5196 Augusdni
1652 5141 1892 5198 editione

309 5206 659 5260 ohervatum
687 5214 773 5259 est
797 5204 1034 5260 Antonio
1063 5209 1284 5262 minime
1314 5206 1575 5262 redditam
1611 5208 1897 5266 Fussalen-

309 5274 388 5351 sis
414 5275 675 5351 Ecclesiae
697 5275 1249 5351 adiniuiStratinnem,
1273 5277 1537 5351 siquidem
1570 5296 1754 5335 curam
1778 5283 1897 5351 ejus

313 5346 651 5422 éugiistiuus
680 5346 948 5422 subs-itm
994 5360 1106 5400 sum
1155 5349 1316 5422 linem
1364 5350 1622 5417 gerebat;
1654 5346 1897 5422 adeoque

309 5415 671 5471 Caelestinum
703 5417 834 5470 nihil
868 5432 1055 5471 eorum
1091 5421 1334 5474 molitum
1362 5415 1482 5475 esse
1509 5436 1628 5491 qua:
1661 5428 1781 5494 pius
1811 5415 1898 5479 ille

315 5488 517 5540 Drmsul
551 5498 834 5540 tantopere
863 5489 1168 5540 verebatur.

315 5498 517 5553 praesul
551 5498 834 5554 tantopere
863 5498 1168 5542 verebatur.

388 5554 415 5592 ιι
447 5561 629 5633 (inde;
659 5573 927 5633 c_anonum
962 5560 1227 5633 Africana:
1253 5559 1504 5633 Ecclesia:
1543 5563 1641 5618 hac
1671 5565 1899 5633 epistula

316 5626 609 5684 Cl’llldilur.
673 5630 860 5682 Elslal
889 5637 1145 5696 pra-terea
1180 5631 1229 5683 in
1278 5631 1464 5684 iisdem
1498 5649 1627 5686 mss.
1660 5626 1903 5690 et'colle-

315 5697 617 5753 ctionibus.
650 5701 701 5750 in
723 5700 919 5766 quibus
939 5702 1217 5765 epistulam
1246 5701 1281 5754 9.
1310 5704 1618 5755 mnuunlc-nt
1650 5708 1899 5761 Afrorum

320 5771 385 5820 ad
409 5768 741 5823 Βισηίιζιςὶωιι
771 5779 984 5824 exstare
1008 5770 1039 5824 ιι
1067 5772 1259 5826 sinitis.
1282 5771 1486 5846 St't'ipltt
1514 5785 1589 5829 cst
1616 5779 1899 5833 occasione

2059 3254 2171 3296 ctus
2214 3240 2299 3295 sit.
2349 3240 2480 3295 Tum
2520 3240 2722 3310 rogant,
2768 3241 2821 3296 1⁸
2848 3261 2909 3296 ne
2938 3240 3059 3297 aﬁse
3104 3240 3573 3297 excommunicatos

2064 3330 2387 3384 praepropere
2416 3313 2766 3367 communioni
2786 3316 3047 3376 restituat,
3069 3314 3132 3366 3°
3165 3325 3218 3368 nt
3250 3319 3573 3384 preslvytero-
3622 3378 3625 3381 Α

2060 3403 2174 3438 rum
2203 3386 2524 3453 alternaque
2545 3385 2849 3456 clericorum
2877 3386 3109 3451 improba
3139 3387 3338 3453 refugio
3366 3403 3454 3438 seu
3484 3404 3576 3456 op«

2064 3456 2360 3523 pellatioores
2400 3457 2643 3525 repellat,
2679 3455 2736 3506 5°
2764 3472 2828 3509 ne
2863 3456 2927 3510 de
2955 3458 3116 3509 latere
3148 3473 3244 3509 suo
3283 3456 3450 3507 mittat
3488 3455 3576 3525 qui

2063 3527 2375 3596 nppcllantis
2402 3542 2613 3579 causam
2649 3535 3044 3593 recognoscant,
3076 3527 3139 3579 4°
3167 3541 3327 3596 neque
3364 3530 3579 3589 petenti-

2066 3594 2157 3649 bus
2201 3605 2516 3649 exsecutores
2561 3597 2841 3660 concedat;
2877 3604 3132 3665 postremo
3173 3612 3238 3648 ne
3264 3594 3578 3651 Faustinum

2062 3669 2115 3721 in
2144 3666 2375 3739 Africam
2401 3667 2647 3720 remittat.

1990 3758 2220 3812 Domino
2248 3755 2605 3811 dilectissimo
2633 3763 2689 3810 et
2715 3754 3017 3823 honorabili
3049 3756 3200 3812 fratri
3226 3756 3579 3823 Causrmo,

2061 3829 2353 3889 AURELIUS,
2389 3826 2749 3888 'Paurmus,
2782 3829 3074 3891 Ακτυιηυε,
3108 3828 3314 3894 Τυτυς,
3344 3835 3581 3885 Sum-us-

2061 3897 2181 3963 Dst,
2198 3897 2527 3963 Tsnsurtus,
2551 3896 2925 3963 Fomuuuus,
2949 3898 3247 3969 Mammas,
3264 3901 3578 3968 lsuuamus,

1991 4007 2218 4083 Apiarii,
2254 4008 2344 4079 qui
2381 4024 2526 4083 anno
2558 4007 2676 4083 ξω
2702 4010 2915 4083 concilii
2954 4010 3420 4083 Carthaginiensis
3449 4033 3578 4072 sen-

1993 4081 2158 4135 tentia
2199 4090 2436 4135 remotus
2459 4081 2528 4135 ab
2557 4081 2795 4136 Ecclesia
2825 4082 3093 4149 Siccensi,
3116 4081 3452 4142 Thabraeam
3483 4106 3580 4145 ce-

1995 4150 2198 4207 lebrem
2233 4153 2283 4204 in
2319 4153 2688 4219 proconsulari
2717 4152 2989 4221 provincia
3018 4154 3293 4211 civitatem
3333 4173 3454 4215 sese
3498 4177 3572 4214 re~

1993 4234 2235 4291 ceperat.
2271 4222 2378 4278 Sed
2409 4222 2477 4278 ab
2506 4224 2656 4276 urbis
2686 4225 2844 4291 hujus
2874 4226 3082 4279 civibus
3110 4226 3289 4280 denuo
3333 4232 3584 4285 nefmdis

1994 4291 2029 4347 11
2048 4292 2213 4363 tgiliis
2240 4303 2544 4356 accusatus,
2577 4309 2750 4362 eaque
2779 4294 2847 4347 de
2866 4308 3027 4348 causa
3052 4295 3121 4349 ab
3147 4297 3323 4351 altero
3352 4298 3580 4355 Cartha-

1994 4365 2227 4433 giuicnsi
2252 4365 2486 4419 enneilio
2512 4366 2893 4417 communione
2914 4364 3180 4432 privatus.
3209 4368 3428 4423 Nolanam
3451 4389 3581 4426 con.

2000 4434 2230 4504 fugiens,
2257 4435 2620 4507 mentitusque
2645 4448 2705 4507 se
2724 4434 2791 4486 ab
2813 4435 2912 4487 hac
2937 4437 3205 4491 sententia
3231 4451 3579 4507 provocasse,

1997 4503 2362 4559 communioni
2408 4520 2438 4557 a
2486 4503 2783 4561 C(Blestino
2837 4507 3116 4559 restitutus
3165 4503 3271 4572 esi,
3320 4511 3486 4564 misso
3529 4503 3580 4573 in

1997 4575 2233 4630 Africam
2282 4575 2562 4639 Faustino,
2595 4583 2738 4631 utet
2772 4576 2844 4630 ibi
2890 4579 3203 4633 communio
3230 4581 3277 4632 ei
3329 4582 3582 4638 reddere.

1999 4656 2103 4700 tur.
2121 4649 2380 4719 Observat
2399 4646 2780 4701 Tillemonh‘ns
2804 4656 2936 4703 tom.
2965 4646 3083 4702 XIII
3108 4664 3229 4719 pag.
3256 4649 3361 4706 860
3390 4657 3580 4709 tinnula

1998 4727 2084 4771 tus
2104 4734 2168 4772 ex
2202 4717 2428 4773 utinorii
2454 4726 2625 4771 morte
2654 4727 2709 4771 et
2739 4720 3084 4786 usurpatione
3104 4717 3328 4776 Joannis
3352 4724 3402 4777 in
3430 4724 3580 4779 Occi-

1996 4788 2159 4843 det-te
2188 4791 2472 4858 excitatos,
2515 4786 2583 4839 ab
2609 4788 2851 4858 Augusto
2883 4804 3071 4844 mense
3096 4794 3219 4845 anni
3250 4790 3357 4848 423
3390 4796 3456 4848 ad
3487 4795 3582 4851 Jn‘

2000 4859 2128 4914 lium
2186 4860 2311 4913 anni
2362 4856 2489 4913 425.
2545 4856 2771 4913 liberum
2798 4858 3026 4913 Romam
3079 4862 3216 4915 inter
3253 4874 3309 4917 et
3348 4864 3579 4923 Africam

1924 4954 1927 4957 -
2000 4944 2104 5004 non
2161 4931 2472 5004 permisisse
2512 4928 2964 5004 contmercium;_
2997 4929 3246 5004 adeoque
3297 4937 3576 5004 epistolam

2000 5000 2137 5053 hanc
2169 5000 2249 5075 vel
2299 5004 2442 5075 circa
2471 4998 2679 5075 exitum
2705 5002 2831 5075 anni
2860 4999 2986 5064 425.
3017 5003 3106 5075 vel
3143 5005 3196 5057 in
3227 4998 3425 5059 annum
3447 5006 3578 5075 49.6,

1998 5085 2120 5146 esse
2150 5070 2182 5124 d
2207 5069 2527 5146 l'ferendam.
2558 5068 2626 5125 Ut
2655 5072 2970 5146 enimanuo
3003 5071 3112 5127 625
3134 5082 3259 5128 ante
3281 5068 3576 5146 Augustum

1999 5144 2197 5217 scripta
2246 5140 2520 5205 credatur,
2554 5156 2671 5217 non
2711 5144 2843 5217 sinit
2874 5144 2988 5217 ejus
3032 5146 3337 5217 exordium.
3367 5140 3443 5202 'in
3472 5164 3582 5217 quo

2002 5214 2151 5265 nulla
2179 5223 2282 5277 est,
2316 5226 2437 5280 qua:
2466 5214 2721 5277 prieteriri
2757 5230 2862 5267 non
2890 5214 3050 5280 solet,
3082 5217 3149 5269 de
3176 5216 3425 5272 felicibus
3453 5214 3579 5275 novi

2002 5285 2269 5351 pontiﬁcis
2296 5282 2551 5347 ausuiciis
2579 5286 2885 5350 gratulatio.

2081 5363 2103 5391 ε
2136 5354 2357 5417 Quidam
2388 5352 2656 5406 inferioris
2681 5366 2818 5407 uota:
2850 5369 3007 5419 mss.,
3035 5354 3356 5413 Palastinus.
3390 5358 3443 5414 In
3475 5376 3583 5418 uno

2005 5424 2326 5497 ilarlmotut
2357 5425 2495 5491 apud
2525 5422 2760 5497 Merlin,
2813 5424 3130 5481 Palestiuus.
3162 5428 3319 5497 Apud
3364 5429 3494 5486 Lab.
3530 5435 3582 5487 in

2004 5511 2201 5565 marg.,
2232 5493 2539 5548 Palcutinus
2576 5502 2632 5565 et
2657 5492 2975 5561 Palatinus;
3018 5509 3071 5549 at
3102 5498 3153 5551 in
3184 5492 3351 5561 textu,
3389 5501 3584 5558 Valen-

2004 5564 2187 5619 tinus:
2222 5564 2360 5634 quod
2391 5575 2444 5618 et
2488 5564 2850 5630 arriperemus
2905 5568 3064 5635 ultro,
3116 5570 3218 5623 nisi
3262 5572 3586 5630 sinceriores

2007 5654 2134 5690 mss.
2165 5637 2293 5705 Reg.
2326 5635 2620 5707 Cullndnn
2657 5637 2869 5701 tlarlzui,
2908 5650 3037 5702 «δια,
3072 5641 3389 5707 praeferrent
3425 5642 3586 5699 Pata-

2007 5718 2162 5773 ιλιαδ,
2197 5707 2466 5778 quomodo
2500 5706 2623 5775 legit
2654 5717 2707 5762 ct
2741 5711 3002 5780 intrrpt‘th
3034 5710 3277 5768 Graccus.
