3970 6180
242 309 338 368 ιὲθ

679 310 891 367 ΕΡΙΞΤ.
936 311 1023 366 ιν.
1059 312 1115 368 S.
1159 313 1557 381 C(ELESTINI
1600 318 1802 375 ΡΛΡᾸΞ

1923 329 1932 371 i
1974 323 2343 383 EPISCOI‘OS
2387 327 2584 385 PROV.
2632 330 3058 391 VIENNENSIS.

3398 340 3502 399 430

237 432 449 484 runtur;
475 434 607 488 quas
637 435 824 474 omnes
856 434 955 473 nos
986 420 1376 513 intercessione
1404 423 1587 479 fratris
1614 436 1668 481 ct
1691 442 1817 483 coe-
1845 432 1891 491 Λ
1922 432 2277 513 Cmusrixus
2326 436 2592 495 universis
2618 441 2888 511 episcopis
2932 459 3031 513 per
3062 446 3422 507 Viennensem
3449 466 3502 509 ει

236 516 429 582 piseopi
454 512 624 566 nostri
652 512 790 577 Rati,
814 512 969 580 cuius
991 512 1386 581 experientiam
1409 518 1814 586 comprobatam

232 623 340 662 e-se
370 606 420 659 ia
448 606 630 661 causis
664 606 917 659 omnibus
945 614 999 659 et
1029 605 1150 659 vita:
1181 606 1391 660 actibus
1432 607 1622 677 liquet,
1663 611 1816 663 Volu-

236 714 344 751 mus
366 695 628 751 resecari.
658 693 757 748 Cui
790 698 957 749 vicem
988 705 1228 751 nostram
1278 711 1374 766 per
1422 707 1655 753 vestram
1689 714 1817 767 pro-

230 790 451 842 vinciam
485 790 743 845 novet-itis
772 802 893 842 esse
937 788 1283 842 commissam
1309 806 1321 841 :
1350 789 1421 844 ita
1451 799 1509 844 ut
1552 791 1615 845 ad
1653 808 1774 845 eum
1796 835 1811 858 ,

232 882 413 933 fratres
439 880 767 939 clarissimi,
792 879 1051 948 quidquid
1078 880 1146 932 de
1173 880 1351 933 causis
1376 882 1577 950 agitur,
1605 883 1810 938 refcra-

230 981 331 1024 tur.
354 970 482 1024 Sine
504 970 620 1038 ejus
646 971 873 1023 consilio
896 972 1070 1023 nullus
1094 971 1374 1026 ordinetur
1400 989 1413 1025 :
1448 974 1628 1030 nullus
1657 992 1815 1029 usur-

232 1074 331 1132 pet,
360 1066 555 1117 eodem
586 1064 888 1127 iuconscio,
913 1064 1257 1118 commissam
1294 1073 1317 1100 ε
1350 1064 1425 1117 illi
1458 1065 1809 1133 provinciam.

230 1154 485 1224 Colligere
507 1155 616 1208 nisi
636 1169 761 1209 eum
784 1154 909 1222 ejus
937 1154 1213 1208 voluntate
1237 1155 1524 1225 episcopos
1548 1173 1653 1209 non
1679 1173 1815 1225 prte-

230 1255 475 1299 sumaut:
506 1261 604 1313 per
640 1260 763 1301 eum
792 1247 956 1299 etiam
986 1245 1050 1299 ad
1084 1259 1202 1309 nos,
1234 1247 1276 1298 si
1321 1247 1447 1314 quid
1476 1258 1584 1311 cst,
1614 1250 1810 1301 refera-

228 1347 324 1391 tur.
367 1336 478 1391 Sed
531 1339 628 1390 hac
661 1337 1021 1407 praeceptione
1069 1346 1423 1405 cognoscent,
1475 1349 1525 1390 et
1570 1353 1691 1392 eum
1723 1343 1813 1408 qui

227 1431 600 1501 reiragandum
634 1442 832 1485 nostra
871 1432 1177 1485 auctoritati
1212 1432 1297 1486 vel
1332 1432 1474 1485 illius
1518 1433 1815 1488 crediderit

227 1526 469 1594 iussioni,
499 1540 527 1577 a
556 1525 913 1580 fraternitatis
935 1536 1104 1589 cwtu,
1137 1539 1260 1579 cum
1292 1524 1406 1593 ipse
1434 1523 1459 1562 δ
1484 1540 1543 1579 se
1574 1537 1808 1595 separet,

228 1621 637 1688 segregandam.

544 1712 549 1729 ¹
763 1723 783 1751 ε
816 1712 1148 1767 EPISTOLA
1183 1711 1249 1765 IV

2134 506 2537 565 Narbonensem
2571 506 2871 578 provincias
2894 506 3203 572 constitutis
3238 530 3284 573 ⁸.

1994 617 2043 672 I.
2075 618 2407 688 Cuperemus
2429 623 2643 693 quidem
2687 625 2754 681 de
2782 635 3082 684 vestrarum
3132 631 3494 691 Eccle-iarum

1920 710 1989 766 ita
2018 714 2357 773 ordinatione
2402 719 2659 787 gaudere,
2686 731 2745 775 ut
2774 725 3271 791 congratularemur
3319 732 3494 797 petius

1918 802 1985 858 de
2008 806 2245 873 profectu
2277 824 2434 877 quam
2465 810 2663 879 aliquid
2700 812 2995 868 admissum
3032 826 3215 871 contra
3248 819 3489 890 discipli-

1920 911 2040 949 nam
2086 899 2505 954 ecclesiasticam
2556 902 2881 956 doleremus.
2934 906 3011 959 Ad
3062 917 3295 964 nostram
3349 911 3490 966 enim

1920 991 2154 1046 l:etitiam
2186 1003 2241 1047 et
2292 994 2430 1049 bene
2469 994 2605 1048 facta
2641 998 2978 1064 perveu'unt,
3009 1008 3063 1053 et
3096 1004 3343 1057 mmroris
3374 1021 3500 1059 acu-

1920 1083 2016 1136 leis
2039 1099 2134 1138 nos
2160 1100 2276 1153 qua:
2325 1085 2525 1140 fuerint
2566 1087 2707 1139 male
2757 1086 2888 1141 facta
2940 1102 3327 1161 compungunt.
3361 1094 3491 1157 Nec,

1918 1174 2079 1229 silere
2111 1190 2411 1243 possumus,
2448 1174 2468 1212 τ
2504 1192 2623 1229 ctnn
2660 1176 2780 1240 hoc,
2824 1186 2878 1231 ut
2910 1178 2978 1233 ab
3027 1179 3229 1236 illicitis
3274 1198 3497 1239 revoce—

1920 1279 2038 1319 mus
2067 1267 2298 1334 aliquos,
2334 1267 2493 1321 officii
2523 1269 2689 1320 nostri
2734 1283 3091 1336 provocemor
3123 1271 3405 1339 instinctu;
3443 1276 3494 1329 in

1918 1356 2151 1423 speculis
2179 1371 2208 1409 a
2236 1357 2346 1411 Deo
2373 1358 2671 1424 constituti,
2702 1367 2757 1411 ut
2806 1359 3097 1429 vigilantia:
3126 1372 3324 1418 nostrre
3375 1365 3499 1419 dili-

1915 1448 2150 1515 gentiam
2173 1450 2610 1517 comprobantes,
2642 1460 2697 1505 et
2723 1466 2841 1520 quae
2872 1454 3169 1507 coercenda
3202 1464 3326 1509 sunt
3354 1472 3501 1514 rese-

1919 1554 2123 1601 ccmus,
2158 1548 2211 1593 et
2247 1556 2365 1608 qua:
2394 1540 2726 1595 observanda
2754 1551 2878 1595 sunt
2928 1543 3251 1598 sanciamus.
3286 1556 3311 1594 ε
3342 1545 3499 1601 Circa

1917 1632 2161 1699 quamvis
2204 1633 2487 1701 longinqua
2522 1632 2779 1703 spiritalis
2833 1648 2961 1688 cura
3012 1650 3116 1689 non
3148 1636 3351 1703 deﬁcit,
3402 1640 3495 1693 sed

1920 1737 2013 1788 per
2035 1724 2211 1775 omnia
2245 1738 2344 1792 qua
2378 1738 2572 1777 nomen
2605 1723 2699 1777 Dei
2741 1725 3062 1793 praedicatur
3093 1728 3363 1795 extendit;
3399 1746 3499 1784 nec

256 1817 563 1860 casurus!
612 1820 761 1859 ΡΑΡΑΞ
786 1819 801 1858 ι
830 1820 896 1858 AD
928 1801 951 1841 δ
987 1818 1262 1858 EPISCOPOS
1296 1818 1586 1858 PROVINCIE
1625 1821 1777 1859 VIEN-
1840 1800 1887 1856 Β
1919 1816 2159 1868 notitiam
2214 1825 2449 1869 nostram
2495 1810 2894 1887 sttbtcrfugiunt
2922 1833 3041 1888 qua)
3077 1818 3127 1873 in
3158 1824 3498 1875 eversionem

664 1890 851 1933 MNSIS
882 1890 948 1928 ET
974 1888 1328 1933 ΝΛΒΒΟΝΕΝδια
1338 1915 1350 1926 .

227 1987 261 2039 Ι.
292 1988 449 2053 Quod
462 2004 568 2042 non
595 1986 809 2044 debeant
838 1985 1119 2040 sacerdotes
1160 1995 1247 2039 aut
1276 1986 1448 2040 clerici
1476 1987 1646 2053 palliis
1675 1989 1807 2040 ami-

286 2060 356 2111 cti
387 2068 475 2111 aut
524 2058 794 2129 proscindi
814 2058 1003 2129 lumbis
1042 2057 1094 2109 in
1116 2056 1337 2129 ecclesia
1390 2059 1702 2129 ministrare.
1733 2088 1802 2098 —

288 2129 353 2181 Il.
396 2128 546 2194 Quod
572 2128 702 2180 nulli
728 2129 793 2181 sit
818 2128 997 2185 ultima
1046 2128 1343 2192 paenitentia
1373 2128 1695 2195 deneganda.
1738 2158 1806 2169 —-

288 2198 382 2252 IlI.
410 2199 562 2264 Quod
595 2215 683 2263 per
737 2199 927 2267 gradus
976 2198 1342 2259 ecclesiasticos
1388 2197 1457 2248 ad
1485 2198 1810 2267 episcopatus

284 2270 471 2322 debeat
517 2268 739 2337 ofﬁc-iuni
783 2268 1053 2339 perveniri.
1079 2267 1261 2339 -έγι-ν.
1290 2267 1449 2330 Quod
1492 2284 1811 2338 unaqua’quc

287 2340 557 2405 provincia
580 2356 676 2395 suo
698 2337 1087 2405 metropolitano
1108 2337 1292 2395 debeat
1323 2353 1430 2393 esse
1459 2347 1712 2397 contenta.
1728 2337 1807 2378 ’—

290 2410 358 2460 ν.
394 2410 545 2475 Quod
578 2408 861 2490 nolentibus
894 2407 1065 2479 (addit
1092 2408 1221 2488 Isid.
1252 2408 1554 2490 clericist-el
1574 2407 1808 2531 pepulisg

290 2495 437 2531 nemo
491 2479 667 2531 debeat
718 2494 985 2531 episcopus
1041 2479 1292 2530 ordinari.
1325 2508 1396 2517 —
1430 2477 1514 2530 VI.
1547 2477 1700 2531 Ouod
1745 2496 1775 2531 α

284 2495 437 2531 nemo
491 2479 667 2532 debeat
718 2477 985 2549 episcopus
1041 2478 1396 2549 ordinari._—
1430 2477 1514 2530 VI.
1547 2477 1700 2545 Quod
1745 2496 1775 2531 α

282 2550 487 2603 illicitis
511 2551 582 2603 sit
605 2547 1010 2602 ordinationibus
1041 2547 1424 2601 abstinendum.

228 2808 231 2809 ν
286 2762 314 2790 ι
357 2751 511 2820 Quod
540 2749 754 2824 Nicmna
787 2753 1022 2824 synodus
1055 2754 1475 2816 metroriolitano
1506 2754 1700 2823 cuique
1751 2754 1805 2810 in

220 2839 312 2877 sua
363 2822 663 2891 provincia.
697 2822 991 2892 eorumque
1033 2824 1279 2879 conciliis
1309 2825 1389 2878 bis
1420 2826 1470 2878 in
1501 2822 1645 2879 anno
1674 2842 1806 2880 con-

218 2894 534 2965 gregandis,
564 2894 819 2958 vindicat,
852 2895 901 2949 id
935 2895 1403 2949 Thessalonicensi
1432 2897 1688 2962 episcopo
1719 2897 1807 2951 hic

222 2978 271 3020 et
302 2966 562 3032 deinceps
593 2964 809 3037 attribui
850 2965 933 3017 vir
969 2966 1208 3037 eruditus
1230 2965 1534 3037 observat;
1567 2967 1807 3037 adeoque

222 3045 274 3088 et
316 3049 441 3087 cum
473 3033 861 3100 superioribus,
894 3034 1085 3096 quibus
1130 3034 1456 3091 leestinus
1506 3033 1807 3105 regulis'se

225 3122 327 3160 non
377 3106 665 3167 dominari,
708 3106 803 3159 sed
851 3106 1149 3173 subiectum
1184 3121 1304 3161 esse
1349 3106 1651 3175 profitetur,
1704 3107 1805 3161 ista

1914 1908 2244 1977 regularum,
2280 1907 2502 1959 novellae
2528 1908 2962 1976 praesumptionis
2990 1910 3338 1977 auctoritate,
3382 1921 3500 1966 ten-

1916 2007 2117 2051 Iultllll‘.

1984 2090 2115 2143 Cn.
2150 2090 2187 2141 I.
2220 2089 2367 2143 -Ξ,
2426 2089 2717 2144 Didicimus
2766 2089 2911 2144 enim
2968 2090 3230 2160 quosdam
3282 2092 3493 2147 Domini

1914 2179 2225 2234 sacerdotes
2248 2180 2627 2250 superstitioso
2649 2180 2827 2248 p0tius
2845 2180 3013 2235 cultui
3046 2182 3313 2238 inservire
3334 2199 3494 2252 quam

1916 2272 2110 2327 mentis
2128 2273 2210 2328 vel
2244 2271 2366 2327 fidei
2422 2272 2660 2341 puritati.
2695 2271 2801 2328 Sed
2845 2288 2951 2327 non
2979 2273 3198 2337 mirum,
3223 2276 3267 2330 si
3306 2288 3495 2331 contra

1913 2364 2337 2419 ecclesiasticum
2372 2377 2575 2417 morem
2626 2362 2843 2427 faciunt,
2877 2363 2967 2432 qui
2999 2363 3051 2417 in
3108 2365 3344 2421 Ecclesia
3389 2382 3494 2421 non

1913 2462 2221 2521 creverunt,
2247 2454 2339 2509 sed
2372 2454 2477 2507 alio
2508 2452 2788 2509 venientes
2809 2448 2838 2490 ιι
2867 2468 2897 2509 e
2939 2454 3067 2519 ritu,
3091 2469 3274 2511 secum
3304 2457 3418 2513 haec
3443 2460 3494 2513 in

1914 2546 2228 2611 Ecclesiam,
2256 2559 2375 2615 quae
2426 2546 2477 2598 in
2516 2542 2663 2598 alial
2709 2546 3122 2602 ctnversatione
3176 2548 3500 2617 habuerant,

1916 2757 2143 2813 omnium
2167 2755 2675 2824 metropolitanorum
2704 2756 2829 2823 jure
2875 2761 3099 2817 servato;
3126 2752 3263 2809 VIII.
3288 2757 3352 2809 de
3377 2774 3499 2811 cort-

1905 2827 2265 2897 junctionibus
2291 2826 2475 2897 quiiad
2503 2825 2842 2877 sacerdotium
2864 2826 3334 2897 agintittendisunt.
3373 2829 3496 2881 Dio-

1917 2894 2102 2965 nysius
2130 2894 2309 2949 autem
2366 2896 2603 2964 Exiguus
2645 2894 3121 2965 totam‘epistolam
3172 2895 3225 2949 in
3255 2898 3495 2965 quinque

1915 2963 2143 3036 partitus
2171 2974 2253 3036 est
2276 2963 2723 3036 titulos,’quorum
2753 2963 2956 3031 primus
2984 2965 3124 3033 apud
3149 2963 3321 3033 ipsum
3348 2963 3488 3033 XIV,

1916 3033 2182 3090 secundus
2213 3035 2329 3095 XV.
2358 3045 2412 3089 et
2441 3033 2517 3088 sic
2543 3034 2798 3105 deinceps
2840 3044 3209 3105 numerantur,
3258 3037 3380 3105 quia
3414 3038 3495 3091 ni-

1916 3106 2111 3160 mirum
2143 3106 2275 3159 duas
2296 3106 2433 3160 alias
2479 3103 2758 3159 leestini
2808 3104 3081 3171 epistolas,
3111 3120 3243 3173 quas
3278 3103 3343 3160 in
3376 3107 3495 3162 XIII

225 3177 475 3248 componi
524 3190 626 3227 non
656 3166 817 3248 posse
858 3166 1060 3248 censet.
1108 3176 1304 3248 Verum
1337 3166 1527 3248 eadem
1573 3166 1810 3247 synodus
1840 3166 1885 3229 C
1919 3177 2100 3248 titulos
2149 3176 2518 3248 divisit,_buic
2551 3166 2854 3243 praemittit;
2878 3166 3087 3231 Titulus
3119 3166 3237 3231 illos
3266 3191 3333 3231 ex
3376 3180 3494 3248 ipso

226 3246 413 3317 eodem
441 3259 650 3317 canone
670 3245 1017 3317 ticoustituit
1042 3256 1095 3297 ut
1117 3247 1223 3297 suis
1258 3247 1521 3317 privilegia
1547 3245 1811 3300 serventur

231 3315 495 3368 Ecclatiis.
527 3315 637 3368 Nec
659 3315 797 3369 ullus
831 3317 1037 3368 inficias
1067 3318 1207 3377 ierit,
1244 3315 1371 3369 nihil
1407 3315 1491 3370 hic
1528 3318 1813 3372 Thessaio-

231 3388 431 3456 nicensi
462 3387 779 3456 episcopos
810 3386 1104 3440 (Zmlestino
1134 3386 1370 3451 attribui,
1403 3387 1501 3441 nisi
1532 3388 1671 3456 quod
1706 3389 1811 3442 sal-

234 3466 333 3510 tem
360 3472 392 3508 a
422 3455 656 3510 Damaso
696 3454 919 3522 ejusque
958 3457 1359 3510 successoribus
1409 3454 1722 3512 constanter
1756 3461 1810 3514 ei

232 3540 545 3597 concessum
590 3525 765 3579 fuerit.
812 3527 893 3580 Nil
930 3526 1092 3597 igitur
1121 3527 1381 3579 adversus
1419 3530 1683 3597 synodum
1721 3529 1812 3583 de-

234 3599 395 3650 crevit
436 3594 784 3661 leestinns,
816 3611 937 3650 cum
958 3594 1304 3664 privilegium
1350 3607 1424 3649 tot
1450 3594 1810 3653 decessurum

234 3682 445 3721 suorum
469 3668 793 3721 auctoritate
816 3667 1085 3720 ﬁrmatum
1106 3669 1307 3723 servari
1329 3668 1513 3721 voluit.
1536 3667 1811 3724 ‘Prteterca

237 3737 660 3804 nietropolitanis
706 3737 899 3807 Illyrici
942 3738 1232 3805 episeopos
1278 3738 1361 3791 vel
1400 3739 1682 3793 ordinandi
1726 3741 1811 3794 vel

237 3806 515 3876 colligendi
547 3822 653 3860 non
681 3806 1040 3863 omnimodam
1069 3814 1227 3874 negat
1250 3818 1593 3876 petestatem,
1623 3809 1715 3863 sed
1746 3826 1813 3865 ne

238 3878 547 3931 alterutrum
602 3887 796 3945 prteter
839 3878 1077 3943 episcopi
1128 3878 1630 3934 'I'bessalonicensis
1681 3896 1814 3934 cun-

238 3949 511 4001 tcient‘tam
546 3947 947 4015 aggrediantur.
970 3946 1251 4000 dumtaxat
1279 3958 1457 4001 cavet.
1492 3950 1609 4015 Quo
1632 3960 1810 4004 autem

242 4020 390 4071 modo
441 4026 509 4088 et
538 4015 1030 4088 Thessalonicensis
1065 4017 1325 4088 antistitis
1356 4018 1709 4088 privilegium
1760 4032 1814 4075 el.

236 4087 696 4158 metropolitarum
738 4087 855 4154 jura
896 4087 1161 4142 servanda
1192 4087 1463 4150 siut,:Leo
1512 4087 1672 4158 epist.
1718 4091 1809 4157 M,

234 4172 290 4209 in.
321 4159 438 4219 8,:9
463 4166 520 4211 et
542 4157 899 4225 lOexplicat.

302 4226 327 4265 δ
372 4227 628 4282 Voculam
660 4244 714 4282 se
732 4229 1065 4297 supplemus,
1096 4242 1258 4296 quam
1289 4227 1541 4293 librariis,
1576 4244 1701 4287 cum
1731 4238 1816 4285 ter

241 4308 588 4366 repeteretur,
613 4297 780 4352 semel
798 4298 1074 4353 excidisse
1095 4299 1167 4352 nil
1190 4300 1385 4351 mirum
1408 4308 1509 4351 est.
1543 4299 1651 4354 Hac
1677 4301 1813 4355 clau-

243 4369 342 4421 sola
374 4368 729 4428 leestinus,
758 4377 816 4423 ιιι
842 4379 900 4423 et
924 4370 1057 4422 infra
1079 4368 1249 4440 epiSt.
1282 4367 1368 4440 It,
1396 4384 1452 4422 n.
1483 4369 1538 4430 4.
1567 4385 1816 4440 segrega-

243 4439 393 4495 tionis
417 4454 515 4493 seu
546 4439 1118 4493 escommunicationis
1168 4437 1421 4492 invidiam
1454 4441 1503 4492 in
1529 4437 1814 4508 ipsummet

1913 3245 2214 3315 descriptos
2243 3245 2582 3299 exhibemus.

1987 3326 2011 3353 θ
2035 3314 2192 3371 Dien.
2225 3326 2280 3371 et
2311 3317 2443 3369 Isid.
2479 3316 2565 3370 bic
2606 3314 2830 3379 addunt,
2874 3316 2931 3371 in
2975 3315 3199 3372 Domino
3249 3319 3490 3384 salutem,

1913 3387 2053 3457 quod
2075 3389 2229 3441 abest
2257 3403 2283 3440 a
2314 3387 2610 3455 potioribus
2636 3402 2764 3441 mss.

1986 3456 2008 3531 ξ
2044 3460 2183 3512 Edit.
2215 3459 2377 3531 Rom.
2403 3466 2459 3512 ct
2479 3472 2634 3531 conc.
2669 3464 2790 3525 post
2818 3456 3007 3531 Cra_b.,
3030 3457 3241 3531 editae.
3272 3459 3493 3531 Prcho-

1914 3528 2165 3584 sitionem
2201 3529 2267 3581 ad
2306 3529 2672 3595 expungimus
2722 3527 3043 3580 auctoritate
3073 3528 3232 3583 Merl.
3266 3538 3318 3583 et
3373 3527 3491 3584 om-

1914 3599 2062 3652 nium
2115 3613 2247 3651 mss.
2277 3598 2436 3653 Solus
2463 3598 2662 3664 Quesn.
2710 3597 2885 3649 locum
2940 3597 3081 3648 hunc
3126 3599 3195 3650 ita
3237 3599 3487 3653 exhibet:

1915 3668 2055 3733 Quin
2080 3668 2143 3721 ab
2162 3670 2353 3739 illicitis
2374 3683 2662 3721 revocemus
2686 3666 2967 3736 aliquos,et
2983 3666 3147 3735 ofﬁcii
3172 3671 3335 3721 nostri
3364 3686 3491 3739 pro-

1912 3754 2142 3791 vocemus
2170 3741 2236 3792 ad
2264 3738 2445 3791 bonum
2469 3738 2735 3790 instinctu.

1986 3818 2011 3855 8
2040 3809 2174 3862 Editi
2206 3823 2328 3862 Cllm
2372 3807 2528 3858 Dion.
2578 3815 2632 3859 et
2658 3803 2788 3857 Isid.
2824 3823 2835 3856 :
2870 3803 2939 3857 Et
2966 3807 3196 3876 quamvis
3220 3808 3357 3860 circa
3378 3808 3491 3864 latt-

1914 3878 2127 3947 ginqua;
2150 3879 2387 3947 quinque
2430 3876 2758 3943 optimorum
2797 3888 2928 3928 mss.
2973 3881 3291 3932 auctoritate
3324 3884 3491 3935 cort-i~

1951 3957 2127 4001 IIﬂllIl‘.

1912 3962 2180 4071 802ιὲἓίιί
2211 4032 2273 4070 ac
2302 4016 2483 4083 plures
2504 4028 2636 4068 mss.
2661 4014 2842 4069 itinere
2869 4015 2955 4071 vel
2987 4016 3040 4069 in
3067 4016 3271 4083 itinere;
3302 4032 3489 4074 emen-

1916 4087 2113 4141 dantur
2141 4102 2244 4153 ope
2272 4086 2471 4140 codicis
2500 4085 2843 4157 Corbeiensis
2883 4087 3083 4142 sacculo
3122 4103 3177 4142 vr
3209 4091 3391 4157 scripti
3431 4101 3490 4147 ct

1916 4159 2073 4212 unius
2094 4156 2412 4216 Colbertiui.
2442 4157 2494 4210 itt
2523 4156 2715 4222 quibus
2737 4164 2912 4211 exstat
2932 4159 3155 4222 irritum,
3187 4173 3283 4227 pro
3309 4156 3335 4212 e
3360 4162 3487 4228 ritu,

1918 4229 2122 4299 bocest
2153 4242 2340 4282 norma
2366 4234 2423 4281 et
2446 4228 2655 4299 ratione
2690 4227 2931 4299 vivendi.
2960 4228 3012 4281 In
3040 4230 3211 4283 altero
3232 4244 3336 4284 ms.
3371 4246 3491 4299 post

1914 4298 2138 4353 verbum
2178 4305 2469 4358 creverunt,
2498 4295 2744 4362 proxime
2783 4298 3085 4364 subjicitur,
3125 4299 3253 4364 Qua
3276 4295 3411 4353 enirn
3436 4304 3489 4355 in

1916 4366 2022 4419 alia
2047 4369 2445 4421 conversatione.
2483 4368 2653 4419 l‘orro
2686 4367 2814 4419 illud
2844 4368 2896 4418 in
2917 4366 3147 4421 Ecclesia
3173 4386 3277 4421 non
3322 4386 3493 4424 trece-

1916 4447 2059 4505 runt,
2094 4453 2201 4493 non
2234 4440 2303 4491 ita
2334 4437 2736 4505 intelligendum
2762 4476 2779 4500 ,
2817 4438 2967 4501 quasi
2995 4445 3142 4489 extra
3191 4438 3487 4494 Ecclesiatn

242 4524 376 4584 reum
416 4509 650 4584 conferi.
672 4508 756 4563 .Ita
786 4519 841 4563 ct
868 4508 1047 4569 Afros,
1070 4508 1296 4584 dpiario
1332 4506 1811 4584 amoto,'eamdcm
1842 4524 1891 4584 ο
1920 4507 1969 4561 in
1998 4506 2611 4584 limresiautscltismate
2640 4506 3001 4584 adoleverint;
3022 4507 3122 4584 sed
3155 4507 3227 4562 ibi
3261 4507 3491 4563 Ecclesia

244 4580 287 4650 in
316 4581 458 4650 bone
487 4580 861 4649 presbyterum
904 4580 1194 4634 contulisse
1224 4588 1489 4647 postrema
1530 4582 1579 4633 in
1609 4582 1811 4650 episto-

246 4648 337 4701 lam
367 4649 401 4701 2
431 4661 556 4703 nota
584 4648 669 4703 est
692 4651 995 4717 probatum.
1634 4654 1635 4659 “

308 4730 327 4755 ⁸
361 4721 417 4775 In
441 4720 576 4775 edit.
604 4721 807 4775 Coucil.
832 4719 920 4773 ait.
950 4720 1277 4787 Quaaautem
1302 4719 1335 4772 4
1377 4729 1513 4783 erat,
1546 4735 1687 4775 nunc
1710 4720 1807 4777 ιιι.

246 4787 419 4843 Exstat
449 4790 503 4843 in
542 4791 812 4858 plerisque
836 4791 1088 4843 omnibus
1114 4789 1348 4858 antiquis
1377 4791 1808 4854 collectionibus,

248 4867 356 4923 puta
393 4860 631 4930 Dionysii
662 4860 873 4928 Exigui.
909 4860 1185 4930 Hadriani,
1218 4861 1418 4914 codicis
1459 4876 1486 4913 a
1514 4860 1809 4927 Quesuello

245 4931 453 4997 vulgati,
480 4929 749 4999 Hispana,
794 4930 977 4984 lsidori
1020 4929 1352 4995 Mercatoris,
1388 4946 1485 4983 nec
1525 4946 1628 4983 non
1663 4931 1712 4983 in
1745 4947 1805 4985 ea

246 5015 391 5060 quam
422 5002 686 5055 etlnbent
720 5011 1021 5065 pervetusta
1076 5000 1428 5067 exemplaria.
1457 5000 1804 5065 Corbeicnse,

245 5069 602 5125 (lolbertinuut
650 5070 846 5125 litteris
886 5070 1307 5139 Langobardicis
1337 5082 1635 5127 exaratum.
1668 5070 1806 5126 Lau-

246 5139 394 5193 datur
419 5155 445 5191 a
474 5140 771 5193 Cresconio
798 5139 850 5192 in
874 5139 1143 5194 Btveviario
1166 5156 1284 5195 can.
1321 5150 1375 5195 et
1403 5143 1544 5195 aliis.

310 5205 333 5246 δ
361 5210 508 5275 Apud
537 5210 768 5275 Quesit.,
803 5218 856 5263 ut
887 5212 937 5263 in
969 5227 1073 5263 uno
1106 5225 1206 5263 ms.
1265 5210 1445 5275 Colb.,
1471 5210 1804 5274 inscribitur.

249 5278 309 5328 od
340 5282 605 5345 episcOpos
656 5278 961 5339 Viennenses
1007 5290 1055 5333 et
1103 5278 1461 5335 Narbonenses
1510 5284 1805 5336 constitutio

251 5350 503 5403 titvtorwn
526 5348 615 5405 XI
653 5351 802 5404 nullo
847 5359 1022 5407 tamen
1054 5352 1298 5419 subjecto
1323 5353 1496 5407 titulo.
1545 5352 1599 5407 In
1632 5366 1803 5407 veler-

253 5420 376 5491 rimo
400 5422 586 5491 codice
607 5420 770 5475 Corb.
804 5431 926 5491 tota
959 5422 1009 5474 iu
1041 5421 1154 5477 lmc
1178 5432 1299 5475 octo
1329 5421 1584 5476 dividitur
1610 5424 1807 5491 capitu-

256 5488 294 5558 la
320 5506 330 5539 :
362 5490 395 5541 l.
426 5490 489 5542 de
534 5490 884 5545 sacerdotibus
922 5492 1273 5558 superstitioso
1305 5493 1443 5545 cultu
1484 5488 1805 5546 deserviend-

252 5556 353 5632 bus;
385 5560 459 5632 II.
478 5562 541 5615 de
560 5562 903 5629 paenitentiam
925 5556 1253 5632 morientibus
1280 5579 1382 5614 non
1410 5563 1715 5632 negariﬂll.
1746 5566 1809 5617 de

250 5627 487 5693 imperitis
515 5627 768 5697 episcoiiis
818 5632 1144 5693 ordinandis;
1177 5631 1263 5685 IV.
1297 5634 1359 5687 de
1404 5627 1808 5687 ordinationibus

251 5701 591 5771 sacerdotum;
626 5700 684 5754 V.
712 5702 773 5755 de
795 5703 1117 5754 arcusatione
1141 5703 1389 5771 virginum
1410 5706 1808 5765 monac/mrum;

257 5765 333 5821 Vl.
381 5772 443 5823 de
482 5782 738 5825 rescrrato
782 5772 1046 5841 privilegio
1092 5765 1563 5842 scdi'aposiolica';
1614 5773 1720 5828 VII.
1749 5775 1811 5826 de

1915 4579 2339 4632 ecclesiasticum
2382 4577 2653 4649 ordinem,
2678 4577 2763 4630 cui
2806 4578 3135 4649 monasticus
3163 4589 3488 4649 opponatur,

1915 4660 2090 4702 sonat.
2123 4648 2306 4717 Neque
2349 4647 2639 4702 obscurum
2670 4655 2754 4701 est
2780 4660 2876 4701 eos
2917 4646 3004 4701 bic
3032 4646 3395 4718 notari,'quos
3423 4666 3489 4705 ex

1918 4721 2257 4775 monasteriis
2289 4719 2353 4772 ad
2387 4718 2752 4771 Ecclesiarum
2794 4731 3012 4771 suarum
3064 4722 3303 4788 regimen
3349 4719 3488 4774 Nar~

1918 4788 2171 4843 bonensis
2198 4789 2421 4859 alit'cque
2462 4788 2755 4859 vicinarum
2783 4789 3201 4859 provinciarum
3246 4790 3492 4844 civitates

1915 4872 2192 4914 accersere
2218 4856 2489 4914 amabant.
2513 4856 2855 4927 Aliquamdiu
2893 4866 3069 4913 tamen
3116 4858 3184 4913 ad
3216 4876 3321 4913 non
3379 4876 3491 4914 me-

1912 4929 2154 4983 diocrem
2182 4930 2434 4984 Ecclesia:
2455 4930 2740 4983 utilitatem
2769 4929 3129 4996 perseveravit
3157 4930 3272 4984 haec
3300 4945 3333 4984 e
3371 4946 3491 4987 mn-

1917 5001 2192 5059 nasteriis,
2224 5000 2518 5068 prtesertim
2544 4997 2833 5064 Lirinensi,
2863 4999 3146 5068 episcopos
3174 5000 3341 5052 variis
3361 5001 3493 5053 civi-

1917 5071 2113 5123 tatibus
2138 5069 2413 5137 qumrendi
2440 5069 2797 5124 consuetudo.

1991 5139 2005 5176 ί
2046 5141 2157 5194 Hoc
2182 5151 2283 5205 e5t,
2340 5142 2393 5193 in
2437 5141 2541 5193 alio
2591 5140 2788 5193 vivendi
2816 5154 3016 5209 genere.
3066 5137 3327 5206 Quocirca
3376 5155 3487 5195 non

1912 5211 2089 5278 placet
2112 5211 2252 5279 quod
2292 5211 2343 5263 in
2387 5209 2596 5263 duobus
2628 5225 2781 5272 mss.,
2841 5210 3187 5263 conversione.
3238 5209 3491 5264 Mabillo-

1917 5283 2035 5334 nius
2061 5291 2246 5334 noster
2266 5322 2279 5343 ,
2314 5281 2519 5348 praefat.
2551 5280 2603 5334 in
2634 5296 2670 5333 ιι
2725 5288 2863 5347 part.
2894 5294 3019 5334 saec.
3071 5294 3133 5340 tv_
3151 5289 3256 5334 act.
3282 5280 3490 5336 ‘Bened.

1917 5352 2131 5413 n.129,
2187 5352 2438 5405 observat
2481 5350 2746 5418 episcopis
2789 5351 3122 5403 mouasticcn
3174 5351 3321 5418 prius
3368 5365 3493 5418 pro-

1914 5422 2071 5476 fessis
2094 5421 2202 5487 jam
2227 5422 2425 5474 smculo
2456 5437 2485 5473 v
2511 5421 2752 5479 religioni
2774 5421 2939 5473 fuisse
2960 5423 3317 5473 monasticum
3345 5420 3494 5475 babi-

1915 5504 2023 5543 tum
2059 5491 2273 5556 penitus
2302 5491 2555 5559 abjicere.
2589 5491 2722 5543 Tum
2751 5504 2813 5545 ex
2848 5490 2945 5542 ltoc
2978 5490 3098 5544 loco
3120 5490 3491 5560 prob.tt(quotl

1916 5570 1971 5614 ut
2002 5571 2207 5615 certum
2238 5565 2459 5615 omnino
2488 5570 2541 5613 et
2567 5561 2787 5614 evidens
2810 5560 3134 5615 conﬁrmare
3166 5559 3330 5615 nolim
3358 5601 3373 5625 ,
3408 5564 3491 5616 vi-

1916 5634 2028 5686 deri
2062 5642 2237 5686 tamen
2282 5640 2456 5700 potest
2496 5631 2800 5699 probabile)
2831 5630 3120 5685 nonnullos
3167 5631 3329 5685 etiam
3381 5635 3491 5702 epi-

1917 5717 2132 5771 scopos,
2159 5705 2403 5771 quamvis
2444 5702 2754 5755 monaSticm
2805 5703 2927 5755 vita:
2978 5712 3249 5770 expertes,
3298 5717 3490 5756 eorum

1918 5776 2163 5842 exempto
2193 5772 2548 5828 mouasticum
2582 5772 2817 5828 habitum
2848 5775 3170 5854 suscepisse.
3196 5772 3395 5833 Saltem
3423 5775 3487 5825 de
