3970 6180
428 304 543 360 ﬁl

1219 295 1276 350 S.
1319 292 1713 351 C(ELESTINI
1754 293 1774 348 Ι
1813 292 2017 349 ΡΑΡᾸΞ
2064 289 2425 348 EHSTOME
2471 290 2553 346 ΕΤ
2598 289 2941 346 DECRETA.

3616 292 3716 350 6ῖὲ

450 421 774 483 intulerunt;
812 414 989 470 amicti
1023 411 1206 482 pallio,
1240 419 1294 466 et
1334 409 1546 465 lumbos
1588 409 1883 479 prmcincti,
1915 424 2031 463 cre-
2063 411 2112 469 Λ
2142 418 2225 461 tus
2259 407 2338 461 sui
2375 417 2618 475 tempore
2673 406 2774 461 hoc
2805 406 2997 461 anima:
3052 421 3164 461 sum
3216 408 3440 478 cupiunt
3483 412 3717 466 remedio

453 517 645 570 dentes
672 525 729 565 se
751 510 1041 576 Scripturac
1068 504 1247 565 (idem,
1274 517 1379 555 non
1411 516 1506 570 per
1529 501 1799 569 spiritum,
1822 499 1913 553 sed
1942 514 2037 567 per

454 608 686 662 litteram
717 599 1101 668 completuros.
1132 594 1264 648 Nam
1292 594 1336 647 si
1384 594 1450 647 ad
1484 592 1586 647 hoc
1636 593 1734 645 ista
1769 599 2039 661 przccepta

453 704 598 759 sunt,
629 703 687 747 ut
720 691 912 760 taliter
962 694 1339 750 servarentur;
1373 700 1467 740 cur
1521 699 1626 738 non
1673 684 1808 737 ﬁunt
1840 680 2039 751 pariter

453 803 571 860 quae
597 790 920 854 sequuntur,
963 789 1020 834 ut
1048 780 1285 833 lucerna:
1343 777 1600 831 ardentes
1632 776 1683 828 in
1740 773 1990 829 manibus
2013 781 2040 810 ἰ

456 896 557 934 una
589 894 709 933 cum
734 876 928 931 baculo
959 872 1285 928 teneantur?
1325 871 1532 925 [labent
1564 884 1716 922 suum
1750 869 1848 923 iSta
1900 882 2043 938 mys-

457 972 674 1040 terium,
707 979 762 1023 et
782 965 1200 1037 intclligentibus
1223 964 1296 1019 ita
1325 966 1469 1019 clara
1497 973 1643 1028 sunt,
1694 974 1751 1016 ut
1780 976 1839 1016 ea
1874 959 2043 1029 magis

456 1077 562 1132 qua
587 1062 742 1116 decet
786 1055 1186 1126 signiﬁcatione
1236 1062 1536 1109 serventur.
1570 1052 1705 1106 Nam
1755 1054 1804 1105 io
1836 1051 2045 1104 lumbo-

330 1208 335 1215 ,
410 1168 576 1215 vum
605 1148 989 1221 prmeinctione
1011 1150 1251 1208 castitas,
1273 1147 1324 1198 in
1372 1144 1561 1200 baculo
1604 1142 1837 1214 regimen
1865 1150 2046 1211 pasto-

421 1228 589 1322 :irale,
616 1242 668 1295 in
698 1238 931 1295 lucernis
974 1236 1284 1292 ardentibus
1335 1235 1459 1289 belli
1483 1234 1659 1303 fulgor
1717 1232 1918 1302 operis,
1975 1231 2044 1286 de

457 1348 563 1404 quo
585 1333 810 1387 dicitur:
830 1329 998 1399 Opera
1020 1336 1185 1381 restra
1213 1327 1417 1381 luceant
1444 1324 1655 1395 (Matth.
1683 1339 1736 1390 v,
1767 1322 1875 1394 l6),
1910 1324 2047 1377 indi-

458 1437 668 1480 cantur.
722 1421 750 1460 ι)
781 1421 1028 1477 [labeant
1077 1429 1253 1473 tamen
1301 1418 1462 1477 istum
1532 1415 1759 1470 forsitan
1816 1414 2043 1478 cultum,

416 1494 423 1511 δ
461 1530 668 1572 morem
699 1513 876 1584 potius
906 1526 1068 1581 quam
1093 1509 1360 1563 rationem
1399 1515 1711 1577 sequentes,
1743 1507 1832 1574 qui
1869 1520 2048 1560 remo-

461 1607 691 1663 tioribus
732 1603 976 1659 hahitant
1001 1601 1156 1668 locis,
1181 1610 1234 1655 et
1258 1598 1448 1669 procul
1497 1614 1525 1651 a
1574 1598 1788 1652 etetcris
1823 1596 2043 1666 degunt.

464 1701 616 1758 Unde
637 1700 726 1755 hic
754 1698 966 1754 habitus
1006 1696 1058 1751 in
1079 1694 1339 1751 Ecclesiis
1366 1690 1677 1758 Gallicanis,
1702 1700 1760 1746 ut
1781 1699 1859 1746 tot
1880 1704 2047 1744 auuo-

2143 498 2435 554 subveniri.
2483 497 2797 562 llorremus,
2846 497 3036 562 lateor,
3069 508 3232 554 tanta:
3290 499 3587 569 impietatis
3625 502 3718 557 ali-

2144 604 2303 659 quem
2360 588 2605 658 reperiri,
2640 596 2699 642 ut
2724 587 2793 643 de
2840 587 2933 643 Dei
2987 588 3184 657 pietate
3229 588 3526 660 desperet:
3575 594 3721 661 quasi

2145 696 2250 736 non
2275 679 2445 751 possit
2474 680 2538 733 ad
2584 694 2643 733 se
2679 679 2874 751 quovis
2926 688 3172 749 tempore
3216 682 3560 737 coneurrenti
3607 697 3733 737 suc-

2145 787 2389 839 currere,
2411 782 2465 827 et
2500 771 2891 840 periclitantem
2924 772 3023 825 sub
3052 787 3218 825 onere
3247 783 3587 841 peccatorum
3626 774 3723 828 ho-

2147 865 2368 931 minem,
2410 862 2653 932 pondere
2679 877 2786 931 quo
2810 877 2868 916 se
2901 862 2993 917 ille
3014 864 3256 932 expediri
3273 864 3567 930 desiderat,
3592 865 3724 920 libe-

2147 971 2287 1011 rare.
2342 954 2479 1022 Quid
2538 954 2659 1018 hoc,
2711 969 2861 1022 rogo,
2917 954 3061 1009 aliud
3117 964 3221 1019 est,
3270 971 3430 1025 quam
3479 957 3723 1012 morienti

2148 1055 2375 1101 mortem
2399 1043 2618 1111 addere,
2648 1044 2876 1114 ejusque
2899 1045 3133 1100 animam
3175 1061 3267 1101 sua
3296 1048 3635 1113 crudelitate,
3665 1066 3728 1105 ne

2146 1137 2390 1192 absoluta
2438 1149 2561 1191 esse
2588 1135 2776 1205 possit,
2807 1135 3097 1193 occidere?
3119 1152 3243 1191 cum
3282 1138 3422 1194 Deus
3448 1139 3514 1194 ad
3540 1140 3730 1195 subvo-

2151 1228 2405 1283 niendnm
2439 1226 2839 1295 paratissimus,
2871 1226 3106 1282 invitatis
3129 1228 3193 1283 ad
3234 1230 3731 1299 pmnitentiam,sic

2150 1323 2431 1393 promittat
2459 1337 2473 1373 :
2526 1319 2790 1385 Peccator,
2828 1321 3020 1391 inquit,
3065 1338 3388 1393 quacumque
3414 1324 3498 1377 die
3525 1338 3731 1377 conver-

2147 1433 2235 1470 sus
2265 1415 2444 1486 fuerit,
2478 1422 2688 1483 peccata
2739 1412 2851 1481 ejus
2877 1429 2979 1467 non
3006 1413 3404 1482 imputabuntur
3425 1414 3512 1482 εἰ(
3537 1411 3730 1469 Ezeclt.

2148 1522 2338 1571 xsxtn,
2376 1506 2488 1572 15).
2539 1505 2608 1560 Et
2638 1505 2830 1560 iterum
2867 1522 2881 1558 :
2914 1505 3057 1560 Nolo
3098 1515 3314 1560 mortem
3359 1515 3384 1543 ε
3433 1507 3733 1575 peccatoris,

2146 1601 2236 1655 sed
2291 1607 2487 1653 tantum
2537 1606 2894 1664 convertatur,
2948 1608 2995 1653 et
3046 1600 3178 1654 vivat
3218 1597 3729 1671 (Ibid.,xvm,23).

2149 1691 2390 1747 Salutem
2415 1703 2543 1760 ergo
2593 1689 2799 1744 homini
2829 1690 3036 1755 adimit,
3064 1681 3307 1761 quisquis
3335 1693 3527 1747 mortis
3548 1691 3572 1731 ε
3606 1708 3735 1761 pra:-

463 1809 583 1850 rum
642 1798 1021 1858 tantorumque
1073 1785 1383 1855 pontiﬁcum
1431 1784 1482 1837 in
1528 1783 1759 1838 alterum
1803 1781 2041 1837 habitum
2075 1786 2121 1846 B
2150 1783 2290 1839 teriti
2318 1791 2563 1853 tempore
2603 1781 2976 1851 paenitentiam
3009 1781 3311 1853 denegarit.
3366 1783 3435 1838 Et
3480 1782 3735 1854 ἀθερίνη.

463 1881 800 1940 consuetudo
826 1879 1110 1934 vertatur?
1139 1874 1492 1930 Discernendi
1529 1885 1551 1912 ο
1592 1889 1618 1927 a
1653 1872 1807 1943 plebe
1830 1872 1912 1927 vel
1942 1886 2047 1927 cae-

466 1976 598 2031 teris
619 1987 804 2030 sumus
833 1971 1101 2037 doctrina,
1133 1984 1240 2022 non
1264 1976 1447 2033 veste;
1476 1965 1908 2031 conversatione,
1941 1978 2046 2019 non

467 2066 692 2131 habitu;
745 2062 941 2120 mentis
969 2060 1224 2130 puritate,
1258 2074 1364 2115 non
1389 2059 1560 2114 cultu.
1588 2057 1722 2113 Nam
1752 2058 1800 2112 si
1828 2055 2051 2112 studere

469 2159 790 2230 incipiamus
819 2154 1070 2222 novitati,
1101 2146 1356 2208 traditum
1380 2151 1535 2207 nobis
1574 2165 1605 2205 a
1637 2149 1876 2220 patribus
1900 2148 2051 2204 ordi-

467 2266 592 2307 nem
620 2248 964 2309 calcabimus,
995 2254 1054 2301 ut
1094 2244 1270 2299 locum
1323 2242 1675 2313 supervacuis
1713 2239 2054 2310 superstitio-

469 2342 631 2396 nibus
655 2338 934 2394 faciamus.
955 2335 1136 2391 Rudes
1158 2348 1287 2404 ergo
1314 2334 1553 2388 ﬁdelium
1583 2341 1796 2388 mentes
1825 2331 1893 2387 ad
1925 2331 2053 2409 talia

471 2450 578 2489 non
619 2431 878 2486 debemus
909 2427 1187 2483 inducere.
1214 2424 1453 2481 Docendi
1493 2424 1639 2479 enim
1688 2430 1813 2478 sunt
1877 2423 2057 2493 potius

471 2536 632 2594 quam
658 2517 685 2558 ιι
709 2517 946 2575 ludendi.
977 2516 1087 2572 Nec
1111 2514 1495 2585 imponendum
1517 2528 1704 2569 eorum
1750 2522 1835 2569 est
1859 2513 2057 2578 oculis,

478 2613 573 2668 sed
599 2610 868 2665 mentibus
895 2606 1222 2663 infundenda
1254 2613 1517 2676 praecepta
1548 2614 1698 2661 sunt.
1733 2605 1902 2660 Erant
1941 2605 2061 2675 qui-

475 2706 595 2759 dem
618 2703 807 2770 multa,
841 2716 960 2771 qua:
976 2714 1074 2769 pro
1093 2696 1371 2764 disciplina
1396 2695 1764 2752 ecclesiastica
1777 2695 1866 2751 vel
1894 2696 2063 2768 ipsius

476 2800 553 2854 rei
583 2798 762 2852 dicere
793 2795 1004 2849 ratione
1027 2806 1330 2863 possemus;
1358 2789 1451 2846 sed
1477 2788 1545 2844 ab
1573 2789 1657 2845 his
1678 2788 1744 2844 ad
1771 2789 1874 2844 alia
1905 2803 2065 2846 revo-

475 2907 681 2947 Cilllllll'.

548 2982 676 3037 CAP.
715 2981 777 3035 ll.
803 2980 945 3034 —5.
995 2978 1324 3048 Agnovimus
1355 2976 1731 3046 ptenitentiam
1783 2976 2064 3033 morienti-

479 3076 579 3130 bus
601 3071 878 3143 denegari,
911 3070 1240 3126 necillorum
1267 3068 1556 3125 desideriis
1587 3069 1773 3134 annui,
1803 3069 1891 3140 qui
1949 3060 2067 3125 obi¥

2152 1877 2230 1932 vit
2260 1875 2328 1932 de
2348 1874 2635 1931 clementia
2655 1875 2771 1943 Dei,
2796 1874 2886 1946 qui
2911 1890 3036 1931 eum
3072 1877 3139 1931 ad
3170 1875 3600 1951 subveniendum
3632 1892 3739 1931 mo-

2152 1968 2311 2024 rienti
2360 1965 2614 2023 sufﬁcere
2670 1966 2754 2021 vel
2804 1975 3082 2022 momento
3129 1980 3292 2038 posse
3336 1982 3443 2023 non
3487 1968 3737 2024 credidit.

2153 2059 2489 2118 Perdidisset
2510 2060 2648 2114 latro
2684 2060 2968 2129 prmmium
3020 2060 3074 2115 in
3105 2073 3265 2115 cruce
3292 2059 3356 2114 ad
3378 2058 3587 2114 Christi
3616 2059 3740 2115 des-

2156 2161 2326 2208 teram
2361 2151 2601 2223 pendens
2628 2151 2781 2222 (Luc.
2804 2167 2958 2217 xsm,
2987 2150 3103 2223 42),
3129 2152 3174 2207 si
3209 2152 3359 2208 illum
3388 2153 3552 2208 unius
3602 2153 3742 2208 horse

2156 2245 2475 2317 ptenitentia
2499 2258 2604 2302 non
2621 2242 2872 2315 juvisset.
2897 2242 3032 2300 Cum
3064 2254 3211 2301 esset
3257 2244 3313 2300 in
3340 2260 3522 2315 pcena,
3572 2246 3743 2316 ι)ωηί-

2158 2339 2281 2405 tuit,
2304 2346 2360 2394 et
2388 2352 2483 2407 per
2510 2337 2670 2393 unius
2717 2336 2987 2393 sermonis
3030 2337 3421 2407 profeSsionem
3473 2338 3746 2393 habitacu-

2160 2430 2272 2485 lum
2299 2427 2534 2499 paradisi
2563 2426 2679 2483 Deo
2724 2412 3416 2497 promittente'promeruit.
3452 2426 3594 2482 Vera
3625 2442 3746 2497 ergo

2163 2523 2229 2578 ad
2254 2522 2422 2578 Deum
2453 2521 2744 2577 conversio
2767 2521 2820 2576 in
2858 2521 3061 2577 ultimis
3101 2524 3421 2592 positorum,
3449 2535 3638 2579 mente
3660 2538 3749 2593 po-

2163 2614 2272 2669 tius
2291 2621 2377 2669 est
2403 2611 2745 2680 aestimanda,
2770 2627 2875 2667 non
2904 2621 3169 2684 tempore,
3213 2612 3478 2685 propheta
3502 2613 3613 2671 hoc
3638 2615 3751 2668 tali-

2164 2713 2250 2762 ter
2275 2713 2598 2762 asserente:
2641 2703 2771 2759 Cum
2801 2720 3071 2760 conversus
3126 2705 3467 2779 ingemueris,
3500 2715 3628 2761 tunc
3647 2710 3751 2761 sat-

2164 2814 2255 2853 rus
2285 2798 2386 2852 eris
2431 2796 2647 2871 (Ezech.
2678 2812 2830 2863 mn,
2855 2798 2967 2866 33).
3001 2796 3137 2853 Cum
3186 2813 3317 2869 ergo
3364 2799 3434 2854 sit
3490 2799 3754 2854 Dominus

2166 2891 2349 2947 cordis
2367 2892 2662 2961 inspector,
2683 2891 2873 2961 quovis
2896 2899 3143 2963 tempore
3164 2907 3270 2948 non
3315 2902 3403 2949 est
3435 2891 3754 2963 deneganda

2169 2982 2485 3054 paenitentia
2511 2983 2823 3051 posudanti,
2853 2998 2973 3037 cum
3004 2983 3081 3039 illi
3121 2999 3181 3041 se
3207 2984 3413 3056 obliget
3457 2983 3634 3055 judiei
3674 2984 3756 3040 cui

2169 3074 2383 3131 occulta
2408 3074 2586 3130 omnia
2620 3073 2831 3129 noverit
2856 3073 3104 3145 revelari.

480 3237 547 3290 iis
576 3235 665 3301 qui
696 3232 1213 3307 a_monastic:e_vitce
1246 3228 1583 3307 professione
1604 3230 1667 3307 ad
1692 3230 2062 3307 episcopatum
2094 3236 2139 3307 ρ
2172 3248 2382 3307 mune}.
2408 3231 2732 3307 Nominatim
2748 3246 2881 3307 vero
2899 3233 3220 3291 Sirmondus
3241 3236 3383 3305 apud
3401 3235 3536 3291 Lab.
3565 3244 3697 3291 tom.
3725 3235 3765 3291 ll

477 3300 1008 3374 assumptil‘uerant,
1046 3302 1133 3356 hic
1170 3300 1518 3374 pradicatur,
1551 3300 1739 3374 Amicti
1768 3301 1949 3374 pallio.
2001 3302 2068 3357 Et

485 3370 791 3444 huiusmodi
840 3373 1057 3442 quidem
1108 3370 1615 3444 pallio_C:csarium
1668 3372 2062 3444 Arelatensem,

484 3439 574 3501 ubi
605 3446 672 3500 ad
702 3439 1065 3513 episcopatum
1092 3439 1390 3513 accersitus
1421 3439 1585 3513 venit,
1615 3441 1885 3513 amictum
1905 3444 2072 3498 fuisse

484 3510 763 3573 Ennodius
783 3510 942 3582 epist.
989 3513 1091 3567 150
1120 3518 1289 3565 notat.
1320 3510 1585 3582 Quocirca
1614 3524 1734 3564 mox
1764 3511 1921 3566 dictis
1949 3529 2072 3568 ver-

486 3589 568 3643 his
590 3586 806 3657 pallium
821 3580 1182 3657 ‘mOuasticum
1212 3583 1412 3657 rectius
1435 3580 1887 3657 intellexerimus,
1912 3600 2068 3657 quam

486 3650 610 3713 cuni
639 3656 917 3712 llolstenio
949 3653 1092 3707 notis
1123 3654 1176 3706 in
1205 3652 1486 3721 epistolam
1537 3650 1749 3705 Damasi
1797 3652 1863 3705 ad
1894 3654 2073 3707 Aelio-

488 3729 619 3783 lium
650 3736 701 3782 et
730 3726 907 3782 socios
936 3724 1155 3790 pallium
1189 3721 1641 3792 philosoiihicum,
1697 3722 1838 3787 quod
1882 3739 1907 3774 a
1966 3723 2070 3777 Da-

488 3812 641 3854 maso
668 3798 719 3852 in
749 3796 937 3855 eadem
970 3793 1197 3863 epistola
1242 3792 1454 3847 habitus
1485 3791 1615 3846 idoli
1644 3803 1886 3863 vocatur,
1939 3803 1993 3847 et
2042 3808 2071 3846 a

489 3884 597 3938 quo
619 3868 921 3938 philosophi
950 3862 1019 3920 ab
1059 3863 1494 3938 Augustinojib.
1521 3877 1617 3938 x_nt
1648 3862 1717 3915 de
1748 3862 1865 3915 Civ.
1903 3864 1992 3919 Dei
2019 3878 2068 3938 c.

493 3933 560 3994 l6
586 3933 1036 4009 cognominantur
1072 3933 1651 4009 Pulliati."l“a_cendun1_
1681 3942 1899 4009 nonest
1930 3934 2072 4009 quod

492 4002 812 4065 Cresconius
840 4020 960 4060 cum
990 4006 1093 4060 hoc
1112 4004 1390 4060 Caelestini
1424 4005 1540 4058 loco
1572 4004 1671 4056 sub
1699 4002 1888 4056 eodem
1922 4006 2076 4057 titulo

491 4079 708 4147 copulat
736 4086 789 4130 et
809 4077 969 4129 istum
997 4075 1208 4147 concilii
1239 4072 1569 4147 Gangrensis
1598 4088 1720 4127 can.
1752 4072 1846 4129 ηε
1880 4073 1940 4129 Si
1965 4077 2075 4141 quis

492 4143 721 4202 virorum
749 4155 957 4216 propter
1009 4143 1373 4216 continentiam
1392 4182 1407 4205 ,
1452 4156 1588 4216 quas
1614 4152 1854 4216 putatur,
1888 4150 2075 4216 amictu

496 4217 646 4285 pallii
668 4211 856 4278 utitur,
876 4213 1020 4282 quasi
1048 4228 1135 4283 pur
1172 4213 1265 4265 hoc
1288 4211 1469 4285 habere
1489 4228 1542 4285 se
1558 4213 1813 4285 justitiam
1842 4215 2071 4285 creticus,

495 4282 543 4344 et
569 4288 783 4356 despicit
825 4301 908 4339 eos
935 4284 1020 4351 qui
1050 4282 1164 4337 cum
1196 4284 1471 4356 reverentia
1516 4282 1665 4356 bit-ris
1714 4291 1758 4333 ιι
1790 4283 1907 4356 aliis
1928 4300 2075 4356 cont-

495 4353 734 4413 munibus
760 4366 806 4410 ct
828 4356 993 4411 solitis
1017 4364 1231 4409 utuntur
1260 4355 1496 4414 vestibus,
1518 4354 1791 4405 anathema
1815 4353 1899 4406 sit.
1928 4353 2078 4408 Unde

494 4438 721 4499 apparet
762 4426 983 4499 pallium
1014 4425 1250 4499 speciale
1291 4424 1559 4495 quoddam
1609 4422 1773 4477 fuisse
1821 4422 2078 4492 professa:

494 4496 842 4556 continentia:
865 4496 1139 4551 indicium.

567 4582 593 4611 ⁸
618 4571 743 4626 Haec
772 4568 963 4628 verba,
986 4584 1091 4621 una
1116 4581 1231 4620 cum
1259 4566 1460 4631 baculo,
1497 4565 1548 4619 in
1578 4580 1684 4618 uno
1712 4580 1812 4617 ms.
1838 4565 1991 4619 Colb.
2021 4576 2073 4621 et

495 4644 669 4697 altero
694 4638 941 4694 Laudun.
986 4638 1201 4692 desunt.
1254 4637 1327 4690 Ea
1359 4634 1655 4690 omittenda
1708 4649 1812 4689 non
1842 4652 1960 4689 esse
2005 4653 2073 4690 et

495 4711 755 4768 subnexis
779 4710 995 4778 planum
1026 4716 1129 4761 est.
1186 4707 1330 4760 Eam:
1361 4722 1387 4758 a
1419 4705 1712 4778 lecstino
1742 4706 1804 4778 in
1835 4706 2076 4773 Evangea

499 4784 573 4837 lio
601 4782 759 4837 anze
783 4776 915 4833 tunc
959 4779 1095 4832 lecta
1126 4789 1272 4842 sunt,
1298 4792 1415 4843 qum.
1449 4790 1590 4829 nunc
1637 4777 1687 4829 in
1718 4776 1864 4830 nullo
1892 4792 2076 4831 exem-

440 4882 459 4921 ~,
498 4853 636 4921 piari
665 4852 891 4921 legimus
918 4850 940 4902 ‘l
965 4847 1114 4921 Nihil
1141 4848 1276 4902 torte
1306 4846 1446 4921 aliud
1472 4845 1640 4921 voluit
1671 4847 1947 4921 illepapa,
1974 4847 2075 4921 nisi

498 4912 561 4979 ut
583 4912 893 4978 ostenderet
915 4934 1078 4991 quam
1105 4919 1502 4991 incommodum
1548 4915 1706 4981 foret,
1743 4912 2076 4991 si’prtesules

459 4988 463 4992 ’
497 5011 621 5051 cum
667 4993 857 5049 baculo
888 4988 1059 5063 quem,
1080 4988 1450 5063 ecclesiastico
1475 5002 1585 5063 usu
1635 4997 1849 5057 gestare
1878 4988 2073 5063 solent,

496 5068 660 5121 etiam
694 5058 942 5119 lucernas
968 5062 1219 5116 ardentes
1254 5060 1307 5113 in
1344 5060 1591 5113 manibus
1633 5075 1697 5114 ex
1749 5058 2075 5128 evangelicae

496 5137 690 5192 litterae
730 5133 1045 5203 praescripto
1072 5139 1332 5187 tenerent.

569 5207 598 5246 δ
805 5200 965 5277 Rom.
992 5203 1266 5277 ct__co_n_cil_.
1296 5216 1417 5277 eum
1455 5200 1868 5277 exempliscoll.
1911 5200 2073 5277 Had"

500 5277 708 5332 habent.
737 5275 957 5330 Rectius
997 5273 1087 5329 alii
1131 5272 1274 5339 libri,
1304 5271 1539 5325 habeant.
1571 5271 1838 5326 Permittit
1879 5271 2077 5340 quippe

499 5348 829 5405 Ctelestinus
853 5344 1092 5400 habitum
1145 5343 1295 5396 illum
1348 5341 1673 5412 singularem
1722 5344 2074 5397 remetiorutn

500 5418 742 5474 locorum
767 5415 1183 5477 habitatoribus,
1208 5412 1310 5467 hoc
1339 5420 1422 5466 est
1451 5412 1727 5467 monachis
1755 5412 1847 5481 qui
1895 5413 2074 5480 procul

500 5503 531 5542 a
553 5491 762 5543 caeteris
810 5486 1116 5541 hominibus
1145 5482 1434 5549 degebant,
1467 5482 1770 5549 cuiusmodi
1803 5491 1956 5537 erant
1987 5481 2078 5537 Li—

502 5557 739 5615 rinensis
765 5559 951 5613 insula:
980 5555 1190 5611 incolae.
1217 5554 1334 5609 Jam
1368 5554 1529 5624 igitur
1559 5568 1674 5608 mos
1700 5563 1755 5609 et
1784 5567 1913 5608 usus
1938 5553 2079 5608 obti-

505 5636 719 5692 nuerat,
750 5637 809 5682 ut
837 5642 866 5680 a
894 5627 1053 5696 vulgo
1083 5624 1330 5680 monachi
1360 5624 1616 5696 vestibus,
1647 5634 2075 5696 secernerentur.

581 5706 605 5736 ⁸
636 5697 765 5752 Inde
799 5693 1241 5752 contici'censent
1285 5694 1502 5757 eruditi,
1554 5695 1809 5749 laicoruni
1854 5693 2081 5748 clerico-

510 5782 735 5838 rumque
762 5776 937 5822 vestes
980 5766 1166 5836 primis
1196 5765 1449 5823 Ecclesia:
1476 5766 1689 5820 szeculis
1717 5764 1884 5820 fuisse
1931 5779 2075 5821 com-

2174 3304 2382 3358 Concil.
2416 3317 2539 3373 pag.
2575 3302 2982 3373 lSl'tplerieos
3013 3320 3041 3358 a
3069 3302 3288 3362 caeteris
3309 3321 3415 3362 non
3453 3308 3505 3360 in
3537 3309 3654 3362 vita
3684 3322 3768 3362 so-

2178 3375 2286 3428 lum
2310 3372 2605 3436 communi,
2648 3372 2744 3427 sed
2770 3383 2825 3428 et
2854 3389 3009 3430 sacro
3037 3377 3089 3431 in
3117 3377 3416 3434 ministerio
3445 3379 3638 3432 habitu
3686 3380 3767 3430 in-

2174 3445 2443 3518 discretos
2462 3442 2627 3518 fuisse
2638 3444 2852 3518 astruit.
2874 3443 2987 3501 Nec
3007 3446 3313 3518 dissimulat
3330 3449 3470 3517 quod
3500 3448 3769 3518 Hierony-

2177 3530 2294 3569 mus
2322 3514 2439 3568 hmc
2490 3512 2803 3589 Ezechielis
2829 3530 2979 3584 κων,
3014 3516 3114 3589 147;
3145 3512 3372 3589 Cumque
3414 3512 3770 3588 ingredientur

2176 3594 2349 3651 portas
2399 3585 2518 3636 atrii
2573 3584 2851 3651 interioris,
2902 3587 3121 3640 vestibus
3164 3584 3309 3643 lineis
3352 3584 3657 3652 inducatur,
3702 3591 3769 3642 ita

2175 3662 2596 3730 commentatur:
2650 3653 2778 3730 Per,
2799 3672 2915 3725 qtae
2939 3656 3206 3723 discimus,
3237 3676 3337 3713 non
3360 3659 3682 3730 quotidianis
3727 3668 3771 3712 ct

2175 3724 2489 3796 quibuslibet
2506 3738 2596 3794 pro
2620 3741 2716 3778 usu
2736 3726 2848 3779 vita:
2869 3729 3149 3782 communis
3176 3724 3386 3796 pollutis
3416 3733 3645 3784 vestibus
3681 3744 3772 3782 nos

2176 3794 2378 3866 ingredi
2409 3794 2589 3847 debere
2615 3796 2869 3866 ingsancta
2919 3794 3234 3860 sanctorum,
3278 3800 3367 3854 sed
3413 3800 3617 3854 snunda
3645 3815 3771 3852 con-

2175 3864 2389 3918 scientia
2428 3873 2473 3916 ct
2522 3864 2727 3918 mundis
2751 3866 2970 3921 restibus
2993 3877 3160 3922 tenere
3191 3869 3398 3923 Domini
3422 3880 3772 3923 sacramrn'a.

2178 3934 2360 4010 Neque
2389 3935 2516 4010 hinc
2540 3934 2606 3987 de
2633 3936 2902 4010 sententia
2935 3947 3201 4010 movetur.
3238 3941 3329 3993 llis
3356 3940 3558 4010 quippe
3593 3942 3778 3994 lliero-

2178 4006 2326 4076 nymi
2356 4006 2531 4060 verbis
2554 4005 2865 4062 mundiores
2895 4009 3109 4075 quidem
3131 4020 3186 4064 et
3206 4005 3510 4073 nitidiores,
3531 4012 3638 4065 sed
3676 4025 3777 4063 non

2178 4076 2481 4145 singulares
2505 4086 2559 4130 et
2588 4076 2652 4129 ad
2681 4090 2893 4131 sacrum
2919 4079 3192 4133 dumtaxat
3221 4080 3584 4136 ministerium
3612 4081 3780 4135 desti-

2180 4157 2333 4200 natas
2361 4154 2538 4219 vestes
2566 4147 2931 4219 commendari
2962 4150 3226 4219 intelligit.
3252 4149 3397 4206 Idem
3427 4153 3605 4205 sentit
3635 4161 3693 4206 et
3716 4150 3782 4204 de

2178 4231 2245 4290 eo
2268 4215 2410 4286 quod
2435 4215 2575 4271 idem
2602 4215 2791 4290 doctor
2815 4219 2945 4274 dial.
2976 4220 2999 4271 1
3027 4215 3211 4274 contra
3235 4220 3535 4290 Pelagium,
3569 4223 3662 4290 qui
3693 4236 3784 4275 re-

2179 4285 2341 4340 Stium
2370 4295 2618 4341 ornatum
2661 4288 2770 4342 Deo
2798 4290 3077 4345 adversari
3099 4285 3478 4352 contendebat.
3506 4285 3627 4345 ait':
3658 4292 3786 4356 Qua:

2179 4366 2318 4420 sunt,
2334 4358 2769 4427 rogo,inimicitia:
2780 4370 2957 4413 contra
2972 4359 3209 4426 Deum,si
3223 4363 3445 4416 tunicam
3461 4363 3634 4416 habeo
3647 4378 3768 4414 mnu

2180 4428 2395 4502 (liorem,
2421 4429 2464 4502 si
2492 4429 2778 4502 episcopus,
2822 4432 3084 4502 presbyter
3110 4442 3157 4485 et
3188 4432 3434 4486 diaconus
3467 4444 3520 4485 et
3554 4431 3786 4502 reliquus

2183 4496 2308 4550 ordo
2326 4498 2695 4552 ecclesiasticus
2716 4500 2768 4551 in
2789 4496 3239 4556 administratione
3258 4519 3373 4555 cum
3395 4502 3633 4556 candida
3654 4496 3788 4556 ueste

2182 4567 2560 4641 processerint?
2584 4569 2657 4622 lbi
2677 4570 2822 4624 enim
2849 4572 3131 4626 candidam
3155 4584 3360 4627 vestem
3389 4574 3787 4641 interpretatur

2179 4638 2419 4691 nitidam.
2436 4638 2741 4694 Observant
2758 4641 2870 4707 alii,
2888 4643 3199 4697 vestesillas
3216 4643 3435 4705 nitidas,
3452 4638 3589 4696 dum
3612 4643 3787 4697 rarius

2178 4707 2233 4762 in
2248 4722 2399 4763 usum
2417 4708 2801 4781 adhiberentur
2816 4723 2870 4766 et
2899 4721 3308 4767 asscrvarentnr
3337 4713 3671 4781 studiosius,
3695 4727 3787 4766 eo-

2177 4793 2284 4847 que
2314 4778 2645 4847 paetoci:ius
2667 4790 2966 4836 mutaretur
2993 4784 3297 4838 communis
3319 4784 3550 4837 vestium
3588 4778 3785 4844 forma,

2176 4864 2349 4920 quam
2375 4849 2772 4920 illaaperirent,
2807 4853 3062 4919 paulatim
3094 4853 3332 4908 evasisse
3372 4854 3715 4920 singulares.

2250 4916 2276 4956 ι¹
2306 4919 2456 4973 Meri.
2482 4919 2644 4974 Crab.
2687 4916 2895 4977 el’edit.
2929 4924 3083 4978 llom.
3124 4940 3246 4977 eum
3271 4924 3395 4978 Isid.
3421 4916 3713 4977 illiutlendi.

2254 4999 2276 5027 ο
2310 4990 2643 5046 Vetcrrimus
2671 4994 2845 5048 codex
2888 4994 3076 5058 Corb.,
3118 5005 3331 5047 mortem
3380 4996 3701 5059 moricnn's;
3729 5008 3791 5045 ac

2180 5060 2405 5127 deinde,
2433 5069 2634 5117 tantum
2657 5074 2961 5129 revertatur,
2979 5068 3067 5119 ubi
3096 5065 3235 5134 apud
3259 5066 3600 5131 Quesu..sed
3627 5065 3789 5135 magis

2186 5139 2239 5184 ut
2267 5142 2615 5187 convertatur.

2263 5202 2279 5238 τ
2314 5202 2451 5277 Editi
2475 5218 2594 5277 cum
2629 5219 2730 5258 ms.
2758 5205 2919 5277 Pith.,
2948 5207 3125 5261 mortis
3141 5216 3365 5277 tempore
3390 5214 3664 5272 speratam
3687 5222 3790 5274 pac-

2186 5274 2452 5345 nitentiaui
2480 5275 2764 5345 detzegarit.
2802 5276 2842 5330 E
2867 5278 3079 5331 caeteris
3108 5274 3254 5331 mss.
3275 5276 3474 5340 nullus,
3508 5279 3658 5330 sicut
3690 5291 3789 5329 nec

2186 5344 2305 5407 lvo,
2332 5344 2494 5399 habet
2512 5344 2792 5414 speratam.
2822 5346 2930 5402 Sed
2958 5356 3112 5402 vetus
3140 5348 3303 5402 Corb.
3331 5361 3454 5403 cum
3479 5358 3598 5401 uno
3626 5345 3785 5400 Colb.

2186 5430 2298 5539 Era:
2329 5431 2386 5468 se
2420 5414 2542 5477 fert,
2579 5428 2844 5485 prwtermt
2871 5430 3100 5489 tempore
3128 5420 3475 5490 pmnitcntiam
3497 5418 3787 5487 denegare.

2236 5487 2440 5539 unnulli
2472 5487 2582 5539 alii.
2605 5498 2849 5539 nra'tcrea
2873 5501 3097 5539 tenmore
3113 5489 3457 5539 nmnitentiam
3480 5488 3713 5539 dettcum
3729 5496 3787 5539 ti.

2236 5487 2440 5560 unnulli
2469 5487 2849 5560 alii,p>a'tt-rea
2873 5487 3097 5556 tempore
3110 5487 3457 5560 ῤωὶιρηιὶαηι
3480 5488 3713 5558 denegat
3729 5496 3789 5540 ti.

2194 5556 2383 5629 Verius
2405 5556 2618 5623 reliqui,
2643 5561 2909 5629 pt'tt‘teriti,
2937 5569 3074 5620 etc.;
3105 5556 3247 5628 quod
3279 5562 3348 5612 ita
3374 5560 3509 5612 foret
3544 5556 3787 5611 clarius.

2185 5628 2363 5700 neartis
2386 5636 2611 5700 tempore
2633 5628 2977 5696 pwttitcntiam
3006 5631 3246 5700 prieteriti
3269 5629 3558 5691 (lennem.
3578 5628 3790 5681 Eodem

2189 5697 2437 5765 loquendi
2470 5700 2629 5753 modo
2657 5702 2815 5767 t‘piSl.
2842 5701 2912 5753 22’.
2969 5697 3023 5754 n.
3074 5700 3109 5755 5
3162 5702 3322 5754 visur'
3355 5714 3549 5753 sumus
3577 5717 3592 5753 :
3635 5701 3791 5752 Nunc

2185 5770 2305 5836 quia
2332 5769 2395 5821 tle
2424 5771 2666 5840 pra’tcriti
2695 5773 3046 5826 emendatione
3074 5774 3378 5843 gaudemus.
