3970 6180
240 336 340 391 835

724 331 943 397 EPIST.
987 333 1139 408 ΝΒ,
1186 334 1573 392 COELESTILVI
1614 335 1814 390 PAPx‘E
1853 337 1942 392 AD
1983 335 2355 394 EPISCOPOS
2397 335 2599 394 PROV.
2645 337 3067 397 VIENNENSIS.

3419 341 3526 396 ιδι

299 448 429 505 Car.
462 447 555 503 lli.
583 475 656 488 -—
684 447 738 502 4.
779 445 1067 505 Ordinatos
1111 463 1242 505 vero
1285 451 1580 520 quosdam,
1634 449 1824 505 fratres
1854 455 1902 512 A
1929 451 2282 523 direximus),
2336 454 2388 508 iu
2427 453 2688 524 pontificii
2743 454 3058 524 dignitatem
3106 453 3208 510 hoc
3255 462 3526 531 tempore,

231 541 565 608 charissimi,
597 541 918 611 episcopos,
944 543 1034 611 qui
1079 541 1243 598 nullis
1273 543 1654 598 ecclesiasticis
1683 542 1830 597 ordi-

235 632 388 686 nibus
415 631 486 686 ad
521 639 685 685 tanta:
718 631 992 702 dignitatis
1036 632 1301 704 fastigium
1339 634 1537 688 fuerint
1575 633 1823 701 instituti,

231 735 419 781 contra
452 735 478 762 ³
535 725 754 778 Patrum
787 725 1027 792 decreta,
1062 725 1221 795 hujus
1254 727 1601 795 usurpatione
1649 727 1738 796 qui
1768 741 1826 782 se

231 819 330 874 hoc
347 817 696 889 recognoscit
722 817 919 872 fecisse
943 818 1262 884 didicimus;
1293 834 1413 872 cum
1444 819 1509 872 ad
1542 819 1824 888 episcopa-

227 920 336 966 tum
371 911 458 965 his
500 909 757 980 gradibus
786 909 980 980 quibus
1009 909 1445 980 frequentissime
1494 921 1710 966 cautum
1743 922 1825 966 est

226 1003 420 1058 debeat
475 1002 778 1070 perveniri,
831 1012 888 1057 ut
931 1003 1234 1057 minoribus
1283 1005 1474 1059 initiati
1515 1005 1708 1060 officiis
1757 1006 1820 1061 ad

225 1096 432 1164 majora
464 1095 772 1150 (inuentor.
811 1096 978 1151 Debet
1012 1099 1155 1151 enim
1181 1105 1308 1154 ante
1353 1113 1472 1154 esse
1503 1099 1816 1168 discipulus,

227 1187 466 1257 quisquis
491 1185 682 1241 doctor
709 1202 830 1242 esse
851 1186 1149 1251 desiderat,
1175 1200 1231 1242 ut
1254 1189 1423 1258 possit
1453 1190 1652 1245 docere
1675 1191 1821 1260 quod

228 1281 432 1335 didicit.
460 1280 653 1334 Omnis
683 1279 806 1333 vita:
845 1280 1114 1336 institutio
1137 1281 1235 1336 hac
1265 1283 1329 1335 ad
1354 1282 1404 1336 id
1430 1297 1536 1350 quo
1567 1284 1738 1337 tendit
1761 1297 1819 1338 se

229 1371 433 1424 ratione
456 1369 768 1424 confirmat.
797 1370 896 1436 Qui
921 1371 1142 1425 minime
1166 1372 1360 1427 litteris
1389 1388 1610 1442 operam
1654 1373 1819 1429 dede-

227 1462 311 1526 rit,
337 1471 654 1530 praeceptor
682 1477 804 1516 esse
834 1478 940 1516 non
998 1471 1180 1532 potest
1223 1463 1549 1518 litterarum.
1575 1464 1677 1531 Qui
1711 1480 1815 1520 non

226 1568 314 1621 per
336 1552 556 1622 singula
579 1553 847 1623 stipendia
875 1556 1126 1620 erexerit,
1175 1554 1240 1609 ad
1284 1540 1533 1609 meritum
1561 1555 1814 1625 stipendii

222 1645 466 1698 ordinem
505 1658 615 1700 non
665 1654 844 1713 potest
874 1645 1180 1714 pervenire.
1215 1646 1401 1701 Solum
1450 1646 1810 1701 sacerdotium

222 1735 362 1789 inter
393 1736 522 1802 ista,
557 1750 708 1805 rogo,
758 1737 920 1789 vilius
952 1736 1066 1791 est?
1094 1736 1238 1805 quod
1295 1737 1503 1791 facilius
1536 1737 1807 1800 tribuitur,

221 1842 338 1880 cum
369 1825 649 1881 difﬁcilius
676 1826 980 1897 impleatur.

293 1919 344 1972 5.
371 1917 480 1973 Sed
501 1919 613 1987 jam
637 1933 742 1972 non
774 1920 907 1973 satis
929 1928 1009 1973 est
1042 1919 1205 1974 laicos
1235 1920 1507 1986 ordinare,
1534 1935 1670 1991 quos
1695 1921 1813 1976 nul-

221 2009 300 2062 lus
323 2009 438 2062 licri
466 2010 604 2064 ordo
631 2009 920 2078 permittit,
971 2010 1066 2064 sed
1095 2012 1255 2065 etiam
1301 2026 1528 2080 quorum
1585 2011 1808 2065 crimit'ia

220 2101 377 2170 longe
411 2100 631 2169 lateque
655 2115 749 2168 per
772 2114 962 2154 omnes
987 2115 1125 2170 pene
1173 2111 1297 2155 sunt
1331 2113 1454 2156 nata
1483 2102 1806 2170 provincias,

218 2193 566 2246 ordinantur.
599 2191 808 2258 Daniel,
843 2207 1012 2261 nuper
1044 2193 1203 2246 missa
1234 2193 1495 2247 relatione
1527 2208 1592 2246 ex
1622 2192 1813 2248 Orien-

222 2285 419 2339 talibus
449 2284 518 2338 ad
551 2297 650 2338 nos
671 2284 932 2352 partibus,
959 2285 1024 2337 ab
1069 2284 1217 2337 omni
1250 2284 1390 2352 quod
1428 2292 1672 2338 tenuerat
1699 2283 1811 2336 vir-

213 2378 399 2444 ginum
427 2375 758 2430 monasterio
784 2376 1002 2429 nefariis
1045 2384 1126 2429 est
1170 2374 1562 2444 objectionibus
1593 2387 1811 2429 accusa-

217 2482 324 2521 tus.
359 2467 575 2522 Multah
627 2468 694 2521 dc
739 2467 922 2522 multis
959 2467 1164 2536 objecta
1209 2465 1427 2536 ﬂagitia.
1462 2467 1519 2520 lu
1571 2481 1801 2536 quanam

216 2565 411 2613 taterct
439 2568 704 2614 terrarum
737 2567 892 2623 parte
913 2559 1169 2627 quaesitus
1192 2568 1292 2622 est,
1325 2567 1382 2611 ut
1419 2558 1464 2611 si
1515 2573 1626 2612 sua:
1656 2558 1810 2611 inno-

212 2652 412 2704 centiae
463 2649 796 2712 confideret,
832 2660 1017 2704 contra
1066 2666 1124 2705 sc
1164 2649 1428 2718 judicium
1477 2649 1806 2719 postulatum

213 2745 444 2796 minimc
477 2743 793 2796 declinaret.
818 2752 839 2779 ε
870 2742 1085 2795 Missum
1110 2743 1174 2795 ad
1205 2741 1578 2796 Arelatensem
1601 2741 1812 2810 episco-

211 2856 342 2906 pum
378 2852 474 2905 per
503 2837 858 2891 Fortunatunt
915 2834 1304 2890 subdiaconum
1357 2842 1618 2902 nostrum,
1655 2841 1714 2888 ut
1743 2834 1810 2888 ad

210 2929 476 2996 judicium
515 2927 904 2989 destinaretur,
961 2925 1288 2994 epistolimn.
1324 2925 1509 2979 Tantis
1555 2935 1811 2994 gravatus

213 3017 567 3080 testimoniis,
609 3024 753 3069 tanta
805 3015 1103 3070 facinorum
1154 3016 1494 3070 accusatione
1545 3015 1808 3086 pulsatus,

211 3125 519 3171 sacrarunt,
539 3118 594 3161 tit
616 3108 833 3172 dicitur,
852 3108 1115 3176 virginum
1145 3107 1380 3176 pollutus
1405 3106 1634 3172 incestu,
1670 3105 1814 3176 epis-

1933 559 2040 612 quo
2071 544 2137 599 ad
2170 559 2386 599 causam
2417 546 2702 601 dicendam
2736 546 2916 602 missis
2945 563 2974 600 a
3009 548 3161 602 nobis
3203 547 3400 602 litteris
3431 563 3526 599 vu-

1931 637 2179 701 cabatur,
2209 636 2468 706 obrepsit.
2503 638 2668 692 Sacro
2704 637 2905 692 nomini
2940 638 3080 693 absit
3109 638 3326 707 injuria.
3364 638 3522 693 Faci-

1932 727 2034 781 lius
2063 737 2146 783 est
2176 738 2230 781 ut
2254 728 2392 783 hanc
2425 729 2738 798 dignitatem
2769 728 2859 783 tali
2893 729 3069 784 dando
3114 727 3230 800 ipse
3278 729 3528 784 amiserit

1933 830 1955 855 ε
1984 819 2281 885 ordinator,
2308 836 2467 890 quam
2522 835 2640 875 eam
2669 821 2916 876 obtineat
2944 821 3222 876 ordinatus
3247 839 3260 874 :
3285 821 3370 876 cui
3399 837 3528 875 con-

1929 912 2068 964 victo
2115 911 2413 964 sociabitur
2460 911 2550 979 qui
2591 924 2714 965 eum
2763 911 2865 964 sibi
2933 910 3183 980 credidit,
3241 913 3522 981 largiendo

1934 1003 2292 1070 pontificium,
2326 1001 2662 1058 sociandum.
2715 1003 2898 1069 Qualis
2925 1004 3067 1058 enim
3101 1003 3214 1072 ipse
3254 1005 3342 1069 sit,
3373 1007 3517 1073 quis-

1927 1095 2047 1164 quis
2071 1094 2207 1149 tales
2259 1093 2544 1163 ordinarit,
2573 1093 2831 1148 ostendit.
2885 1092 2978 1148 llis
3005 1109 3133 1163 ergo
3164 1094 3216 1147 in
3279 1094 3512 1148 medium

1927 1200 2070 1240 nunc
2098 1185 2366 1252 deductis,
2391 1201 2510 1240 cum
2545 1186 2785 1255 plerique
2809 1194 3043 1240 vestrum
3093 1186 3227 1250 sint,
3259 1187 3347 1254 qui
3389 1202 3490 1254 apo

1924 1276 2128 1330 stolica:
2180 1275 2325 1330 sedis
2366 1285 2568 1331 statuta
2621 1277 3020 1346 cognoverint,
3058 1277 3338 1331 nobiscmn
3383 1286 3512 1330 tem-

1923 1383 2055 1438 pore
2096 1368 2367 1438 aliquanto
2396 1371 2616 1435 versati,
2643 1370 2708 1423 ad
2753 1370 3056 1440 disciplina:
3089 1385 3356 1434 normam,
3389 1385 3513 1422 nos-

1921 1461 2018 1515 tris
2072 1470 2334 1516 conventa
2401 1460 2916 1528 adhortationibus,
2969 1463 3149 1516 omnia
3207 1462 3512 1516 fraternitas

1922 1559 2098 1604 vestra
2129 1565 2385 1604 revt'care
2410 1549 2646 1606 festinet.

1985 1642 2115 1698 Car.
2149 1642 2236 1698 IV.
2264 1674 2334 1682 —
2358 1643 2412 1698 6.
2444 1643 2704 1710 Primum,
2754 1653 2830 1712 ut,
2873 1645 3027 1714 juxta
3060 1646 3276 1701 decreta
3327 1660 3493 1700 cano-

1921 1751 2073 1802 num,
2099 1751 2436 1806 unaquteque
2467 1739 2744 1806 provincia
2784 1754 2883 1793 suo
2925 1739 3343 1808 metropolitano
3374 1753 3503 1792 con-

1845 1834 1890 1894 Β
1922 1839 2064 1883 tenta
2097 1828 2188 1894 sit,
2223 1837 2282 1882 ut
2310 1829 2614 1884 decessoris
2659 1830 2832 1883 nostri
2868 1828 2886 1866 ί
2920 1829 3043 1884 data
3091 1829 3154 1883 ad
3189 1828 3501 1883 Narbonen-

1921 1936 2035 1976 sem
2073 1921 2391 1990 episcopum
2435 1921 2716 1987 continent
2742 1922 3054 1986 constituta,
3092 1935 3190 1975 nec
3222 1930 3246 1967 ε
3280 1935 3506 1986 usurpa-

1923 2011 2054 2066 tioni
2087 2012 2237 2067 locus
2274 2011 2438 2066 alicui
2489 2011 2758 2066 sacerdoti
2802 2013 2852 2065 in
2902 2011 3129 2066 alterius
3174 2009 3505 2065 concedatur

1920 2104 2194 2173 iujuriam.
2239 2103 2322 2159 Sit
2353 2103 2624 2158 concessis
2663 2102 2767 2156 sibi
2812 2113 3100 2157 contentus
3142 2101 3508 2170 unusquisque

1923 2194 2222 2259 limitibus;
2256 2195 2393 2249 alter
2424 2195 2476 2249 in
2515 2195 2738 2248 alterius
2767 2194 3042 2264 provincia
3083 2196 3155 2250 nil
3189 2205 3500 2264 pricsumat.

1986 2286 2038 2338 7.
2067 2285 2177 2341 Nec
2201 2285 2440 2340 emeritis
2467 2286 2520 2340 in
2555 2287 2671 2340 suis
2697 2285 2944 2340 ecclesiis
2987 2286 3199 2341 clericis
3233 2285 3503 2354 peregrini

1914 2387 1968 2434 et
1996 2377 2241 2433 extranei
2283 2386 2338 2433 et
2366 2377 2460 2446 qui
2506 2387 2632 2433 ante
2682 2378 2913 2446 ignorati
2962 2379 3090 2440 sint,
3129 2376 3198 2431 ad
3236 2378 3506 2432 exclusio-

1915 2483 2038 2523 nem
2082 2482 2271 2522 eorum
2303 2468 2394 2538 qui
2437 2467 2573 2523 bene
2615 2467 2682 2522 de
2728 2481 2948 2523 suorum
2978 2467 3180 2522 civium
3230 2477 3506 2521 tuerentur

1914 2560 2249 2627 testimonio,
2302 2571 2703 2630 praeponuntur,
2753 2575 2823 2616 ne
2871 2576 3065 2614 novum
3107 2561 3398 2630 quoddam,
3432 2560 3501 2614 de

1917 2665 2023 2720 quo
2065 2650 2306 2720 episc0pi
2344 2651 2492 2715 fiant,
2525 2652 2832 2704 institutum
2864 2653 3113 2705 videatur
3164 2667 3288 2706 esse
3335 2652 3501 2706 colle-

1913 2742 2082 2811 gium.
2116 2740 2336 2796 —CAp.
2393 2741 2454 2794 ν.
2508 2741 2696 2796 Nullus
2744 2741 2926 2796 invitis
2981 2741 3142 2796 detur
3188 2743 3500 2810 episcopus.

1914 2831 2082 2898 Cleri,
2110 2831 2285 2901 plebis
2311 2839 2368 2887 et
2391 2831 2621 2896 ordinis,
2649 2847 2949 2887 consensus
2977 2848 3038 2884 ac
3061 2832 3392 2887 desiderium
3418 2847 3504 2887 re-

1923 2924 2183 2992 quiratur.
2220 2923 2372 2977 Tunc
2406 2925 2542 2977 alter
2572 2923 2640 2976 de
2670 2924 2836 2976 altera
2887 2923 3114 2992 eligatur
3149 2923 3412 2986 Ecclesia,
3455 2923 3498 2976 si

1916 3015 1984 3069 de
2013 3014 2254 3068 civitatis
2303 3012 2471 3082 ipsius
2518 3013 2732 3067 clericis
2783 3014 2868 3066 cui
2899 3023 2981 3067 est
3028 3013 3312 3082 cpiscopus
3350 3013 3501 3066 ordi-

1915 3105 2147 3170 nandus,
2183 3104 2362 3158 nullus
2391 3103 2606 3174 dignus,
2639 3103 2782 3173 quod
2820 3104 3040 3159 evenire
3071 3118 3176 3158 non
3207 3103 3500 3168 credimus,

213 3214 390 3268 copus
415 3200 677 3254 asseritur
704 3198 984 3253 ordinatus
1025 3198 1042 3269 (
1071 3198 1125 3252 in
1157 3200 1358 3254 nostris
1387 3198 1551 3254 libelli
1582 3196 1800 3254 scriniis
1827 3211 1872 3274 ρ
1905 3197 2145 3270 potuerit
2208 3196 2458 3266 reperiri.
2517 3197 2763 3251 Primum
2827 3198 2969 3252 enim
3030 3198 3109 3251 illi
3173 3198 3502 3266 reprobandi

215 3294 239 3328 ει
265 3295 648 3359 eutitinentur,
682 3307 910 3362 quorum
941 3291 1009 3347 ad
1061 3307 1156 3349 vos
1204 3307 1420 3362 quoque
1465 3293 1799 3364 exemplaria

291 3552 313 3576 ³
351 3539 528 3610 Siricii
564 3538 817 3610 videlicet
843 3539 1002 3607 epist.
1037 3539 1091 3605 5,
1124 3556 1178 3593 ιι.
1210 3540 1264 3594 5.
1309 3540 1605 3595 Innocentii
1645 3542 1808 3610 epist.

217 3613 281 3666 37
321 3630 381 3663 ιι.
407 3609 462 3671 4,
489 3609 692 3662 Zosimi
720 3607 882 3677 epist.
911 3610 942 3662 9
972 3610 1097 3663 n.2.
1126 3611 1220 3664 llis
1244 3611 1392 3664 addit
1413 3607 1736 3667 sclioliastes
1763 3615 1813 3665 in

221 3683 427 3734 llarlu-o
461 3696 559 3732 ms.
600 3679 846 3734 Silvestri
877 3679 1153 3734 decretum
1200 3680 1261 3734 Η
1312 3691 1366 3735 et
1401 3681 1466 3734 η
1494 3698 1561 3736 ex
1600 3683 1815 3736 Consti-

222 3763 343 3803 tuto
393 3751 672 3819 videlicet,
706 3749 848 3820 qnod
893 3750 944 3804 in
992 3751 1347 3820 appendicem
1392 3761 1523 3810 tom.
1558 3752 1598 3806 ll
1632 3768 1817 3806 antan-

219 3821 496 3875 άδνὶιιιιιέ.
1701 3865 1709 3876 .

293 3893 322 3930 δ
355 3892 502 3944 Edit.
530 3890 688 3946 Rom.
717 3902 768 3944 et
807 3889 964 3956 Lab.,
991 3909 1022 3944 a
1064 3892 1256 3946 multis.
1290 3893 1438 3948 Unus
1468 3908 1592 3957 ms.,
1627 3910 1744 3962 qua:
1785 3910 1816 3945 a

225 3963 434 4014 multis.

303 4044 325 4070 ε
359 4033 432 4086 ita
466 4039 618 4087 vetus
645 4030 816 4086 codex
887 4029 1050 4084 Corb.
1085 4047 1202 4087 eum
1236 4034 1384 4090 Colb.
1413 4035 1512 4088 nisi
1564 4033 1706 4101 quntl
1765 4038 1814 4087 in

226 4103 338 4156 hoc
362 4103 726 4172 episcOpalem,
748 4104 814 4174 in
845 4101 940 4157 illo
963 4103 1352 4174 episcopalium,
1385 4107 1502 4158 loco
1535 4105 1682 4158 vocis
1710 4106 1817 4171 epi-

224 4175 470 4232 sfolium,
503 4183 695 4227 exstet.
744 4173 997 4226 Eatndem
1055 4173 1338 4229 lectionem
1371 4174 1649 4228 confirmat
1683 4175 1817 4228 alter

225 4262 334 4297 ius.
369 4242 526 4295 Coll).
552 4243 972 4313 Longi-bardicis
1004 4244 1198 4297 litteris
1229 4256 1502 4308 exaratus,
1537 4253 1722 4313 utpote
1764 4245 1814 4298 in

221 4330 342 4381 quo
366 4313 580 4384 legitur,
600 4311 773 4365 Missa:
795 4314 862 4364 ad
886 4314 1230 4367 Arelatensem
1253 4317 1545 4384 episcopum
1571 4311 1657 4379 per
1681 4312 1816 4366 For-

221 4393 471 4435 tunatnm
497 4383 867 4435 subdiaconum
906 4393 1159 4451 nostrum,
1190 4397 1242 4436 ut
1271 4386 1339 4436 ad
1369 4385 1629 4453 judicium
1657 4385 1816 4438 desti-

220 4464 472 4516 'tarrtur,
497 4455 745 4520 epistolaz.
787 4454 870 4507 Ab
901 4455 1001 4507 hoc
1031 4457 1302 4522 prirnmvre
1330 4455 1667 4510 collectionis
1696 4456 1820 4509 Dio-

219 4523 368 4593 ny~ii
399 4523 678 4594 exemplar
701 4523 901 4591 regium
916 4532 1118 4578 tantum
1151 4525 1202 4578 in
1229 4540 1295 4580 co
1322 4525 1503 4592 distat,
1529 4525 1666 4594 quod
1697 4536 1820 4580 aute

222 4597 425 4656 verba,
461 4593 619 4666 atad
640 4593 924 4666 judicium,
959 4609 1070 4664 pra:
1097 4610 1155 4649 se
1178 4595 1282 4650 fert
1307 4593 1669 4666 prceceptiones
1703 4612 1821 4663 per-

225 4679 418 4732 peram
437 4663 701 4716 additum.
729 4663 928 4717 llincin
962 4663 1228 4730 exemplis
1248 4663 1374 4719 coll.
1407 4663 1570 4720 lladr.
1597 4667 1818 4730 factum,

227 4735 494 4804 illisue...
516 4734 883 4804 pra’ceptiones
911 4745 964 4787 ut
984 4736 1051 4789 ad
1069 4736 1324 4804 judicium
1349 4737 1691 4788 destinaretur
1715 4737 1823 4804 epi-

1911 3298 2060 3356 sunt,
2097 3298 2154 3343 ut
2191 3287 2354 3356 aliqui
2381 3288 2448 3343 dc
2479 3287 2669 3344 alienis
2696 3289 2946 3344 ecclesiis
2978 3289 3172 3344 merito
3209 3288 3504 3359 praiferan-

1918 3541 2198 3608 eruditus,
2248 3542 2528 3610 qua-situm
2574 3542 2902 3596 existimavit
2959 3541 3271 3606 Danielem,
3331 3551 3382 3593 ut
3430 3542 3496 3594 ad

1918 3613 2216 3667 orientales
2239 3612 2545 3680 episeopos,
2572 3615 2638 3664 alt
2667 3613 2729 3665 iis
2763 3624 2815 3664 ιιι
2844 3612 3070 3680 propriis
3113 3610 3380 3680 episcopis
3421 3613 3505 3676 ju-

1919 3683 2204 3748 dicandtts,
2231 3682 2610 3735 dc5tinarctur.
2637 3682 2961 3750 Verumipse
2977 3680 3316 3748 leestiuus,
3345 3681 3502 3746 infra,

1919 3770 2069 3807 num.
2097 3754 2150 3810 9.
2175 3755 2444 3806 demente
2467 3767 2562 3804 sua
2590 3752 2866 3818 ambigere
2897 3765 2995 3804 nos
3020 3767 3126 3804 non
3150 3750 3300 3810 sinit.
3327 3751 3414 3804 ubi
3437 3752 3504 3804 de

1920 3824 2108 3877 eodem
2143 3822 2365 3874 Dauiele
2399 3820 2632 3887 subjicit,
2665 3823 2752 3889 qui
2783 3838 2836 3873 se
2866 3831 3040 3874 nostra
3078 3825 3210 3888 (non
3256 3820 3502 3876 Orienta-

1921 3894 2074 3957 lium)
2098 3891 2299 3962 judicio
2326 3890 2470 3943 debet
2499 3890 2736 3962 objicere.
2765 3890 2932 3962 Porro
2963 3891 3251 3960 epistolium
3283 3891 3502 3960 perinde

1921 3972 2005 4018 est
2034 3971 2196 4030 atque
2227 3963 2532 4013 mandatum
2564 3961 2755 4014 litteris
2795 3961 3194 4015 denuntiatum.
3237 3962 3502 4026 Quocirca

1919 4033 2012 4102 qui
2046 4029 2197 4102 unite
2224 4031 2380 4083 misso
2411 4029 2666 4102 epistolio,
2702 4046 2827 4084 mox
2861 4033 3030 4085 missis
3067 4049 3098 4083 a
3125 4031 3271 4086 nobis
3320 4032 3502 4087 litteris

1921 4101 2142 4157 vocatus
2171 4101 2385 4155 dicitur.
2416 4101 2463 4154 ls
2493 4115 2621 4155 vero
2653 4104 2961 4170 episcopus.
2995 4102 3060 4156 ad
3083 4118 3245 4170 quem
3276 4103 3499 4156 missum

1924 4175 2025 4229 lioe
2053 4172 2383 4241 epistolium,
2439 4171 2744 4227 llonoratus
2794 4173 2916 4240 fail,
2962 4174 3054 4242 qtti
3086 4174 3330 4228 Patroclo
3361 4188 3504 4228 anno

1923 4244 2045 4308 4‘26,
2083 4253 2139 4297 ut
2181 4243 2410 4312 Prosper
2442 4243 2495 4296 in
2543 4242 2814 4298 Chronico
2851 4252 3041 4299 auctor
3069 4255 3179 4312 cst,
3214 4258 3355 4298 caeso
3376 4259 3504 4298 sue-

1922 4316 2101 4370 cessit.

1996 4384 2190 4439 dEdit.
2247 4386 2427 4446 llom..
2486 4385 2803 4454 continetur;
2854 4385 3003 4436 Meri.
3065 4392 3118 4436 et
3165 4384 3322 4438 Cral).
3380 4397 3506 4454 post

1926 4456 2076 4519 lsid.,
2106 4467 2159 4508 ut
2185 4457 2238 4508 in
2268 4457 2456 4508 nostris
2495 4453 2679 4506 libellis
2714 4455 2890 4506 scrinii
2917 4455 3240 4518 continetur;
3269 4453 3498 4518 Quesii.,

1925 4539 1971 4578 ct
2013 4538 2062 4579 ut
2103 4529 2156 4577 in
2194 4527 2352 4577 nostri
2385 4525 2560 4577 scrinii
2594 4522 2781 4576 libellis
2810 4524 3129 4588 continetur;
3157 4525 3504 4577 emcndantur

1926 4614 1990 4651 cx
2025 4597 2141 4649 aliis
2175 4595 2350 4649 libris.
2391 4595 2570 4648 Monet
2598 4595 2919 4648 lecsduns
2958 4593 3258 4647 libellorum
3292 4593 3357 4646 ad
3389 4610 3448 4648 se
3475 4609 3504 4647 a

1929 4677 2040 4719 tuto
2069 4665 2331 4733 virginum
2365 4664 2693 4718 monasterio
2720 4665 2978 4719 adversus
3008 4664 3276 4717 Dauiclem
3315 4665 3506 4718 misso-

1929 4753 2067 4815 rum,
2101 4751 2326 4815 quorum
2355 4736 2661 4815 apograplia
2699 4735 2885 4815 mittit,
2929 4737 3260 4805 autographa
3289 4734 3342 4788 in
3372 4751 3504 4804 apo-

219 4803 460 4890 scepale:
483 4803 606 4886 inde
629 4804 680 4857 in
697 4806 889 4890 priscis
916 4805 1047 4859 edit.
1070 4803 1262 4860 concil.
1283 4816 1336 4860 et
1360 4808 1512 4888 lion).
1538 4814 1595 4860 ut
1619 4807 1669 4860 in
1691 4803 1818 4890 mss.
1852 4833 1903 4890 D
1929 4803 2308 4890 stoli‘caénsedts
2332 4803 2554 4890 scriniis.
2575 4806 2862 4890 asservari.

225 4875 358 4948 Isid.
395 4874 651 4948 obtinuit,
686 4873 864 4948 Μίδην
886 4883 1102 4929 sunt....
1139 4879 1519 4948 pi-(crceptiones,
1557 4887 1611 4928 ut
1641 4877 1706 4930 ad
1728 4878 1818 4945 ju-

223 4947 427 4998 dicium
454 4946 744 5010 episcOpale
783 4946 1162 5009 destinaretur;
1195 4946 1359 5001 Sirtn.
1397 4947 1573 5001 Missa:
1603 4956 1813 4999 sunt...

223 5027 281 5067 ut
333 5015 410 5067 ad
457 5016 729 5085 judicium
772 5015 1062 5085 episcopale
1116 5017 1496 5085 destinaretur,
1545 5017 1816 5085 epistolw;

221 5084 577 5152 Qucsmcum
608 5084 770 5139 tertio
800 5084 898 5140 ms.
929 5086 1082 5142 Coll).
1106 5099 1158 5141 et
1183 5087 1337 5151 Lab,
1376 5084 1538 5140 Missa
1562 5084 1636 5140 est
1664 5087 1814 5154 (Lub.

224 5156 438 5228 emittit
467 5155 584 5228 est),
626 5164 680 5228 ut
712 5157 778 5208 ad
819 5157 1079 5225 judicium
1118 5158 1407 5228 episwpule
1457 5158 1816 5220 destinaretur,

225 5225 476 5292 cpistola.
517 5225 570 5279 lu
625 5225 726 5279 hoc
757 5237 986 5295 peccant
1013 5225 1201 5282 omnes
1237 5225 1340 5281 illae
1387 5229 1676 5292 lectiones,
1735 5229 1818 5280 vel

224 5298 377 5368 quod
412 5295 715 5349 additittum
763 5300 987 5351 verbum
1031 5300 1394 5368 pra'ceptiones
1447 5299 1704 5358 habeant.
1739 5300 1821 5350 vel

224 5365 471 5438 quodex
514 5377 766 5433 corrupta
797 5383 928 5422 voce
958 5365 1495 5437 epistolw’inductum
1537 5369 1824 5438 episcopale

224 5436 556 5489 vocabulum
584 5452 686 5490 una
711 5453 831 5509 cum
857 5439 970 5507 ipsa
989 5436 1226 5509 epistola:
1256 5453 1385 5493 voce
1409 5436 1825 5494 retincattt.'l\‘e-

224 5522 338 5577 que
371 5521 500 5560 vero
530 5510 608 5577 de
640 5507 932 5576 episeopali
980 5507 1268 5577 provincia:
1311 5510 1646 5564 Arelatensis
1685 5509 1828 5577 judi-

226 5576 345 5639 cio,
379 5577 472 5648 sed
500 5577 568 5632 de
592 5575 798 5644 judicio
834 5575 1149 5648 'aposiolica:
1191 5580 1358 5644 sedis,
1392 5581 1456 5633 ad
1487 5595 1648 5648 quam
1679 5575 1827 5634 dela-

228 5658 350 5700 tum
378 5646 549 5700 fuerat
579 5648 813 5703 Uauiclis
837 5646 1052 5714 nomen,
1080 5665 1385 5704 sermonem
1418 5646 1674 5713 ltic'csse,
1701 5666 1823 5704 ver-

227 5717 366 5770 hum
411 5717 760 5771 destinaretur
794 5735 856 5773 ac
901 5729 1011 5773 tota
1057 5721 1316 5775 orationis
1356 5721 1528 5776 series
1575 5722 1822 5775 suadent.

232 5786 517 5846 l'rxdictJ.‘
566 5791 718 5846 vocis
763 5790 1051 5861 episcopale
1097 5793 1401 5852 accessione
1447 5791 1701 5862 deceptus
1751 5794 1826 5847 vir

2001 4887 2024 4915 °
2048 4875 2419 4931 Ordinaturem
2466 4875 2790 4944 liujusmodi,
2827 4892 2932 4929 non
2972 4891 3129 4931 secus
3168 4886 3326 4945 atque
3355 4875 3507 4928 ordi-

1927 4958 2135 5006 natum.
2167 4947 2354 5001 eadem
2400 4960 2554 5015 pmna
2589 4947 2746 5016 plecti
2791 4949 2990 5016 pariter
3017 4946 3262 5002 lusimus
3289 4948 3448 5015 epist.
3475 4945 3506 4997 7

1925 5036 1981 5073 ιι.
2013 5019 2048 5070 2
2075 5020 2207 5070 νιιῗι.

2004 5087 2020 5124 ί
2052 5087 2303 5140 llonil'acii
2334 5087 2493 5155 epist.
2531 5087 2613 5140 1‘2.

2002 5158 2104 5210 Fln
2159 5160 2387 5226 vulgatis
2439 5169 2494 5210 ut
2543 5161 2592 5210 in
2642 5173 2744 5211 tus.
2804 5157 2972 5219 Pitli.,
3026 5157 3396 5226 usurpationis.
3451 5155 3506 5209 In

1931 5228 2196 5296 exemplis
2227 5229 2348 5281 eoll.
2377 5227 2540 5281 llailr.
2565 5237 2620 5280 ct
2649 5229 2796 5293 lsid.,
2830 5229 3180 5296 usurpatione.
3217 5226 3360 5280 Istud
3385 5229 3506 5281 C(13-

1932 5245 2196 5296 exemptts
2227 5245 2348 5281 eott.
2377 5245 2540 5281 uaur.
2565 5245 2620 5280 ct
2649 5245 2796 5293 istu.,
2830 5245 2945 5281 usui
2995 5245 3180 5280 altene.
3217 5245 3360 5280 istuu
3385 5245 3506 5281 La:-

1932 5299 2156 5353 lcstinus
2186 5308 2304 5365 post
2333 5299 2598 5350 laudatam
2627 5301 2908 5367 epistulam
2932 5245 3128 5350 'Ifiisimi
3158 5301 3224 5350 ad
3251 5296 3506 5351 Hilarium

1935 5368 2336 5423 Narbonenst'm
2382 5368 2694 5437 subjicicns,
2753 5369 3090 5437 privilegium
3137 5368 3277 5436 quod
3325 5367 3511 5422 Patru-

1935 5439 2052 5494 elus
2113 5439 2166 5492 in
2220 5437 2352 5492 duas
2403 5438 2780 5494 Narbonenses
2834 5437 3141 5508 provincias
3207 5438 3511 5508 obtinuerat

1937 5510 2297 5578 uSurpationis
2345 5523 2574 5577 arguere
2609 5507 2917 5564 videtur’ac
2957 5518 3162 5562 notare.
3214 5507 3324 5562 Nec
3368 5509 3513 5562 aliud

1933 5581 2149 5645 quidem
2185 5580 2293 5634 Leo
2333 5581 2491 5647 epist.
2527 5580 2587 5633 ll
2624 5595 2674 5632 ιι.
2726 5582 2756 5633 7
2789 5579 2856 5635 de
2886 5580 2988 5632 boe
3021 5579 3295 5646 privilegio
3325 5580 3510 5632 sentit.

1938 5650 2234 5704 Fatendum
2268 5661 2442 5704 tamen
2466 5658 2550 5704 est
2578 5651 2886 5718 generalem
2933 5649 3020 5705 hic
3064 5665 3090 5701 ιι
3125 5651 3420 5704 Caelestino
3449 5651 3516 5704 de

1936 5722 2182 5774 omnibus
2227 5721 2514 5788 provinciis
2570 5721 2809 5790 regulam
2851 5721 3154 5792 pratmibi,
3201 5735 3294 5776 seu
3342 5723 3515 5790 potius

1935 5793 2262 5848 Continuam.
