3970 6180
291 333 392 391 4⁸57

1118 328 1330 387 EPIST.
1376 328 1464 384 Vl.
1504 329 1818 386 NESTOllll
1857 329 1944 386 ΑΟ
1983 330 2448 388 CCELESTINUM
2492 329 2744 387 PAPAM.
3433 331 3549 390 478·

290 445 656 519 gubernacula
705 441 1043 499 custodimus
1071 482 1086 507 ,
1138 457 1362 497 necesse
1409 451 1494 497 est
1544 442 1825 498 obviemus
1853 460 1866 496 :
1899 452 1945 502 Α
1974 457 2191 519 genere,
2228 444 2278 519 in
2319 457 2427 512 quo
2452 442 2570 519 quis
2593 457 2793 519 sensus
2802 455 2942 519 suos
2969 439 3185 519 aperire
3209 438 3425 519 timens,
3454 439 3548 519 vix-

291 543 478 611 liisque
496 538 892 594 fraternitatem
917 544 1148 591 vestram
1171 535 1414 604 epistolis
1437 550 1867 598 commonemus,

289 634 498 702 nequis
547 615 741 686 laicum
785 629 849 683 ad
889 628 1132 682 ordinem
1180 628 1466 682 clericatus
1494 626 1773 692 admittat;
1817 636 1870 682 ct

286 727 427 779 sinat
458 724 575 777 fieri
601 722 742 778 unde
772 731 825 775 et
863 721 1012 775 illum
1046 720 1299 788 decipiat,
1333 727 1389 773 et
1425 720 1525 774 sibi
1554 733 1742 773 causas
1771 733 1865 787 ge-

288 822 441 870 neret
470 814 667 884 quibus
698 827 822 866 reus
843 814 1153 867 constitutis
1186 811 1549 868 decretalibus
1582 811 1696 866 list.

357 906 408 961 5.
456 905 742 960 Docendus
789 913 871 957 est
917 905 1166 972 papulas,
1220 918 1326 957 non
1369 903 1698 971 sequendus.
1736 901 1869 957 Nos-

267 1014 389 1100 ‘qtte
415 1006 464 1061 ι,
499 998 545 1050 si
578 995 828 1052 nesciunt
858 1011 954 1050 ens
992 995 1118 1066 quid
1150 996 1304 1051 liceat
1326 995 1526 1064 quidve
1553 1011 1658 1050 non
1687 995 1866 1063 liceat,

281 1086 662 1150 bommonerc,
699 1102 804 1140 non
846 1086 929 1140 bis
958 1101 1285 1140 consensum
1312 1088 1554 1154 praebere
1584 1087 1866 1142 debemus.

284 1177 548 1244 Quisquis
577 1192 709 1232 vero
734 1185 960 1232 conatus
985 1176 1145 1232 fuerit
1184 1184 1392 1232 tentare
1419 1176 1712 1246 prohibita,
1748 1193 1872 1232 sen-

287 1269 385 1321 tiet
427 1280 714 1320 censuram
759 1264 904 1322 sedis
945 1265 1252 1334 apostolica:
1294 1267 1514 1322 minime
1547 1267 1864 1323 defuturam.

284 1360 418 1424 Qum
449 1357 596 1412 enim
625 1355 739 1411 sola
783 1356 1168 1410 admonitionis
1211 1359 1529 1413 auctoritate
1566 1373 1671 1414 non
1702 1359 1872 1414 corti-

283 1449 489 1519 gintus,
516 1462 738 1502 necesse
766 1455 850 1502 est
874 1462 970 1517 per
995 1449 1341 1503 severitatem
1368 1460 1753 1519 congruentem
1780 1465 1869 1505 re-

283 1540 428 1609 gulis
459 1537 822 1594 vindicamus.
871 1537 977 1593 Per
1007 1546 1144 1592 totas
1194 1538 1316 1606 hoc,
1357 1553 1477 1608 qua}
1505 1539 1740 1608 propriis
1785 1554 1871 1594 re-

285 1630 532 1684 ctoribus
574 1636 786 1691 carent,
835 1627 1108 1683 Ecclesias
1149 1629 1397 1683 volumus
1444 1629 1764 1694 innotescat,
1814 1637 1872 1684 ut

282 1719 474 1774 nullus
523 1717 630 1772 sibi
682 1732 780 1786 spe
826 1718 1003 1786 aliqua
1059 1718 1282 1774 forsitan
1327 1719 1600 1775 blanditus
1654 1719 1864 1775 illudat.

286 1811 422 1864 Data
453 1809 482 1847 δ
510 1809 832 1864 duodecimo
874 1808 1135 1865 kalendas
1191 1811 1441 1879 Augusti,
1490 1809 1691 1866 Flaviis
1737 1810 1868 1867 Flo-
1901 1814 1948 1873 B

284 1904 466 1958 reutio
487 1911 542 1958 et
571 1901 824 1972 Dionysio
854 1901 985 1956 viris
1015 1901 1330 1957 clarissimis
1356 1902 1690 1958 consulibus.

395 2034 706 2091 MONITUM
747 2035 810 2088 IN
854 2033 1032 2091 DUAS
1071 2034 1288 2089 EPIST.
1328 2034 1758 2101 SEQUENTES.

363 2150 417 2202 ‘l.
459 2151 585 2203 Duae
625 2148 729 2201 illze
773 2148 1012 2216 cpistola:
1057 2163 1087 2202 a
1120 2148 1345 2202 Barooio
1392 2150 1618 2217 primum
1665 2150 1728 2204 ad
1777 2167 1865 2204 an-

283 2235 418 2272 num
447 2220 553 2273 4'50
582 2233 613 2272 e
657 2219 870 2271 scltetlis
912 2221 1127 2272 Antonii
1163 2219 1460 2287 Augustini,
1509 2229 1618 2272 tum
1667 2235 1695 2274 a
1735 2219 1871 2274 Lab-

283 2289 394 2344 lteo
422 2298 551 2342 tom.
601 2287 667 2342 1H
693 2289 896 2342 Concil.
947 2303 1065 2355 pag.
1097 2289 1201 2343 3i9
1233 2306 1262 2342 e
1305 2289 1488 2344 codice
1536 2307 1637 2344 tus.
1674 2291 1871 2344 veteris

282 2359 544 2414 editionis
565 2359 766 2411 Latinze
793 2359 1045 2424 Ephesiui
1069 2359 1304 2416 concilii.
1335 2369 1606 2425 postremo
1625 2376 1652 2413 a
1679 2361 1866 2429 Steph.

281 2431 512 2483 Baluzio
552 2443 677 2484 nov.
709 2430 835 2481 coll.
885 2429 1080 2483 Concil.
1115 2443 1232 2496 pag.
1270 2431 1374 2483 428
1403 2445 1469 2482 ex
1518 2431 1687 2483 tribus
1739 2445 1868 2485 mss.

275 2501 450 2554 edita:
487 2507 634 2554 sunt.
673 2500 870 2552 Atnbas
909 2499 1474 2569 Joannes‘Garttet-ius
1517 2501 1700 2568 prima:
1736 2501 1869 2569 parti

283 2585 516 2634 Opernm
546 2571 611 2622 bl.
643 2569 955 2622 Mercatoris
987 2585 1108 2638 pag.
1139 2566 1206 2623 66
1247 2570 1488 2634 inseruit,
1514 2566 1640 2622 cura
1671 2566 1872 2624 et'dili-

283 2642 469 2708 gentia
501 2639 762 2703 adhibita,
798 2655 898 2701 qua
931 2655 1021 2693 eas
1043 2656 1105 2694 ex
1137 2640 1334 2707 proprii
1373 2641 1566 2707 ingenii
1599 2640 1873 2708 conjectu-

285 2713 369 2762 ris
408 2710 739 2764 emendaret.
784 2709 1003 2762 Graecus
1047 2725 1232 2763 earum
1285 2721 1478 2771 textus,
1521 2726 1676 2774 quem
1709 2727 1870 2764 unum

281 2781 411 2833 sine
442 2781 884 2845 interpretatione
925 2779 1109 2832 Latina
1143 2779 1419 2833 Nestorius
1458 2782 1695 2842 miserat,
1727 2783 1871 2835 exci-

281 2853 391 2904 dit.
423 2850 616 2902 Earutn
651 2849 837 2902 saltem
873 2850 1067 2917 prima,
1107 2851 1232 2902 dum
1268 2861 1673 2918 exspemaretur
1704 2852 1872 2905 inter-

282 2934 437 2988 pres.
469 2935 729 2986 responso
756 2918 847 2988 diu
888 2920 1078 2972 caruit.
1111 2918 1419 2988 Utriusque,
1451 2922 1590 2976 sicut
1628 2931 1679 2975 et
1709 2933 1871 2974 caue-

282 2987 495 3049 iarum,
529 3005 648 3056 qure
687 2990 770 3050 vel
799 2987 1260 3056 Constantinopoli
1296 2987 1517 3043 Romam
1548 2992 1755 3055 Graece,
1792 2993 1870 3044 vel

283 3061 461 3112 itoma
491 3058 1013 3126 Constantinopolim
1049 3059 1233 3112 Latine
1261 3061 1436 3113 missa:
1469 3069 1611 3123 sunt,
1643 3061 1871 3114 obscura

283 3130 586 3182 identidem
633 3141 686 3183 et
724 3130 968 3182 intricata
1016 3130 1408 3196 interpretatio.
1455 3132 1650 3183 indicio
1687 3139 1771 3183 cst
1817 3131 1868 3184 in

283 3209 523 3263 utraque
547 3201 636 3252 illa
666 3199 796 3254 urbe
819 3215 971 3253 raros
996 3208 1104 3252 tum
1136 3176 1300 3252 fuisse
1327 3176 1414 3268 qui
1440 3200 1680 3254 Latinam
1710 3200 1870 3256 simul
1897 3176 1941 3236 Ο

282 3283 339 3323 et
369 3271 608 3324 Crit-eam
626 3269 860 3336 linguam
876 3271 1117 3337 apprime
1137 3270 1420 3333 callerem,
1444 3271 1684 3339 adeoque
1700 3272 1871 3326 Caele-

284 3341 439 3394 stino
488 3339 742 3406 pontilice
770 3339 838 3393 de
890 3352 1115 3407 utraque
1166 3340 1252 3393 illa
1289 3340 1509 3400 civitate
1552 3341 1764 3395 licuisse
1796 3342 1874 3394 di-

283 3425 440 3470 cere,
473 3410 613 3477 quod
654 3411 719 3461 de
746 3409 1335 3475 Constantinopolitana
1369 3425 1466 3463 suo
1508 3412 1706 3464 smeulo
1735 3411 1871 3466 Gre-

284 3483 477 3545 gorius
509 3480 598 3550 lib.
631 3495 701 3531 vti
724 3480 882 3545 epist.
911 3480 980 3533 50
1010 3480 1076 3533 ad
1115 3479 1315 3533 Narsen
1347 3483 1562 3548 scripsit
1593 3498 1605 3533 :
1637 3483 1756 3550 quia
1783 3483 1874 3536 Ito-

285 3551 382 3621 .{ie
418 3552 470 3602 in
517 3547 1082 3621 ConstantinOpolitana
1131 3551 1335 3604 civitate
1370 3547 1469 3620 qui,
1502 3551 1565 3604 de
1607 3547 1788 3606 Latino
1820 3555 1872 3606 in

286 3618 530 3671 Grazcum
559 3621 748 3676 dictata
780 3618 900 3673 bene
937 3622 1249 3685 transferant
1277 3618 1561 3685 non‘sunt;
1585 3621 1704 3674 dum
1737 3626 1874 3676 enim

286 3688 446 3740 verba
491 3691 808 3752 custodiunt,
865 3699 914 3742 et
963 3707 1141 3744 sensus
1190 3690 1400 3743 minime
1443 3695 1732 3756 attendunt,
1786 3710 1876 3747 nec

287 3759 445 3832 verba
477 3758 703 3828 intelligi
737 3760 957 3832 faciunt,
995 3771 1042 3813 et
1087 3776 1265 3832 sensus
1295 3761 1560 3832 frangunt.
1591 3767 1701 3828 Qua
1733 3764 1784 3818 in
1817 3779 1875 3818 re

291 3843 396 3882 nec
425 3829 624 3898 Leonis
655 3827 826 3885 terum
856 3827 1064 3884 felicius
1095 3831 1257 3884 fuisse
1293 3827 1528 3886 Flmiani
1555 3827 1696 3898 apud
1726 3850 1874 3886 cuin-

288 3899 418 3952 dem
479 3897 714 3971 Leonem
770 3900 1012 3967 epistolae
1065 3901 1131 3956 37
1182 3901 1453 3971 antiquior
1505 3897 1874 3971 interpretatio

291 3970 550 4035 extemplo
573 3971 698 4023 erit.

369 4036 422 4091 2.
457 4040 817 4105 Ερίειυιιιηιηι
849 4039 1060 4093 illarum
1088 4041 1371 4094 veritatem
1394 4055 1500 4093 non
1532 4050 1731 4095 tantum
1757 4043 1874 4096 Cte-

291 4109 543 4180 ieSIinrus,
577 4109 683 4180 sed,
703 4110 863 4180 etiam
892 4111 1180 4165 Cassianus
1205 4120 1259 4163 et
1278 4110 1512 4180 Cyrillus
1533 4113 1872 4167 conﬁrmant.

289 4177 350 4232 ls
378 4179 590 4246 quidem
622 4179 688 4232 ad
715 4179 975 4235 Joannem
1014 4177 1406 4234 Antiochenum
1436 4181 1698 4242 scribens,
1731 4183 1872 4249 ipsa-

294 4261 408 4300 tnct
439 4249 638 4316 prioris
684 4249 927 4313 epistolae
956 4255 1119 4305 verba
1148 4250 1312 4304 citare
1343 4265 1404 4303 ac
1433 4251 1742 4306 describere
1769 4267 1873 4305 non

290 4318 617 4391 dubitatur-:7
649 4319 743 4391 Sed
794 4329 1057 4391 quatenus
1105 4322 1384 4391 epistolam
1428 4319 1577 4374 illam
1618 4323 1875 4391 prolixam

295 4387 542 4462 (μᾳξῑράν)
569 4388 784 4451 dixerit,
808 4390 984 4462 minus
1013 4399 1097 4443 est
1129 4387 1490 4462 perspicuum,

363 4456 552 4525 Neque
581 4469 757 4530 tamen
795 4459 883 4530 vel,
924 4461 1045 4530 alia!
1069 4456 1377 4528 quaerenda,
1410 4461 1492 4514 vel
1525 4475 1609 4526 ea,
1657 4477 1776 4530 qua:
1807 4464 1871 4516 ad

295 4541 401 4602 nos
434 4528 714 4602 pervenit,
735 4529 920 4602 mutila
962 4528 1128 4602 videri
1173 4530 1352 4602 debet.
1398 4531 1522 4583 Haec
1545 4528 1722 4586 autem
1754 4550 1874 4602 pro-

292 4595 428 4668 lixa,
470 4610 561 4650 seu
608 4599 785 4663 podus
819 4599 974 4667 longa
1013 4601 1134 4653 ideo
1174 4599 1397 4656 forsitan
1453 4602 1714 4668 appellata
1754 4595 1862 4668 'e5t,

294 4667 420 4735 quia
463 4681 801 4736 nequaquam
831 4669 898 4722 de
947 4668 1041 4722 illo
1071 4680 1150 4724 est
1183 4667 1499 4724 breviorem
1519 4667 1862 4739 epistularum

367 4853 391 4881 ι
417 4843 552 4897 Vide
583 4843 764 4900 Getas.
798 4844 957 4908 epist.
989 4845 1196 4901 Zntnn.
1227 4846 1313 4901 15.

366 4912 540 4968 b.Iulii
569 4916 642 4966 2t)
671 4930 758 4966 an.
790 4913 915 4969 429.
951 4915 1008 4968 fn
1042 4929 1147 4968 uno
1178 4931 1208 4969 e
1247 4932 1374 4970 mss.
1408 4916 1586 4982 Colh.,
1627 4917 1758 4972 Data
1782 4936 1872 4974 χιιι

298 4985 403 5038 kal.
429 4986 602 5055 Aug.;
634 4985 685 5037 in
709 4985 880 5040 altero
911 4983 1048 5039 ut‘in
1079 4986 1412 5055 Corb._Data
1439 4987 1544 5040 Ital.
1579 4989 1712 5052 Anq.
1737 4990 1872 5044 Tum

299 5053 593 5124 alius_itetn
625 5055 786 5108 Corb.
817 5055 1024 5124 subdit,
1053 5055 1111 5122 ῙῙ.
1138 5057 1218 5108 illi
1241 5053 1534 5119 Ferentini,
1561 5067 1615 5110 et
1645 5057 1786 5112 Pitlt.
1809 5058 1871 5124 ΙῙ.

300 5123 358 5179 ll.
394 5121 675 5197 torensio
715 5134 761 5176 et
794 5121 1073 5196 Dionysio.
1107 5127 1258 5181 Sicut
1296 5142 1392 5194 pro
1423 5137 1638 5197 augusto
1680 5121 1874 5183 notarii

297 5194 538 5268 scribere
567 5194 743 5268 solent
780 5210 902 5265 aug.
933 5194 997 5248 ἐι
1026 5211 1187 5268 aiigg.
1214 5197 1478 5263 geminata
1494 5194 1687 5251 littera
1718 5213 1873 5268 gpro

299 5264 566 5334 augustjs;
597 5263 684 5334 ita
734 5263 867 5334 cum‘
901 5279 997 5332 pro
1032 5263 1226 5334 [invio
1259 5269 1476 5334 pingere
1505 5263 1870 5334 soleant'lt'l.,

303 5331 399 5399 pro
428 5331 650 5406 fluviis
703 5331 988 5406 pinxerunt
1021 5331 1196 5406 ΕΓΗ,
1245 5331 1504 5401 Quocirca
1554 5352 1658 5406 non
1703 5331 1875 5406 placet

301 5401 440 5472 quod
474 5413 627 5455 vrtus
674 5401 948 5469 exemplar
988 5403 1110 5457 cod.
1161 5405 1364 5472 Quesn.
1399 5405 1579 5471 habet,
1612 5401 1798 5461 Flavio
1830 5418 1879 5462 et

304 5468 606 5542 florentino
655 5483 701 5525 et
751 5468 1038 5542 Dionysio;
1085 5468 1205 5528 sed'
1226 5468 1717 5542 praeferimuslcutu
1766 5493 1876 5533 uno

301 5538 454 5616 _('.ol_ii_.
486 5551 540 5616 et
569 5541 758 5616 Corb_.,
791 5541 838 5593 F
842 5538 1011 5616 labiis_
1018 5538 1334 5616 Florentino
1366 5553 1410 5599 et
1442 5545 1712 5616 Dionysio.
1739 5549 1877 5603 Aliis

303 5610 357 5662 in
390 5610 916 5686 libris‘desideratur
964 5613 1179 5686 Flaviis.
1211 5615 1503 5686 Dionysius,
1537 5610 1666 5670 vero
1711 5625 1874 5672 totam

303 5679 485 5733 omisit
516 5681 828 5736 chronicam
863 5691 1066 5746 notam,
1096 5684 1152 5738 ln
1188 5686 1310 5738 cod.
1342 5679 1441 5739 Th.
1475 5685 1566 5742 lib.
1615 5701 1702 5742 xvi
1735 5690 1814 5743 tit.
1844 5689 1877 5743 8

304 5749 390 5807 lex
421 5751 492 5806 ΞΘ
515 5751 705 5808 iisdem
731 5753 1043 5814 consulibus
1068 5756 1432 5825 consignatur.

1977 509 2096 565 illos
2123 515 2304 578 paucis
2338 509 2568 581 “retegit;
2615 528 2736 566 eum
2773 509 3049 566 Nestorius
3095 511 3146 564 in
3195 510 3422 579 epistola
3455 509 3554 562 illa-

1974 581 2219 651 hzeresim
2265 599 2411 637 suam
2457 585 2588 636 satis
2635 582 2812 650 ample
2852 591 3012 650 atque
3059 581 3277 651 copio~e
3315 592 3544 646 asserat,
3582 582 3596 643 ζ

1973 650 2110 705 adeo
2140 662 2197 706 ttt
2219 653 2385 706 latere
2416 661 2508 705 aut
2534 653 2782 722 ambigua
2811 652 2981 722 videri
3006 650 3250 722 jatu’non
3281 651 3469 718 possit.

2044 723 2096 776 5.
2125 723 2179 775 ltt
2214 731 2495 790 utramque
2517 722 2660 776 eadit
2685 719 2787 776 ista
2813 720 3049 775 Cassiani
3080 720 3148 774 de
3177 719 3424 774 Nestorio
3453 727 3546 774 ei-

1973 793 2264 864 postuiatio
2298 793 2434 864 (Lib.
2459 808 2475 846 ι
2506 793 2568 848 de
2598 791 2717 846 Inc.
2747 791 3074 864 6.75),‘quod
3097 791 3543 864 intercessionibus

1972 861 2078 913 suis
2120 861 2589 932 Pelagianistarum
2636 863 2866 933 querelas
2909 861 3070 933 fovet,
3113 871 3158 933 et
3195 864 3396 927 scriptis
3437 863 3543 914 suis

1971 947 2151 984 causas
2199 931 2411 986 illorum
2441 934 2675 1003 adjuvat.
2710 931 2861 988 Unde
2908 931 3014 1003 non
3059 931 3193 1003 iovis
3235 932 3541 1003 COIIjt‘C'UTa

1973 1003 2208 1072 capitur,
2239 1004 2430 1056 saltem
2470 999 2705 1072 priorem
2750 1018 2892 1056 anno
2922 1002 3026 1058 429
3057 999 3537 1068 fuisse~scriptatn.

1974 1071 2087 1124 lloc
2112 1072 2304 1140 quippe
2334 1071 2478 1125 anno
2511 1073 2779 1127 lulianum
2810 1088 2933 1127 cum
2970 1072 3130 1125 soeiis
3159 1071 3540 1126 Constantino-

1975 1141 2264 1208 politanatn
2315 1142 2590 1196 civitatem
2641 1140 3013 1211 inquietudine
3061 1155 3154 1211 sua
3199 1141 3543 1207 perturbassc

1974 1221 2179 1264 certum
2203 1222 2302 1266 esL
2332 1212 2437 1266 Nec
2459 1213 2560 1266 alia
2585 1212 2652 1267 de
2679 1209 2860 1279 causa,
2889 1210 2991 1265 nisi
3023 1220 3080 1263 ttt
3106 1209 3227 1264 huic
3257 1211 3396 1262 malo
3426 1225 3543 1262 mc-

1973 1281 2210 1343 deretur,
2259 1283 2458 1337 Marius
2498 1283 2758 1337 Mercator
2793 1284 2848 1336 in
2894 1281 3166 1336 consulatu
3209 1279 3464 1333 Florentii
3501 1290 3546 1332 et

1974 1350 2245 1422 Dionysii,
2294 1356 2395 1407 hoc
2449 1363 2534 1407 est
2579 1354 2696 1422 ipso
2749 1366 2891 1406 anno
2947 1351 3072 1416 429,
3122 1349 3544 1422 Conttnonitoriu

1976 1421 2076 1492 ipsi
2115 1420 2380 1478 Ecclesia?
2417 1420 3024 1492 ConstantinOpolitana':
3070 1421 3314 1492 aliisque
3339 1420 3540 1481 oblato,

1973 1490 2170 1545 Joliani
2211 1507 2273 1545 ac
2317 1493 2584 1547 sociorum
2633 1490 2876 1547 hmreSim
2925 1502 2977 1546 et
3004 1492 3201 1556 justam
3245 1491 3388 1545 illius
3423 1504 3548 1560 pro-

1975 1561 2323 1628 scriptionem
2351 1565 2602 1618 omnibus
2628 1563 2964 1618 manifestam
2997 1562 3144 1617 fecit.

2045 1632 2226 1701 Neque
2269 1633 2590 1702 conjecturae
2640 1634 2764 1688 huic
2816 1643 3098 1701 repugnat,
3133 1631 3275 1700 quod
3309 1631 3546 1699 Augusto

1976 1701 2250 1756 dumtaxat
2278 1701 2464 1760 mense
2493 1703 2620 1758 anni
2652 1705 2756 1762 43.0
2785 1703 3104 1759 Caelcsunus
3133 1703 3197 1756 ad
3241 1702 3544 1754 Nestorium

1977 1773 2274 1840 rescripsit.
2332 1774 2464 1829 Nam
2520 1783 2572 1827 et
2617 1776 2716 1827 iste
2769 1789 2899 1842 papa
2946 1773 3190 1840 responsi
3235 1770 3539 1842 tarditatem

1977 1842 2100 1896 inde
2124 1851 2379 1909 excusat;
2409 1845 2549 1911 qttod
2581 1845 2671 1898 diu
2700 1841 3044 1910 exSpectatus
3071 1843 3162 1907 sit,
3196 1841 3288 1910 qui
3314 1841 3545 1894 Nestorii

1975 1911 2184 1967 litteras
2215 1915 2400 1968 Latine
2444 1914 2716 1969 redderet.
2750 1913 2912 1968 Forte
2940 1914 3102 1968 etiam
3148 1928 3215 1968 ex
3249 1927 3431 1964 earum
3462 1913 3545 1963 in-

1977 1986 2364 2049 terpretatione
2395 1984 2707 2038 manifestas
2751 1987 2805 2046 itt
2852 1985 2957 2037 illis
2986 1981 3396 2050 deprehendens
3437 1981 3549 2034 ha:-

1976 2067 2158 2106 rcscns
2185 2064 2357 2120 notas,
2401 2054 2702 2107 rescribere
2739 2052 2894 2107 citius
2927 2049 3122 2114 timuit,
3150 2051 3322 2107 donec
3345 2051 3414 2106 de
3445 2049 3547 2103 hoc

1976 2131 2087 2176 toto
2121 2125 2337 2185 negotio
2364 2125 2561 2179 certior
2589 2122 3004 2192 instructiorque
3035 2123 3205 2177 tlerct.

2541 2253 2876 2309 EPISTULA
2915 2253 2982 2308 Vl

2079 2361 2326 2402 εεδτοιιιι
2364 2363 2432 2402 AD
2468 2361 2821 2403 ωειεδτιιωω
2860 2361 3030 2401 PAPAII
3069 2361 3221 2401 118818
3258 2361 3416 2402 ROIB

1979 2461 2046 2518 Ut
2075 2464 2122 2515 ei
2169 2463 2420 2535 signiﬁcet
2461 2478 2564 2535 quo
2597 2471 2760 2535 pacto
2785 2477 2958 2535 gerere
3001 2476 3056 2515 se
3080 2459 3256 2535 debeat
3301 2476 3416 2535 cum
3443 2462 3549 2535 ερὶτ

2045 2531 2548 2604 scopis—quibusdam
2582 2532 3016 2604 Occidentalibus,
3048 2532 3141 2604 qui
3161 2532 3426 2604 seiiniqtta.
3443 2531 3549 2601 pati

2046 2598 2454 2669 expostulabant.
2483 2603 2609 2657 Tum
2650 2615 2700 2654 ut
2730 2602 2994 2655 hwrcticos
3019 2601 3247 2671 traducit
3267 2598 3355 2671 qui
3387 2598 3549 2654 Deum

2052 2672 2275 2725 Verbum
2311 2685 2521 2733 natum,
2567 2683 2840 2738 mortuum,
2884 2669 3161 2740 sepultum,
3208 2669 3287 2724 ac‘
3324 2671 3548 2724 Mariam

2045 2747 2286 2802 Θιὸτοκον
2314 2743 2626 2798 asserebant.

2050 2855 2100 2907 l.
2135 2852 2426 2908 Fraternas
2473 2853 2628 2908 nobis
2666 2851 2894 2906 invicem
2936 2852 3192 2905 debemus
3235 2849 3550 2905 collocutin-

1978 2959 2094 3009 nes,
2132 2957 2188 2998 ut
2215 2960 2318 2998 una
2361 2945 2501 3000 inter
2533 2959 2632 2998 nos
2679 2943 2974 3019 secundum
3006 2952 3029 2980 ο
3055 2941 3386 2997 obtinentem
3417 2956 3548 2994 con-

1977 3033 2216 3088 cordiam
2251 3035 2533 3103 pugnaturi
2565 3035 2840 3088 diabolum
2875 3033 3019 3102 pacis
3057 3031 3353 3089 inimicum.
3379 3031 3550 3094 Quor-

1977 3142 2095 3180 sum
2140 3126 2242 3182 hoc
2284 3126 2690 3195 auteloquium?
2728 3126 2974 3180 Julianus
3011 3124 3230 3195 quidam
3271 3131 3326 3178 et
3359 3123 3549 3177 Florus

1975 3230 2029 3274 et
2066 3218 2323 3274 Orontius
2366 3226 2422 3272 et
2456 3217 2676 3284 Fabius,
2701 3213 2727 3254 ἀ
2758 3217 2999 3271 dicentes
3029 3231 3086 3271 se
3123 3213 3549 3271 Occidentalium

1979 3313 2209 3381 partium
2250 3311 2558 3380 episcopos,
2603 3323 2746 3378 saepe
2791 3318 2843 3362 et
2875 3307 3175 3377 piissimum
3207 3314 3263 3364 et
3289 3305 3551 3375 praedica-

1979 3403 2245 3460 tissimum
2281 3404 2655 3472 imperatorem
2693 3401 2959 3466 adierunt,
2993 3416 3054 3456 ac
3084 3415 3210 3455 suas
3239 3412 3428 3453 causas
3459 3399 3552 3450 de-

1978 3495 2260 3560 fleverunt,
2295 3503 2480 3563 tamqu
2517 3509 2568 3547 m
2611 3491 2897 3547 orthodoxi
2941 3491 3271 3558 temporibus
3297 3487 3553 3542 orthodo.

1977 3587 2060 3642 xis
2094 3585 2522 3655 persecutionem
2565 3585 2706 3652 passi
2743 3599 2928 3652 :sacpe
2968 3581 3159 3636 eadem
3201 3590 3255 3633 et
3282 3579 3420 3648 apud
3456 3594 3553 3632 nos

1976 3676 2354 3743 lamentantes,
2380 3690 2443 3730 ac
2473 3689 2616 3743 Smpe
2645 3673 2854 3742 rejecli,
2893 3673 3082 3728 eadem
3116 3674 3292 3727 lacere
3323 3687 3428 3725 non
3463 3674 3556 3726 de-

1975 3767 2218 3830 sierunt;
2257 3764 2352 3820 sed
2381 3767 2632 3818 insistunt
2662 3779 2758 3833 per
2799 3762 2916 3816 dies
2959 3762 3224 3830 singulos,
3271 3760 3555 3829 implcntcs

1978 3872 2137 3911 aures
2180 3855 2424 3908 omnium
2465 3855 2689 3908 vocibus
2717 3854 3053 3924 Iacrymosis.
3090 3851 3182 3906 llis
3223 3853 3439 3923 quidem
3486 3854 3552 3905 ad

1977 3961 2071 4001 eos
2115 3945 2481 4012 sermonibus,
2531 3945 2725 4014 quibus
2755 3945 3016 4014 Oportuit,
3057 3946 3138 4000 usi
3184 3960 3393 4012 suntus,
3428 3961 3552 4000 cum

1978 4038 2181 4107 negotii
2219 4051 2406 4090 eorum
2449 4052 2629 4092 veram
2675 4036 2832 4092 fidem
2877 4037 3224 4091 nesciremus.
3267 4035 3374 4092 Sed
3419 4051 3553 4105 quo-

1980 4129 2125 4182 niam
2169 4128 2439 4197 apertiore
2480 4127 2636 4182 nobis
2672 4129 2740 4182 de
2771 4129 2946 4182 causis
2984 4142 3170 4184 eorum
3203 4129 3392 4182 notitia
3419 4142 3553 4196 Opus

1981 4231 2083 4286 est,
2115 4236 2182 4276 ne
2213 4221 2487 4292 piissimus
2517 4229 2575 4275 et
2612 4220 3094 4275 christianissimus
3135 4221 3429 4288 imperator
3458 4238 3553 4274 no-

1978 4324 2094 4372 ster
2122 4313 2421 4368 molestiam
2451 4326 2595 4380 smpe
2623 4312 2693 4368 ab
2715 4313 2798 4365 his
2824 4312 3119 4374 sustineat;
3153 4327 3221 4366 ne
3249 4325 3372 4380 nos,
3407 4314 3554 4382 igno-

1983 4413 2171 4456 rantes
2199 4417 2386 4456 eorum
2417 4416 2630 4468 causas,
2669 4403 2812 4454 circa
2842 4401 3039 4468 negotii
3073 4399 3441 4454 defensionem
3473 4403 3554 4456 di-

1978 4493 2244 4556 vidatnur,
2276 4492 2500 4561 dignare
2536 4491 2692 4546 nobis
2734 4490 2976 4544 notitiam
3013 4488 3080 4545 de
3121 4489 3206 4544 his
3236 4491 3444 4560 largiri,
3486 4507 3552 4546 ne

1979 4584 2062 4638 vel
2085 4582 2322 4652 quidam,
2348 4580 2648 4650 ignorando
2671 4581 2931 4651 justitiam
2952 4579 3215 4649 veritatis,
3244 4580 3550 4650 importuna

1975 4675 2322 4730 miseratione
2341 4675 2752 4740 contui-bentur,
2782 4673 2862 4728 vel
2888 4675 3201 4728 canonicam
3233 4673 3557 4745 indignatio-

2050 4862 2071 4890 ε
2100 4852 2173 4905 lta
2200 4851 2383 4905 Balttz.
2415 4853 2482 4906 At
2510 4851 2706 4906 Baron.
2729 4862 2783 4908 et
2806 4851 2966 4920 Lab.,
2994 4854 3272 4908 secundum
3300 4855 3553 4908 obtinente

1976 4922 2270 4993 concordia.
2294 4923 2409 4975 Non
2439 4921 2688 4991 displicet
2715 4923 2857 4990 quod
2884 4921 3130 4978 Labbeus
3159 4923 3225 4978 ad
3254 4926 3548 4993 marginem

1976 4991 2273 5057 annotavit,
2310 4993 2624 5045 unanimiter
2667 4993 2931 5046 nobiscum
2961 4994 3216 5047 obtinente
3254 4991 3550 5059 concordia,

1975 5061 2348 5131 impugnaturi.
2380 5062 2671 5131 Grarnerius
2693 5077 2822 5116 vero
2855 5064 3028 5130 ipsum
3053 5062 3213 5117 etiam
3245 5071 3448 5116 textum
3478 5063 3550 5117 ita

1976 5131 2279 5204 composuit
2306 5147 2318 5183 :
2351 5130 2485 5185 velut
2531 5134 2672 5204 (uera
2715 5133 2848 5185 inter
2877 5149 2968 5204 nos
2995 5133 3284 5204 secundum
3317 5132 3553 5204 Scriptu-

1977 5200 2336 5272 rasobtiniente
2363 5199 2662 5270 concordia)
2685 5202 2964 5272 pugnaturi
2986 5202 3039 5255 in
3072 5200 3369 5255 Diabolum.

2048 5268 2162 5340 Mli
2207 5270 2502 5340 Pelagiana:
2543 5268 2705 5324 secta:
2740 5268 2868 5326 sunt
2907 5272 3264 5339 antesignani.
3309 5272 3554 5330 Julianus

1981 5335 2293 5411 Eclanensis
2337 5335 2622 5408 episcOpus
2670 5341 2781 5411 suis
2829 5342 2887 5411 in
2937 5335 3290 5409 Augustinum
3337 5343 3554 5411 scriptis

1979 5407 2591 5469 famosissimusﬁevasit.
2623 5410 2784 5463 Floro
2825 5409 2917 5465 ille
2959 5407 3072 5464 inec
3107 5413 3308 5478 scripta
3350 5407 3556 5466 nuncu-

1981 5479 2233 5549 pavit,_in
2271 5479 2463 5549 quibus
2500 5487 2555 5532 et
2583 5478 2830 5533 eumdem
2863 5479 3001 5548 apud
3033 5482 3408 5549 Augustinum,
3455 5483 3554 5539 lib.

1980 5562 1998 5602 ι
2024 5548 2124 5616 0p.
2159 5547 2396 5622 Imperii,
2422 5563 2474 5622 _c.
2504 5549 2561 5622 ᾖ,
2587 5549 2876 5622 piissimum
2901 5547 3099 5622 patrem
3124 5547 3374 5620 appellat.
3395 5547 3559 5608 Alter

1980 5631 2011 5672 e
2039 5617 2320 5692 praecipuis
2341 5616 2542 5692 Pelagii
2575 5616 2870 5692 discipulis,
2903 5616 2914 5622 ’
2939 5616 3450 5692 Αηίειιῃιρίηοιηίηθ,
3477 5625 3558 5692 lu-

1981 5687 2469 5771 cubrationemoua
2494 5687 3131 5771 homiiiasipitrysoswmi
3153 5687 3446 5771 Latiniitite'
3459 5689 3554 5771 do-

1984 5757 2148 5827 navit,
2172 5755 2396 5815 Orontio
2418 5757 2708 5829 inscripsit.
2731 5756 2862 5816 ‘ltde
2875 5755 3018 5816 infra
3039 5759 3318 5832 epistolam
3337 5763 3399 5819 t9
3414 5777 3470 5818 n.
3489 5765 3523 5820 6
