3970 6180
366 293 469 350 ιιδ

1147 281 1206 337 S.
1246 274 1641 336 C(ELESTINI
1682 273 1700 328 1
1740 271 1943 329 ΡΔΡιΕ
1986 269 2343 327 EPISTOLE
2382 270 2470 326 ET
2509 266 2856 325 DECRETA.

3536 280 3644 338 4H

367 422 516 462 mare
546 419 642 460 nos
667 447 681 472 ,
714 403 803 474 qui
844 401 910 455 ad
944 407 1227 465 utrumque
1257 398 1590 447 momentum
1632 388 1737 445 huc
1785 402 1954 457 usque
1984 392 2030 447 Α
2058 384 2327 455 signiﬁcat
2354 396 2637 455 utramque
2665 394 2932 451 naturam,
2964 384 3015 440 id
3031 383 3401 455 esthristus,
3424 398 3511 445 est
3529 390 3650 448 Dei-

364 495 655 551 dividimur
678 534 695 557 ,
744 493 795 546 id
824 499 925 555 est,
968 499 1018 542 et
1052 483 1115 541 ad
1148 484 1328 538 odium
1358 492 1412 537 et
1453 482 1517 534 ad
1546 479 1949 535 miserationem

364 603 574 642 eorum.
606 583 794 639 Doceri
822 591 1001 636 autem
1028 578 1274 631 volumus
1307 589 1466 645 quam
1508 573 1577 627 de
1619 570 1703 627 his
1729 578 1952 625 senten-

365 680 491 732 tiain
523 686 822 730 teneamus.
848 681 873 708 σι
921 669 1230 724 Differimus
1264 668 1408 722 enim
1436 663 1659 719 eosdem
1685 662 1828 715 viros
1857 675 1954 730 per

362 770 480 823 dies
524 766 770 836 singulos
796 804 813 832 ,
855 762 1258 817 dissimulantes
1303 772 1400 826 spe
1441 764 1499 812 et
1549 752 1952 823 exspectatione

363 859 714 915 beatitudinis
745 868 868 912 tum.
910 856 1025 911 Non
1074 864 1156 908 cst
1199 851 1365 918 enim,
1400 866 1433 905 o
1469 846 1951 912 venerandiSsime,

361 953 504 1007 sicut
537 954 703 1017 nosti,
737 965 823 1005 res
848 949 969 1004 vilis
1006 945 1274 1001 discussio
1304 946 1403 1015 piae
1431 952 1618 1010 sectae,
1648 956 1750 999 nec
1786 955 1952 1012 parva

337 1018 446 1119 {est
472 1043 719 1113 probatio
742 1056 931 1096 eorum
963 1040 1053 1109 qui
1084 1039 1186 1091 hoc
1216 1044 1404 1108 agunt.

338 1144 343 1211 ξ
436 1137 494 1190 2.
523 1136 721 1191 Multus
748 1136 892 1189 enim
921 1134 1082 1188 etiam
1111 1132 1269 1186 nobis
1316 1130 1466 1185 labor
1509 1129 1593 1184 hic
1622 1128 1947 1195 celebratur,

365 1227 493 1282 dunt
527 1226 876 1281 elaboramus
915 1239 1106 1279 eruere
1145 1222 1575 1277 sordidissimam
1617 1220 1950 1289 impietatem

368 1318 617 1388 pessimae
669 1315 939 1386 opinionis
984 1313 1309 1385 Apollinaris
1354 1321 1406 1367 et
1452 1312 1566 1366 Arii
1611 1311 1678 1365 de
1710 1309 1954 1365 Ecclesia

370 1410 487 1464 Dei.
529 1409 728 1464 Nescio
764 1408 909 1463 enim
940 1404 1392 1476 quemadmodum
1424 1403 1639 1474 quidam
1667 1402 1735 1458 de
1779 1402 1954 1457 eccle-

366 1502 607 1556 siasticis
634 1541 649 1563 .
679 1500 967 1571 quamdam
997 1496 1513 1567 contemperationis
1548 1496 1835 1567 imaginem
1878 1509 1950 1550 es

367 1594 580 1649 Deitate
608 1603 661 1649 et
689 1592 1021 1646 immanitate
1050 1590 1320 1661 Unigeniti
1366 1588 1733 1658 accipientes,
1775 1600 1951 1657 :egro-

369 1694 485 1739 tant
511 1683 829 1754 aegritudine
857 1682 1043 1755 pricdit
1061 1689 1236 1737 torum
1264 1679 1641 1736 hazreticorum
1666 1721 1682 1746 ,
1729 1678 1856 1733 dum
1898 1686 1953 1733 et

2058 479 2149 531 lati
2177 478 2354 532 Patris
2381 476 2724 544 homousios;
2753 476 3060 532 humanitas
3090 493 3220 534 vero
3252 482 3650 550 posterioribus

2056 569 2391 638 temporibus
2419 576 2541 623 nata
2568 578 2743 625 estex
2774 579 2961 624 sancta
2994 571 3204 641 virgine
3227 613 3245 639 ,
3291 569 3313 611 ί
3351 589 3472 645 quae
3519 593 3649 646 ρτο-

2055 670 2174 729 pter
2201 660 2638 731 cnnjunctionem
2672 661 2897 716 Deitatis
2925 663 2994 718 ab
3014 663 3222 734 angelis
3248 674 3306 721 et
3333 665 3650 727 hominibus

2054 754 2214 808 simul
2241 755 2458 809 colitur.

2129 847 2183 901 5.
2218 845 2354 899 Eum
2381 860 2511 915 ergo
2541 845 2632 917 qui
2664 845 2751 901 hic
2779 854 2999 916 propter
3024 857 3296 906 sectarum
3322 854 3647 922 pravitatem

2057 941 2137 988 tot
2187 934 2465 991 laboribus
2514 934 2803 1006 fatigatur,
2856 938 3146 994 considero
3201 949 3228 989 δ
3276 944 3404 1012 quid
3444 945 3647 1002 iterum

2056 1024 2167 1093 pati
2198 1040 2421 1081 necesse
2457 1033 2560 1091 est,
2592 1029 2639 1082 si
2672 1028 2945 1099 negotium
2994 1030 3371 1097 praedictorum
3403 1035 3647 1094 virorum

2056 1117 2286 1185 nesciat,
2316 1116 2608 1187 timeatque
2651 1118 2812 1173 nimis
2854 1134 2924 1173 ne
2972 1119 3400 1180 additamentum
3432 1103 3648 1184 haereti-

2056 1224 2243 1264 eorum
2286 1224 2385 1280 per
2442 1210 2803 1279 ignorantiam
2832 1206 2865 1248 δ
2910 1211 3000 1265 hic
3042 1213 3251 1281 positus
3276 1214 3457 1272 faciat.
3492 1219 3650 1276 Unde

2055 1316 2189 1372 rogo
2212 1312 2268 1356 ut
2288 1301 2524 1372 undique
2553 1301 2853 1357 studiosum
2872 1301 2941 1356 sit
2958 1312 3162 1358 sanctte
3184 1306 3379 1361 animae
3405 1318 3513 1364 tute
3538 1312 3645 1366 do-

2056 1411 2188 1451 nare
2239 1395 2484 1451 notitiam
2530 1394 2914 1466 prmdictnrum
2946 1397 3207 1462 virorum,
3252 1403 3485 1457 maxime
3513 1420 3646 1459 eum

2054 1488 2355 1545 litterarum
2389 1498 2674 1560 sequester
2700 1488 3044 1545 fidelissimus
3078 1490 3325 1548 Valerius
3368 1495 3651 1554 cubicula-

2055 1581 2170 1635 rius
2196 1580 2367 1651 possit
2391 1578 2715 1634 beatitudini
2737 1587 2842 1633 tua:
2867 1594 2962 1649 per
2978 1595 3037 1635 se
3064 1596 3339 1652 exponere
3364 1586 3651 1645 molestias

2056 1687 2267 1728 eorum.
2294 1671 2523 1728 Omnem
2551 1670 2607 1726 in
2632 1669 2854 1725 Christo
2890 1669 3289 1731 fraternitatem
3314 1692 3433 1745 qua:
3462 1688 3647 1734 tecum

368 1777 613 1844 corporis
633 1775 913 1847 passiones
932 1775 1134 1829 audent
1162 1772 1557 1842 superfundere
1589 1770 1783 1826 Deitati
1826 1769 1956 1827 Uni-
1987 1762 2036 1822 B
2063 1774 2148 1822 est
2175 1780 2275 1836 ego
2305 1774 2359 1819 et
2384 1764 2474 1834 qui
2504 1777 2718 1820 mecum
2759 1770 2883 1818 sunt
2910 1763 3197 1833 plurimum
3222 1766 3543 1825 salutamus.

367 1868 628 1936 geniti,et
654 1867 1143 1922 immutabilitatem
1165 1864 1194 1904 ιι
1223 1864 1448 1920 Deitatis
1474 1862 1543 1918 ad
1568 1872 1813 1917 naturam
1830 1876 1953 1916 cor-

370 1958 519 2026 poris
550 1959 811 2013 transisse
837 1957 1240 2027 confingunt.et
1266 1967 1546 2027 utramque
1566 1965 1810 2010 naturam
1836 1968 1955 2024 quae

371 2064 467 2118 per
496 2048 928 2118 conjunctiouem
957 2063 1222 2104 summam
1253 2056 1308 2104 et
1340 2047 1675 2103 inconfusam
1704 2057 1726 2085 ε
1756 2045 1811 2101 in
1852 2061 1958 2100 una

371 2152 602 2205 persona
644 2137 916 2209 Unigeuiti
942 2138 1218 2207 adorator,
1242 2137 1755 2207 contemperationis
1783 2145 1959 2190 muta-

370 2228 582 2284 bilitate
613 2228 973 2285 confundunt.
1024 2228 1189 2296 Caici,
1220 2230 1310 2299 qui
1337 2246 1439 2286 nec
1477 2239 1789 2286 sanctorum
1835 2230 1956 2285 illo.

372 2335 491 2373 rum
515 2320 735 2375 Patrum
763 2322 1160 2390 espositionem
1193 2321 1596 2389 meminerunt,
1649 2328 1839 2391 aperte
1887 2319 1957 2375 ad

371 2429 466 2467 eos
497 2411 524 2450 ἀ
556 2414 917 2468 reclarnantcs
948 2430 961 2466 :
995 2412 1262 2468 Credimus
1286 2416 1341 2468 in
1373 2430 1534 2467 unum
1560 2412 1840 2471 Dominum
1866 2411 1961 2467 Je-

372 2523 486 2559 sum
517 2505 777 2560 Christum
807 2505 1003 2559 Filium
1034 2506 1153 2573 Dei,
1181 2509 1504 2560 incarnatum
1525 2522 1587 2560 ea:
1610 2505 1814 2576 Spiritu
1840 2521 1961 2559 san-

373 2608 453 2650 eto
476 2606 521 2651 et
549 2595 722 2650 Maria
745 2596 958 2668 virgine.
992 2596 1118 2651 Haec
1144 2598 1289 2651 enim
1319 2606 1341 2635 ε
1358 2612 1483 2664 vox,
1504 2598 1556 2651 in
1584 2596 1804 2652 nomine
1823 2595 1962 2667 quod

445 2788 471 2816 ι
511 2778 663 2847 Apud
693 2778 888 2831 Baron.
907 2818 922 2843 ,
957 2777 1241 2830 detinentus
1265 2792 1285 2830 :
1314 2791 1422 2843 quo
1443 2776 1610 2831 verbo
1639 2775 1777 2847 apud
1810 2776 1944 2831 Lab.

374 2849 440 2903 ad
474 2846 769 2916 marginem
804 2849 1026 2918 reiecto,
1050 2847 1581 2917 nbtinetdefeeimus,
1612 2846 1754 2901 haud
1784 2847 1947 2903 dubie

374 2936 472 2984 pro
502 2920 812 2988 deferimus,
844 2928 903 2972 ut
932 2936 956 2970 a
990 2919 1308 2988 Baluzioﬁes
1342 2932 1473 2972 mss.
1505 2919 1809 2988 restitutum
1841 2927 1943 2972 est.

371 2991 644 3074 Orationis
675 2992 842 3046 series
869 2992 1102 3059 postulat
1142 2987 1464 3055 di/Ierimus,
1508 2988 1650 3058 quod
1691 2996 1745 3043 et
1774 2987 1944 3046 Garn.

380 3063 813 3184 l".llqllllllumnia:
841 3129 967 3184 huic
988 3129 1296 3200 refellenda:
1325 3128 1597 3183 sufficiunt
1620 3128 1736 3185 haec
1759 3127 1948 3200 Cirim

2186 1918 2499 1976 MONITUM
2539 1917 2609 1975 IN
2646 1918 3030 1976 EPISTOLAM
3067 1920 3515 1989 SEQUENTEM.

2134 2033 2186 2088 i.
2229 2031 2482 2101 Epistolte
2527 2032 2686 2101 hujus
2715 2031 3001 2089 Liberatus
3046 2034 3295 2089 meminit
3335 2035 3418 2091 his
3463 2041 3653 2096 verbis

2064 2104 2083 2174 (
2108 2104 2236 2172 Cap.
2267 2103 2301 2158 4
2326 2110 2343 2172 )
2373 2120 2386 2154 :
2420 2101 2645 2174 Cyrillus
2673 2119 2804 2174 ivero
2850 2120 2941 2171 per
2982 2103 3323 2174 Posidonium
3366 2108 3654 2163 diaconum

2064 2173 2215 2250 s_uum
2241 2175 2415 2250 retulit
2441 2176 2593 2250 deeo
2618 2173 2912 2243 (Nestorio)
2943 2173 3409 2250 papte_Creleinno,
3442 2192 3490 2250 et
3516 2181 3655 2250 quid

2065 2244 2515 2319 Constantinopoli
2535 2254 2795 2319 ageretur,
2814 2260 2907 2315 per
2927 2244 3199 2319 epistolam
3215 2263 3362 2299 suam
3379 2244 3653 2319 allegauit.

2068 2316 2225 2386 apud
2255 2313 2521 2386 Cyrillum,
2540 2313 2734 2380 (Epist.
2761 2313 2824 2383 9}
2848 2327 2905 2386 et
2926 2313 3200 2369 Lahbeum
3230 2332 3245 2370 ι
3276 2328 3410 2386 part.
3435 2313 3653 2376 Ciittcil.

2070 2385 2273 2453 Ephes.
2304 2385 2431 2454 'cap.
2465 2385 2562 2450 Η,
2586 2386 2773 2439 Graece
2804 2396 2857 2437 et
2890 2385 3092 2448 Latine,
3123 2386 3175 2438 in
3203 2385 3441 2442 editione
3466 2403 3655 2444 autem

2069 2455 2313 2509 Romana
2360 2454 2756 2521 pnntificiarum
2804 2454 3151 2522 cpistolnrum
3204 2466 3407 2511 tantmn
3455 2460 3656 2517 Latine

2072 2525 2318 2579 habetur.
2358 2526 2482 2580 llaec
2509 2535 2689 2578 autem
2720 2526 3094 2592 interpretatio
3119 2529 3365 2594 quamvis
3386 2530 3438 2582 in
3464 2536 3659 2585 multis

2070 2595 2287 2651 deficiat
2313 2636 2329 2663 ,
2377 2598 2429 2650 in
2460 2595 2640 2650 citatis
2684 2603 2863 2649 tamen
2897 2596 3031 2650 locis
3060 2600 3249 2652 eadem
3298 2610 3507 2655 servata
3538 2614 3658 2657 est.

2056 2778 2253 2829 minum
2291 2791 2388 2847 per
2414 2791 2473 2830 se
2496 2784 2787 2847 utramque
2817 2774 3017 2830 Christi
3048 2787 3316 2846 naturam,
3353 2781 3448 2835 sed
3482 2799 3655 2837 unam

2056 2846 2301 2902 divinam
2337 2846 2641 2917 signiﬁcat:
2671 2846 2809 2900 adeo
2842 2858 2897 2899 ut
2928 2847 3188 2912 \‘erbuni,
3235 2864 3359 2903 cum
3398 2862 3659 2911 naturam

2059 2918 2344 2971 humanam
2371 2918 2603 2985 accepit,
2630 2917 2845 2985 formam
2872 2920 3023 2980 servi,
3060 2934 3166 2972 non
3219 2919 3452 2982 Domini,
3492 2940 3660 2981 aere.

2055 2989 2200 3057 pisse
2230 2989 2297 3041 ab
2324 2988 2585 3057 Apostolo
2623 2987 2859 3041 dicatur.
2899 2988 3108 3057 Clarius
3159 2990 3273 3045 lia-c
3311 2992 3377 3044 ita
3422 2996 3615 3048 ordiua
3638 3030 3660 3039 -

2020 3088 2021 3091 η
2057 3055 2277 3113 rentur:
2313 3055 2441 3113 lla'c
2466 3059 2603 3111 enim
2631 3072 2747 3121 vox,
2779 3058 2834 3111 id
2859 3068 2931 3110 est
2964 3055 3201 3129 Christus
3220 3101 3234 3120 ,
3264 3070 3515 3129 quatenus
3548 3066 3662 3121 huc

2057 3144 2242 3210 nomen
2272 3138 2541 3210 utramque
2560 3137 2796 3210 naturam
2823 3128 3101 3210 significat,
3135 3141 3207 3184 est
3230 3129 3427 3210 Deitati
3464 3133 3663 3191 Patris

376 3200 429 3274 in
462 3201 690 3274 epistola
736 3201 801 3253 ad
849 3200 1139 3274 ipsummet
1169 3199 1521 3274 Nestoriumt
1570 3208 1710 3274 part.
1751 3190 1949 3254 educil.
1980 3190 2025 3250 C
2058 3200 2369 3274 homousios.
2419 3190 2702 3274 Nestorius
2732 3190 3319 3274 ipse,'iu',fragm_entis
3365 3218 3394 3259 a
3439 3190 3662 3274 Cyriito

377 3270 579 3337 Ephes.
612 3284 731 3336 cap.
764 3275 799 3325 8
829 3285 947 3336 pag.
981 3269 1086 3324 59.0
1128 3270 1161 3322 b
1187 3286 1201 3321 :
1235 3269 1331 3323 Dei
1361 3268 1565 3323 verbum
1592 3270 1643 3321 in
1672 3271 1781 3339 ipso
1810 3280 1955 3323 utero

372 3341 525 3393 carni
551 3341 769 3403 unitum,
804 3340 1087 3418 secundum
1118 3355 1321 3420 carnem
1362 3339 1683 3420 progenitum
1717 3339 1913 3420 dicitur
1934 3384 1951 3406 ,

378 3420 552 3480 utpote
580 3427 688 3482 suta
717 3411 889 3482 carnis
928 3411 1303 3482 generationem
1332 3409 1430 3482 sibi
1465 3418 1520 3461 ut
1552 3409 1816 3479 prppriam
1848 3413 1959 3464 vin-

378 3482 578 3535 dicans.
610 3480 689 3533 Ad
719 3480 953 3534 eumdem
998 3482 1203 3534 modum
1247 3480 1378 3534 illud
1420 3494 1627 3548 possum
1654 3489 1703 3533 et
1742 3482 1958 3535 resusci-

377 3560 541 3604 tatum
567 3552 785 3605 dicimus
811 3567 830 3604 :
861 3568 965 3605 non
1004 3553 1139 3620 quod
1177 3549 1392 3605 Verbum
1425 3550 1519 3603 Dei
1546 3562 1635 3603 aut
1661 3551 1843 3621 plagas
1870 3561 1960 3604 aut

380 3624 778 3689 perforationem
798 3622 1059 3675 clavorum
1084 3630 1175 3676 aut
1200 3621 1307 3674 alia
1341 3622 1395 3674 id
1428 3635 1588 3688 genus
1612 3621 1666 3673 in
1692 3622 1959 3690 prapriam

377 3703 623 3746 naturam
661 3694 913 3763 acceperit
943 3694 1103 3763 (nam
1133 3704 1187 3747 ut
1229 3692 1460 3763 diuinum
1506 3706 1693 3763 numen
1730 3695 1959 3761 corporis

377 3779 559 3830 expers
587 3772 663 3818 est
686 3804 701 3829 ,
733 3760 806 3815 ita
833 3760 1031 3832 perpeti
1056 3779 1255 3834 quoque
1295 3760 1427 3816 nihil
1466 3761 1675 3830 potest),
1715 3760 1956 3834 sed'qaia

376 3849 585 3904 corpus,
615 3834 753 3905 quod
773 3835 869 3888 sibi
891 3832 1161 3905 acciuerat,
1190 3832 1298 3888 htec
1319 3835 1418 3903 {uit
1447 3843 1730 3905 expertum,
1756 3848 1868 3905 eam
1896 3833 1957 3885 ob

377 3902 484 3956 rem
509 3902 679 3970 ipsum
702 3905 866 3958 nostri
891 3921 1046 3958 causa
1074 3904 1167 3958 illa
1190 3919 1482 3975 perpessum
1509 3904 1774 3956 asseritur.
1806 3902 1958 3958 lupa-

377 3989 555 4029 TIBILI
586 3991 711 4030 EN!“
745 3975 967 4029 VERBUI
1006 3991 1054 4029 IN
1089 3990 1332 4030 CORPOBE
1362 3988 1590 4028 PATIIILI
1622 3987 1911 4028 ειιδτειλτ
1941 3990 1955 4027 Ξ

378 4045 623 4113 adeoque
653 4046 846 4098 falsum
876 4055 958 4098 est
989 4046 1150 4109 hujus
1180 4045 1443 4098 dnctrinte
1481 4053 1783 4098 assertores
1806 4084 1822 4108 ,
1867 4052 1959 4098 aut

378 4115 753 4178 patibilitatem
782 4113 976 4167 divina:
1007 4114 1274 4180 Unigeniti
1304 4123 1539 4177 naturae,
1570 4122 1663 4166 aut
1686 4113 1959 4180 impatibi-

381 4181 585 4236 litatem
613 4198 708 4238 seu
740 4183 1225 4239 immutabilitatem
1265 4184 1508 4252 corporis
1551 4182 1725 4251 ipsius
1751 4193 1959 4239 natura:

377 4255 693 4309 attribuere.
1300 4294 1309 4311 ε

456 4334 479 4363 ο
520 4323 800 4380 Nestorius
826 4325 1145 4379 catholicam
1179 4324 1337 4379 fidem
1383 4323 1471 4378 hic
1498 4330 1685 4392 aperte
1716 4322 1955 4392 profl'eri

381 4393 677 4460 videretur,
707 4397 812 4450 nisi
834 4395 904 4451 de
928 4395 1233 4466 hujusmndi
1265 4396 1398 4450 locis
1428 4393 1743 4466 Vincentius
1778 4391 1952 4466 Lirin.

378 4470 499 4532 cap‘.
534 4466 600 4519 Π
638 4466 691 4521 id
722 4481 821 4521 nos
850 4463 1082 4521 monitos
1108 4468 1367 4521 voluisset
1398 4483 1412 4518 :
1446 4463 1601 4531 Quod
1629 4464 1673 4515 si
1697 4465 1810 4532 quis
1840 4479 1956 4516 eum

2060 3272 2332 3343 excerptis
2361 3270 2499 3343 apud
2523 3270 2591 3323 bl.
2619 3268 2971 3343 Mercatorem
2999 3268 3131 3323 edit.
3163 3272 3328 3326 Baluz
3377 3268 3499 3343 pag:
3520 3277 3657 3343 £09,

2059 3340 2200 3394 hanc
2228 3342 2553 3395 sententiam
2598 3354 2750 3393 suam
2803 3339 3014 3407 planius
3064 3339 3404 3409 exponitiii}
3436 3339 3658 3403 ter“;

2060 3409 2221 3464 Modo
2271 3412 2403 3465 enim
2445 3410 2593 3465 venio
2622 3409 2676 3463 in
2719 3410 3123 3464 recordationem
3169 3415 3376 3467 concilii
3415 3414 3658 3481 Nicam',

2058 3481 2197 3548 quod
2222 3498 2473 3549 nusquam
2496 3490 2770 3534 ausumest
2789 3481 2975 3542 dicere,
3004 3483 3125 3549 quia
3155 3482 3373 3539 Verbum
3389 3483 3529 3541 Deus
3550 3505 3662 3542 tta-

2059 3559 2139 3603 tus
2167 3562 2241 3605 est
2278 3567 2341 3605 ex
2360 3552 2552 3621 virgine
2579 3549 2794 3616 Maria;
2825 3552 2895 3603 ait
2928 3551 3084 3617 enim,
3114 3551 3378 3611 Credimus
3408 3558 3459 3609 in
3486 3574 3663 3612 unum

2067 3621 2277 3691 Patrem
2309 3626 2725 3691 omnipotentem,
2761 3633 2807 3673 et
2853 3622 2906 3674 in
2956 3637 3113 3674 unum
3152 3622 3428 3679 Dominum
3463 3628 3661 3683 Iesum

2060 3690 2340 3765 Christum.
2364 3690 2621 3747 Attenditc
2644 3692 2765 3760 quia
2787 3692 2931 3761 prius
2951 3707 3067 3765 cum
3093 3696 3340 3758 posuisset
3364 3694 3656 3765 Christum,

2059 3764 2195 3828 quod
2219 3764 2436 3816 duarum
2465 3777 2649 3815 nomen
2677 3770 2973 3814 naturarum
3005 3762 3338 3828 demonstrat,
3369 3784 3469 3821 non
3496 3762 3660 3822 dixe-1

2059 3842 2200 3906 runt,
2238 3830 2305 3906 In
2334 3849 2491 3906 unum
2527 3831 2690 3885 Deum
2726 3829 3100 3906 Verbumtsed
3129 3848 3435 3906 acceperunt
3459 3854 3584 3891 nem
3621 3858 3658 3894 η

2057 3902 2198 3977 quod
2214 3904 2526 3977 signiﬁcaret
2548 3902 3063 3977 utru_ntgue.§intilia
3096 3902 3391 3977 rursutniin
3419 3910 3654 3977 epistola

2059 3973 2124 4025 ad
2157 3970 2416 4049 Cyrillum
2450 3982 2580 4049 tum.
2606 3972 2672 4049 lll
2700 3970 2906 4049 C_oncil.
2930 3971 3088 4049 Ital)”
3120 3989 3250 4049 pag.»
3273 3976 3379 4035 δυ
3404 3970 3466 4049 a;
3486 3994 3656 4049 repe-

2061 4042 2374 4115 teus,’hanc
2402 4043 2647 4111 atljungit
2698 4042 3129 4115 ftbSCi‘i/itli‘meim
3165 4042 3329 4110 {Qua
3354 4042 3563 4115 quidem
3593 4051 3654 4108 in

2060 4129 2115 4165 re
2147 4112 2303 4167 Pauli
2332 4116 2688 4166 auctoritatem
2710 4114 2867 4166 secuti
2895 4125 3033 4167 sunt.
3064 4113 3166 4168 Hic
3185 4117 3320 4170 enim
3356 4112 3545 4173 divina:
3563 4121 3652 4174 in-

2058 4183 2374 4237 carnationis
2412 4185 2549 4252 facta
2599 4187 2878 4247 mentione,
2922 4200 3080 4254 eaque
3119 4201 3239 4241 mox
3272 4188 3649 4254 subjuncturus

2058 4268 2178 4325 qua,
2199 4255 2453 4324 passionis
2482 4262 2648 4318 erant,
2677 4254 2900 4325 primum
2924 4254 3057 4308 illud
3084 4272 3266 4311 nomen
3300 4254 3554 4325 Christus,
3588 4274 3649 4316 ut

2058 4324 2215 4446 Rutilo
2254 4333 2373 4378 ante
2414 4324 2683 4389 dicebam,
2707 4326 2910 4392 utrique
2936 4340 3133 4380 natura!
3170 4343 3433 4385 commune
3473 4324 3646 4401 ponit.

2090 4393 2307 4446 'ihiloue
2336 4406 2420 4446 aut
2451 4396 2503 4446 in
2549 4395 2886 4446 sermonibus
2916 4404 3011 4446 aut
3041 4398 3091 4446 in
3118 4399 3361 4446 enistniis
3403 4399 3646 4446 Nmmrii

2090 4393 2307 4463 iibilque
2336 4406 2420 4449 aut
2451 4396 2503 4449 in
2549 4395 2886 4449 sermonibus
2916 4404 3011 4448 aut
3041 4398 3091 4449 in
3118 4399 3361 4463 epistulis
3400 4393 3647 4458 Nestor-ii

2061 4463 2394 4531 frequentius
2426 4474 2733 4519 recatttatttr
2767 4466 2865 4518 hoe
2897 4466 3065 4530 ipsius
3094 4468 3275 4531 effata,
3314 4468 3507 4523 Christi
3549 4488 3653 4527 no-

338 4531 353 4612 ξ
377 4531 705 4604 (Nestorium
729 4537 747 4605 )
787 4548 931 4612 putat
960 4538 1016 4612 in
1052 4537 1234 4612 litteris
1264 4538 1369 4592 suis
1394 4550 1553 4589 unum
1581 4531 1842 4588 Christum
1877 4536 1959 4587 di—
1988 4551 2037 4610 D
2063 4550 2175 4612 men
2207 4549 2326 4589 esse
2355 4537 2573 4590 duarum
2619 4545 2924 4589 naturarum
2947 4536 3347 4609 appellationem
3373 4541 3651 4612 signiﬁca-

340 4603 348 4625 '
377 4603 489 4658 aere
524 4614 571 4659 et
598 4603 749 4660 unam
780 4605 969 4662 Christi
997 4607 1277 4676 praedicare
1304 4621 1605 4674 personam,
1646 4620 1746 4657 non
1773 4614 1958 4659 temere

377 4676 574 4728 credat.
602 4678 703 4729 Aut
733 4679 867 4730 enim
896 4675 1034 4731 istud
1058 4675 1271 4746 fallendi
1297 4689 1410 4746 arte
1432 4676 1749 4729 machinatus
1776 4684 1868 4734 est,
1902 4687 1955 4727 ut

376 4762 471 4816 per
497 4748 627 4798 bona
658 4748 863 4817 facilius
902 4745 1143 4800 suaderet
1180 4755 1228 4800 et
1254 4745 1429 4817 mala.
1453 4787 1466 4801 .
1485 4783 1501 4798 .
1530 4754 1618 4797 aut
1660 4752 1793 4817 certe
1840 4756 1958 4811 post

379 4825 584 4888 partum
604 4815 719 4887 jam
754 4815 976 4888 Virginis
1012 4818 1084 4870 ita
1116 4817 1169 4870 in
1204 4832 1365 4870 unum
1382 4816 1645 4869 Christum
1677 4816 1808 4868 duas
1841 4832 1958 4885 per-

376 4887 515 4939 hibet
560 4887 856 4941 convenisse
895 4903 1139 4956 personas
1167 4926 1182 4950 ,
1231 4897 1286 4939 ut
1336 4897 1504 4939 tamen
1550 4894 1848 4956 conceptus_
1869 4901 1958 4938 seu

376 4967 553 5027 partus
576 4958 787 5027 virginei
811 4954 1054 5024 tempore,
1079 4968 1127 5011 et
1154 4957 1419 5025 aliquanto
1439 4967 1634 5027 postea.
1658 4955 1790 5027 duos
1812 4954 1959 5009 Chri-

376 5023 485 5081 stos
515 5023 674 5097 fuisse
695 5023 997 5083 contendat.
1041 5023 1250 5082 Verum
1288 5028 1335 5081 si
1381 5023 1539 5080 unum
1584 5023 1798 5097 Chi-iisti,
1838 5041 1959 5097 pyra

378 5095 568 5153 sonam
598 5099 651 5153 in
681 5100 921 5167 virgineo
949 5110 1102 5166 partu
1132 5098 1255 5152 ideo
1284 5097 1540 5167 negabat.
1574 5112 1640 5151 ne
1672 5095 1836 5149 Maria
1862 5095 1958 5149 Dei

375 5170 606 5236 genitrix
638 5178 694 5223 et
725 5171 863 5223 Deus
894 5180 1051 5223 natus
1074 5169 1376 5234 diceretur;
1406 5167 1575 5221 nihilo
1600 5167 1770 5233 magis
1797 5168 1958 5220 etiam

379 5248 566 5308 postea
598 5241 859 5294 unitatem
901 5254 1145 5307 persouze
1176 5240 1227 5292 in
1254 5237 1470 5293 Christo
1508 5237 1789 5290 admisisse
1831 5251 1959 5288 cre-

377 5307 586 5363 dendus
618 5318 701 5364 cst
728 5351 743 5375 ,
791 5310 880 5381 qui
913 5312 1076 5363 Deum
1105 5325 1320 5381 passum
1370 5317 1462 5362 aut
1489 5307 1655 5361 Deum
1686 5316 1957 5358 mortuum

380 5395 486 5433 nun
515 5382 709 5434 minori
733 5379 915 5434 studio
940 5395 1099 5447 quam
1131 5379 1300 5435 Deum
1322 5388 1641 5446 conceptum
1661 5385 1753 5429 aut
1774 5387 1957 5430 uatum

382 5449 667 5520 praedicari
696 5450 1039 5520 prohibebat.

450 5517 481 5556 ⁴¹
519 5520 650 5591 Leg.
678 5517 1099 5576 reclamantium.

452 5601 478 5631 ο
502 5590 674 5649 Garn.
706 5595 864 5665 legit:
906 5593 1121 5674 Votuin
1145 5590 1737 5674 Dominu_m,siqniﬁcat
1765 5596 1968 5674 utram-

373 5680 475 5732 ουρ
501 5675 743 5718 naturam
759 5661 973 5729 fetenim
1000 5664 1233 5719 Christus
1250 5674 1327 5717 est
1349 5661 1572 5718 Deitati:
1597 5677 1755 5732 quam
1781 5661 1966 5732 lectio-

378 5730 501 5811 nem
536 5734 788 5791 Baluzins
827 5737 1023 5792 merito
1048 5736 1290 5805 respuit;
1323 5748 1428 5790 non
1475 5730 1748 5791 eninivox
1774 5731 1826 5786 in
1852 5730 1963 5787 Do.

2064 4606 2239 4659 tivam.

2140 4674 2158 4712 ί
2191 4673 2320 4729 Illud
2351 4689 2463 4743 qua:
2489 4690 2594 4728 nun
2623 4674 2691 4745 ad
2720 4673 3013 4745 Virginem,
3044 4677 3139 4731 sed
3166 4678 3229 4732 ad
3261 4678 3650 4737 humanitatem

2064 4745 2326 4809 refertur;
2361 4745 2586 4813 ideoque
2607 4759 2636 4797 a
2664 4744 2946 4809 Garuerio,
2975 4744 3032 4800 ut
3060 4750 3464 4817 ambiguitatem
3492 4752 3653 4809 tolle-

2066 4824 2151 4869 ret
2179 4831 2299 4868 cum
2332 4816 2684 4886 antecedente
2714 4816 2878 4868 verbo
2902 4828 2972 4870 est
3001 4816 3346 4886 suppressum
3376 4821 3497 4874 fuit.

2137 4883 2350 4961 {Apud
2406 4884 2613 4961 Daluz.,
2642 4886 2801 4961 ‘quod
2849 4883 3082 4941 iteruma
3110 4889 3332 4944 Rectius
3366 4891 3455 4946 ali
3493 4891 3648 4961 libri,

2064 4954 2204 5023 quid.
2236 4954 2531 5029 Nestorius,
2565 4956 2691 5029 qui,
2721 4968 2777 5029 ut
2814 4971 2941 5010 suos
2970 4962 3384 5029 prosententiaz
3413 4954 3652 5029 propria:

2066 5026 2364 5099 assertione
2395 5025 2605 5099 labores
2643 5024 2937 5099 iactitaret,
2970 5024 3275 5085 institutum
3306 5032 3374 5085 de
3403 5024 3652 5099 Pelagia-

2067 5096 2149 5149 nis
2175 5110 2479 5168 sermonem
2510 5094 2896 5168 iittertiiiserat,
2926 5112 3069 5168 nunc
3094 5099 3161 5152 ad
3188 5102 3434 5155 eumdem
3464 5094 3607 5157 redit
3634 5122 3651 5168 ;

2066 5168 2247 5235 aitque
2275 5166 2620 5222 considerare
2660 5181 2718 5220 se
2754 5166 2881 5234 qnid
2911 5168 3013 5221 sibi
3042 5166 3241 5224 Juliani
3282 5185 3346 5224 ac
3372 5166 3651 5229 sociorum

2066 5237 2232 5303 gratia
2262 5236 2572 5305 patiendum
2600 5237 2693 5299 sit,
2725 5238 2768 5289 si
2799 5252 2977 5291 veram
3010 5238 3261 5306 ignorans
3300 5255 3491 5296 eorum
3520 5257 3657 5298 cau-

2066 5321 2203 5367 sam,
2236 5317 2433 5379 pratter
2462 5306 2708 5379 haeresim
2740 5318 2936 5379 quaet
2964 5308 3078 5363 Arii
3106 5319 3163 5363 et
3199 5311 3527 5379 Apollinaris
3556 5329 3647 5368 er-

2069 5391 2219 5431 rores
2245 5377 2425 5431 induci
2465 5375 2763 5437 dictitabat.
2805 5377 2964 5431 etiam
2994 5375 3265 5435 novorum
3293 5381 3506 5436 illorum
3539 5385 3658 5438 ha:-

2068 5446 2844 5521 relicorum_accessionem_iu
2874 5449 3009 5521 urbe
3038 5464 3132 5504 sua
3165 5466 3261 5521 per
3292 5452 3652 5521 ignorantiam

2067 5518 2183 5594 fieri
2211 5518 2569 5594 permitteret.
2598 5518 2730 5594 Nam
2755 5516 2910 5585 illud,
2942 5517 3076 5574 Eum
3097 5516 3245 5594 ergo,
3270 5516 3381 5578 non
3417 5521 3486 5577 de
3516 5525 3656 5590 alio,

2067 5589 2160 5645 sed
2191 5589 2259 5643 de
2284 5604 2344 5644 se.
2372 5589 2488 5650 ipso
2515 5589 2667 5646 dicit.

2139 5656 2166 5697 ιι
2199 5658 2351 5735 Apud
2394 5660 2601 5735 Datum,
2631 5660 2881 5733 impositis
2928 5660 3143 5732 faciant.
3187 5659 3352 5735 Magis
3388 5662 3656 5734 placeret,

2068 5731 2151 5786 hic
2176 5730 2357 5803 positis
2386 5729 2562 5802 faciat.
