3970 6180
308 408 319 413 ἰ
399 338 495 394 ten

1176 335 1235 391 S.
1274 330 1664 390 C(ELESHNI
1702 330 1725 385 Ι
1765 328 1968 385 ΡΛΡιΕ

2104 329 2363 387 ιςτοιίε
2407 333 2495 387 ΕΤ
2538 333 2876 390 DECRLTA.
2968 336 2975 341 ’

3570 331 3676 388 ιῗιὲ

394 461 630 523 portata,
681 451 864 522 ibique
907 450 1065 514 lecta,
1102 455 1253 502 tanto
1294 446 1608 517 adiumento
1636 442 1893 529 fuerunt,
1925 454 1983 499 ttt

2104 448 2284 518 γνόντες
2308 450 2443 503 πάνυ
2472 449 2652 513 πολλὰ,
2678 451 2809 505 ὥστε
2845 452 2931 503 καὶ
2955 451 3265 529 γεγράφασιν
3296 451 3669 527 εὐχαριστοῦν-

392 547 616 614 plurimi
647 561 679 600 e
707 545 1020 613 magistratu
1053 540 1188 597 mihi
1212 540 1330 610 ejus
1356 555 1515 595 causa
1548 528 1748 610 gratias
1778 555 1873 609 per
1900 538 1985 593 lit-

399 650 546 694 teras
575 638 804 707 egerint.
840 635 1034 689 Verum
1068 634 1171 688 hoc
1202 641 1228 669 ι
1258 632 1359 703 ipsi
1391 633 1486 687 irae
1529 641 1713 687 contra
1743 647 1829 686 me
1858 646 1983 687 sus-

396 743 563 801 ccptce
587 732 879 784 fomentum
901 725 1349 780 subministravit.
1378 724 1462 779 Me
1488 724 1671 793 itaque
1693 731 1751 777 ut
1773 725 1984 777 hostem

397 825 691 893 impugnat,
721 819 865 875 aliud
897 819 1056 889 plane
1106 817 1241 872 nihil
1275 817 1341 871 de
1389 830 1495 884 quo
1524 829 1611 870 me
1642 817 1849 869 incuset
1886 813 1985 867 ba-

395 917 547 979 bens,
578 914 677 966 nisi
723 911 865 981 quod
894 911 961 964 ab
1009 909 1073 963 iis
1122 924 1243 978 quae
1292 906 1458 963 sentit
1494 905 1783 972 abhorreo,
1841 920 1988 959 eam—

395 1020 499 1073 que
535 1019 699 1075 quam
730 1018 758 1056 a
790 1002 1031 1071 patribus
1069 1000 1396 1067 accepimus,
1432 1005 1488 1052 et
1520 1013 1586 1052 ex
1619 996 1814 1051 divinis
1842 994 1990 1051 Scri-

398 1097 567 1164 pturis
592 1095 900 1160 didicimus,
926 1093 1087 1148 fidem
1111 1090 1543 1162 amplectendam
1559 1103 1681 1145 esse
1702 1090 1843 1144 serio
1861 1104 1989 1158 pcr-

397 1188 653 1251 suadens,
676 1188 877 1241 multos
902 1185 967 1238 ad
991 1199 1175 1237 sanam
1192 1190 1424 1237 mentem
1441 1181 1765 1236 reduxerim.
1792 1179 1988 1234 Verum

399 1280 555 1334 ﬂocci
608 1277 810 1333 faciens
857 1292 978 1347 quae
1015 1277 1302 1329 adversum
1353 1271 1819 1352 metuachinatus
1870 1282 1990 1334 est,

401 1373 618 1441 Deoque
643 1370 735 1441 qui
760 1372 938 1424 omnia
962 1369 1106 1424 novit
1138 1375 1192 1421 et
1222 1366 1386 1429 valet,
1411 1366 1754 1420 committens
1785 1364 1990 1428 omnia,

402 1465 630 1518 alteram
662 1477 849 1516 rursus
880 1459 909 1498 ιι
934 1459 1241 1529 epistolam,
1274 1472 1394 1525 qua:
1438 1464 1600 1509 recta:
1630 1454 1750 1508 lidei
1780 1454 1993 1521 exposi-

405 1558 605 1609 tionem
630 1553 781 1607 brevi
808 1551 1134 1622 compendio
1162 1549 1640 1619 complecteretur,
1690 1546 1756 1600 ad
1786 1562 1995 1603 memo-

404 1658 580 1701 ratum
611 1646 756 1712 misi,
784 1645 1008 1699 hortans
1035 1642 1197 1696 simul
1221 1649 1278 1696 et
1300 1641 1575 1694 obtestans
1603 1653 1671 1694 ne
1698 1637 1840 1693 aliud
1863 1653 1991 1693 seu-

404 1743 532 1795 tiret
559 1755 622 1795 ac
646 1739 978 1809 loqueretur.
1010 1735 1118 1791 Sed
1147 1750 1245 1790 nec
1276 1748 1494 1788 rursum
1545 1732 1837 1802 quidquam
1869 1745 1997 1801 pro-

405 1832 529 1886 feci.
562 1830 632 1886 lis
670 1830 813 1884 enim
846 1844 965 1899 qute
993 1827 1061 1881 ab
1091 1827 1246 1880 initio
1274 1833 1611 1881 commentus
1660 1822 1856 1890 fuerat,
1889 1822 1994 1879 huc
2023 1828 2071 1888 Β

406 1940 578 1995 usque
608 1923 956 1992 pertinaciter
977 1919 1244 1984 adliceret,
1274 1934 1377 1974 nec
1417 1917 1577 1973 linem
1606 1929 1863 1989 perversa
1891 1910 1995 1970 do-

409 2015 564 2070 cendi
607 2014 756 2070 facit.
1778 2102 1791 2103 ,
1840 2101 1850 2103 _
1926 2066 1939 2103 t

478 2108 532 2162 5.
569 2118 590 2146 ε
624 2107 771 2164 Sciat
800 2114 853 2161 et
907 2106 1007 2160 hoc
1039 2105 1208 2173 pietas
1264 2112 1349 2158 tua
1376 2144 1391 2169 ,
1426 2103 1477 2157 in
1528 2116 1718 2158 omnes
1763 2101 1998 2158 Orientis

396 2201 689 2269 episcopos
743 2198 1033 2253 convenire
1060 2211 1182 2264 quae
1228 2194 1500 2260 dicuntur,
1540 2194 1756 2250 scilicet
1790 2192 1997 2249 offendi

408 2306 596 2347 omnes
621 2301 676 2345 et
702 2290 911 2357 dolere,
945 2290 1182 2344 maxime
1212 2303 1342 2343 vero
1362 2286 1851 2342 reverendissimes
1876 2286 1998 2340 Ma-

409 2383 650 2438 cedoniae
697 2383 1001 2452 episcopos.
1028 2380 1097 2433 Et
1124 2394 1246 2433 cum
1277 2378 1379 2432 hoc
1403 2366 1742 2446 compertum
1780 2376 1997 2441 habeat,

408 2491 468 2530 se
495 2474 743 2531 omnibus
763 2472 789 2512 (ι
822 2474 1202 2543 sapientiorem
1229 2484 1372 2536 esse,
1401 2485 1461 2525 se
1486 2470 1660 2525 solum
1703 2469 1999 2534 Scripturtte

412 2564 671 2619 divinitus
734 2563 1010 2632 inspirata:
1065 2575 1288 2630 scopum
1334 2560 1619 2630 attigisse,
1692 2568 1748 2615 et
1800 2556 2000 2614 Christi

412 2656 728 2729 mysterium
781 2652 1099 2723 cognovisse
1145 2652 1460 2708 arbitratur.
1516 2649 1677 2721 Atqui
1731 2649 2001 2719 Quomodo

413 2765 518 2802 non
545 2748 781 2816 oportuit
802 2762 923 2802 eum
952 2745 1084 2800 illud
1110 2743 1289 2813 potius
1315 2759 1412 2814 pro
1446 2753 1601 2799 certo
1629 2742 1851 2810 habere,
1878 2757 1999 2798 eum

412 2857 603 2897 omnes
627 2856 723 2910 per
749 2850 917 2895 totum
940 2840 1127 2894 orbem
1146 2839 1423 2894 constituti
1447 2837 1733 2894 orthodoxi
1763 2837 1999 2907 episcopi

413 2951 476 2990 ac
506 2936 623 2990 laici
655 2933 929 2990 Christum
958 2934 1146 2999 Deum,
1176 2947 1238 2987 ac
1264 2930 1533 3003 Virginem
1568 2947 1685 3002 quae
1714 2931 1863 2986 illum
1910 2946 2003 3000 ge-

413 3027 530 3081 nuit
574 3027 860 3096 Deiparam
893 3025 1274 3091 confiteantur,
1306 3038 1366 3078 se
1408 3023 1586 3079 solum
1617 3025 1705 3093 qui
1741 3022 1845 3078 hoc
1877 3022 2000 3077 inli-

413 3118 606 3186 ciatur,
638 3116 1091 3175 errare?.Verum
1126 3116 1260 3169 fastu
1303 3124 1517 3169 tumens
1539 3130 1603 3169 ac
1625 3114 1767 3169 sedis
1810 3112 2015 3183 poten-‘

417 3208 513 3273 tia,
546 3214 605 3261 ut
625 3206 873 3262 omnibus
895 3205 1116 3261 insidias
1154 3214 1348 3269 struat,
1394 3206 1649 3270 abutens,
1678 3206 1991 3261 effecturum
2024 3203 2067 3263 C

415 3317 475 3356 se
497 3300 791 3354 arbitratur
820 3307 877 3352 ut
905 3306 961 3353 et
1003 3312 1102 3352 nos
1128 3306 1182 3353 et
1205 3298 1394 3368 reliqui
1438 3312 1629 3352 omnes
1675 3312 1789 3352 sua:
1831 3299 1999 3368 ipsius

417 3393 698 3448 sententia:
738 3390 1158 3447 subscribamus.

492 3486 550 3540 6.
592 3484 790 3555 Ecquid
824 3483 983 3553 igitur
1028 3482 1329 3538 faciemus?
1381 3494 1501 3536 cum
1548 3494 1722 3549 neque
1750 3479 1898 3535 illum
1943 3491 2000 3535 ut

421 3579 724 3647 resipiscat,
755 3590 930 3647 neque
971 3584 1029 3629 ιιι
1072 3574 1335 3644 ejusmodi
1373 3572 1725 3628 concionibus
1776 3573 2003 3630 absistat

419 3671 675 3725 inducere
698 3681 956 3738 queamus
977 3683 993 3731 ;
1014 3666 1351 3736 populusque
1374 3664 2000 3734 Constantinopolitanus

418 3761 587 3831 magis
617 3775 680 3815 ac
710 3759 877 3829 magis
925 3758 978 3811 in
1027 3757 1145 3812 dies
1186 3766 1580 3826 corrumpatur,
1627 3756 1836 3809 tametsi
1884 3754 2000 3809 btec

420 3853 641 3923 indigne
674 3850 830 3917 ferat,
860 3860 911 3904 et
931 3849 999 3903 ab
1019 3848 1339 3905 orthodosis
1357 3846 1668 3901 doctoribus
1694 3846 1998 3915 PTiBSldiﬂlﬂ

417 3944 734 4015 exspectet?
786 3943 953 3999 Nobis
989 3957 1119 3999 sane
1162 3942 1230 3995 de
1274 3942 1438 3995 rebus
1484 3940 1791 4011 vulgaribus
1819 3955 2001 3995 sermo

419 4054 525 4092 non
556 4045 663 4104 est,
696 4035 790 4092 sed
839 4049 1016 4101 neque
1070 4033 1291 4101 periculi
1342 4045 1535 4100 expers
1576 4031 1715 4086 foret
1759 4041 1999 4086 nostrum

418 4128 718 4182 silentium.
755 4126 809 4181 Si
833 4126 976 4180 enim
998 4122 1244 4178 Christus
1263 4122 1523 4177 conviciis
1552 4124 1841 4192 appetitur,
1869 4138 2003 4193 quo-

420 4218 582 4273 modo
612 4232 712 4273 nos
740 4215 1061 4271 silebimus?
1105 4214 1338 4269 maxime
1362 4227 1487 4267 cum
1516 4213 1715 4269 Paulus
1758 4217 1958 4272 scribat
1984 4236 1997 4270 :

490 4385 515 4414 ·
542 4374 779 4437 Scilicet,
806 4370 1071 4439 Nestorio,
1099 4372 1253 4443 cujus
1282 4385 1477 4427 nomen
1509 4371 1560 4426 in
1588 4372 1802 4443 vulgata
1830 4373 2000 4429 inter-

419 4449 721 4519 pretatione
762 4445 848 4500 hic
877 4454 932 4499 et
960 4443 1098 4519 infra
1125 4442 1448 4513 exprimitur
1468 4442 1721 4519 quidem;
1750 4444 1857 4519 sed
1869 4460 1996 4519 eum

422 4514 521 4575 hoc
550 4516 785 4589 Cyrinus
806 4530 911 4589 non
926 4516 1056 4589 sine
1081 4529 1243 4569 causa
1272 4522 1585 4589 constanter
1605 4514 1794 4571 Graece
1815 4514 1989 4583 sileat,

416 4591 578 4643 etiam
597 4585 796 4642 Latine
813 4586 1064 4640 duximus
1095 4585 1405 4640 tacendum.

493 4658 519 4697 δ
563 4659 750 4711 Exstat
784 4667 838 4712 et
863 4656 979 4710 btec
1006 4655 1227 4725 epistola
1257 4670 1273 4709 ι
1306 4662 1445 4723 part.
1473 4655 1670 4711 concil.
1712 4655 1916 4723 Ephes.
1946 4673 1998 4712 c.

416 4731 472 4785 8.
508 4729 795 4797 Antiquam
818 4727 960 4782 illius
990 4726 1483 4797 interpretationem
1513 4726 1704 4795 Steph.
1749 4727 2002 4782 Baluzius

422 4816 547 4856 nov.
578 4794 705 4852 c'ttll.
737 4797 933 4852 concil.
971 4811 1089 4865 pag.
1123 4794 1230 4851 464
1253 4796 1488 4862 exhibet,
1520 4794 1627 4850 sed
1652 4797 1813 4851 aliam
1845 4799 1913 4852 ab
1940 4814 2002 4852 ea

420 4887 578 4940 quam
608 4868 891 4940 Liberatus
911 4881 961 4921 c.
992 4868 1026 4920 4
1050 4865 1235 4940 primis
1261 4867 1404 4940 illius
1425 4867 1604 4940 verbis
1634 4868 1856 4921 indicat.

497 4952 519 4980 ο
564 4944 603 4996 Α
638 4938 820 4996 (ἓτερον
845 4938 1022 4994 littera
1050 4936 1254 4992 recedit
1302 4938 1513 5006 tulgata
1547 4937 1923 5006 interpretatio
1951 4938 2003 4992 in

422 5015 563 5066 hunc
590 5010 830 5065 modum.
863 5009 1007 5063 Sciat
1032 5006 1366 5078 nihilominus
1400 5009 1563 5062 ethoc
1585 5024 1784 5078 quoque
1809 5010 2001 5062 sancti-

413 5091 497 5136 tas
527 5081 702 5151 (apud
728 5080 897 5150 (lyril.
930 5075 1128 5151 pietas)
1164 5086 1273 5151 tua,
1292 5095 1486 5151 nempe
1536 5075 1818 5151 commenta
1857 5082 2002 5133 illius

416 5148 708 5206 Orientales
734 5148 837 5205 non
864 5148 1097 5218 probare,
1127 5148 1216 5202 sed
1243 5148 1434 5215 a/fendi
1464 5164 1548 5203 eos
1570 5165 1631 5203 ac
1661 5149 1854 5203 delere.

492 5221 520 5258 ἀ
563 5222 704 5276 Idem
731 5221 784 5276 in
807 5235 873 5276 eo
897 5219 1087 5275 vitium
1121 5221 1373 5276 Socrates
1398 5221 1492 5274 lib.
1527 5235 1602 5274 vtt
1635 5234 1686 5274 c.
1718 5220 1786 5275 52
1814 5235 2003 5290 repre-

422 5290 607 5347 lientlit
633 5292 714 5346 his
744 5291 961 5346 verbis:
994 5293 1307 5360 Arrogantia
1348 5292 1480 5344 enim
1510 5292 1675 5345 elatus
1702 5291 1762 5344 ob
1798 5290 2005 5345 dicendi

420 5364 739 5429 facultatem,
772 5361 931 5417 libros
960 5363 1113 5417 etiam
1137 5372 1357 5415 veterum
1377 5363 1707 5429 interpretum
1734 5360 2006 5429 haudth-

414 5447 575 5501 qnam
605 5433 767 5503 legere
793 5433 1120 5502 dignabatur,
1144 5432 1232 5484 sed
1261 5448 1314 5486 se
1332 5432 1499 5503 ipsum
1530 5431 1742 5503 reliquis
1771 5434 2004 5485 omnibus

419 5502 666 5570 prwstare
685 5503 1029 5557 existimabat.
1062 5503 1210 5557 Hunc
1235 5502 1554 5572 arrogantia:
1574 5502 1822 5556 morbum
1847 5504 2004 5556 redo-

422 5574 540 5626 lent
593 5573 757 5642 verba
797 5573 939 5627 illius
970 5575 1021 5628 in
1052 5574 1329 5642 superiore
1382 5572 1748 5628 admonitione
1808 5573 1999 5634 relata,

421 5641 617 5713 quibus
645 5641 993 5704 Caelestinum
1033 5641 1421 5713 simpliciorem
1465 5652 1629 5713 atque
1668 5643 1999 5698 hebetioretn

423 5711 713 5782 prmdicat,
763 5728 922 5783 quam
967 5723 1023 5784 ut
1069 5711 1491 5784 ad‘dogmatum
1536 5711 1644 5769 vim
1688 5729 1750 5767 ac
1778 5728 1998 5767 sensum

420 5793 710 5855 penetrare
755 5782 945 5838 valeat.
978 5782 1150 5853 ipsius
1181 5782 1313 5841 vero
1367 5784 1603 5841 Nestorii
1646 5784 1998 5854 ignorantiam

2088 561 2173 601 τις·
2199 541 2427 596 πλεῖστοι
2452 549 2552 597 τῶν
2571 543 2619 595 ἐν
2639 542 2790 597 τέλει.
2810 544 2984 614 Γέγονε
3003 542 3058 599 δὲ
3081 548 3222 617 αὐτῷ
3241 549 3495 603 καὶτοῦτο
3519 552 3678 620 τροφὴ

2086 639 2178 690 τῆς
2201 632 2310 685 κατ’
2326 632 2446 704 ἐμοῦ
2466 631 2651 696 λύπης,
2668 636 2755 687 καὶ
2783 635 2850 692 ὡς
2874 635 3043 710 ἐχθρῷ
3071 637 3324 709 μάχεται.
3347 637 3486 693 οὐδὲν
3502 640 3676 712 ἕτερον

2089 721 2228 793 ἔχων
2255 724 2495 795 ἐγκαλεῖν,
2530 725 2561 785 ἦ
2590 722 2666 779 ὅτι
2691 721 2838 798 μόνον
2866 729 2953 781 οὐκ
2982 728 3236 799 ἀνέχομαι
3264 730 3330 784 τὰ
3357 724 3452 783 ἶσα
3480 738 3679 802 φρονεῖν

2088 818 2244 886 αὐτῷ.
2276 817 2417 870 Ἀλλά
2452 818 2539 870 καὶ
2573 818 2917 890 ἐπηνώρθωσα
2944 821 3187 882 πολλοὺς.
3218 821 3278 879 ἣν
3321 821 3679 898 παρελάϐομεν

2090 907 2144 958 ἐκ
2172 908 2404 981 πατέρων
2430 910 2623 965 πίστιν.
2661 914 2745 964 καὶ
2772 909 2804 964 ἃ
2829 912 3071 985 ἐμάθομεν
3101 913 3152 964 ἐκ
3180 920 3269 972 τῆς
3298 914 3432 971 θείας
3454 922 3676 987 Γραᾳῆς,

2091 998 2254 1053 ἐκεῖνα
2284 998 2345 1058 δή
2374 1005 2690 1056 καταπείοων
2735 1004 2920 1062 αὐτοὺς
2951 1002 3147 1058 οἴεσθαι
3185 1002 3356 1060 δεκτά.
3387 1002 3564 1078 Ὀμως
3599 1010 3681 1061 καί

2092 1092 2152 1143 οὐ
2178 1094 2447 1166 φροντίσας
2475 1100 2575 1147 τῶν
2604 1094 2729 1165 παρ’
2744 1095 2900 1147 αὐτοῦ
2939 1097 3213 1167 γενομένων
3241 1096 3514 1165 κατ’ὶμοῦ.
3555 1099 3681 1153 ἄλλα

2093 1188 2202 1255 Θεῷ
2239 1179 2360 1243 δοὺς
2394 1190 2469 1256 τῷ
2510 1184 2675 1239 πάντα
2704 1183 2859 1239 εἰδότι
2896 1189 2979 1239 καὶ
3023 1188 3293 1257 ἰσχύοντι.
3327 1188 3477 1242 «eiu
3505 1190 3682 1264 ἑτέραν

2094 1273 2359 1332 ἐπιστολήν
2387 1275 2619 1348 γέγραφα
2645 1282 2717 1344 τῷ
2745 1278 3125 1348 μνημονενθέντι
3142 1320 3155 1343 ,
3189 1283 3278 1336 τήν
3306 1276 3503 1333 ἔκθεσιν
3534 1283 3602 1340 ὡς
3633 1283 3682 1336 ἐν

2094 1364 2330 1435 συντόμῳ
2351 1374 2442 1425 τῆς
2466 1367 2613 1442 ὀρθῆς
2635 1369 2857 1427 πίστεως
2884 1365 3141 1438 ἔχουσαν,
3172 1369 3474 1443 παρακαλῶν
3495 1392 3550 1425 τε
3574 1371 3682 1440 ἅμα

2093 1460 2176 1511 καί
2206 1455 2707 1535 ὂιαμαρτυρούμενος
2737 1460 2870 1514 οὕτω
2909 1465 2995 1515 καί
3027 1468 3215 1538 φρονεῖν
3244 1466 3325 1516 καί
3354 1463 3543 1518 λαλεῖν
3579 1466 3682 1517 ἀλλ’

2097 1546 2269 1608 ὥνησα
2292 1550 2440 1605 πάλιν
2468 1550 2627 1606 οὐδέν.
2652 1547 2875 1623 Ἐχεται
2904 1551 2957 1607 δὲ
2983 1557 3066 1607 καί
3088 1555 3158 1613 εἰς
3183 1552 3332 1631 δεῦρο
3358 1563 3459 1611 τῶν
3481 1556 3650 1633 ἀπ’ἀρ

2097 1649 2223 1711 χῆς,
2256 1644 2343 1698 καί
2367 1644 2423 1696 οὐ
2452 1646 2671 1699 παύεται
2697 1643 2859 1698 λαλῶν
2881 1645 2947 1700 τά
2976 1643 3368 1721 διεστραμμένα.

2171 2101 2462 2155 Γινωσκίτω
2490 2099 2545 2155 δέ
2567 2103 2651 2154 καί
2678 2106 2828 2156 τοῦτο
2854 2103 2885 2160 ἡ
2915 2106 2984 2161 σή
3006 2103 3285 2165 θεοσέϐεια,
3305 2101 3334 2157 ὅ
3368 2125 3385 2157 ι
3408 2106 3493 2157 καί
3519 2103 3688 2161 ἅπασι

2100 2198 2212 2252 τοῖς
2230 2194 2359 2247 κατὰ
2386 2197 2475 2250 τήν
2501 2194 2742 2252 ἀνατολὴν
2772 2195 3070 2255 ἐπισκόποις
3095 2194 3302 2269 συνᾴδει
3330 2198 3395 2251 τὰ
3415 2195 3686 2270 λεγόμενος

2101 2287 2185 2337 ναὶ
2213 2281 2622 2360 δυσχεραίνουσι
2651 2287 2841 2346 πάντες
2878 2290 2962 2340 καί
2993 2287 3306 2351 λυποῦνται,
3348 2290 3426 2342 καί
3461 2289 3690 2362 μάλιστα

2101 2375 2146 2427 oi
2166 2380 2291 2431 κατὰ
2311 2381 2400 2434 τήν
2418 2374 2723 2431 Μακεδονίαν
2744 2377 3109 2434 εὐλαϐέστατοι
3128 2378 3393 2434 ἐπίσκοποι
3433 2382 3521 2432 Καί
3539 2386 3694 2433 τοῦτο

2101 2464 2270 2531 εἰδώς,
2298 2465 2454 2522 οἴεται
2484 2465 2562 2523 ὅτι
2592 2471 2797 2524 πάντων
2824 2472 2935 2524 ἐστὶ
2964 2472 3267 2543 σοφώτερος.
3299 2474 3382 2525 καί
3410 2472 3561 2543 μένος
3590 2468 3691 2526 οἶδε

2101 2559 2187 2612 τὸν
2207 2560 2390 2613 σκοπὸν
2418 2568 2510 2619 τῆς
2538 2561 2875 2615 θεοπνεύστου
2902 2569 3120 2632 Γραφῆς,
3146 2564 3232 2616 καί
3258 2563 3317 2617 τὸ
3345 2568 3436 2617 τοῦ
3464 2570 3693 2638 Χριστοῦ

2102 2654 2413 2721 μυστήριον·
2451 2653 2614 2705 καίτοι
2641 2658 2752 2711 πῶς
2780 2654 2867 2706 οὐκ
2903 2651 3006 2708 ἴδει
3048 2653 3477 2727 πληροφορεῖσθαι
3505 2653 3695 2725 μᾶλλον

2104 2741 2274 2803 αὐτὸν,
2299 2736 2374 2795 ὅτι
2402 2743 2604 2796 πάντων
2629 2748 2729 2798 τῶν
2757 2744 2889 2797 κατὰ
2914 2749 3093 2798 πᾶσαν
3118 2748 3209 2802 τήν
3229 2745 3516 2813 οἰκουμένην
3545 2744 3697 2818 ὄρθου

2103 2825 2263 2891 δόξων
2290 2830 2578 2885 ἕπεσκόπων
2606 2835 2690 2884 καί
2716 2832 2901 2886 λαῐκῶν
2927 2832 3323 2905 ὁμολογοῦντων,
3354 2832 3431 2887 ὅτι
3459 2837 3543 2887 καί
3567 2835 3695 2894 Θεὸς

2105 2918 2162 2981 ἦν
2185 2922 2211 2978 ὁ
2239 2923 2457 2996 Χριστὸς
2475 2963 2488 2985 ,
2520 2924 2606 2975 καί
2638 2924 2884 2984 Θεοτόκος
2905 2924 2945 2982 *ὁ
2974 2929 3200 2978 τεκοῦσα
3239 2925 3389 2978 αὐτὸν
3418 2924 3661 2998 παρθένος
3681 2964 3697 2986 ,

2105 3024 2360 3081 πλανᾶται
2388 3025 2538 3099 μόνος
2576 3027 2726 3085 αὐτὸς
2765 3031 2916 3081 τοῦτο
2949 3026 3281 3101 ἀρνούμενος
3311 3026 3698 3099 ἀλλ’ὁφρὺεται.

2105 3129 2186 3179 καί
2210 3124 2366 3182 οἴεται
2379 3123 2455 3182 ὅτι
2470 3135 2532 3201 τῇ
2556 3125 2829 3200 δυναστείᾳ
2849 3132 2936 3180 τοῦ
2948 3124 3125 3200 θρόνου
3150 3131 3309 3179 πᾶσιν
3334 3126 3697 3193 ἕπιϐουλεύων,

2102 3233 2184 3285 mi
2211 3233 2345 3300 ἡμᾶς
2373 3228 2401 3288 ἦ
2432 3232 2514 3283 καί
2541 3229 2661 3287 τοὺς
2691 3224 2870 3287 ἄλλους
2902 3226 3133 3288 ἅπαντας
3171 3228 3440 3282 ἀναπείσει
3466 3229 3534 3283 τά
3565 3230 3703 3283 αὐτὰ

2105 3338 2296 3406 φρονεῖν
2322 3332 2478 3401 αὐτῷ.

2174 3512 2234 3564 Τί
2271 3511 2437 3565 τοίνυν
2473 3508 2763 3586 δράσομεν;
2793 3505 2908 3563 οὔτε
2948 3509 3301 3569 ἀναπείθοντες
3338 3508 3490 3564 αὐτὸν
3514 3550 3529 3573 ,
3573 3507 3700 3567 οὔτε

2105 3620 2304 3668 παῦσαι
2336 3611 2605 3684 δυνάμενοι
2632 3619 2731 3666 τῶν
2769 3612 3011 3667 τοιούτων
3049 3609 3280 3681 ὁμιλιῶν,
3321 3614 3407 3665 καί
3444 3610 3703 3685 ὁσημέραι

2106 3716 2517 3789 κατεφθαρμένων
2547 3721 2646 3769 τῶν
2670 3714 2805 3768 λαῶν
2830 3721 2933 3769 τῶν
2968 3716 3017 3767 ἕν
3049 3715 3588 3773 κωνσταντινονπόλει,
3613 3720 3703 3769 καί

2106 3814 2550 3892 δυσχεραινόντων
2576 3817 2687 3889 μὶν,
2719 3814 3066 3888 ἐνδεχομένων
3095 3814 3150 3872 δὲ
3179 3821 3271 3876 τήν
3298 3818 3443 3888 παρὰ
3469 3825 3572 3871 τῶν
3601 3818 3665 3892 ὀρ
3685 3848 3701 3859 -

2105 3917 2321 3984 θοὸόξων
2349 3916 2661 3974 διδασκάλων
2685 3917 3007 3991 ἕοταουρίανζ
3037 3918 3121 3971 καί
3147 3918 3207 3970 οὐ
3232 3919 3355 3991 περί
3378 3924 3480 3970 τῶν
3502 3914 3704 3988 τυχόν-

2105 4039 2205 4074 των
2235 4017 2429 4091 ὁλὸγος
2457 4019 2573 4091 ἡμῖν
2595 4059 2608 4079 ,
2642 4015 2870 4071 ἁλλόὖδᾶ
2900 4015 3163 4076 ἀκίνδυνος
3201 4018 3232 4075 ἡ
3270 4020 3461 4076 σιωπή.
3498 4018 3558 4071 Εἰ
3593 4020 3703 4092 γὰρ

2106 4118 2414 4191 δνσημεῖται
2439 4117 2683 4194 Χριστὸς,
2705 4122 2817 4179 πῶς
2841 4118 2983 4190 ἡμεῖς
3010 4120 3380 4188 σιωπήσωμενς
3410 4119 3577 4172 καίτοι
3601 4126 3701 4173 τοῦ

2106 4218 2301 4273 Παύλου
2338 4220 2632 4293 γράφοντος·
2660 4215 2718 4269 Εἰ
2751 4216 2852 4289 γὰρ
2884 4213 3008 4269 insint
3039 4220 3194 4270 τοῦτο
3227 4216 3481 4291 πράσσω,
3511 4216 3702 4289 μισθὸν

2107 4373 2362 4431 Socrates
2384 4373 2514 4430 ibid.
2544 4388 2613 4430 ex
2643 4388 2710 4428 eo
2739 4374 2959 4444 probat,
2987 4374 3130 4445 quod
3143 4374 3377 4431 slariam
3404 4373 3496 4430 Dei
3542 4376 3704 4442 geni-

2109 4449 2295 4499 tricem
2326 4460 2638 4509 nuncupare
2662 4454 2932 4507 renueret,
2955 4460 3115 4512 quam
3142 4456 3358 4500 veteres
3394 4446 3702 4515 Scripturis

2107 4516 2238 4578 nixi,
2274 4516 2695 4583 nominatimque
2743 4515 3004 4581 Origenes
3052 4515 3236 4570 tom.l
3289 4516 3341 4569 in
3389 4516 3700 4583 Epistulam

2029 4592 2081 4652 ι)
2109 4586 2253 4641 Pauli
2286 4586 2352 4639 ad
2388 4585 2674 4650 Romanos,
2707 4596 2763 4640 et
2806 4586 3067 4641 Eusebius
3098 4586 3192 4639 lib.
3226 4601 3282 4640 ιιι
3309 4585 3377 4640 dc
3398 4585 3521 4641 Vita
3545 4586 3703 4641 Con-

2106 4655 2330 4710 stantini
2373 4655 2477 4711 hoe
2503 4655 2721 4710 nomine
2744 4656 3019 4725 appellare
3052 4670 3164 4710 non
3190 4656 3528 4711 dubitabant.
3581 4658 3704 4713 Hoc

2106 4727 2342 4783 Nestorii
2403 4725 2650 4792 exemplo
2701 4725 3058 4781 admonentur
3109 4727 3197 4794 qui
3258 4726 3424 4781 simili
3474 4727 3703 4784 dicendi

2106 4798 2361 4851 facultate
2386 4795 2646 4867 gaudent,
2678 4795 2816 4850 hanc
2846 4812 3004 4851 unam
3036 4795 3217 4851 dotem
3259 4798 3325 4850 ad
3380 4798 3701 4854 tractandas

2107 4867 2230 4922 fidei
2275 4882 2364 4921 res
2413 4881 2519 4921 non
2565 4867 2696 4921 satis
2739 4881 2888 4930 esse;
2922 4867 3238 4936 discantque
3279 4869 3462 4921 creteri
3494 4870 3702 4937 quibus

2108 4938 2440 5008 ingeniorum
2480 4951 2704 4992 acumen
2735 4947 2827 4990 aut
2855 4938 3022 5007 gratia
3058 4938 3177 5007 plus
3205 4952 3360 5008 teque
3386 4939 3588 5007 placet,
3618 4955 3698 4995 ne

2106 5007 2313 5063 scinde
2339 5007 2532 5063 abduci
2560 5018 2761 5061 temere
2781 5008 2989 5073 sinant;
3012 5022 3108 5062 res
3127 5010 3269 5065 enim
3302 5008 3425 5063 lidei
3449 5024 3557 5061 non
3585 5020 3697 5066 tam

2108 5078 2302 5148 ingenii
2325 5093 2484 5147 quam
2515 5077 2815 5131 traditionis
2853 5093 2996 5141 esse,
3028 5094 3226 5146 easque
3273 5094 3380 5132 non
3429 5082 3606 5135 acuti~
3632 5097 3696 5137 ac

2107 5149 2392 5204 subtilibus
2424 5149 2670 5202 humanm
2714 5149 2909 5201 mentis
2940 5150 3192 5214 inventis,
3237 5151 3331 5204 sed
3383 5149 3478 5204 Dei
3522 5154 3696 5205 verbo

2107 5220 2376 5274 constanti
2405 5234 2467 5274 ac
2497 5219 2635 5273 fideli
2663 5216 2879 5271 Patrum
2911 5217 3198 5275 traditione
3227 5221 3382 5274 nobis
3407 5224 3696 5276 transmis-

2109 5304 2170 5343 so
2220 5289 2413 5344 fulciri.
2464 5290 2543 5344 Ad
2601 5290 2955 5343 imitationem
2988 5301 3165 5344 autem
3196 5305 3384 5346 eorum
3432 5306 3554 5358 qua:
3605 5294 3694 5346 hic

2109 5358 2339 5431 Cyrillus
2363 5360 2431 5415 de
2460 5360 2709 5431 Nestorio
2738 5369 2941 5425 narrat,
2970 5360 3071 5415 ista
3095 5360 3363 5417 Vincentii
3390 5359 3709 5431 Lirilleltaiﬁ,

2111 5430 2174 5483 ad
2218 5433 2425 5485 calcem
2458 5446 2579 5501 cap.
2624 5430 2708 5501 ιι
2754 5446 3008 5500 expressa
3060 5443 3188 5486 snnt
3230 5431 3391 5485 verba
3427 5448 3440 5484 :
3491 5430 3690 5485 Inveni

2109 5502 2261 5555 etiam
2291 5517 2469 5555 sttmtts
2509 5500 2563 5554 in
2612 5500 2836 5554 Ναῖοήί
2879 5501 3180 5556 toleratam
3217 5505 3690 5573 prwsttmptionem,

2109 5575 2243 5640 quod
2269 5589 2472 5626 sacram
2502 5573 2826 5641 Scripturam
2866 5589 2918 5625 se
2960 5573 3182 5641 primum
3209 5571 3257 5626 et
3283 5571 3450 5625 solum
3496 5574 3693 5626 intelli-

2108 5659 2255 5711 gere,
2283 5653 2327 5697 et
2358 5660 2528 5697 omnes
2554 5659 2639 5697 eos
2672 5645 2941 5713 ignorasse
2962 5644 3185 5713 jactaret
3229 5643 3535 5712 quicumque
3574 5653 3695 5713 ante

2107 5729 2160 5765 se
2200 5714 2479 5786 magisterii
2505 5711 2710 5770 munere
2738 5712 2945 5784 praediti
2963 5711 3145 5768 divina
3188 5713 3389 5779 eloquia
3419 5711 3690 5767 tractavis-

2106 5792 2234 5839 sent.
