3970 6180
368 271 462 328 ιετ

642 269 840 325 EPIS'I‘
868 268 1304 326 .X.—FBAGM.
1349 265 1693 326 SERMONIS
1735 265 1797 323 lN
1839 270 2029 324 (Ἃ)Νο
2080 270 2239 325 ΒΟΜ.
2287 270 2444 324 Αυν.
2490 270 2668 326 llell.
2714 271 3027 328 NESTORII
3070 272 3314 330 llABlTl.

3536 277 3642 336 4M

368 388 658 456 shyterum,
714 387 802 452 qui
832 401 954 440 eum
997 387 1274 456 arguebat,
1305 394 1362 439 et
1407 400 1528 439 cum
1583 386 1700 454 ipso
1731 394 1949 455 propter

2074 396 2080 419 ¹
2127 389 2400 458 ἐλέγχοντα
2451 387 2606 442 αὐτὸν
2647 391 2729 441 καὶ
2783 390 2958 458 μηκέτι
3006 389 3288 448 θελήσαντα
3337 392 3645 462 συναφθήναε

365 480 616 530 ΙιςιὟΘΞέηὶ
647 477 862 532 nolebat
888 479 1122 547 amplius
1171 477 1485 532 convenire.
1529 476 1584 531 In
1638 477 1721 530 his
1769 488 1948 531 autem

367 571 552 624 libellis
583 571 856 624 accusatio
883 569 1129 639 quaedam
1161 579 1297 634 erat,
1330 569 1473 639 quod
1507 569 1838 624 Manichteus
1865 583 1950 622 es-

363 673 460 716 sel.
485 661 698 733 Deinde
721 662 994 717 hominem
1016 662 1286 717 citavitad
1312 662 1626 717 concilium.
1652 661 1809 716 Venit
1837 663 1947 730 ille,

363 754 650 808 secundum
681 769 921 810 canones
947 770 1066 810 sese
1094 770 1311 826 gerens,
1345 771 1452 825 quo
1477 769 1694 810 causam
1723 756 1947 812 diceret.

366 845 645 900 l'mlestius
664 856 870 908 autem,
889 861 1012 900 cmn
1047 847 1274 912 probare
1299 846 1429 899 nihil
1457 846 1682 910 valeret,
1699 847 1952 900 clanculo

368 951 416 990 εις
445 936 726 1005 subduxit,
764 951 864 991 nec
890 937 955 990 ad
985 938 1274 992 concilium
1306 938 1557 992 accessit.
1650 946 1652 950 '

430 1026 484 1078 6.
531 1027 640 1081 llac
669 1028 959 1084 occasione
989 1044 1112 1083 cum
1144 1029 1455 1093 decidisset,
1489 1030 1650 1084 aliam
1677 1035 1953 1100 excogita-

368 1119 458 1171 vit.
497 1119 717 1172 Dicebat
743 1120 888 1174 enim
937 1139 948 1173 :
992 1120 1102 1176 Cur
1125 1123 1359 1190 privatos
1385 1131 1682 1178 conventus
1710 1122 1739 1160 ι)
1771 1123 1950 1191 egisti,

333 1191 415 1301 aet
438 1211 488 1263 in
530 1211 690 1265 domo
711 1213 1039 1267 oblationem
1065 1213 1384 1292 celebrasti?
1415 1215 1590 1282 Atque
1611 1214 1756 1268 omni
1784 1228 1954 1284 prope

329 1299 512 1355 lelero
534 1301 750 1357 dicente
767 1320 779 1356 :
795 1303 850 1357 ιιι
876 1305 999 1358 facit
1023 1306 1391 1375 unusquisque
1417 1316 1658 1360 nostrum
1682 1321 1803 1361 cum
1829 1317 1956 1361 tem-

366 1410 464 1463 pus
512 1405 565 1448 et
615 1399 910 1453 necessitas
957 1398 1184 1468 ﬂagitat,
1225 1399 1582 1469 depositionis
1629 1403 1952 1454 sententiam

364 1487 624 1540 adversus
655 1489 929 1542 hominem
960 1490 1099 1543 tulit.

435 1580 513 1632 Eu
567 1581 732 1635 habes
787 1593 809 1619 ε
843 1592 1016 1638 tomos
1063 1581 1259 1654 quibus
1284 1584 1459 1654 capita
1494 1584 1952 1653 blasphemiarum

366 1671 594 1727 Ncstorii
617 1675 987 1729 continentur.

2054 480 2333 548 μετ-ἀὐτοῦ
2361 477 2443 533 διὰ
2469 485 2558 537 τήν
2590 479 2803 554 αἵρεσιν·
2839 481 2889 532 ἐν
2916 477 2970 534 δὲ
2997 488 3106 540 τοῖς·
3133 480 3375 542 λιϐἐλλοις
3401 484 3540 536 αἰτία
3567 505 3646 542 τις·

2054 567 2112 629 ἧν
2138 569 2215 625 ὅτι
2243 574 2532 642 Μανιχαῖός
2562 575 2721 626 ἐστιν.
2763 568 2885 627 Εἷτκ
2921 573 3122 632 κέκληγε
3157 575 3244 629 τὸν
3283 571 3543 648 ἄνθρωπον
3578 579 3647 636 si;

2058 661 2337 737 συνέδριον·
2389 665 2618 721 κάκεῖνος
2675 660 2848 727 ἦλθεν,
2889 668 3107 738 πρᾶγμα
3158 671 3314 718 ποιῶν
3357 667 3644 725 κανονικὸν,

2057 756 2268 827 ἑτοίμως·
2321 753 2463 824 ἔχων
2512 755 2952 826 ἀπολογήσασθαι.
2999 755 3198 814 Ἐπειδή
3245 755 3298 811 δὲ
3343 755 3484 811 οὐδὲν
3532 754 3646 827 εἶχε
3693 809 3697 813 .

2058 845 2218 910 δεῖξαι
2253 843 2277 899 ὁ
2313 846 2600 907 εελέστιος,
2643 845 2805 916 ἀφανῆ
2864 843 3043 898 iatn-ou
3084 850 3367 904 κατέστησε
3391 891 3402 908 ,
3443 851 3525 903 καὶ
3566 851 3650 902 οὐκ

2061 939 2276 996 ἀπῆλθεν
2305 939 2376 998 εἰς
2406 937 2461 991 τὸ
2494 935 2774 1010 συνέδριον.
3403 935 3410 942 ’

2130 1031 2246 1099 Οὐχ
2274 1029 2432 1102 εὑρών
2456 1030 2612 1084 αὐτήν
2656 1034 2744 1086 τὴν
2791 1030 3034 1102 ἀφορμήν,
3069 1028 3316 1102 ἐνθ’έτᾶραν
3360 1031 3646 1106 ἐχώρησεν.

2059 1119 2184 1194 Ἔφη
2211 1123 2331 1196 γὰρ,
2361 1119 2439 1175 ὅτι
2467 1123 2600 1180 τίνος
2629 1121 2789 1174 ἕνεκεν
2820 1121 3171 1193 παρασύναξιν
3202 1121 3446 1181 incitant;
3493 1129 3578 1176 καὶ
3604 1128 3667 1176 ἐν’

2059 1221 2122 1286 τῇ
2152 1215 2285 1286 οἰκίᾳ
2308 1213 2602 1289 προσφορὰν
2627 1212 2888 1274 irato-ag;
2917 1212 3107 1271 παντὸς
3130 1210 3322 1282 σχεδὸν
3346 1219 3438 1266 τοῦ
3467 1214 3649 1289 κὶηροῧ

2058 1309 2308 1380 λέγοντος,
2348 1305 2424 1361 ὅτι
2461 1309 2543 1361 καὶ
2586 1313 2722 1378 ἡμῶν
2758 1307 2971 1366 ἕκαστος
3018 1309 3066 1360 ἔν
3106 1315 3267 1384 καιρῷ
3319 1310 3402 1362 καὶ
3446 1313 3650 1383 χρείαις

2057 1407 2212 1454 τοῦτο
2249 1407 2406 1462 ποιεῖ,
2439 1400 2684 1471 ἂξένεγκεν
2720 1401 2978 1472 ἀπόφασιν
3018 1403 3354 1477 καθαιρέσεως
3406 1404 3536 1455 κατὰ
3563 1409 3651 1454 τοῦ

2059 1493 2328 1567 ἀνθρώπου
2339 1531 2350 1544 .

2128 1584 2250 1639 Ἰδοὺ
2283 1584 2432 1654 ἔχεις
2462 1585 2652 1658 τόμους
2683 1582 2903 1654 ἔχοντας
2926 1585 3164 1657 κεφάλαια
3193 1595 3292 1642 τῶν
3323 1587 3651 1662 βλασφημιῶν

2059 1681 2364 1751 Νεστορίου.

1735 1792 1758 1829 ά
1785 1791 2256 1848 FRAGMENTUM

809 1885 1074 1940 Sermonis
1097 1901 1246 1952 quem
1267 1884 1572 1941 Caelestinus
1608 1889 1661 1940 in
1691 1887 1915 1941 concilio
1939 1886 2177 1954 Romano
2219 1885 2396 1939 habuit
2427 1887 2674 1939 adversus
2715 1886 2949 1940 haeresim
2985 1886 3234 1940 Nestorii.

436 1978 488 2030 1.
532 1975 812 2030 Recordor
850 1977 1023 2031 beata:
1067 1979 1346 2032 memoria:
1376 1978 1721 2032 Ambrosium
1771 1979 1822 2032 in
1871 1978 1960 2032 die
1995 1981 2037 2038 Β
2067 1983 2254 2030 natura
2288 1991 2390 2029 non
2439 1975 2537 2044 ﬁlii
2573 1975 2690 2041 Dei,
2724 1992 2816 2045 per
2845 1976 3011 2044 ipsum
3058 1977 3340 2046 «ﬁciuntur
3373 1979 3468 2046 ﬁlii
3520 1978 3652 2040 Dei;

367 2066 817 2144 NatalisDomini
859 2071 1027 2122 nostri
1056 2068 1180 2123 Jesu
1213 2067 1412 2124 Christi
1459 2084 1673 2124 omnem
1705 2069 1960 2139 pepulum

364 2161 558 2216 fecisse
583 2177 689 2214 una
716 2177 847 2216 voce
877 2163 990 2217 Deo
1019 2176 1216 2218 canere
1249 2180 1261 2214 :
1302 2163 1455 2228 Veni,
1488 2163 1800 2234 Redemptor
1839 2179 1962 2232 gen-

361 2258 513 2322 tiunt,
561 2257 772 2310 ostende
821 2265 1022 2324 partum
1081 2255 1310 2326 Virginis
1345 2257 1598 2310 :miretur
1621 2271 1770 2309 omne
1798 2269 1964 2308 siccu-

360 2349 492 2415 lum,
541 2348 660 2400 talis
703 2347 847 2402 decet
876 2359 1054 2420 partus
1084 2347 1270 2403 Deum.
1304 2348 1573 2417 Numquid
1605 2349 1742 2402 dixit
1768 2365 1779 2400 :
1818 2347 1961 2401 Talis

359 2451 542 2507 partus
570 2439 716 2493 decet
744 2440 1047 2494 hominem?
1070 2441 1208 2509 Ergo
1229 2456 1421 2495 sensus
1457 2439 1638 2495 fratris
1661 2441 1831 2494 nosui
1858 2441 1962 2511 Cy-

361 2530 494 2596 rilli,
522 2532 575 2584 in
600 2530 702 2584 hoc
723 2531 864 2599 quod
893 2530 1026 2585 dicit
1051 2532 1292 2586 Θεοτόκον
1344 2532 1584 2597 Mariam,
1639 2531 1792 2584 valde
1823 2546 1961 2586 con-

359 2621 574 2688 cordat,
626 2621 773 2676 Talis
832 2625 970 2678 decet
1019 2633 1200 2695 partus
1234 2623 1421 2676 Deam.
1475 2625 1644 2679 Deunt
1676 2636 1831 2693 partu
1864 2641 1962 2681 suo

363 2712 532 2783 Virgo
565 2713 773 2780 cﬂ‘udit,
808 2715 922 2784 ipso
976 2724 1196 2784 potente
1229 2716 1319 2785 qui
1352 2716 1741 2786 omnipotentia
1773 2718 1962 2787 plenus

361 2816 476 2858 est.

429 2900 489 2952 2.
545 2899 779 2953 Hilarius
829 2914 1044 2970 quoque
1073 2901 1154 2955 vir
1196 2903 1334 2956 acris
1367 2903 1586 2972 ingenii,
1620 2903 1864 2957 scribens
1892 2903 1959 2958 ad

361 2989 748 3045 Constantium
794 2993 1200 3060 imperatorem.
1233 2993 1300 3048 de
1342 2994 1716 3049 [incarnatione
1747 2994 1960 3050 Domini

359 3081 439 3138 sic
466 3084 548 3136 ait
580 3099 592 3133 :
630 3091 652 3118 ο
679 3081 870 3145 Filius,
898 3083 1092 3152 inquit,
1120 3080 1216 3137 Dei
1237 3085 1404 3154 factus
1434 3085 1584 3138 homo
1609 3084 1746 3140 Deus
1766 3093 1860 3139 est.
1894 3086 1964 3139 Et

361 3181 768 3241 praeposteram
799 3175 997 3242 repetit
1049 3191 1062 3225 :
1111 3173 1247 3228 Deus
1277 3177 1416 3243 ﬁlius
1439 3177 1664 3230 hominis
1693 3179 1862 3246 factus
1888 3185 1961 3231 est

359 3269 382 3335 (
388 3267 552 3320 homo
575 3267 707 3320 enint
731 3267 898 3334 factus
911 3278 984 3320 est
1008 3265 1170 3333 Deus,
1193 3280 1291 3322 non
1309 3266 1448 3322 Deus
1471 3269 1640 3339 factus
1665 3281 1737 3323 est
1762 3271 1958 3340 homo),

357 3368 402 3410 et
423 3358 575 3426 ﬁlius
603 3358 823 3411 hominis
851 3361 1020 3425 factus
1050 3368 1122 3413 est
1146 3354 1318 3412 Filius
1342 3357 1456 3414 Dei.
1506 3359 1789 3428 Superavit
1818 3362 1956 3415 enim
1984 3350 2030 3412 C

357 3450 672 3519 magnitudo
700 3447 910 3503 Domini
949 3451 1248 3518 parvitatem
1297 3451 1493 3505 servilis
1535 3452 1738 3522 formae,
1786 3453 1858 3507 ita
1900 3463 1957 3507 ut

353 3540 474 3606 ipsa
504 3542 704 3594 servilis
736 3542 904 3612 {arma
925 3558 1080 3609 quam
1119 3544 1394 3613 assumpsit
1418 3554 1639 3598 cessaret
1670 3561 1778 3600 esse
1803 3548 1961 3600 servi-

356 3635 419 3686 lis
450 3649 548 3702 per
579 3650 692 3687 eum
726 3633 1003 3688 Dominum
1032 3635 1118 3705 qui
1150 3651 1260 3688 eam
1285 3637 1580 3707 assumpsit.
1613 3636 1672 3692 Si
1702 3639 1838 3692 enim
1869 3639 1958 3712 qui

2064 2075 2262 2138 quanto
2283 2067 2446 2136 magis
2475 2068 2584 2136 ipse
2610 2068 2698 2136 qui
2721 2075 2905 2120 natura
2931 2063 3096 2121 Filius
3123 2067 3218 2122 Dei
3245 2079 3341 2136 est,
3376 2070 3511 2124 hunc
3542 2088 3653 2124 cum

2065 2175 2164 2228 quo
2191 2160 2452 2213 voluntate
2474 2176 2568 2212 sua
2593 2160 2708 2213 aluo
2745 2159 2982 2230 virginali
3006 2170 3278 2231 conceptus
3303 2171 3348 2214 et
3379 2172 3526 2216 natus
3553 2175 3652 2229 est,

2065 2251 2138 2303 ita
2165 2250 2454 2304 sublimauit
2485 2252 2538 2304 in
2585 2249 2772 2314 Deum,
2801 2260 2856 2303 ut
2899 2252 2949 2304 in
2982 2254 3092 2322 ejus
3120 2253 3324 2306 nomine
3355 2270 3504 2308 omne
3525 2271 3656 2324 genu

2064 2343 2320 2410 ﬂectatur,
2371 2341 2648 2396 calestiunt
2702 2351 2746 2396 et
2789 2343 3100 2394 terrestrium
3131 2352 3177 2396 et
3232 2345 3577 2414 infernarum,
3609 2359 3655 2400 rt

2067 2434 2232 2486 omnis
2255 2432 2432 2502 lingua
2455 2432 2778 2501 conﬁteatur,
2804 2434 2926 2498 quia
2960 2431 3210 2486 Dominus
3239 2431 3393 2487 Iesus
3419 2435 3470 2488 in
3491 2436 3656 2506 gloria

2065 2537 2138 2582 est
2171 2526 2267 2580 Dei
2296 2525 2474 2580 Patris
2502 2525 2763 2597 (Philipp.
2789 2541 2848 2588 tt,
2882 2525 2994 2596 10).

2136 2619 2190 2674 '5.
2225 2618 2356 2674 Item
2377 2633 2676 2688 praecessor
2703 2632 2856 2672 nteus
2885 2617 3146 2671 Damasus
3178 2619 3420 2673 scribens
3437 2619 3502 2673 ad
3522 2619 3658 2672 Pan-

2064 2712 2232 2767 linum
2273 2712 2627 2768 Antiocheam
2654 2711 2914 2766 Ecclesia:
2937 2712 3274 2781 episcopum,
3324 2711 3342 2750 τ
3380 2714 3520 2768 inter
3552 2730 3657 2769 ca:-

2067 2815 2182 2863 tera
2211 2807 2284 2861 ait
2315 2825 2328 2859 :
2363 2806 2866 2861 Anathematizamus
2892 2821 2978 2859 eos
2999 2807 3086 2875 qui
3107 2806 3236 2860 duos
3268 2804 3408 2874 ﬁlios
3444 2805 3540 2859 Dei
3570 2824 3658 2860 as-

2064 2910 2262 2967 serunt,
2291 2900 2511 2954 alterum
2534 2901 2623 2970 qui
2651 2915 2714 2952 ea:
2745 2897 2898 2952 Patre
2920 2908 3042 2952 ante
3063 2899 3255 2953 saecula
3273 2909 3346 2953 est
3368 2901 3586 2968 genitus,
3612 2909 3656 2953 et

2064 2995 2284 3048 alterum
2305 2991 2395 3061 qui
2421 3007 2483 3045 ex
2511 2991 2860 3054 assumptione
2878 2993 3049 3045 carnis
3073 3003 3226 3045 natus
3246 3001 3317 3046 est
3342 3008 3405 3046 ea:
3430 2991 3654 3062 Virgine.

2067 3088 2199 3143 Item
2230 3087 2345 3156 ipse
2373 3084 2687 3153 apostolica:
2701 3085 2980 3140 memoriae
3006 3086 3088 3139 vir
3111 3083 3374 3140 Damasus
3402 3084 3455 3139 in
3485 3085 3654 3139 altera

2065 3180 2290 3248 epistola
2323 3186 2347 3224 8
2379 3177 2443 3230 ad
2476 3176 2755 3230 Paulinum
2807 3194 2818 3228 :
2866 3175 3383 3231 Anatheman‘zamus
3429 3192 3516 3230 eos
3570 3180 3657 3245 qni

2064 3272 2195 3326 duos
2225 3275 2278 3324 in
2306 3267 2578 3325 Saluatore
2605 3269 2742 3337 ﬁlios
2768 3268 3103 3338 conﬁtentur,
3131 3270 3293 3322 alium
3337 3278 3455 3322 ante
3489 3270 3657 3322 incar-

2066 3364 2348 3429 nationem,
2387 3369 2434 3416 et
2455 3359 2616 3414 alium
2640 3369 2753 3428 post
2775 3360 3177 3431 assumptionent
3204 3355 3375 3414 carnis
3401 3376 3464 3414 ea:
3492 3358 3654 3432 Virgi-

2066 3471 2150 3524 ne,
2181 3464 2226 3510 et
2249 3469 2354 3507 non
2383 3452 2616 3508 eumdem
2637 3449 2734 3506 Dei
2761 3445 2966 3504 Filium
2993 3460 3041 3504 et
3065 3460 3185 3504 ante
3209 3459 3257 3504 et
3284 3460 3465 3521 postea
3487 3451 3655 3519 ipsum

2066 3564 2174 3602 esse
2198 3546 2461 3602 Christum
2490 3543 2770 3599 Dominum
2804 3541 2900 3597 Dei
2931 3541 3128 3596 Filium
3171 3541 3259 3612 qui
3302 3550 3457 3596 natus
3500 3554 3571 3596 est
3595 3561 3655 3597 es

2080 3640 2309 3712 Virgine,
2339 3639 2670 3706 conﬁtentur.

1083 3750 1394 3807 MONITUM
1449 3750 1514 3806 IN
1562 3750 1896 3819 QUATUOR
1949 3749 2495 3820 SUBSEQUENTES
2536 3747 2934 3804 EPISTOLAS.

429 3843 482 3895 l.
533 3843 609 3896 De
645 3843 860 3896 illarum
885 3844 1115 3899 veritate
1145 3843 1324 3898 nullus
1347 3853 1432 3897 est
1455 3843 1761 3914 ambigendi
1786 3844 1958 3907 locus,

352 3926 554 3982 utpote
583 3931 702 3983 qua:
733 3928 840 3967 non
870 3915 1032 3969 modo
1061 3923 1300 3968 veterum
1323 3914 1570 3968 codicum
1609 3915 1956 3978 auctoritate,

354 3986 452 4039 :ed
508 3996 567 4038 et
609 3983 894 4055 Nicolai._l
955 3999 1126 4054 papm,
1187 3984 1426 4040 Liberati
1483 3985 1718 4051 diaconi,
1773 3985 1960 4055 Cyrilli

354 4055 717 4110 Alexandrini
742 4066 795 4107 et
823 4053 1046 4110 Joannis
1079 4056 1402 4112 Antiocheni
1429 4055 1774 4125 aliorumque
1808 4053 1962 4110 testi-

352 4125 565 4180 tnoniis
602 4135 944 4180 asseruntur.

351 4305 464 4357 que
499 4287 844 4343 successoris
868 4285 1090 4342 Sisinnii
1122 4295 1375 4352 mortem,
1422 4299 1450 4338 a
1480 4286 1661 4340 multis
1689 4286 1740 4341 in
1768 4300 1958 4341 eorum

351 4363 548 4413 locum
578 4368 886 4428 cooptatus,
920 4359 1157 4411 Sisinttio
1181 4370 1355 4411 tamen
1389 4371 1450 4410 ac
1483 4359 1836 4428 postmodum
1854 4357 1961 4412 Ne-

351 4435 540 4483 smrio
575 4427 908 4498 postpositus
941 4428 1576 4498 fuit.(1tnlestiusAautem
1609 4427 1840 4498 Philippi
1871 4443 1960 4482 ac-

347 4495 594 4554 cusatur
622 4501 667 4552 is
694 4495 910 4567 putatur
938 4498 1136 4565 Pelagii
1163 4495 1483 4566 discipulus,
1509 4501 1599 4566 qui
1629 4495 1808 4553 Attico
1832 4513 1962 4567 pon-

350 4571 615 4633 tiﬁce,ut
646 4571 1062 4624 Mar.Mercator
1092 4584 1141 4638 p.
1170 4571 1274 4624 H5
1298 4568 1477 4630 tradit,
1495 4569 1960 4635 Constantinopoli

351 4645 562 4708 pulsus
595 4640 790 4695 fuerat.
820 4641 898 4695 Ad
931 4639 1076 4696 hunc
1102 4639 1419 4695 Ctelestium
1450 4649 1628 4694 exstat
1657 4640 1797 4709 apud
1827 4640 1959 4694 Mar.

2132 3842 2184 3894 2.
2233 3842 2275 3896 E
2305 3843 2546 3896 Romano
2573 3839 2829 3905 concilio,
2861 3839 2946 3894 cui
2975 3837 3304 3910 leestinus
3335 3841 3572 3910 praefuit,
3603 3854 3656 3894 «οι

2065 3915 2118 3969 in
2151 3929 2260 3982 quo
2297 3920 2664 3982 convenerant
2708 3911 2964 3982 quitum
3004 3911 3061 3965 in
3106 3909 3253 3982 Urbe
3297 3909 3493 3979 reperti
3533 3925 3657 3968 sunt

2063 3981 2322 4054 epiScoiii,
2361 3981 2549 4037 multis
2577 3981 2925 4054 consessibus
2949 3981 3144 4054 habitis
3167 3982 3397 4054 scriptas
3419 3998 3540 4040 esse
3570 3982 3654 4038 LI-

2070 4051 2290 4111 beratus
2319 4054 2579 4108 diaconus
2623 4066 2742 4122 cap.
2777 4053 2810 4106 5
2850 4060 2903 4106 et
2947 4051 3184 4121 Cyrillus
3221 4051 3276 4106 in
3313 4055 3558 4122 epistolis
3588 4058 3657 4108 ad

2066 4127 2331 4181 Joannem
2357 4125 2757 4180 Antiochenam
2787 4133 2840 4178 et
2867 4124 2932 4176 ad
2955 4122 3272 4179 Juvenalem
3303 4125 3539 4181 tradunt.
3578 4128 3654 4180 ld-

2068 4286 2275 4339 laudem
2300 4300 2414 4337 vero
2431 4280 2615 4353 Cyrilli
2645 4291 2690 4336 et
2718 4281 2769 4334 in
2787 4290 3058 4349 conspectu
3083 4277 3188 4353 ‘Dei
3207 4287 3254 4331 et
3275 4281 3501 4333 omnium
3523 4300 3655 4351 pro--

2069 4356 2306 4420 dicasset,
2321 4347 2554 4408 asserens
2583 4368 2785 4406 sensum
2799 4354 2848 4420 ej
2854 4347 2918 4402 ns
2936 4347 3304 4420 prteclarerum
3331 4347 3655 4420 nasum—prcr-

2068 4427 2249 4479 vincia:
2270 4417 2625 4494 episcoporum
2652 4417 3014 4494 pradicatt‘one
3058 4417 3312 4484 roborari,
3341 4427 3388 4494 et
3421 4417 3656 4494 Damasi,

2071 4490 2348 4558 Ambrosii,
2396 4494 2613 4556 Hilarii,
2643 4490 2778 4546 hunc
2796 4493 2957 4559 fuisse
2983 4505 3288 4543 sermonem.
3322 4490 3406 4543 Ait
3426 4493 3560 4545 enim
3599 4496 3654 4545 in

2070 4570 2183 4637 ipso
2209 4567 2449 4630 concilio,
2475 4565 2763 4637 Recordor.
2778 4573 2893 4637 etc.
2923 4560 3109 4637 Neque
3133 4563 3422 4637 obscurum
3446 4576 3528 4616 εει
3555 4566 3657 4616 hoc

2073 4627 2126 4693 in
2150 4653 2214 4692 eo
2239 4627 2444 4690 dictum
2466 4651 2589 4691 eSse
2614 4633 2845 4690 concilio
2872 4635 2920 4685 in
2947 4627 3049 4694 ouo
3072 4627 3397 4688 Caelestinus
3418 4644 3539 4702 post
3567 4649 3630 4688 ac

347 4705 597 4768 Μεγαλη.
633 4729 684 4778 p.
714 4713 807 4766 15l
831 4711 1059 4764 Nestnni
1085 4711 1339 4779 epistola,
1367 4726 1469 4778 qua
1497 4726 1618 4763 eum
1646 4705 1791 4766 velut
1821 4711 1959 4763 indi-
1989 4713 2041 4770 D
2069 4720 2256 4777 ceptus
2283 4706 2517 4779 Nestorii
2563 4707 2854 4778 (lyr-illique
2917 4705 3144 4779 litteras,
3208 4707 3529 4779 sententiam
3591 4708 3652 4779 io

346 4801 458 4851 gna
498 4785 798 4851 patientem
833 4795 884 4835 et
913 4781 1110 4847 injuste
1141 4782 1450 4834 damnatum
1474 4782 1701 4849 solatur,
1725 4798 1787 4836 ac
1815 4782 1959 4835 bono

347 4855 560 4908 animo
591 4868 712 4906 esse
729 4852 900 4920 jubet.
935 4851 986 4905 ld
1037 4866 1164 4906 vero
1198 4851 1494 4920 Pelagianis
1533 4851 1776 4906 solemne
1803 4863 1918 4906 erat
1942 4893 1957 4917 ,

344 4926 674 4979 catholicos
711 4925 866 4992 quasi
898 4922 1052 4977 liberi
1094 4922 1304 4978 arbitrii
1325 4937 1608 4977 eversores
1633 4922 1962 4977 Maniehteos

345 4995 678 5064 appellare.

506 5064 657 5131 Lege
690 5064 1012 5134 ἐλέγχοντος,
1033 5073 1098 5118 'et
1126 5063 1264 5118 infra
1292 5065 1595 5124 θελήσαντος
1607 5103 1632 5133 ει

423 5135 458 5173 δ
514 5136 630 5187 llus
651 5143 947 5204 conventus
975 5135 1113 5187 haud
1141 5135 1305 5189 dubie
1349 5135 1628 5202 Philippus
1661 5149 1822 5204 agere
1851 5147 1962 5189 tum

345 5203 1312 5274 cmpit,cumConstantinopolitani
1369 5206 1550 5259 audita
1600 5208 1758 5275 impia
1790 5207 1962 5260 Doro-

2071 4775 2218 4834 illom
2273 4778 2584 4833 lnereticum
2609 4775 2695 4831 'ae
2735 4788 3026 4844 sequentes
3067 4775 3274 4830 litteras
3305 4775 3652 4841 conscripsit,

2069 4851 2314 4920 adeoque
2345 4864 2531 4903 mense
2553 4849 2795 4917 Augusto
2815 4848 2939 4900 anni
2968 4845 3096 4900 450.

2145 4954 2168 4980 ε
2198 4945 2250 4996 ln
2275 4958 2409 4997 nova
2437 4942 2621 4996 Hilarii
2644 4942 2884 4996 editione
2916 4956 2966 5003 ρ.
3002 4938 3163 5003 1215,
3189 4937 3531 4993 observatum
3571 4953 3657 4992 est

2070 5015 2239 5069 verba
2269 5014 2360 5068 hic
2392 5013 2598 5067 laudata
2630 5013 2696 5067 ad
2723 5027 2843 5068 eam
2874 5010 3038 5065 libelli
3089 5024 3104 5062 l
3161 5008 3226 5061 ad
3277 5006 3655 5062 Constantium
3741 5049 3743 5052 .

2075 5087 2346 5153 pertinere
2374 5096 2581 5152 partem
2612 5099 2730 5151 qua:
2762 5079 3044 5153 manil‘este
3071 5080 3261 5153 mutila
3285 5086 3386 5153 e~t.
3412 5079 3655 5153 Quoao-

2077 5149 2180 5209 tem
2211 5149 2485 5210 intellectu
2510 5169 2571 5208 ea
2601 5149 2885 5222 protulerit
2918 5149 3177 5213 Hilarius,
3204 5151 3331 5222 ibid.
3363 5163 3483 5217 pag.
3516 5150 3650 5205 ηδ’]

2075 5236 2188 5281 not.
2219 5227 2273 5293 b,
2306 5236 2360 5280 et
2389 5225 2442 5279 in
2472 5219 2782 5292 prtel‘atione
2807 5223 3046 5291 generali
3080 5233 3228 5293 num.
3284 5219 3406 5281 ΗΜ.
3440 5225 3654 5293 exposi-

344 5280 471 5330 tltci
513 5276 806 5336 concinne,
837 5280 1126 5330 convenire
1158 5291 1279 5330 cum
1303 5276 1550 5331 Nestorio
1580 5277 1880 5340 desierunt,
1908 5287 1966 5330 ut

341 5349 401 5402 in
440 5347 692 5415 cpistola
725 5347 988 5410 snperinri
1022 5364 1074 5398 n.
1106 5346 1141 5398 4
1169 5356 1432 5402 narratur.

427 5430 456 5456 ε
507 5417 633 5470 Hoc
659 5427 760 5480 est,
793 5418 1088 5471 sententias
1114 5420 1420 5472 summatim
1454 5433 1517 5474 ex
1551 5419 1784 5473 Nestorii
1807 5417 1962 5473 libris

335 5497 685 5554 excerptas.

421 5559 454 5596 ιι
493 5557 778 5630 Arnobius
803 5557 895 5611 lib.
919 5572 968 5630 tt
993 5559 1062 5613 de
1081 5559 1348 5613 Cnnllictu
1374 5575 1494 5614 cum
1521 5559 1818 5630 Serapione
1845 5573 1961 5612 mo-

338 5632 562 5685 ttimen
591 5643 683 5700 um
712 5628 814 5682 hoc
843 5629 998 5700 nobis
1031 5631 1348 5697 transmisit,
1389 5632 1458 5685 tle
1482 5647 1589 5700 quo
1615 5628 1684 5685 ibi
1715 5634 1792 5683 sic
1821 5645 1957 5697 prtu-

335 5711 510 5757 tatur
535 5718 552 5772 ς
577 5698 1128 5772 διιητιιη-ρωικετὶηιιε
1150 5702 1220 5753 ita
1237 5698 1569 5754 encomiasles
1584 5703 1697 5771 ejus
1722 5702 1837 5772 (tlyt
1855 5700 1958 5766 illi)

333 5771 606 5832 ra‘stilit,
635 5780 682 5820 ttt
709 5775 761 5822 in
793 5768 1018 5823 Nestorii
1039 5768 1617 5826 datnnatt'onetlictassct
1640 5768 1955 5839 sententiam,

671 5865 938 5923 PsrnoL.
996 5865 1061 5923 ι..

2995 5859 3066 5918 15

2072 5305 2184 5351 tum
2216 5291 2317 5352 eSt.
2337 5297 2399 5350 Et
2421 5291 2482 5348 ea
2511 5295 2725 5364 quidem
2751 5295 2814 5348 ad
2845 5291 3219 5347 illustrandum
3245 5300 3299 5344 et
3328 5292 3656 5346 rentia-man.

2071 5369 2198 5420 dum
2223 5369 2360 5437 quod
2392 5366 2458 5421 de
2490 5379 2697 5420 natura:
2744 5366 2988 5418 humanae
3024 5373 3156 5437 post_
3197 5364 3645 5437 resurrectionem

2070 5432 2272 5492 Christi
2309 5437 2654 5492 lleilieatione
2681 5437 2911 5505 Cyrillus
2956 5432 3252 5497 asserebat,
3289 5432 3476 5486 idonea
3528 5449 3658 5488 esse

2070 5523 2135 5563 ex
2163 5507 2412 5576 praedicta
2435 5508 2794 5577 explicatione
2825 5507 3037 5576 planum
3070 5506 3185 5558 liet.

2145 5594 2164 5633 τ
2212 5595 2386 5664 Epist.
2419 5594 2453 5648 5
2483 5612 2631 5650 num.
2657 5594 2710 5649 5.

2141 5687 2166 5722 κ
2203 5677 2313 5730 lloc
2339 5686 2442 5736 est.
2470 5676 2522 5730 in
2553 5674 2892 5739 expositione
2913 5671 3196 5727 catholicae
3228 5670 3351 5725 ﬁdei
3375 5685 3495 5741 qua:
3523 5668 3659 5723 ειιιιη.

2071 5762 2209 5802 nexa
2239 5758 2321 5803 est
2351 5747 2596 5817 epistola:
2623 5745 2656 5800 5
2682 5747 2926 5816 proxime
2955 5742 3180 5798 laudata:
3209 5760 3262 5796 n.
3300 5743 3350 5796 l.
