3970 6180
377 175 472 228 Mil

1182 176 1396 231 EPIST.
1443 175 1536 229 XI.
1572 205 1639 216 ——
1668 169 2066 232 C(ELESTINI
2110 168 2316 224 ΡΑΡᾸΞ
2355 167 2448 223 AD
2485 166 2856 226 CYRILLUM.

3553 162 3655 225 461

377 298 664 353 hendimus
718 308 1069 364 etnotimus,
1102 300 1172 353 ita
1229 298 1567 354 sanctitatem
1616 310 1762 354 tuam
1815 298 1963 352 velut

2088 293 2258 370 τρόπος
2290 299 2384 353 τῆς
2413 289 2630 352 δεούσης
2667 294 2788 367 περί
2822 295 2913 350 τήν
2952 289 3196 369 ἡμετέραν
3238 291 3413 347 πίστιν
3456 292 3658 352 ἐννοίας.

376 400 700 459 prcesentem
734 391 786 445 in
824 391 1018 445 litteris
1047 392 1160 447 suis
1190 390 1454 445 dominica
1483 407 1670 446 sumus
1700 390 1963 445 charitate

380 482 665 551 complexi,
680 498 802 537 cum
822 498 985 537 unum
1015 482 1267 553 idemque
1294 498 1390 537 nos
1421 485 1624 538 sentire
1645 484 1712 537 de
1738 482 1963 535 Domino

378 574 831 629 videremus.Nec
858 575 1056 629 mirum
1078 584 1165 630 est
1188 574 1726 643 providentissimum
1752 572 1963 626 Domini

376 666 737 730 sacerdotem,
768 680 864 734 pro
893 665 1017 721 ﬁdei
1044 682 1230 720 amore
1271 665 1301 705 δ
1347 666 1451 721 hac
1476 668 1673 720 virtute
1701 681 1961 734 pugnare,

378 766 432 808 ut
453 758 808 810 adversorum
840 758 1101 825 improba
1128 760 1341 812 resistat
1364 758 1622 824 audaeim,
1643 768 1697 812 et
1727 758 1825 812 sibi
1849 773 1965 812 crc-

376 846 515 899 ditos
547 846 648 900 hac
696 846 1066 903 admonitione
1092 849 1394 905 conﬁrmet.
1447 850 1617 917 Quam
1648 865 1776 918 ergo
1810 849 1965 902 nobis

381 940 467 995 illa
513 938 732 993 fuerunt
757 954 966 1005 amara,
1000 950 1105 992 tam
1148 939 1249 994 ista
1280 949 1408 994 sunt
1441 941 1646 1006 dulcia;
1679 955 1837 1009 quam
1874 939 1964 992 illa

381 1030 703 1095 cmnulenta,
731 1039 838 1083 tam
867 1031 968 1083 ista
999 1039 1125 1084 sunt
1163 1047 1317 1101 pura.
1371 1030 1713 1086 Gratulamur
1763 1038 1962 1087 tantam

381 1125 560 1177 inesse
582 1124 857 1176 sanctitati
892 1134 997 1177 tua:
1026 1123 1375 1193 vigilantiam,
1395 1133 1453 1177 ut
1474 1125 1818 1179 decessorum
1848 1132 1967 1176 tuo-

348 1266 355 1283 ,
383 1230 496 1268 rum
531 1215 621 1282 qui
646 1225 697 1268 et
718 1212 821 1282 ipsi
849 1228 1064 1283 semper
1084 1214 1398 1269 defensores
1419 1215 1707 1268 orthodoxi
1740 1214 1964 1283 dogma-

340 1287 357 1331 )
384 1308 449 1360 tis
474 1306 827 1371 exstiterunt,
858 1306 1100 1376 exempla
1120 1305 1232 1375 jam
1265 1305 1476 1362 viceris.
1504 1306 1643 1362 Vere
1690 1306 1780 1361 tibi
1804 1321 1969 1360 evan-

381 1400 611 1469 gelicum
643 1408 816 1468 potest
845 1399 1208 1454 testimonium
1234 1400 1548 1464 convenire,
1573 1414 1681 1469 quo
1723 1398 1921 1453 dicitur
1950 1414 1964 1450 :

385 1492 574 1546 Pastor
600 1494 759 1546 bonus
774 1493 916 1562 ponit
936 1493 1162 1545 animum
1176 1510 1320 1547 suam
1342 1510 1435 1565 pro
1466 1494 1639 1548 ovibus
1658 1494 1768 1547 suis
1783 1492 1964 1563 tloan.

386 1600 439 1650 ι,
472 1585 580 1653 ll).
611 1584 717 1640 Sed
748 1594 805 1637 ut
834 1592 886 1638 tu
920 1586 1091 1639 bonus
1121 1599 1325 1652 pasmr,
1355 1585 1427 1638 ita
1453 1586 1543 1639 ille
1572 1601 1671 1639 nec
1696 1598 1964 1656 tamquam

2067 389 2242 462 ὥσπερ
2271 381 2357 439 οὖν
2383 383 2565 440 ἐκεῖνον
2592 386 2677 438 καὶ
2706 387 2943 453 στίζομεν
2963 387 3045 438 καί
3071 383 3384 455 μεμφόμεθα.
3411 380 3546 439 οὕτω
3572 390 3662 443 τήν

2064 484 2158 538 σήν
2188 480 2455 553 ἁγιότητα,
2486 481 2659 553 ὥσπερ
2688 483 2959 553 παροῦσαν
2988 477 3035 530 ἒν
3060 485 3165 537 τοῖς
3193 475 3338 537 ἰδίοις
3362 474 3659 551 γράμμασι,

2065 579 2128 648 τῇ
2156 578 2243 627 τοῦ
2273 575 2456 648 Κυρίου
2499 572 2675 643 ἀγάπῃ
2712 569 3133 645 περιπλεκόμεθα,
3180 580 3203 605 ⁸
3235 568 3455 646 ὁρῶντες
3495 568 3574 626 ὅτι
3614 569 3665 625 ἓν

2066 664 2222 719 καὶτὸ
2244 662 2367 717 αῦτό
2396 664 2515 738 περί
2540 669 2628 717 τοῦ
2648 663 2908 717 Δεσπότον
2926 668 3221 739 φρονοῦμεν.
3254 664 3343 715 Καὶ
3367 664 3666 732 θαυμαστὸν

2069 753 2210 808 οὐδέν
2246 755 2333 808 τὸν
2369 753 2840 823 προνοητικὼτατον
2887 758 2978 805 τοῦ
3009 753 3193 825 Κυρίου
3235 752 3370 826 ἱερέα
3401 750 3535 827 ὑπὲρ
3574 757 3666 806 τοῦ

2066 852 2159 902 τῆς
2190 844 2417 901 πίστεως
2447 840 2639 915 ἔρωτος
2678 841 2894 912 τοιαύτῃ
2930 839 3283 912 διαμάχεσθαι
3319 844 3496 918 ἀρετῇ,
3530 844 3663 897 ὥστε

2067 942 2129 1006 τῇ
2158 932 2330 1003 άτόπῳ
2367 939 2466 985 τῶν
2500 933 2734 986 ἐναντίων
2772 931 2928 1005 τόλμῃ
2965 931 3287 987 ἀνθίστασθαι
3330 943 3384 993 ο,
3422 936 3507 988 καί
3544 936 3666 993 τούς

2068 1025 2236 1096 ἑαυτῷ
2301 1021 2802 1093 ἐμπεπιστευμένους
2866 1021 3129 1082 τοιαύταις
3190 1024 3511 1094 ὑπομνήσεσι
3573 1025 3664 1095 t3:-

2070 1114 2267 1167 ϐαιοῦν.
2295 1108 2499 1185 Ὠσπερ
2539 1112 2705 1165 ἐκεῖνα
2741 1114 2863 1182 ἡμῖν
2900 1114 3091 1183 πικρά,
3131 1109 3266 1166 ούτω
3314 1115 3476 1167 ταῦτά
3524 1116 3667 1168 ἐστιν

2067 1203 2204 1263 ἡδέα·
2247 1205 2424 1277 ὥσπερ
2472 1198 2639 1256 ἐκεῖνα
2687 1200 2903 1264 ἰλυώδη.
2940 1201 3074 1257 οὕτω
3114 1207 3279 1257 ταῦτα
3323 1204 3534 1279 καθαρά.
3579 1206 3670 1259 Καὶ

2070 1298 2318 1373 χαίρομεν
2346 1294 2600 1353 τοσαύτην
2627 1294 2806 1348 ἐνεῖναι
2832 1293 3046 1373 ὁρῶντες
3074 1301 3137 1370 τῇ
3164 1302 3229 1370 σῇ
3257 1295 3497 1369 εὐλαϐείᾳ
3520 1298 3669 1369 ἐγρή-

2066 1408 2267 1463 γορσιν,
2311 1388 2379 1445 ὡς
2405 1383 2501 1443 ἤδη
2529 1404 2588 1438 σε
2616 1385 2917 1442 νενικηκέναι
2944 1387 3011 1441 τά
3045 1383 3400 1457 ὑποδείγματα
3430 1393 3530 1440 τῶν
3566 1408 3665 1441 σου

2068 1481 2535 1556 προηγησαμὲνων,
2583 1479 2851 1552 γενομένων
2886 1480 2966 1531 ἀεὶ
3004 1480 3091 1531 καὶ
3131 1478 3297 1531 αὐτῶν
3344 1477 3547 1532 ἐκδίκων
3577 1483 3669 1533 τοῦ

2072 1568 2334 1643 ὀρθοδόξου
2391 1569 2664 1643 δόγματος.
2713 1568 2925 1627 Ἀληθῶς
2979 1589 3036 1621 τε
3089 1568 3173 1621 ἐπὶ
3226 1574 3324 1621 σοῦ
3374 1565 3588 1642 ἁρμόσει
3635 1572 3666 1627 ἡ

388 1678 556 1729 malus
608 1686 783 1744 potest
831 1676 1194 1731 mercenarius
1252 1677 1517 1741 accusari,
1552 1679 1639 1746 qni
1688 1694 1792 1731 non
1844 1677 1966 1731 ideo

2088 1663 2364 1734 εὐαγγελικὴ
2392 1664 2653 1741 μαρτυρία
2685 1664 2716 1721 ἠ
2743 1662 2988 1734 λέγουσα⁴
3021 1670 3077 1718 Ὀ
3103 1668 3296 1734 ποιμὴν
3325 1661 3349 1717 ὁ
3377 1664 3557 1734 ἁγαθός
3582 1668 3673 1721 τήν

388 1769 525 1838 quod
557 1784 688 1823 oves
717 1769 984 1839 relinquat
1007 1770 1270 1840 arguitur,
1298 1770 1395 1824 sed
1422 1770 1560 1840 quod
1584 1784 1674 1824 cas
1701 1767 1859 1839 ipsed
1892 1770 1972 1823 la-

392 1864 535 1919 niare
566 1863 893 1917 inveniatur.

463 2215 519 2270 2.
560 2214 904 2270 Adderemus
942 2215 1165 2284 aliquid,
1210 2215 1376 2272 frater
1421 2217 1760 2283 charissima,
1794 2218 1838 2271 si
1870 2234 1977 2271 non

400 2317 451 2363 te
476 2306 667 2362 eadem
711 2307 923 2362 sentire
964 2323 1086 2376 qure
1127 2309 1393 2363 sentimus
1431 2310 1612 2364 omnia
1644 2308 1969 2373 videremus,

399 2410 445 2450 et
479 2398 531 2451 in
563 2398 677 2466 ipsa
724 2397 1025 2453 assertione
1075 2399 1197 2453 ﬁdei
1237 2399 1578 2454 defensorem
1627 2400 1980 2455 fortissimum

404 2489 804 2555 probassemus.
855 2490 1066 2559 lngesta
1116 2507 1245 2545 vero
1298 2492 1453 2547 nobis
1498 2501 1622 2546 sunt
1663 2502 1854 2548 cuncta
1890 2510 1985 2563 per

402 2583 641 2636 ordinem
684 2598 714 2636 a
749 2583 857 2636 lilio
884 2572 1075 2637 nostro
1103 2583 1392 2638 Posidonio
1420 2585 1675 2649 diacono,
1711 2601 1984 2655 quaecum-

404 2688 503 2742 que
532 2675 599 2729 de
642 2675 743 2730 hac
765 2691 826 2730 re
874 2687 958 2728 tua
988 2679 1247 2731 sanctitas
1291 2679 1527 2746 scripsit.
1560 2678 1761 2733 Omnes
1806 2679 1985 2734 tendi-

405 2766 550 2819 culas
579 2767 977 2834 prmdicationis
1003 2768 1210 2822 callida:
1232 2769 1503 2833 detoxisti,
1529 2781 1579 2823 et
1604 2768 1760 2824 ﬁdem
1786 2770 1983 2834 taliter,

406 2874 470 2909 ne
514 2856 733 2912 Christo
764 2858 875 2911 Deo
923 2870 1107 2914 nostro
1139 2864 1477 2915 credentium
1522 2878 1616 2917 cor
1661 2865 1713 2916 in
1760 2864 1984 2917 alteram

406 2961 609 3019 partem
642 2952 781 3005 trahi
815 2952 1023 3016 valeat,
1050 2955 1436 3008 communiisti.
1472 2956 1695 3024 Magnus
1723 2955 1844 3010 ﬁdei
1886 2972 1984 3009 no-

2075 1752 2259 1825 ψυχὴν
2309 1757 2472 1810 αῦτοῦ
2508 1756 2690 1808 τίθεσιν
2730 1754 2860 1832 ὑπὲρ
2900 1760 3001 1809 τῶν
3049 1753 3188 1809 ἰδίων
3226 1754 3518 1829 προϐάτων.
3542 1752 3672 1808 Ἀλλ’

2077 1845 2252 1919 ὥσπερ
2281 1849 2347 1900 σύ
2375 1851 2560 1917 ποιμήν
2584 1846 2794 1918 ἀγαθός,
2837 1845 3003 1908 οὕτως
3042 1847 3229 1907 ἐκεῖνος
3260 1847 3383 1906 ,οῦδέ
3423 1852 3491 1903 ὡς
3520 1852 3673 1908 κακὸς

2079 1937 2338 2005 μισθωτός
2365 1936 2754 2011 κατηγορεῖσθαι
2786 1934 2944 2001 ἄξιος·
2972 1934 3027 1997 ὃς
3054 1939 3112 1990 ού
3150 1936 3233 1993 διά
3262 1945 3414 1993 τοῦτο
3458 1937 3673 1993 διαϐάλ-

2077 2024 2237 2092 λεται,
2265 2028 2332 2086 ὡς
2350 2028 2414 2081 τὰ
2438 2027 2623 2082 ἑαυτοῦ
2648 2028 2933 2082 καταλιπὼν
2961 2027 3221 2102 πρόϐατα,
3250 2027 3353 2081 ἀλλ’
3375 2026 3450 2081 ὅτι
3481 2028 3669 2103 ηὑρέθη

2080 2120 2234 2179 αὐτὸς
2263 2117 2666 2194 διασπαράττων
2694 2121 2843 2175 αῦτά.

2153 2212 2445 2285 Προσθεῖναι
2496 2210 2548 2266 δέ
2601 2232 2718 2267 τινα
2770 2212 2857 2265 καὶ
2912 2212 3056 2281 ἡμεῖς
3111 2207 3396 2281 ἐμέλλομεν,
3444 2212 3674 2284 ἀγαπητᾶ

2083 2299 2289 2370 ἀδελφέ,
2333 2303 2377 2355 εἰ
2412 2307 2483 2374 μή
2520 2302 2755 2378 ἑωρῶμέν
2810 2320 2870 2357 σε
2908 2303 2975 2356 τά
3011 2300 3140 2356 αῦτὰ
3176 2307 3463 2375 φρονοῦντα
3494 2305 3677 2367 πάντα,

2085 2390 2219 2468 ἅπερ
2249 2395 2639 2467 φρονοῦμεν,καί
2669 2395 2717 2447 ἐν
2838 2391 3113 2468 βεϐαιώσει
3144 2400 3235 2454 τῆς
3266 2396 3493 2455 πίστεως
3522 2394 3679 2449 ἐδοκι-

2086 2485 2305 2556 μάζομεν
2342 2504 2401 2539 σε
2450 2482 2648 2540 ἔκδικον
2702 2486 3079 2561 ἰσχυρότατον.
3114 2485 3358 2547 ’Λπεδόθη
3412 2490 3513 2564 γὰρ
3565 2491 3681 2560 ἡμῢι

2085 2578 2255 2631 πάντα
2295 2578 2429 2630 κατὰ
2466 2578 2606 2641 τάξιν
2644 2574 2727 2632 διὰ
2761 2583 2849 2630 τοῦ
2892 2577 3005 2630 υίοῦ
3038 2578 3176 2648 ἡμῶν
3216 2575 3548 2632 Ποσειδωνίου
3587 2587 3679 2633 τοῦ

2086 2666 2344 2731 διακόνου,
2377 2666 2476 2723 ὅσα
2504 2671 2624 2744 περὶ
2652 2669 2837 2724 τούτου
2868 2674 2955 2722 τοῦ
2986 2670 3295 2743 πράγματος
3325 2673 3353 2727 ἡ
3385 2676 3449 2729 σή
3477 2670 3682 2744 ἁγιότης

2087 2762 2383 2834 γεγράφηκε.
2440 2761 2608 2814 ilium
2636 2762 2704 2816 τά
2758 2758 2943 2814 δίκτυα
2988 2767 3079 2818 τῆς
3122 2757 3289 2818 δολίοις
3346 2763 3682 2835 προσομιλία;

2088 2853 2423 2923 ἐγύμνωσας,
2459 2853 2543 2904 καί
2592 2850 2727 2904 οῦτω
2784 2859 2874 2908 τήν
2921 2852 3096 2905 πίστιν
3133 2849 3464 2923 ὠχύρωσας,
3508 2855 3575 2912 ὡς
3613 2859 3682 2923 μή

2089 2942 2335 2999 δύνασθαι
2381 2947 2469 3000 τὴν
2529 2941 2733 3021 καρδίαν
2779 2949 2879 2997 τῶν
2918 2949 2991 3014 τῷ
3035 2950 3243 3016 Χριστῷ
3290 2952 3361 3016 τῷ
3399 2953 3508 3016 Θεῷ
3547 2948 3682 3015 ἡμῶν

403 3056 529 3096 atra:
558 3043 858 3111 triumphus
881 3050 983 3107 est,
1008 3054 1060 3098 ct
1086 3045 1384 3100 asseruisse
1409 3056 1587 3100 nostra
1615 3056 1719 3100 tam
1749 3046 1979 3109 fortiter,

2088 3036 2425 3091 πιστευόντων
2462 3036 2533 3095 εἰς
2570 3035 2738 3109 ἕτερον
2777 3034 3076 3093 ἑλκυσθῆναι
3113 3036 3280 3110 μέρος.
3326 3039 3491 3107 Μέγας
3533 3035 3681 3099 οὗτός

405 3143 455 3187 ct
501 3134 731 3189 adversa
766 3146 1076 3190 sanctarum
1111 3136 1868 3207 Scripturarnmtestimoniis
1905 3141 1986 3194 sic

407 3227 690 3281 devicisse.
724 3227 859 3293 Quid
891 3240 1016 3298 agat
1049 3230 1201 3296 jam?
1244 3245 1351 3300 quo
1391 3246 1451 3285 se
1482 3231 1569 3285 ille
1613 3231 1984 3296 circumferat,

408 3317 495 3386 qui
522 3321 731 3375 amator
762 3319 940 3387 impia:
973 3320 1252 3385 novitatis,
1290 3323 1415 3376 dum
1458 3337 1558 3376 suo
1594 3323 1767 3376 voluit
1811 3324 1987 3387 potius

408 3411 621 3481 ingenio
643 3412 851 3466 servire
881 3428 1043 3481 quam
1076 3412 1315 3481 Christo,
1348 3415 1450 3469 sibi
1480 3416 1740 3470 creditam
1774 3416 1984 3485 plebem

410 3516 618 3557 veneno
664 3504 833 3558 voluit
874 3518 987 3558 sua:
1029 3504 1430 3575 praedicationis
1471 3506 1720 3573 inﬁcere;
1766 3524 1887 3563 cum
1933 3520 1987 3563 et

407 3591 586 3662 legere
635 3592 882 3646 debuerit
928 3602 981 3648 et
1029 3604 1235 3663 tenere,
1290 3610 1483 3665 pravas
1534 3600 1886 3666 qumstioncs,
1932 3609 1987 3655 et

408 3696 523 3750 quae
552 3698 661 3737 non
704 3683 984 3752 proﬁciant
1015 3683 1082 3739 ad
1111 3685 1362 3751 salutem,
1401 3686 1496 3741 sed
1525 3687 1590 3741 ad
1624 3689 1983 3756 perditionem

408 3772 703 3826 animarum
735 3774 996 3840 nitantur,
1020 3775 1268 3831 vitandas
1293 3777 1471 3846 potius
1493 3793 1651 3848 quam
1682 3782 1987 3849 sequendas

409 3860 545 3930 (Tit.
572 3878 653 3928 ut,
680 3864 786 3935 9)?

478 4125 529 4186 3.
565 4130 671 4187 Sed
704 4131 770 4185 ad
803 4132 1093 4201 prmclpitia
1145 4132 1520 4196 festinan'em,
1568 4134 1734 4189 immo
1775 4134 1885 4205 jam
1934 4137 1985 4191 in

414 4223 689 4291 pmclpiti,
739 4223 879 4277 unde
929 4232 1168 4287 corruat,
1219 4227 1593 4292 constitutum,
1625 4227 1669 4280 si
1717 4228 1990 4295 possimus

412 4327 662 4369 revocare
691 4312 970 4382 debemus,
1002 4329 1068 4370 ne
1092 4314 1299 4369 ruinam
1326 4316 1467 4382 ejus,
1498 4316 1543 4372 si
1576 4326 1601 4364 ε
1625 4334 1729 4372 non
1761 4333 1988 4373 succur-

2094 3131 2207 3184 ἔστι
2235 3137 2326 3188 τῆς
2355 3129 2602 3202 ἡμετέρας
2632 3130 2856 3188 πίστεως
2886 3127 2911 3181 ὁ
2938 3129 3184 3203 θρίαμϐος
3206 3171 3219 3190 ,
3252 3130 3309 3184 τό
3337 3129 3597 3195 ἀποδεῖξαι
3622 3135 3683 3191 τά

2091 3222 2313 3296 ἡμέτερα
2340 3220 2503 3281 οὕτως
2529 3223 2801 3295 ἰσχυρῶς,
2833 3223 2916 3274 καί
2944 3218 3078 3275 οὕτω
3107 3222 3413 3278 νενικηκέναι
3440 3224 3506 3277 τά
3536 3223 3680 3276 ἐναν-

2091 3319 2177 3368 τία
2206 3312 2291 3368 διὰ
2325 3319 2418 3373 τῆς
2458 3319 2559 3367 τῶν
2602 3313 2745 3367 θείων
2793 3318 2998 3388 Γραφῶν
3049 3313 3356 3389 μαρτυρίας.
3409 3314 3469 3367 Τί
3512 3313 3684 3369 λοιπὸν

2092 3404 2451 3480 διαπράξεταις
2483 3404 2513 3465 ἦ
2542 3411 2646 3460 ποῦ
2676 3405 2858 3461 ἔαυτόν
2895 3407 3086 3467 ἐκεῖνος
3123 3405 3487 3481 περιστρέειῐιεα
3520 3404 3572 3467 ὃς
3601 3430 3685 3480 γε·

2090 3495 2291 3567 νόμενος
2338 3497 2556 3572 ἐραστής
2601 3504 2624 3531 ⁶
2667 3497 2888 3557 ἀσεϐοῦς
2924 3502 3298 3565 νεωτερισμοῦ.
3342 3498 3411 3557 ὦς
3444 3497 3683 3553 ἐϐούλετο

2092 3586 2278 3656 μᾶλλον
2314 3595 2434 3647 ταῖς
2472 3586 2656 3641 ἑαυτοῦ
2708 3587 2917 3645 ἐννοίαις
2949 3585 2968 3621 ί
3003 3584 3256 3640 δουλεύειν
3295 3585 3489 3657 ἑαυτῷ,
3539 3588 3569 3646 ἦ
3609 3597 3681 3661 τῷ

2090 3686 2316 3752 Χριστῷ.
2346 3680 2431 3732 τὸν
2459 3678 2859 3747 ἐμπιστευθέντα
2888 3676 3054 3747 ἐαυτῷ
3080 3672 3236 3746 δῆμον
3263 3676 3457 3747 βλάψαι
3477 3679 3679 3738 ἠθέλησε

2090 3776 2163 3839 τῷ
2189 3778 2279 3827 τῆς
2305 3768 2437 3828 ἰδίας
2463 3768 2792 3844 προσομιλίας
2825 3766 3126 3842 δηλητηρίῳ
3162 3766 3270 3821 δέον
3291 3770 3373 3821 καί
3398 3770 3681 3840 ἀναγνῶναι

2091 3866 2243 3915 τοῦτο
2282 3863 2367 3914 καί
2402 3860 2667 3931 κατέχειν,
2708 3857 2787 3914 ὅτι
2823 3860 2888 3914 τά
2924 3860 3115 3930 μάταια
3152 3862 3446 3930 ζητήματα,
3487 3864 3572 3913 καί
3608 3868 3677 3931 μή

2092 3954 2451 4029 προκόπτοντα
2499 3957 2571 4014 εἰς
2617 3954 2840 4026 ὑγίειαν,
2880 3952 3006 4008 άλλά
3052 3959 3329 4026 χωροῦντα
3376 3956 3450 4013 εἰς
3487 3952 3681 4025 ψνχιῖνδ

2092 4045 2371 4103 ἀπώλειαν.
2405 4045 2600 4117 φεύγειν
2624 4045 2827 4114 μᾶλλον.
2862 4041 2891 4105 ἦ
2921 4044 3170 4109 ἐπιζητεῖν
3197 4042 3290 4100 δεῖ.

2163 4134 2285 4191 Ἀλλ’
2312 4132 2449 4208 ὅμως
2487 4138 2557 4196 εἰς
2595 4143 2849 4213 κρημνοῦς
2884 4137 3074 4197 αὐτούς
3110 4136 3461 4211 ἐπειγόμενον,
3495 4140 3682 4211 μᾶλλον

2093 4227 2146 4283 δὲ
2176 4227 2272 4288 ἤδη
2302 4228 2351 4281 ἐν
2381 4229 2524 4301 αὐτῷ
2550 4236 2622 4300 τῷ
2650 4235 2882 4304 κρημνῷ,
2913 4226 3023 4282 ὅθεν
3049 4236 3303 4295 πεσεῖται,
3334 4229 3605 4304 διάγοντα,
3637 4230 3689 4285 εἷ

2092 4341 2148 4394 γε
2189 4320 2468 4391 δυνάμεθα,
2517 4322 2873 4376 ἀνακαλεῖσθαι
2909 4320 3192 4393 ὀφείλομεν,
3232 4328 3304 4395 μγ)
3346 4329 3437 4383 τήν
3481 4331 3679 4380 πτῶσιν

412 4406 596 4471 rimus,
648 4422 956 4476 urgeamus.
1000 4406 1247 4461 Christus
1297 4408 1438 4462 Deus
1488 4418 1688 4475 noster,
1743 4410 1829 4464 cui
1876 4425 1979 4463 suae

2094 4416 2246 4469 αὐτοῦ
2300 4420 2373 4483 τῷ
2423 4412 2624 4484 βοηθεῖν
2658 4412 3091 4486 προσωθήσωμεν.
3135 4423 3190 4467 Ὀ
3236 4415 3454 4491 Χριστὸς
3501 4414 3526 4469 ὁ
3565 4417 3692 4475 Θεὸς

410 4498 637 4565 quaestio
679 4497 979 4552 nativitatis
1020 4498 1271 4562 infertur,
1316 4515 1413 4568 pro
1458 4516 1561 4554 una
1610 4516 1710 4555 ove
1742 4502 1991 4558 laborare

410 4602 508 4642 nos
554 4587 928 4658 docuit(an.
969 4604 1059 4654 xv,
1091 4588 1180 4659 5),
1226 4589 1414 4645 volens
1457 4605 1575 4645 eam
1618 4593 1734 4646 suis
1777 4608 1991 4661 quoque

410 4679 654 4736 humeris
701 4680 974 4746 revocari,
1021 4697 1087 4736 ne
1120 4682 1297 4749 rapaci
1333 4683 1456 4750 lupo
1502 4694 1711 4753 pateret
1750 4686 1802 4739 in
1851 4701 1990 4753 pra:-

407 4770 555 4825 dam.
586 4772 649 4826 Et
668 4773 756 4841 qui
784 4789 880 4841 pro
903 4775 1060 4826 unius
1084 4773 1201 4826 ovis
1224 4787 1450 4827 currere
1471 4775 1642 4830 salute
1667 4790 1768 4831 nos
1788 4776 1993 4845 dociiit,

488 4999 511 5025 ἰ
536 4991 611 5046 ξω
642 5006 772 5045 mss.
809 4995 875 5049 At
902 4994 1030 5050 edit.
1068 4994 1277 5055 εἰδότες.
1840 5036 1841 5039 η

487 5058 515 5139 ιζ
544 5062 695 5131 Apud
726 5064 934 5139 Baluz.,
962 5082 1134 5139 timore
1154 5084 1214 5118 ac
1244 5068 1430 5139 virtute
1480 5062 1666 5123 ξιξερο
1692 5068 1866 5125 littera
1906 5086 1997 5139 po-

400 5132 578 5208 stulat
601 5149 797 5208 notore,
830 5134 925 5208 hac
960 5134 1085 5208 (seu
1120 5138 1455 5208 hujusmodi)
1476 5139 1677 5191 virtute.

490 5211 512 5273 ξ
546 5204 680 5273 ΕιΙιιὶ
712 5206 801 5258 hic
824 5204 1028 5259 addunt
1054 5204 1322 5273 δύνασθαι,
1360 5204 1463 5265 ιιυιι
1496 5225 1630 5263 mss.

481 5268 511 5307 ἀ
535 5272 753 5349 _[_ialuz.,
787 5280 968 5341 laniet,
1000 5279 1273 5331 invenitur.
1314 5268 1539 5336 Cratonis
1582 5290 1757 5334 textus
1786 5282 1945 5349 exigit
1980 5299 1994 5335 :

398 5341 503 5395 Ita
532 5343 617 5398 ille
642 5348 826 5411 dignus
856 5360 931 5402 est
958 5351 1044 5416 qui
1080 5363 1365 5408 accusetur.
1397 5370 1497 5406 non
1531 5362 1581 5404 ut
1609 5356 1771 5405 malus
1802 5341 2000 5406 merce-

399 5417 824 5493 nariua,_qnipp_e
850 5421 1061 5493 quinon
1085 5422 1198 5493 ideo
1220 5423 1358 5489 quod
1383 5440 1497 5477 oves
1515 5422 1776 5491 reliquerit
1813 5440 2005 5493 argua-

401 5496 521 5541 tur.
547 5489 641 5561 fed
671 5491 806 5557 quod
833 5507 915 5541 eos
945 5491 1050 5561 ipse
1078 5490 1277 5543 laniare
1308 5495 1537 5546 inventus
1564 5489 1647 5548 sit.

489 5566 516 5592 θ
547 5555 601 5610 lu
632 5555 762 5611 mss.
800 5561 945 5613 deest
967 5555 1221 5621 ’ἀσεϐοῦς

490 5624 512 5663 ί
554 5628 687 5683 Εδίι.
734 5629 981 5685 δουλεύων
1009 5632 1141 5699 ὤφθη
1173 5633 1336 5704 ἐαυτῷ
1366 5633 1392 5693 ἦ
1423 5641 1492 5705 τῷ
1523 5643 1726 5710 Χριστῷ
1752 5629 2008 5701 ἐξακολου-

2100 4505 2270 4574 ἡμῶν,
2378 4503 2624 4576 ἐπάγεται
2658 4504 2867 4566 ζήτησις
2902 4506 3025 4578 περὶ
3068 4510 3160 4563 τῆς
3198 4500 3333 4563 ἰδίας
3369 4508 3646 4575 γεννήσεως
3670 4546 3684 4566 .

2099 4592 2315 4656 ἐδίδαξεν
2340 4595 2475 4663 ἡμᾶς
2502 4594 2705 4663 κάμνειν
2731 4593 2863 4669 ὑπὲρ
2892 4593 3155 4671 προϐάτου
3177 4594 3302 4660 ἑνός,
3326 4596 3474 4650 θέλων
3499 4600 3585 4651 καὶ
3606 4595 3690 4653 διὰ

2098 4692 2197 4741 τῶν
2228 4686 2362 4740 ἰδίων
2392 4686 2540 4758 ὤμων
2571 4687 2952 4753 ἀνακαλεῖσθαι,
2986 4689 3057 4750 ὡς
3084 4693 3157 4759 μὴ
3190 4690 3425 4749 ἕκκίηται
3452 4697 3525 4763 τῷ
3552 4690 3688 4762 λύκῳ
3777 4756 3780 4767 Ι

2102 4782 2171 4841 εἰς
2200 4778 2453 4854 ἁρπαγήν.
2498 4774 2625 4835 Εἶτα
2662 4777 2688 4834 ὁ
2727 4777 2936 4844 διδάξας
2972 4781 3108 4852 ἡμᾶς
3138 4780 3272 4836 οὕτω
3306 4779 3521 4854 δραμεῖν
3552 4780 3686 4855 ὑπὲρ
3774 4796 3778 4835 ἐ

2100 5004 2218 5065 Θῶν,
2256 5005 2341 5057 καί
2382 5003 2471 5058 τὸν
2494 5019 2511 5056 :
2534 5004 2863 5072 castigantur
2891 5018 2955 5058 ex
2987 5019 3118 5061 mss.

2086 5098 2131 5145 -_
2176 5083 2199 5117 ε
2233 5072 2287 5125 1η
2349 5073 2526 5140 Regiis
2578 5075 2977 5145 exemplaribus
3032 5073 3239 5131 Grmcis
3295 5087 3413 5145 post
3464 5078 3689 5134 verbum

2102 5143 2303 5214 βοηθεῖν
2333 5145 2545 5218 additur
2567 5143 2598 5203 ἧ
2633 5149 2724 5215 μή,
2766 5146 2904 5197 haud
2936 5145 3098 5218 dubie
3128 5163 3194 5201 ex
3224 5143 3349 5201 nota
3383 5149 3691 5218 marginali,

2103 5230 2204 5279 qua
2257 5215 2375 5281 quis
2427 5215 2765 5280 antiqnzirtus
2814 5216 3128 5282 particulam
3177 5224 3247 5286 μή
3297 5230 3421 5272 ante
3463 5215 3687 5273 verbum

2113 5286 2423 5350 praulictnm
2474 5285 2768 5338 desiderari
2813 5296 3114 5340 muniuerat.
3152 5285 3283 5341 Nam
3323 5289 3461 5342 istud
3501 5289 3555 5352 ἦ,
3589 5290 3694 5343 hoc

2111 5366 2193 5407 est
2221 5354 2318 5419 vel,
2351 5356 2640 5422 respondet
2667 5365 2852 5410 nostro
2893 5358 3055 5424 forte,
3099 5373 3275 5423 eaque
3306 5360 3563 5426 particula
3595 5377 3695 5415 nn-

2116 5437 2229 5498 t‘are
2252 5426 2430 5477 solent
2456 5426 2660 5494 antiqui
2694 5427 2971 5498 lcetiones,
2989 5443 3122 5493 quas
3142 5430 3376 5498 vulgatis
3397 5432 3695 5498 prmfert-n-

2112 5495 2207 5548 das
2235 5508 2459 5571 censent
2484 5512 2551 5571 ac
2580 5498 2850 5571 meliores.
2884 5496 3103 5551 Censuit
3151 5495 3310 5569 igitur
3350 5495 3691 5571 antiquarius

2117 5577 2298 5619 ιιοριρε
2324 5566 2822 5643 Craece‘legcndnm
2859 5577 2930 5639 τῷ
2956 5575 3027 5640 μὴ
3060 5566 3280 5641 βοηθεῖν,
3310 5566 3537 5643 ejus-qna
3565 5589 3693 5631 cen-

2116 5652 2293 5691 suram
2330 5639 2487 5694 lectio
2519 5639 2737 5709 Latina,
2772 5642 2815 5693 si
2852 5639 3352 5713 nonsuccurrinms,
3389 5639 3694 5702 conﬁrmat.
