3970 6180
383 392 484 450 ΗΠ

1158 372 1214 425 8.
1255 367 1654 425 comesum
1698 369 1720 425 ι
1758 367 1961 423 ΡΑΡΑΞ
2003 364 2362 422 EPISTULA:
2403 370 2491 424 ET
2531 347 2873 426 necne“.

3550 372 3656 428 £68

382 488 730 554 bacchantis;
775 485 1056 554 leviusque
1093 465 1555 550 sollicitat‘lnpus
1603 490 1754 536 extra
1797 481 1955 533 ovilia

2065 485 2296 555 ισχύση.
2343 484 2591 540 Ἐλάττων
2638 487 2739 564 γάρ
2777 488 2916 543 ἐστιν
2965 491 2996 548 ἦ
3033 492 3231 564 φροντίς
3265 492 3658 568 πολιορκοῦντος

383 593 690 648 pererrans,
721 593 880 646 quam
911 576 1053 629 inter
1078 587 1296 644 gregem
1327 573 1506 629 locum
1548 574 1780 642 paStoris
1811 573 1960 625 inva-

378 673 511 726 deus
543 689 556 723 :
601 673 724 740 quia
775 669 969 724 bellum
1005 670 1121 738 plus
1149 685 1309 737 quam
1338 668 1496 724 civile
1527 679 1634 734 est,
1662 683 1782 722 cum
1819 667 1956 720 intra

379 761 710 829 licclcsiatn,
751 761 800 815 id
833 771 916 815 est
945 761 1084 814 intra
1135 768 1162 798 ⁸
1204 761 1378 829 ipsum
1419 758 1619 814 Christi
1665 758 1957 812 thalamum

376 856 482 908 tela
527 864 689 910 sectae
739 853 919 923 impiae
941 854 1236 924 jaciuntur.
1265 851 1417 908 Unde
1454 855 1804 906 vehementer
1831 867 1961 904 cono

379 947 588 1001 tristata
623 955 751 1001 sunt
778 956 963 1000 nostra
994 946 1232 1008 viscera,
1267 944 1406 1014 quod
1447 944 1491 998 is
1530 943 1619 1013 qni
1647 942 1957 996 Constanti-

377 1042 744 1108 nopolitanntn
775 1039 1023 1092 obtinere
1061 1037 1271 1090 videtur
1318 1035 1645 1100 Ecclesiam,
1675 1033 1962 1088 devotissi-

377 1134 482 1186 niis
510 1131 730 1186 Christo
772 1131 984 1201 populis
1012 1145 1265 1199 perversa
1305 1129 1550 1198 quaadam
1581 1138 1770 1182 contra
1801 1143 1956 1181 reve-

377 1225 608 1276 rentiam
643 1221 869 1291 virginei
897 1231 1082 1290 partus
1105 1232 1160 1276 et
1189 1232 1375 1276 contra
1406 1235 1557 1289 spem
1585 1228 1784 1274 nostra:
1811 1219 1948 1272 salu-

381 1315 452 1368 tis
481 1312 734 1367 infundit.
787 1315 910 1367 llaec
956 1312 1023 1366 ad
1053 1325 1154 1365 nos
1183 1311 1462 1380 ingerente
1502 1311 1689 1365 dolore
1719 1309 1958 1362 ﬁdelium

379 1416 765 1472 pervenerunt,
800 1405 919 1461 hate
950 1405 1102 1458 libris
1132 1419 1269 1474 quos
1298 1405 1414 1473 ipse
1441 1403 1664 1458 miserat
1687 1401 1959 1472 publicata

374 1506 501 1551 sunt
529 1513 546 1564 ;
593 1505 676 1560 et,
708 1496 849 1566 quod
878 1495 1098 1562 majoris
1129 1494 1462 1564 probationis
1491 1503 1597 1562 est,
1629 1495 1744 1548 haec
1772 1492 1836 1546 ad
1864 1507 1961 1547 nos

376 1588 556 1642 missis
611 1586 910 1658 epistolisb
959 1587 1072 1655 ipsa
1121 1585 1359 1640 auctoris
1411 1585 1804 1652 subscriptione
1842 1599 1963 1637 mu-

376 1680 502 1734 nitis
553 1679 625 1734 ita
684 1679 953 1733 insinuata
1007 1684 1134 1733 sunt
1249 1686 1307 1731 ut
1354 1675 1592 1732 dubitari
1658 1674 1798 1730 ultra
1850 1681 1976 1729 non‘

377 1771 553 1826 liceat.

441 2143 496 2198 9.
531 2143 680 2198 Unde
718 2141 970 2212 quoniam
1024 2142 1076 2195 in
1103 2139 1324 2195 talibus
1375 2138 1554 2192 causis
1595 2151 1700 2191 non
1730 2143 1813 2190 est
1845 2144 1955 2189 tuta

381 2236 594 2303 longior
618 2235 992 2299 eonniventia,
1032 2234 1158 2304 quia
1190 2232 1519 2287 tantumdem
1555 2245 1689 2299 pene
1714 2230 1956 2284 criminis

378 2341 464 2384 est
492 2329 782 2384 connivere
855 2328 1058 2382 talibus
1087 2325 1274 2395 quanti
1295 2325 1519 2379 sceleris
1541 2331 1626 2379 est
1655 2332 1760 2377 tam
1791 2323 1958 2376 sacri-

378 2425 494 2490 lega
539 2419 866 2490 praedicare,
897 2427 954 2473 et
982 2418 1294 2486 episcopum
1333 2415 1641 2471 Nestorium
1670 2422 1724 2470 et
1754 2415 1797 2468 si
1837 2414 1955 2484 quis

373 2512 512 2571 alius
542 2525 664 2564 eum
698 2519 920 2563 secutus
948 2507 1065 2562 haec
1117 2506 1396 2575 praedicat,
1429 2521 1456 2557 a
1489 2517 1670 2560 nostra
1711 2519 1955 2559 commu-

377 2606 539 2658 nione
565 2601 919 2666 secrevimus,
960 2597 988 2638 ά
1015 2597 1271 2670 quamdiu
1298 2598 1563 2668 scriptura
1607 2597 1957 2668 professionis

377 2696 576 2751 emissa
601 2693 1007 2764 perversitatem
1039 2707 1197 2762 quam
1220 2700 1460 2761 cmperat
1489 2691 1684 2746 docere
1705 2689 1959 2744 condem-

377 2799 488 2851 net,
522 2797 573 2842 et
602 2786 741 2842 banc
768 2786 834 2840 de
861 2784 1106 2854 virgineo
1135 2794 1314 2853 partu,
1345 2784 1394 2837 id
1418 2791 1503 2838 est
1528 2783 1594 2838 de
1622 2781 1839 2836 humani
1867 2796 1960 2852 ge-

377 2880 522 2935 neris
543 2879 738 2945 salute,
757 2877 914 2936 fidem
939 2884 1151 2932 asserat
1171 2892 1231 2933 se
1256 2888 1460 2940 tenere,
1475 2892 1633 2946 quam
1660 2877 1958 2930 secundum

375 2972 724 3041 apostolicam
769 2970 1070 3026 doctrinam
1114 2969 1356 3025 Romana
1403 2978 1460 3024 et
1504 2968 1866 3024 Alexandrina
1903 2977 1960 3023 et

375 3063 637 3127 catholica
687 3062 1008 3117 universalis
1054 3061 1293 3126 Ecclesia
1322 3071 1468 3117 tenet
1507 3070 1560 3116 et
1588 3071 1878 3116 veneratur
1904 3069 1961 3115 et

376 3155 654 3224 praedicat.
684 3156 740 3210 Si
771 3154 894 3225 quis
917 3171 1048 3211 vero
1095 3163 1188 3208 aut
1221 3155 1289 3210 ab
1333 3163 1357 3193 ο
1403 3155 1659 3222 episcopo
1685 3154 1951 3221 Nestorio,

2064 580 2157 629 τοῦ
2188 577 2399 651 ἐχθροῦ,
2432 577 2462 637 ἦ
2493 579 2632 639 ίντὸς
2669 588 2862 652 τειχῶν
2901 582 3324 654 ἐκϐακχεύοντος’
3366 589 3451 640 καί
3477 589 3658 660 κουφό-

2061 689 2206 745 τερον
2233 672 2601 746 παρενοχλεῖὸ
2630 673 2782 735 λύκος
2820 675 2968 734 ἐκτὸς
3009 683 3110 730 τῶν
3147 679 3392 748 ποιμνίων
3421 680 3656 735 ἀποπλα-

2060 761 2299 832 νώμενος,
2328 761 2459 837 ἥπερ
2485 765 2536 817 ἐν
2564 765 2691 837 αὐτῇ
2713 771 2776 840 τῇ
2801 765 2953 838 ἀγέλῃ
2982 765 3136 821 τόπον
3166 769 3398 836 ποιμένος
3420 771 3658 825 ἐπιλαϐό-

2061 869 2228 920 μενος’
2262 851 2530 929 ἐπειδήπερ
2556 856 2704 908 πλέον
2723 862 2816 911 τοῦ
2842 858 3081 930 ἐμφυλίου
3106 860 3328 930 πολέμου
3351 861 3505 925 ἐστίν,
3522 859 3649 915 ὅταν

2063 943 2201 1003 ἐντὸς
2227 953 2319 1004 τῆς
2339 945 2630 1008 ἐκκλησίας,
2657 947 2920 1003 τουτέστιν
2942 949 3077 1010 ἐντὸς
3100 952 3259 1006 αὐτοῦ
3281 959 3374 1008 τοῦ
3395 951 3528 1007 οἴκου
3557 963 3650 1010 τοῦ

2061 1041 2212 1099 Θεοῦ,
2250 1034 2443 1111 δόρατα
2482 1040 2803 1103 ἀκοντίζηται
2831 1047 2924 1100 τῆς
2963 1042 3190 1102 ἀσεϐοῦς
3223 1044 3658 1115 θρησκείας-,Ὅθεν

2061 1126 2190 1180 πάνυ
2213 1130 2615 1207 συντετάρακται
2637 1134 2779 1203 ἡμῶν
2799 1133 2865 1186 τά
2883 1133 3182 1206 σπλάγχνα,
3207 1132 3287 1190 ὅτι
3310 1131 3482 1198 οὗτος,
3508 1137 3653 1200 ὅστις

2061 1213 2202 1272 δοκεῖ
2221 1219 2460 1288 κατέχειν
2488 1225 2579 1280 τὴν
2614 1222 2879 1279 ἐκκλησίαν
2916 1228 3505 1289 κωνσταντινουπόλεως,
3543 1238 3653 1290 τοῖς

2061 1309 2462 1380 καθωσιωμένοις
2490 1317 2580 1366 τοῦ
2621 1319 2848 1387 Χριστοῦ
2887 1312 3067 1384 δήμοις
3114 1314 3490 1392 διεστραμμένα
3535 1323 3652 1377 τινὰ

2063 1399 2252 1471 ἐκχέει,
2285 1402 2561 1457 ὑπεναντία
2588 1413 2680 1465 τῆς
2713 1413 2862 1471 τιμῆς
2885 1409 2971 1460 καί
2999 1406 3176 1468 αἰδοῦς
3206 1415 3297 1464 τοῦ
3325 1417 3534 1465 τοκετοῦ
3560 1420 3647 1473 τῆς

2061 1489 2208 1563 ἁγίας
2235 1493 2507 1568 παρθένου,
2531 1496 2616 1548 καί
2640 1495 2912 1550 ὑπεναντία
2939 1504 3032 1558 τῆς
3059 1496 3258 1558 ἐλπίδος
3282 1507 3374 1559 τῆς
3403 1502 3652 1573 ἡμετέρας

2063 1588 2344 1657 σωτηρίας.
2375 1589 2555 1638 Ταῦτα
2584 1585 2809 1642 εἰσῆλθεν
2835 1586 3226 1646 ὑποϐαλλούσης
3261 1596 3352 1647 τῆς
3381 1587 3653 1661 ἀλγηδόνος

2060 1683 2163 1732 τῶν
2187 1683 2410 1736 πιστῶν.
2442 1675 2475 1731 ἃ
2513 1678 2786 1749 ἐγνωρίσθη
2819 1675 2903 1732 διὰ
2939 1685 3039 1732 τῶν
3070 1679 3295 1745 βιϐλίων,
3330 1679 3462 1756 ἅπερ
3497 1683 3652 1741 αὐτὸς

2063 1764 2286 1838 ἔπεμψε
2327 1769 2411 1821 καί
2445 1765 2570 1841 ὅπερ
2612 1770 2836 1839 μείζονος
2873 1767 3177 1834 ἀποδείξεως
3209 1768 3289 1834 ἦν,
3329 1774 3650 1844 πεμφθεισῶν

1985 1857 2032 1917 Β
2059 1854 2332 1913 ἐπιστολῶν
2375 1859 2504 1933 πρὸς
2541 1860 2699 1928 ἡμᾶς,
2746 1859 3017 1936 ὑπογραφῇ
3061 1862 3222 1917 αὐτοῦ
3275 1869 3363 1916 τοῦ
3409 1865 3650 1918 αύθέντου

2059 1951 2440 2026 ὦχυρωμένων,
2485 1955 2554 2012 ὡς
2592 1953 2960 2027 ἀμφιϐληθῆναι
3002 1965 3024 1992 ⁶
3068 1953 3189 2034 παρ’
3221 1956 3406 2031 ἐτέρων
3439 1963 3510 2028 μή
3545 1960 3650 2024 ἐξὸν

2083 2039 2110 2064 ς,

2059 2063 2084 2096 ε
2086 2065 2186 2099 ιναι
2192 2082 2206 2096 .

2127 2132 2275 2190 Ὀθεν
2299 2134 2475 2196 ἐπειδὴ
2501 2137 2633 2210 ύπέρ
2660 2138 2902 2194 τοιούτων
2927 2140 3100 2194 αέτιῶν
3127 2140 3214 2193 ούκ
3250 2138 3283 2195 ἒ
3283 2162 3395 2196 στιν
3423 2143 3651 2215 ἀσφαλὴς

2057 2227 2091 2284 ἡ
2119 2230 2410 2304 μακροτέρα
2448 2231 2858 2305 παρενθύμησις’
2893 2235 3126 2286 τοιοῦτον
3162 2233 3262 2307 γάρ
3303 2235 3415 2288 ἐστι
3456 2232 3652 2304 σχεδὸν

2060 2315 2288 2390 ἔγκλημα
2313 2321 2741 2395 παρενουμεῖσθαι
2768 2323 2836 2376 τὰ
2864 2327 3105 2382 τοιαῦτα,
3131 2322 3299 2378 ὁποῖόν
3337 2326 3449 2379 ἐστι
3483 2333 3651 2395 μῦσος

2059 2419 2276 2468 τοιαῦτα
2317 2414 2554 2488 ἱερόσυλα
2590 2415 2771 2485 λέγειν·
2808 2419 2895 2470 καί
2932 2417 3016 2471 τὸν
3055 2415 3326 2472 ἐπίσκοπον
3353 2420 3647 2494 Νεστὸριον,

2059 2506 2141 2559 ⁴διαί
2165 2500 2216 2558 εἴ
2240 2526 2319 2564 τις
2355 2502 2502 2566 ἄλλος
2545 2506 2687 2579 αύτῷ
2719 2507 3063 2569 ἀκολουθήσας
3102 2515 3316 2564 τοιαῦτα
3354 2510 3506 2583 λέγει,
3547 2513 3652 2566 ἀπὸ

2057 2604 2152 2656 τῆς
2179 2597 2428 2674 ἡμετέρας
2454 2601 2710 2659 κοινωνίας
2739 2601 3162 2674 ἀποχωρίζομεν,
3183 2603 3279 2664 ἕως
3300 2598 3358 2657 οὗ
3380 2602 3444 2658 δι’
3465 2607 3654 2676 ἐγγρά-

2060 2710 2154 2763 φου
2191 2688 2455 2762 ὁμολογίας
2499 2694 2806 2765 πεμφθείσης
2828 2734 2838 2750 ,
2875 2698 2965 2751 τὴν
2999 2691 3336 2768 διαστροφήν,
3369 2697 3428 2755 ἣν
3460 2696 3652 2774 ἤρξατο

2060 2780 2330 2844 διδάσκειν,
2362 2787 2642 2859 κατακρίνῃ
2661 2827 2671 2843 ,
2703 2789 2788 2840 καί
2816 2788 3008 2847 ταύτην
3035 2788 3217 2844 ἑαυτὸν
3247 2793 3366 2864 περὶ
3391 2797 3481 2845 τοῦ
3511 2813 3652 2866 παρ-

2061 2876 2252 2931 θενικοῦ
2282 2875 2448 2937 τόκου,
2484 2879 2722 2932 τουτέστι
2743 2880 2862 2952 περί
2891 2887 2983 2938 τῆς
3020 2883 3280 2956 σωτηρίας
3317 2887 3409 2936 τοῦ
3437 2889 3538 2936 τῶν
3570 2885 3656 2936 ἀν-

2057 2966 2273 3041 θρώπων
2295 2967 2490 3038 γένους,
2519 2973 2610 3026 τήν
2638 2969 2814 3022 πίστιν
2842 2968 3127 3042 ὁμολογήσῃ
3154 2975 3416 3042 κατέχειν,
3448 2975 3508 3030 ἦν
3535 2995 3655 3029 τινα

2059 3059 2196 3113 κατά
2245 3063 2336 3116 τὴν
2380 3059 2721 3116 ἀποστοὴκὴν
2767 3058 3089 3114 διδασκαλίαν
3133 3064 3164 3120 ἡ
3209 3060 3459 3133 Ῥωμαίων
3496 3068 3583 3118 καί
3618 3069 3653 3124 ἡ

2060 3147 2440 3224 ’Δλεκωνδρέων,
2463 3151 2550 3203 καί
2568 3151 2598 3208 ἡ
2615 3149 2839 3209 καθολική
2861 3157 3136 3221 πανταχοῦ
3159 3152 3395 3210 ἐκκλησία
3415 3155 3576 3225 γατέχ
3583 3177 3650 3219 ει,

373 3255 471 3301 aut
499 3247 566 3300 ab
588 3245 655 3300 iis
684 3245 774 3314 qui
801 3261 926 3300 eum
957 3255 1258 3314 sequuntur
1277 3285 1291 3308 ,
1317 3260 1383 3300 ex
1406 3261 1515 3315 quo
1537 3243 1663 3298 talia
1697 3244 1955 3314 praedica-

2066 3235 2084 3276 ί
2116 3243 2450 3316 προσκυνήση
2475 3260 2529 3295 τε
2559 3243 2647 3294 καί
2674 3239 2980 3314 ὁμολογήσῃ.
3014 3240 3187 3314 Εἶτις
3211 3241 3266 3297 δέ
3293 3243 3324 3303 ἦ
3349 3246 3449 3300 ἀπὸ
3467 3257 3655 3302 Nicro-

379 3355 438 3394 re
464 3345 768 3406 coeperunt,
787 3337 872 3394 vel
900 3337 1420 3404 excommunicatus,
1441 3337 1525 3391 vel
1548 3343 1739 3392 exutus
1756 3348 1837 3392 est
1863 3351 1960 3392 seu

380 3431 657 3501 antistitis,
688 3446 786 3488 seu
804 3430 992 3488 clerici
1020 3431 1306 3502 dignitate,
1339 3431 1484 3487 hunc
1511 3433 1564 3488 in
1597 3442 1783 3488 nostra
1813 3446 1961 3486 com-

378 3527 637 3580 munione
674 3533 731 3579 et
764 3523 1022 3589 durasse,
1072 3531 1129 3579 et
1163 3533 1189 3572 8
1221 3523 1418 3579 durare
1445 3523 1790 3579 manifestum
1839 3535 1956 3590 est;

379 3630 480 3670 nec
503 3614 810 3686 iudicamus
846 3624 1111 3672 remotum
1147 3633 1160 3668 :
1191 3615 1314 3684 quia
1371 3630 1474 3671 non
1517 3624 1730 3686 poterat
1773 3632 1960 3683 quem-

378 3722 538 3778 qnam
564 3709 682 3777 ejus
705 3722 984 3764 removere
1010 3706 1301 3773 sententia,
1325 3707 1416 3779 qui
1447 3721 1508 3763 se
1525 3707 1637 3779 jam
1658 3707 1961 3777 praebuerat

379 3801 496 3868 ipse
527 3799 942 3857 removendum.

441 3979 496 4032 3.
541 3977 695 4043 llaec,
733 3976 899 4033 frater
931 3978 1280 4044 cbarissime,
1318 3975 1383 4032 ad
1416 3978 1763 4033 sanctitatem
1809 3985 1954 4032 tuam

378 4069 663 4123 scribenda
701 4068 992 4135 duximus,
1032 4079 1087 4122 ut
1123 4069 1172 4121 in
1203 4067 1428 4122 Domino
1467 4059 1772 4133 roboratus,
1799 4082 1848 4125 et
1880 4069 1959 4123 la-

375 4159 638 4213 miliarem
669 4161 870 4229 pectori
895 4169 988 4214 tuo
1017 4160 1236 4214 loricam
1266 4159 1467 4213 Christi
1489 4174 1609 4214 cum
1638 4157 1669 4198 ιι
1698 4171 1854 4215 scuto
1875 4176 1958 4214 ca-

375 4253 588 4309 tholica:
614 4253 1008 4324 prmdicatinnis
1039 4243 1285 4320 indutus,
1320 4269 1514 4324 greges
1547 4254 1755 4308 Domini
1788 4255 1954 4309 nostri

371 4347 497 4402 Jesu
530 4346 759 4412 Christi,
791 4345 880 4417 qni
913 4362 1008 4416 pro
1047 4346 1202 4401 nobis
1230 4356 1384 4400 natus
1408 4358 1459 4400 et
1484 4360 1672 4415 passus
1697 4354 1812 4413 est,
1863 4346 1953 4414 qui

375 4440 630 4495 reseratis
652 4438 842 4493 inferis
870 4449 923 4493 ct
949 4447 1121 4492 morte
1145 4437 1357 4492 devicta
1381 4452 1476 4506 pro
1500 4436 1651 4493 nobis
1678 4436 1765 4491 die
1797 4437 1955 4492 tertio

372 4535 713 4599 resurrexit,
763 4549 792 4588 a
846 4533 1209 4607 persuasionis
1260 4533 1511 4602 pessimae
1556 4533 1816 4604 pravitate
1861 4533 1957 4588 de-

2059 3331 2194 3404 ρίου,
2224 3327 2256 3389 ἢ
2287 3329 2387 3384 ἀπὸ
2422 3337 2522 3383 τῶν
2557 3327 2715 3384 ἄλλων
2751 3332 2885 3402 αύτῷ
2926 3331 3438 3400 ἐξακολουθγισάντων,
3476 3337 3559 3407 ἀφ’
3588 3335 3653 3390 οὗ

2058 3423 2124 3477 τά
2168 3426 2379 3477 τοιαῦτα
2413 3421 2598 3496 ἤρξατο
2639 3422 2838 3488 λαλεῖν,
2885 3421 2915 3482 ἦ
2948 3423 3276 3484 ἀκοινώνητος
3325 3426 3517 3497 ἐγένετο
3545 3468 3558 3492 ,
3617 3429 3653 3489 ἦ

2059 3515 2322 3588 ἐγυμνώθη
2349 3523 2440 3574 τῆς
2464 3521 2557 3569 τοῦ
2579 3515 2754 3591 ίερέως
2775 3517 2939 3581 ἀξίας,
2961 3515 2992 3575 ἦ
3013 3525 3104 3576 τῆς
3128 3523 3218 3570 τοῦ
3245 3518 3497 3592 κληρικοῦ,
3523 3529 3655 3577 τοῦο

2058 3625 2144 3658 τον
2181 3607 2231 3658 ἐν
2351 3605 2572 3679 ἡμετέρᾳ
2603 3607 2830 3679 κοινωνίᾳ
2865 3609 2952 3660 καί
2980 3609 3325 3677 μεμενηκέναι,
3359 3612 3444 3663 καί
3484 3613 3654 3682 μένειν

2058 3699 2128 3756 είς
2153 3697 2212 3751 τὸ
2237 3697 2348 3761 ἑξῆς
2379 3697 2717 3770 ὡμολόγηται’
2759 3701 2839 3752 καί
2862 3695 2976 3753 ούδέ
3003 3698 3211 3772 λέγομεν
3233 3700 3384 3754 αὐτὸν
3409 3703 3652 3758 ἂποκεκι-

2057 3788 2257 3846 νῆσθαι·
2287 3787 2559 3861 ἐπειδήπερ
2589 3787 2702 3844 ούδέ
2731 3786 2946 3849 ἡδύνατὸ
2971 3811 3083 3846 τινα
3119 3792 3151 3849 ἡ
3174 3793 3356 3846 τούτου
3385 3793 3653 3866 ἀπόφασις

2058 3882 2326 3938 ἀποκινεῖν.
2351 3876 2496 3940 ὅστις
2521 3881 2696 3935 ἐαυτὸν
2717 3883 2988 3956 παρέσχεν
3012 3880 3109 3940 ἤδη
3137 3884 3478 3942 ἀποκινητέον.

2129 3978 2328 4035 Ταῦτα,
2365 3971 2540 4047 ἀδελφέ
2580 3975 2887 4046 τιμιῶτατε,
2923 3975 3055 4049 πρὸς
3091 3979 3181 4033 τὴν
3221 3980 3318 4034 σὴν
3355 3975 3654 4049 ἁγιωσύνην

2056 4062 2360 4141 ἐγράψαμεν,
2409 4063 2492 4118 ἵνα
2538 4061 2895 4135 ἐνδυναμωθεές
2933 4066 2982 4118 ἐν
3025 4071 3100 4139 τῷ
3136 4065 3384 4139 Δεσπὸτῃ.
3433 4072 3522 4123 καί
3556 4073 3653 4125 τὸν

2058 4156 2237 4209 οἰκεῖον
2264 4161 2340 4225 τῷ
2365 4157 2536 4214 στήθει
2571 4155 2774 4230 θώρακα
2801 4159 2882 4210 mi
2916 4161 3007 4216 τήν
3036 4156 3216 4212 ἐλπίδα
3249 4166 3341 4218 τῆς
3379 4160 3655 4222 καθολικῆς

2058 4246 2324 4321 ὁμολογίας
2351 4246 2705 4319 ἐνδυσάμενος,
2737 4253 2827 4308 τὴν
2857 4249 3032 4320 ἀγέλην
3059 4257 3148 4304 τοῦ
3179 4252 3423 4324 ἡμετέρου
3453 4249 3654 4307 δεσπό-

2057 4359 2144 4394 του
2167 4339 2331 4397 Ἰησοῦ
2361 4345 2606 4414 Χριστοῦ,
2639 4337 2786 4400 ὅστις
2820 4340 2951 4416 ύπέρ
2979 4342 3120 4411 ἡμῶν
3159 4343 3388 4414 ἐγεννήθη
3406 4337 3503 4396 ’καὶ
3525 4341 3659 4399 ἔπα-

2056 4431 2156 4494 θεν,
2189 4430 2332 4492 ὃστις
2367 4435 2452 4487 καί
2481 4433 2776 4505 ἀνοιγέντων
2803 4440 2904 4486 τῶν
2942 4435 3292 4503 καταχθονίων
3329 4436 3526 4487 καὶτοῦ
3555 4437 3659 4492 θα-

2054 4524 2207 4579 νάτου
2229 4524 2544 4585 ἡττηθέντος,
2568 4523 2701 4598 ύπέρ
2736 4525 2874 4594 ἡμῶν
2921 4531 2985 4599 τῇ
3019 4526 3164 4599 τρίτῃ
3215 4525 3382 4599 ἡμέρᾳ
3431 4527 3651 4594 ἀνέστη,

1983 4606 2034 4666 D
2059 4616 2159 4672 διπὸ
2186 4625 2278 4678 τῆς
2322 4623 2549 4690 πονηρᾶς
2587 4618 2665 4670 καί
2702 4618 2988 4688 αἰσχίστης
3025 4615 3355 4676 διδασκαλίας
3395 4617 3650 4691 ἐλκύσῃς.

2126 4703 2329 4783 Ὠσπερ
2357 4705 2411 4761 δέ
2434 4709 2517 4761 καί
2543 4708 2672 4784 πρὸς
2701 4708 2788 4762 τὸν
2822 4706 3102 4780 ἁγιώτατον
3140 4704 3344 4779 ἀδελφὸν
3377 4709 3464 4761 καί
3489 4729 3656 4764 συνε-
3683 4731 3706 4785 ν·

373 4627 580 4681 lendas.

442 4717 496 4772 4.
513 4715 663 4772 Sicut
689 4725 864 4770 autem
891 4716 958 4772 ad
983 4724 1228 4771 sanctum
1256 4715 1477 4772 fratrem
1496 4723 1549 4771 et
1570 4716 1948 4786 coepiscopum

371 4815 612 4863 nostrum
655 4804 950 4878 Cyrillum,
981 4806 1179 4861 bonum
1217 4803 1233 4845 ι
1287 4806 1411 4862 ﬁdei
1439 4807 1720 4862 catholica:
1765 4807 1950 4862 defeno

2064 4805 2306 4857 πίσκοπον
2326 4803 2464 4874 ἡμῶν
2486 4801 2739 4877 κύριλλον,
2763 4802 2848 4855 τὸν
2869 4801 3048 4880 ἀκριϐῆ
3068 4808 3160 4861 τῆς
3179 4800 3442 4860 καθολικῆς
3457 4799 3682 4860 ’Βκκλη-

365 4914 578 4964 sorcm,
627 4898 981 4967 scripsimus,
1016 4899 1154 4954 banc
1193 4899 1261 4955 de
1309 4899 1496 4956 eodem
1536 4899 1785 4954 Nestorio
1815 4901 1951 4956 sciat

367 4991 621 5050 sanctitas
653 5001 740 5045 tua
774 5004 806 5044 a
841 4988 1026 5056 nobis,
1067 4989 1234 5046 immo
1261 5005 1290 5045 a
1329 4988 1544 5047 Christo
1587 4990 1738 5057 Deo,
1786 4991 1945 5046 latam

360 5098 483 5138 esse
513 5083 835 5138 sententiam
863 5126 878 5150 ,
911 5090 974 5139 ut
997 5091 1088 5138 aut
1129 5084 1266 5139 intra
1296 5081 1484 5138 decem
1506 5083 1622 5138 dies
1656 5087 1670 5134 t
1711 5098 1775 5138 ex
1811 5097 1947 5138 con-

435 5277 458 5298 ἰ
486 5268 708 5322 tirmcus
739 5267 1005 5333 interpres
1029 5263 1188 5333 legit,
1227 5263 1364 5319 intra
1393 5263 1560 5333 ipsam
1588 5263 1795 5324 domum
1830 5260 1942 5317 Dei.

433 5335 458 5384 ι’
491 5337 661 5403 Supra
685 5339 870 5402 epistt.
905 5335 938 5390 6
967 5345 1022 5391 et
1048 5336 1103 5392 7.

437 5415 458 5484 ξ
489 5406 617 5484 ξτες.
638 5407 945 5484 περαιτέρω.

429 5473 454 5510 ¹¹
487 5473 594 5530 (lett
620 5473 811 5544 quoad.

434 5555 458 5583 ι’
492 5546 693 5618 Nomen
717 5549 940 5618 episcopi
960 5548 1184 5605 Grtecus
1209 5549 1475 5614 interpres
1495 5547 1717 5610 reticet;
1745 5557 1795 5600 ει
1823 5562 1940 5618 ηδοκ

363 5633 458 5684 pro
489 5617 773 5690 pradicqu
795 5617 1075 5690 eruperunt,
1109 5621 1234 5689 legit
1279 5620 1562 5690 ματαίων-ε
1586 5618 1772 5690 _cazpit.
1827 5617 1940 5690 ipsa

362 5700 540 5749 ιςμιιειι
596 5687 839 5743 lectionis
881 5687 1085 5745 Latina:
1117 5687 1286 5744 verba
1305 5688 1556 5745 Nicolaus
1584 5687 1599 5740 l
1628 5688 1782 5754 epist.
1814 5687 1845 5741 8
1877 5687 1939 5740 ad

364 5759 516 5808 Hirti.
555 5760 767 5812 retinet.

452 5823 464 5862 ἶ
489 5830 591 5896 L63
648 5838 924 5890 προσκυνεῖ
951 5852 1002 5883 τε
1035 5835 1114 5888 καί
1142 5831 1390 5902 ὁμολογεῖ.

2057 4898 2176 4956 σίας
2208 4899 2296 4949 καί
2327 4897 2555 4954 πίστεως
2592 4891 2800 4954 ἔκδικον,
2835 4893 3153 4972 ἐγράψαμεν,
3194 4897 3314 4971 περὶ
3352 4898 3440 4948 τοῦ
3481 4893 3657 4948 αὐτοῦ

2054 4991 2324 5066 Νεστορίου
2353 4986 2643 5060 γινωσκέτω
2670 4987 2702 5044 ἠ
2729 4990 2796 5045 at}
2821 4986 3078 5058 ἁγιωσύνῃ
3111 4985 3234 5060 παρ’
3264 4987 3425 5056 ἡμῶν,
3455 4985 3660 5055 μᾶλλον

2053 5080 2107 5136 δέ
2128 5081 2215 5135 ὑπ’
2235 5083 2388 5135 αὐτοῦ
2418 5085 2511 5134 τοῦ
2533 5077 2787 5134 δεσπότου
2816 5085 3039 5154 Χριστοῦ
3061 5081 3146 5132 καὶ
3173 5083 3302 5132 Θεοῦ
3325 5079 3661 5148 ἐξενηνεγμμ

2084 5268 2085 5271 “
2128 5271 2154 5309 ε
2186 5259 2337 5316 Adde
2367 5261 2621 5325 deinreps.

2125 5329 2147 5366 δ
2186 5334 2288 5384 Pio
2317 5341 2459 5383 scuto
2487 5332 2622 5381 male
2652 5330 2917 5395 interpres
2941 5328 3163 5383 Oramus
3195 5327 3321 5398 legit
3347 5345 3458 5398 spe.

2133 5400 2144 5438 ί
2187 5402 2241 5455 ln
2275 5401 2484 5467 Crmro,
2519 5398 2768 5454 Ecclesia:
2787 5409 2834 5452 et
2866 5399 3002 5465 ﬁdei.

2129 5473 2140 5523 i
2178 5473 2331 5531 M-s.,
2361 5488 2424 5526 ea:
2461 5472 2790 5525 contentione
2838 5469 2997 5538 hujus
3021 5468 3145 5524 diei.
3182 5467 3261 5523 Ex
3291 5469 3521 5535 epistola
3546 5484 3661 5523 su-

2053 5544 2250 5610 periuri
2283 5541 2568 5611 legendum
2615 5555 2735 5596 esse
2781 5539 2975 5611 liquet,
3017 5556 3081 5593 ea:
3109 5540 3452 5611 conventionis
3481 5538 3661 5609 hujus

2051 5617 2162 5680 die,
2201 5615 2281 5667 vel
2315 5609 2635 5680 simpliciter
2662 5627 2724 5666 ex
2750 5610 3096 5664 conventionis
3119 5611 3202 5663 die
3227 5652 3241 5671 ,
3273 5609 3376 5663 hoc
3419 5619 3538 5672 est,
3587 5624 3666 5668 ut.

2052 5685 2316 5750 interpres
2345 5683 2568 5738 Gt‘alcus
2597 5692 2746 5738 recte
2774 5681 3058 5748 intellexit,
3085 5697 3147 5734 ex
3173 5681 3254 5734 die
3288 5697 3386 5749 quo
3415 5695 3653 5735 consen-

2050 5766 2128 5812 ιω
2159 5756 2330 5824 tuerit.
