3970 6180
242 272 334 323 ΓΗ

1004 267 1059 322 S.
1101 260 1502 320 CGELESTINI
1544 259 1563 312 1
1604 258 1808 312 PAP/E
1855 257 2214 312 EPIS'I‘OL/E
2259 259 2342 311 ET
2387 256 2727 312 DECRETA.

3397 255 3502 308 Δίἷὲ

234 383 542 446 Sisinnium,
575 383 906 437 celebratum
938 378 1280 446 simplicitate
1303 386 1357 428 et
1387 373 1671 428 sanctitate
1703 371 1816 426 col-

1926 373 2110 424 ἐκεῖνον
2139 371 2221 426 τόν
2248 371 2488 440 μέλλοντα
2517 374 2650 442 ἡμᾶς
2675 372 2883 440 ταχέως
2917 373 3230 434 καταλιπεῖν,
3257 371 3340 424 τόν
3371 369 3509 441 ἀγίσν

237 486 403 543 tegam
435 515 449 536 ,
495 489 612 527 eam
667 473 824 524 fidem
869 483 1026 536 quam
1075 466 1355 521 invenerat
1405 463 1805 534 praedicantem.

235 550 456 636 Legerat
493 565 732 634 profeCto
759 563 985 630 simplex
1029 557 1288 613 sanctitas
1313 567 1367 610 et
1394 568 1576 610 saneta
1605 554 1811 622 simpli-

233 673 362 710 i-uas
390 700 404 718 ,
448 655 736 710 timendum
779 651 945 719 magis
975 664 1134 719 quam
1176 649 1284 702 alte
1314 647 1416 700 sibi
1443 661 1564 701 esse
1595 645 1808 713 sapieno

233 755 355 801 .Inm
397 749 572 811 (Rom.
602 761 676 809 ιι,
704 744 831 813 ‘20);
881 751 935 798 et
979 743 1146 805 alibi,
1193 740 1383 794 altiora
1416 738 1670 794 sectanda
1705 750 1808 790 non

231 855 347 892 esse
375 836 560 908 (Eccli.
587 852 666 896 ttt.
700 835 828 901 22);
862 843 918 889 et
949 837 1141 888 iterum
1173 850 1186 884 :
1222 832 1280 886 Si
1306 833 1420 901 quis
1443 831 1590 883 aliud
1618 829 1809 900 prtedi-

231 933 416 984 meet-it
441 945 594 998 quam
623 928 760 995 quod
785 926 1190 994 prtedicavimus,
1215 921 1490 977 anathema
1521 923 1585 976 sit
1612 920 1808 990 (Galat.

231 1037 267 1079 t.
301 1022 354 1082 8,
377 1019 455 1090 9).
475 1019 583 1073 Hoc
617 1029 794 1071 tamen
825 1026 1058 1070 exeunte
1085 1015 1154 1069 de
1178 1015 1396 1080 saeculo,
1416 1028 1538 1067 cum
1567 1026 1625 1066 se
1655 1011 1807 1066 solli-

231 1112 412 1164 citudo
460 1118 642 1163 nostra
676 1111 728 1162 in
762 1118 1010 1172 tantum,
1061 1107 1112 1160 in
1159 1117 1414 1175 quantum
1461 1105 1508 1159 ei
1553 1102 1810 1157 Dominus

233 1204 508 1268 permisit,
547 1203 902 1265 extenderet,
956 1200 1242 1254 laetiﬁcavit
1281 1199 1518 1253 animum
1565 1206 1809 1249 nostrum

233 1296 565 1350 venientium
597 1295 834 1348 narratio
863 1294 1169 1347 nuntiorum
1191 1334 1206 1357 ,
1236 1307 1395 1361 quam
1425 1305 1548 1344 mox
1582 1287 1812 1342 firmavit

234 1403 416 1440 eorum
442 1387 530 1456 qui
562 1384 918 1439 interfuerunt
947 1383 1269 1438 ordiuationi
1298 1390 1403 1436 tute
1432 1381 1622 1435 relatio
1649 1381 1812 1434 colle-

234 1495 417 1536 tarum
437 1519 451 1541 ,
483 1479 569 1547 qui
604 1478 694 1530 tibi
727 1475 1016 1531 testimonii
1051 1483 1252 1530 tantum
1282 1473 1608 1537 detulerunt,
1639 1488 1812 1542 quan-

235 1583 342 1621 tum
371 1568 497 1623 ferri
527 1569 650 1623 huic
671 1567 851 1623 debuit
874 1568 966 1637 qui
995 1565 1209 1622 aliunde
1232 1576 1255 1602 ⁸
1283 1565 1562 1620 videbatur
1582 1565 1805 1620 electus.

233 1661 399 1714 ‘l'anta
430 1671 554 1715 ante
590 1661 844 1730 Opinione
870 1661 1083 1724 vixisti,
1115 1669 1174 1714 ut
1204 1661 1306 1714 tuis
1340 1668 1393 1714 te
1417 1660 1589 1714 aliena
1621 1658 1808 1712 civitas

1917 464 2144 522 Σισίνιον,
2179 460 2579 532 εὐδοκιμήσαντα
2627 464 2710 515 ἐπί
2745 483 2798 514 τε
2946 461 3191 518 ἁπλότητι
3237 465 3466 515 κοινωνόν
3493 505 3506 525 ,

1917 553 2071 610 αὐτὴν
2109 557 2199 609 τήν
2235 555 2437 615 πίστιν,
2469 553 2529 610 ἣν
2560 549 2708 625 εὗρε.
2751 554 3085 626 κηρύττοντα’
3121 554 3383 622 ἀνεγνώκει
3420 553 3508 610 δη·

1910 643 2036 703 λαδή
2072 647 2235 702 ἐκείνη
2265 647 2295 703 ἠ
2323 645 2457 704 ἀπλῆ
2486 645 2718 698 εὐλάϐεια
2761 647 2846 697 καὶ
2891 644 3101 702 εὐλαϐής
3132 644 3376 707 ἁπλότης,
3404 643 3506 699 δεῖν

1912 736 2098 808 μᾶλλον
2142 736 2431 806 φοϐεῖσθαι.
2467 735 2496 794 ἣ
2527 735 2660 795 ἰδίας
2699 736 2949 793 συνέσεως
2992 735 3145 805 βάθος
3193 739 3385 798 ζητεῖν⁶
3421 740 3506 789 καί

1911 824 2164 894 ἀλλαχοῦ,
2193 830 2262 898 μή
2289 825 2388 879 δεῖν
2417 827 2680 898 ἀνερευνᾷν
2709 827 2772 880 τά
2797 819 3073 898 βαθύτερα’
3117 830 3198 878 καί
3233 827 3405 891 πάλιν,
3444 825 3507 880 Εἴ

1909 939 1988 978 τις
2017 915 2132 971 ἄλλο
2179 921 2403 990 κηρύξειε
2435 923 2518 972 καὶ
2564 920 2910 991 νομοθετήσειε
2958 915 3118 990 παρ’ί)
3145 916 3457 992 ἐκηρύξαμεν
3485 961 3497 981 ,

1913 1011 2142 1079 ἀνάθεμα
2169 1008 2198 1062 ε’
2200 1031 2328 1063 στω.
2350 1010 2492 1063 ’Λλλά
2523 1012 2607 1062 καί
2629 1011 2813 1064 τούτου
2849 1011 2901 1062 ἐκ
2930 1015 3019 1063 τοῦ
3049 1009 3240 1082 κόσμου
3269 1011 3509 1080 μεθιστα-

1915 1102 2065 1171 μένου
2089 1143 2102 1159 ,
2138 1105 2205 1162 ὡς
2235 1105 2264 1160 ἡ
2296 1104 2517 1176 ἡμετέρα
2547 1105 2746 1176 φροντίς
2795 1103 2877 1155 ἐπὶ
2905 1107 3154 1156 τοσοῦτον
3194 1101 3376 1160 ἑαυτήν
3405 1103 3509 1164 ἐξέ-

1912 1215 2089 1252 τεινεν.
2127 1195 2197 1267 ἐφ’
2214 1193 2333 1248 ὅσον
2363 1195 2386 1249 ό
2419 1198 2596 1270 Κύριος
2624 1191 2916 1265 ἐπέτρεψεν.
2962 1195 3337 1269 ἐχαροποίησεν
3370 1197 3509 1265 ἡμῶν

1912 1290 2001 1344 τὴν
2037 1285 2220 1356 ψυχήν
2251 1287 2280 1343 ἡ
2311 1284 2541 1357 διήγησις
2581 1277 2682 1340 τῶν
2721 1286 3012 1359 ἐρχομένων
3042 1286 3292 1359 ἀγγῦων,
3325 1287 3382 1344 ἣν
3425 1287 3507 1338 εὐ-

1914 1380 2038 1440 Θέως
2067 1379 2368 1433 ἐϐεϐαίωσεν
2392 1382 2420 1436 ἡ
2449 1386 2548 1432 τῶν
2587 1381 2839 1452 ἡμετέρων
2875 1386 3118 1432 κοινωνῶν
3161 1378 3382 1454 ἀναφορὰ
3410 1385 3508 1431 τῶν

1911 1471 2328 1545 παραγενομένων
2369 1478 2430 1544 τῇ
2461 1477 2527 1542 σῇ
2567 1471 2881 1546 χειροτονίᾳ’
2914 1469 2959 1523 οἶ
2991 1489 3120 1530 τινες
3151 1470 3393 1524 τοσοῦτόν
3427 1490 3510 1523 σοι

1911 1562 2310 1636 ἐμαρτύρησαν,
2353 1558 2469 1615 ὅσον
2515 1561 2677 1634 έχρὴν
2726 1569 2800 1630 τῷ
2842 1559 3124 1631 ἀλλαχόθεν
3172 1561 3506 1630 ἐπιλεχθέντι.

1909 1653 2046 1706 Μετά
2071 1650 2341 1712 τοσαύτης
2377 1653 2630 1726 πρότερον
2669 1651 2971 1722 ὑπολήψεως
3005 1649 3224 1715 ἕζησας,
3257 1653 3386 1705 ὥστε
3428 1655 3512 1705 καί

236 1756 530 1820 invideret;
565 1765 715 1809 tanto
735 1753 762 1793 δ
789 1771 932 1810 nunc
954 1755 1177 1809 horrore
1201 1755 1401 1820 \‘itaris,
1427 1764 1481 1808 ut
1512 1754 1584 1807 tui
1610 1753 1662 1806 in
1689 1751 1810 1805 aliis

1925 1742 2140 1816 ἐφθόνησε
2171 1751 2288 1802 τοῖς
2318 1751 2428 1802 σοῖς
2459 1744 2691 1820 ἀλλοτρία
2713 1743 2878 1802 πόλις·
2905 1746 3033 1814 μετὰ
3060 1745 3316 1801 τοσαύτης
3346 1741 3400 1797 δέ
3422 1751 3510 1796 νῦν

241 1848 454 1900 videant
481 1848 708 1914 qualiter
739 1846 937 1902 fuerint
967 1845 1198 1901 liberati.

303 2027 356 2079 2.
403 2025 612 2078 Dudum
643 2023 968 2093 sumpsimus
1009 2023 1264 2092 epistolis
1307 2031 1447 2086 tuas,
1480 2019 1676 2089 quibus
1709 2029 1730 2056 ο
1763 2018 1815 2070 in

235 2124 457 2185 angusto
498 2115 627 2171 nihil
659 2116 928 2184 potuimus
953 2113 1083 2168 dare
1113 2113 1391 2180 reSponsi;
1437 2121 1555 2165 erat
1582 2110 1726 2164 enim
1762 2109 1815 2162 in

236 2207 480 2262 Latinum
527 2220 706 2261 sermo
754 2205 1069 2261 vertendus.
1139 2203 1297 2272 Quod
1345 2217 1467 2258 cum
1523 2201 1650 2255 licet
1697 2187 1818 2253 s‘ero

234 2295 261 2334 ἀ
293 2297 515 2351 facimus
541 2337 556 2362 ,
588 2297 758 2351 sancti
810 2294 994 2350 fratris
1035 2303 1092 2350 et
1130 2293 1437 2364 coepisoopi
1479 2292 1583 2346 mei
1631 2288 1819 2362 Cyrilli

249 2387 610 2456 probatissimi
635 2385 932 2440 sacerdotis
958 2400 1053 2454 per
1079 2386 1243 2438 filium
1272 2399 1447 2438 meum
1472 2379 1817 2436 Posidonium

239 2481 520 2533 diaconum
562 2478 684 2531 talia
725 2478 793 2532 de
835 2486 889 2530 te
918 2476 1114 2546 scripta
1152 2476 1524 2544 suscepimus,
1570 2484 1594 2512 ε
1625 2474 1820 2545 quibus

241 2571 322 2622 his
351 2575 439 2637 qui
471 2567 542 2623 de
570 2580 655 2621 tua
701 2566 1039 2622 ordinatione
1082 2567 1382 2622 retulerant
1410 2568 1620 2636 perisse
1661 2580 1817 2620 suum

244 2662 607 2715 testimonium
655 2661 983 2715 doleremus.
1033 2660 1196 2716 Bonis
1235 2661 1379 2716 enim
1414 2659 1688 2730 principiis
1715 2658 1820 2712 tuis

243 2753 433 2818 malus,
464 2764 718 2820 quantum
748 2751 1018 2818 videmus,
1044 2751 1308 2807 successit
1332 2761 1557 2806 eventus
1590 2769 1602 2804 :
1638 2749 1818 2813 bonis,‘

243 2847 478 2914 inquam,
516 2844 792 2914 principiis
817 2859 938 2909 qua:
972 2845 1110 2914 apud
1153 2859 1252 2899 nos
1286 2846 1356 2898 ita
1395 2845 1662 2900 celebrata
1704 2841 1820 2898 fue-

240 2945 399 3002 rant,
444 2948 500 2989 nt
536 2951 856 3004 responsum
898 2936 1088 2990 dantes
1117 2935 1184 2989 ad
1214 2935 1532 2990 relationem
1566 2932 1814 2996 fratrum.

240 3042 338 3081 nos
375 3025 391 3064 τ
427 3027 728 3081 “curemus
766 3027 1056 3096 participes
1095 3027 1432 3095 gaudiorum.
1480 3024 1586 3080 Sed
1631 3024 1815 3080 oonsi-

1919 1834 2136 1892 ἀτοπίας
2165 1835 2394 1905 φευκτέον
2421 1834 2634 1888 σεαυτὸν
2667 1831 3094 1907 παρασκεύασας,
3129 1836 3196 1894 ὡς
3228 1837 3349 1893 τοὺς
3381 1837 3510 1895 σούς

1919 1927 1968 1978 ἐν
1995 1925 2272 2002 ἀλλοτρίοις
2299 1925 2438 1999 όρᾷν.
2471 1922 2610 1986 ὅπως
2637 1925 3017 1998 ἀπηλλάγησαν.

1990 2020 2162 2094 Πρὼην
2186 2017 2459 2089 ἐδεξάμεθα
2481 2017 2574 2078 τάς
2600 2018 2695 2076 σάς
2724 2018 3010 2080 ἐπιστολάς,
3042 2012 3123 2077 αἶς
3156 2019 3206 2072 ἐν
3233 2025 3393 2089 στενῷ
3424 2021 3510 2070 οὐκ

1919 2109 2229 2180 ἠδυνήθημεν
2274 2112 2665 2185 ἀποκρίνασθαι⁶
2707 2103 2813 2163 ἴδει
2848 2111 2951 2184 γάρ
2989 2110 3073 2164 τὸν
3107 2110 3255 2180 λόγον
3294 2111 3365 2169 εἰς
3394 2108 3511 2163 Ῥωο

1923 2202 2104 2271 μαῐκόν
2123 2201 2512 2271 μεταϐληθῆναι.
2539 2198 2705 2275 ὀπερ
2729 2204 2797 2261 ὡς
2819 2200 3046 2278 βραδέως
3074 2199 3156 2256 διὰ
3176 2207 3264 2260 τήν
3294 2203 3510 2275 ὁνάγκηι

1919 2294 2218 2362 ἐποιοῦμεν,
2251 2290 2524 2364 ἐδεξάμεθα
2566 2300 2780 2348 τοιαῦτα
2824 2295 2942 2369 περὶ
2981 2299 3078 2346 σοῦ
3116 2294 3396 2368 γράμματα
3423 2301 3512 2348 τοῦ

1921 2384 2069 2456 ἀγίου
2097 2382 2312 2456 ἀδελφοῦ
2340 2387 2427 2438 καί
2454 2383 2839 2438 συνεπισκόπου
2869 2405 2968 2456 μου
3001 2385 3243 2458 ινρίλλου
3261 2426 3274 2449 ,
3308 2391 3402 2438 τοῦ
3430 2383 3512 2439 δο·

1920 2479 2212 2549 κιμωτάτου
2256 2479 2430 2551 ίερέως
2455 2519 2467 2540 ,
2504 2475 2589 2531 διά
2629 2483 2723 2531 τοῦ
2755 2477 2872 2531 υίοῦ
2907 2497 3006 2547 μου
3048 2475 3375 2531 Ποσειδωνίου
3421 2484 3514 2531 τοῦ

1920 2568 2149 2625 διακόνου
2177 2612 2191 2633 ,
2241 2570 2323 2643 ἀφ’
2345 2566 2411 2623 ὧν
2457 2567 2653 2641 σφόδρα
2701 2569 3013 2639 ἐλυπήθημεν
3059 2569 3366 2622 ἀπολωλέναι
3412 2577 3513 2622 τῶν

1923 2667 2044 2739 περὶ
2079 2669 2171 2717 σοῦ
2211 2662 2564 2734 ἀνενεγκόντων
2607 2665 2696 2719 τὴν
2731 2663 3048 2735 μαρτυρίαν’
3082 2660 3235 2720 καλάς
3278 2666 3378 2735 γάρ
3416 2681 3514 2714 σου

1921 2759 2016 2815 τάς
2044 2756 2218 2827 ἀρχάς
2243 2760 2386 2816 κακὴ,
2418 2756 2484 2813 ὡς
2515 2753 2729 2828 ὁρῶμεν,
2764 2753 3024 2812 ἀπόϐασις
3055 2751 3324 2816 διεδέξατο’
3355 2753 3512 2811 καλάς

1921 2871 2047 2920 φημι
2073 2850 2273 2923 ἀρχάς,
2299 2850 2392 2906 τάς
2421 2846 2544 2921 παρ’
2563 2849 2684 2916 ἡμῖν
2712 2844 2844 2899 οὕτω
2871 2845 3224 2916 φημίσθείσας.
3257 2847 3325 2903 ὡς
3350 2842 3511 2907 δεῖξαι

1921 2944 2055 3012 ἡμᾶς
2087 2942 2135 2993 ἐν
2159 2949 2221 3012 τῇ
2253 2942 2525 3014 ἀποκρίσει
2554 2946 2615 3012 τῇ
2643 2940 2772 3012 πρὸς
2805 2943 2896 2996 τήν
2928 2938 3184 3010 ἀναφοράν
3222 2944 3322 2991 τῶν
3363 2936 3510 2991 ἀδελ-

1920 3039 2037 3104 φῶν.
2066 3029 2204 3091 ὅπως
2229 3028 2351 3100 ἦμεν
2377 3032 2600 3084 κοινωνοί
2627 3037 2717 3088 τῆς
2731 3030 3075 3102 χαρᾶς.’Δλλά
3097 3035 3184 3082 νῦν
3215 3029 3507 3091 ἐννοοῦντες,

237 3120 491 3172 derantes
522 3135 662 3172 nunc
689 3129 741 3172 et
771 3119 1042 3188 querelam
1073 3118 1141 3172 de
1169 3127 1221 3172 te
1261 3117 1502 3186 przmlicti
1533 3115 1738 3179 fratris,
1767 3122 1817 3170 el

1925 3125 2009 3175 καί
2037 3127 2126 3180 τήν
2156 3125 2276 3194 περὶ
2305 3127 2402 3175 σοῦ
2439 3119 2626 3191 μέμψιν
2654 3127 2747 3175 τοῦ
2771 3122 3141 3195 προειρημένου
3173 3118 3406 3192 ἀδελφοῦ,
3432 3125 3511 3175 καί

239 3213 616 3279 interpretatus
641 3211 850 3265 tandem
874 3211 1131 3280 epistolas
1157 3218 1278 3264 tuas
1298 3219 1536 3279 apertam
1569 3206 1816 3278 blaspbeo

240 3303 400 3356 iniam
425 3303 793 3365 continentes,
829 3301 957 3356 illud
987 3300 1143 3356 nobis
1170 3301 1537 3369 Apostolicum
1574 3299 1816 3354 videmus

236 3409 358 3449 esse
391 3393 678 3449 dicendum
717 3414 727 3447 :
781 3393 976 3447 Vellem.
1011 3403 1210 3445 mutare
1247 3407 1417 3445 vocem
1459 3407 1623 3444 meam
1649 3432 1664 3455 ,
1695 3392 1817 3459 quia

239 3485 524 3555 confundor
551 3487 603 3538 in
630 3488 767 3539 vobis
805 3484 1006 3554 (Gatat.
1043 3500 1115 3548 tv,
1143 3482 1259 3551 νο).
1309 3483 1448 3550 Quin
1491 3484 1655 3536 immo
1694 3499 1814 3536 mu-

242 3576 371 3643 tavi,
397 3577 498 3632 nisi
527 3576 593 3632 de
621 3577 884 3646 praecipiti
915 3592 975 3630 se
1003 3588 1219 3632 revocet
1255 3573 1452 3644 impius
1481 3575 1817 3643 dieputator;

243 3683 464 3724 necesse
491 3676 576 3726 est
605 3671 748 3724 enim
798 3677 854 3722 ut
904 3669 1101 3721 malum
1151 3682 1218 3722 ex
1265 3667 1416 3723 nobis
1470 3667 1634 3736 ipsis,
1681 3665 1820 3720 sicut

243 3762 581 3828 prtecipitur,
625 3758 950 3815 auferamus.
998 3759 1249 3830 Legimus
1295 3773 1423 3829 ergo
1469 3758 1818 3828 epistolarnm

241 3861 513 3916 tenorem,
548 3861 602 3907 et
644 3866 736 3906 ros
777 3852 942 3908 libros
987 3867 1121 3922 quos
1171 3853 1364 3906 illustri
1412 3851 1527 3905 viro
1556 3850 1666 3906 lilio
1695 3866 1815 3905 meo

241 3943 507 3998 Antiocho
534 3943 792 3998 reddente
822 3943 1178 4011 suscepimus.
1231 3944 1286 3997 In
1312 3943 1397 3998 bis
1420 3943 1637 4013 quidem
1669 3953 1693 3990 ε
1725 3959 1822 3998 no-

244 4036 322 4087 bis
350 4035 672 4105 vestigatus,
705 4034 1073 4102 deprehensus
1099 4043 1155 4088 et
1182 4043 1382 4097 tentus,
1415 4036 1647 4104 quodam
1679 4037 1818 4089 mul-

242 4124 464 4194 tiloquio
527 4124 836 4186 labebaris.
884 4123 1010 4178 dum
1078 4139 1204 4181 vera
1256 4125 1487 4181 involvis
1552 4128 1817 4190 obscuris,

243 4213 269 4251 ιι
303 4231 487 4270 rursus
530 4224 756 4283 utraque
785 4213 1155 4281 confundens,
1187 4217 1270 4270 vel
1300 4219 1574 4273 contineris
1605 4230 1816 4289 negata,

242 4309 338 4361 vel.
379 4308 568 4363 niteris
613 4323 810 4378 negare
863 4308 1130 4364 confessa.
1176 4310 1280 4366 Sed
1336 4311 1388 4366 in
1426 4312 1667 4380 epistolis
1718 4315 1820 4370 tuis

241 4412 479 4472 apertam
509 4418 613 4456 non
644 4414 750 4461 tam
781 4402 849 4463 de
889 4403 991 4458 lide
1021 4414 1201 4462 nostra
1231 4445 1244 4470 ,
1287 4421 1444 4474 quam
1476 4405 1542 4462 de
1575 4414 1623 4462 te
1653 4406 1819 4463 tulisti

316 4656 345 4684 ο
384 4647 492 4702 Iloc
518 4660 623 4714 est,
645 4663 709 4704 ex
741 4647 914 4701 aliena
949 4647 1209 4708 Ecclesia.
1239 4659 1432 4714 nempe
1466 4645 1816 4700 Antiochena.
1851 4651 1900 4710 1)

245 4718 606 4773 lleeolettdum
632 4719 756 4788 quid
788 4719 888 4772 hac
918 4717 987 4771 de
1017 4731 1076 4772 re
1099 4715 1422 4773 leestinus
1457 4715 1572 4785 ipse
1596 4717 1758 4786 epi-t.
1785 4718 1819 4772 4

245 4809 296 4842 n.
331 4791 360 4842 7
393 4789 688 4858 prtecipist.

316 4860 342 4897 δ
386 4860 523 4914 Edit.
557 4855 712 4914 Rom.
749 4873 940 4925 errore,
973 4857 1171 4913 Baron.
1211 4865 1422 4910 terrore.
1463 4855 1656 4911 Crateri
1698 4856 1820 4912 libri

248 4931 415 4984 Latini
442 4930 674 4985 Itsrrare.
693 4930 757 4982 Et
780 4928 936 4998 hujus
958 4927 1172 4998 quidem
1193 4926 1434 4998 horroris
1453 4928 1602 4981 testis
1624 4937 1709 4980 est
1729 4944 1817 4981 stt-

283 5002 423 5053 erior
435 4998 621 5071 Cyrilli
639 4997 863 5062 epistola
883 4997 985 5071 8n.
1001 5001 1053 5055 3.
1079 4999 1283 5071 Deinde
1306 4997 1538 5071 Griecus
1554 4998 1815 5071 interpres

247 5087 340 5138 pro
370 5067 563 5137 nitaris,
594 5072 788 5137 legisse
814 5070 1026 5125 videtur
1055 5068 1321 5124 vitandum
1349 5079 1395 5121 te
1415 5067 1696 5134 prwbuisti.

318 5153 339 5178 ο
383 5142 492 5195 lloc
522 5152 637 5207 est,
679 5143 835 5197 citius
861 5157 924 5196 ac
952 5139 1159 5198 modica
1189 5138 1508 5208 interposita
1541 5155 1712 5192 mora.

313 5209 338 5247 δ
379 5211 603 5266 Graecus
629 5222 802 5266 textus
839 5212 1071 5279 postulat
1100 5229 1113 5264 :
1148 5209 1298 5278 Quod
1327 5225 1446 5262 cum
1475 5225 1588 5263 sero
1617 5220 1823 5279 prapter

246 5285 590 5336 necessitatem
629 5282 961 5354 (interprete
989 5281 1108 5338 scil.
1151 5283 1298 5350 prius
1323 5279 1643 5349 deﬁciente)
1681 5281 1821 5352 face-

245 5369 430 5405 "3an

319 5432 342 5459 °
384 5425 703 5479 Accuratius
732 5423 858 5494 quid
895 5433 1048 5478 sonat
1077 5423 1298 5479 Graecus
1331 5419 1543 5494 t‘extus,
1575 5421 1824 5494 videlicet

243 5510 306 5547 ex
323 5494 500 5556 quibus
518 5511 692 5549 eorum
717 5492 803 5562 qui
831 5494 894 5549 de
916 5495 1240 5549 ordinatione
1264 5504 1354 5550 tua
1378 5492 1656 5546 retulerant
1679 5493 1822 5544 festi-

243 5567 466 5618 moninm
490 5567 734 5635 periissel
743 5575 894 5635 atque
917 5564 1200 5633 evanuisse)
1224 5563 1370 5635 ualde
1392 5563 1670 5635 doluimus.
1704 5562 1819 5618 Non

242 5635 383 5690 enim
407 5636 484 5689 eis
505 5637 592 5704 qui
617 5633 902 5701 dederunt,
925 5635 1020 5693 sed
1043 5635 1286 5692 Nestorio
1311 5633 1396 5690 c‘ui
1418 5634 1599 5690 datunt
1621 5633 1816 5700 fuerat,

249 5706 402 5772 periit
433 5705 532 5766 huc
565 5707 949 5762 testimonium.

1918 3215 2011 3274 τάς
2058 3217 2154 3273 σάς
2198 3213 2469 3272 ἐπιστολάς
2528 3213 2920 3287 ἓρμηνευθείσας
2947 3253 2960 3272 ,
3013 3212 3066 3264 αἶ
3115 3232 3246 3270 τινες
3291 3214 3511 3280 φανεράς

1919 3304 2112 3378 ἔχουσι
2159 3306 2510 3376 βλασφημίας.
2557 3304 2749 3381 ὁρῶμεν
2795 3302 2872 3357 ὅτι
2914 3304 3106 3357 λεκτέον
3148 3303 3429 3377 παρήμῶν
3454 3305 3511 3358 τό

1918 3401 2251 3456 ἀπσστολικόν
2293 3402 2465 3452 ἐκεῖνο’
2498 3397 2702 3452 Ἠθελον
2746 3398 3018 3462 ἀναλλάξαι
3051 3417 3150 3469 μου
3202 3401 3293 3454 τὴν
3336 3403 3505 3468 φωνήν

1920 3491 1998 3548 ὅτι
2035 3491 2452 3563 καταισχύνομαι
2502 3495 2552 3546 ἐν
2597 3493 2735 3561 ὑμῖν.
2781 3492 2970 3546 Μᾶλλον
3006 3490 3060 3546 δέ
3098 3491 3286 3554 ἦλλαξα
3309 3533 3324 3555 ,
3358 3493 3401 3544 εί
3439 3496 3509 3560 μὴ

1920 3581 2098 3637 ἐαυτὸν
2128 3583 2228 3637 ἀπὸ
2264 3590 2355 3637 τοῦ
2397 3588 2620 3657 κρημνοῦ
2657 3583 3005 3636 ἀνακαλέσειεν
3032 3580 3056 3635 ὁ
3087 3581 3280 3641 ἀσεϐὴς
3307 3601 3507 3656 προσο-

1921 3675 2150 3744 μιλητής·
2181 3675 2374 3746 ἀνάγκη
2416 3676 2510 3746 γάρ
2551 3676 2691 3728 ἔστιν
2716 3717 2728 3738 ,
2760 3674 2844 3728 ἵνα
2873 3673 2953 3746 ἀφ’
2973 3675 3112 3743 ἡμῶν
3138 3675 3302 3726 αὐτῶν
3324 3673 3382 3726 τὸ
3413 3694 3509 3725 κα-

1921 3768 2042 3824 κόν.
2089 3768 2264 3840 ὥσπερ
2329 3766 2720 3835 ἐκελεύσθημεν.
2769 3767 3163 3835 ἀποστήσωμεν.
3216 3766 3511 3835 ’Δνέγνωμεν

1921 3862 2085 3912 τοίνυν
2113 3865 2210 3913 τῶν
2237 3859 2517 3913 ἐπιστολῶν
2545 3859 2602 3911 τό
2629 3856 2769 3929 ὕφος,
2796 3859 2879 3910 καί
2913 3858 3007 3915 τὰς
3040 3855 3248 3927 βίϐλους
3283 3862 3374 3909 τοῦ
3416 3876 3508 3920 με·

1927 3952 2418 4024 γαλοπρεπεστάτου
2445 3946 2629 4025 ἀνδρὸς
2664 3953 2754 4002 τοῦ
2779 3948 2894 4000 υίοῦ
2925 3950 3064 4018 ἡμῶν
3089 3947 3348 4014 Ἀντιόχου
3380 3946 3510 3998 ἀπο-

1922 4044 2146 4104 διδόντος
2194 4041 2561 4112 ἀπεδεξάμεθα.
2613 4044 2724 4094 Ἐπί
2777 4041 2990 4098 ταύταις
3050 4040 3366 4109 ἀνιχνευθείς
3417 4039 3505 4106 μέν

1922 4138 2043 4206 ἡμῖν
2072 4137 2157 4190 καὶ
2197 4135 2412 4209 εὑρεθεὶς
2448 4137 2531 4188 καί
2571 4132 2912 4202 κατασχεθεὶς
2943 4130 3216 4202 πολυλαλίᾳ
3244 4132 3343 4183 τινὶ
3384 4129 3504 4190 ἐξω-

1919 4226 2162 4287 λίσθανες,
2186 4226 2232 4281 τ’
2244 4227 2397 4283 ἀληθῆ
2437 4233 2544 4284 τοῖς
2573 4231 2853 4283 σκοτεινοῖς
2883 4222 3225 4294 ἐγκαλύπτων,
3257 4223 3344 4275 καί
3367 4219 3513 4273 πάλιν

1923 4318 2166 4388 συγχέων
2197 4318 2426 4393 ἑκάτερα,
2461 4324 2533 4389 τῷ
2573 4315 2828 4387 ὁμολογεῖν
2865 4317 2955 4385 μέν
2983 4315 3046 4368 τά
3073 4314 3371 4391 ἀρνηθέντα,
3399 4314 3511 4366 ἐπι-

1927 4417 2126 4480 χειρεῖν
2167 4407 2219 4464 δέ
2257 4411 2513 4483 ἀρνεῖσθαι
2541 4410 2606 4463 τά
2644 4408 3013 4479 ὡμολογημένα.
3042 4415 3117 4458 Ἐν
3155 4403 3208 4459 δέ
3248 4412 3360 4463 ταῖς
3391 4418 3510 4464 σαῖς

2001 4645 2018 4683 ί
2061 4646 2200 4707 Seu,
2232 4657 2289 4701 ttt
2318 4645 2538 4700 Gratcns
2566 4662 2742 4702 sermo
2775 4649 2937 4703 habet
2965 4666 2980 4704 :
3010 4666 3100 4703 nos
3129 4650 3512 4703 ostenderemus

1927 4719 2222 4788 participes.
2253 4719 2364 4772 Hoc
2389 4718 2662 4772 C(BleSlitti
2692 4735 3031 4787 responsum.
3060 4721 3196 4773 sicut
3224 4730 3276 4774 et
3303 4719 3510 4788 rpisro.

1925 4803 2117 4912 gerum
2145 4788 2211 4841 de
2233 4788 2576 4844 ordinatione
2596 4789 2828 4845 Nemorii
2853 4791 3130 4861 synodalis
3157 4791 3346 4844 relatio
3367 4790 3513 4844 desi-

1961 4870 2198 4912 erantur.

1961 4870 2198 4913 erantur.

1996 4937 2021 4976 8
2063 4929 2135 4983 Ita
2173 4943 2302 4982 mss.
2335 4930 2404 4983 At
2433 4929 2564 4984 edit.
2599 4929 2756 4983 Rom.
2783 4939 2838 4984 et
2865 4930 3063 4984 Baron.
3099 4948 3112 4984 :
3144 4947 3174 4982 a
3204 4930 3346 4984 nobis
3370 4933 3512 4984 inre-

1921 5000 2158 5072 stigatus,
2176 4999 2519 5072 deprehensus
2537 5010 2581 5052 et
2603 5011 2769 5072 tentus
2787 5019 2860 5065 es,
2879 5002 3016 5070 quod
3032 5002 3353 5070 multiloquio
3372 5001 3512 5055 labe-

1923 5070 2154 5138 factaris.
2206 5070 2300 5124 llis
2345 5071 2582 5141 concinit
2615 5082 2672 5124 et
2723 5071 2877 5139 Lab.,
2913 5073 3014 5126 nisi
3057 5071 3198 5140 quod
3249 5073 3510 5141 postremi

1929 5141 2073 5194 verbi
2114 5141 2230 5194 loco
2262 5140 2494 5194 restituit
2522 5141 2794 5194 Iabebaris.

1997 5208 2024 5247 ιι
2061 5211 2141 5264 Ad
2181 5212 2407 5282 litteram
2436 5211 2676 5266 Gra'cam
2713 5228 2724 5263 :
2756 5221 2805 5264 et
2843 5227 3023 5264 rursus
3054 5221 3266 5282 utraque
3293 5213 3512 5275 confun-

1929 5281 2030 5354 dis,
2063 5281 2139 5354 vel
2170 5281 2458 5354 conﬁtendo
2481 5293 2685 5354 negata,
2716 5283 2790 5354 vel
2814 5283 3018 5354 nitendo
3042 5281 3228 5354 negare
3253 5283 3508 5354 confessa.

1929 5351 2210 5406 Nestorius
2239 5351 2290 5404 in
2334 5350 2668 5406 litteris—suis
2705 5353 2888 5422 primo
2918 5350 3130 5407 Mariam
3167 5353 3257 5407 Dei
3287 5350 3515 5422 genitri-

1928 5436 2045 5475 cem
2075 5436 2198 5474 esse
2227 5431 2410 5490 negat;
2444 5429 2553 5475 tum
2577 5421 2716 5492 quod
2741 5435 2957 5484 negarat
2988 5423 3197 5476 videtur
3221 5421 3464 5477 confiteri
3497 5441 3509 5474 :

1930 5502 1985 5544 et
2013 5502 2298 5556 utrutnque
2327 5493 2664 5558 postmodum
2691 5492 2992 5563 cnttlundit,
3021 5493 3171 5555 dum,
3194 5509 3257 5548 ex
3282 5507 3348 5548 eo
3368 5495 3510 5563 quod

1930 5578 2018 5616 res
2045 5573 2219 5617 creata
2265 5563 2485 5629 gignere
2516 5579 2622 5617 non
2660 5561 2837 5631 potuit
2881 5564 3172 5617 increatam
3225 5561 3507 5629 lleitat’em,

1927 5633 2144 5686 Mariam
2170 5645 2323 5704 negat
2347 5632 2578 5688 Verbum
2603 5633 2768 5688 Deum
2791 5649 3004 5688 carnem
3027 5635 3220 5690 factum
3243 5634 3509 5704 gignendo

1927 5704 2176 5772 genuisse
2209 5703 2397 5758 Deum.
