3970 6180
227 410 319 465 177

973 410 1187 469 EPIST.
1229 409 1453 466 Xlll.—
1479 403 1875 465 C(ELESTINI
1916 404 2117 459 ΡΑΡΑΞ
2154 406 2245 459 AD
2285 404 2699 461 NESTORIUM.

3378 407 3485 462 478

226 538 248 564 ι
272 529 333 581 ab
364 525 706 580 universitate
737 522 949 593 collegii
980 534 1033 577 ct
1060 534 1331 579 conventu
1365 522 1780 579 Chrisuanorun

1900 516 2072 573 λοιπόν
2098 519 2271 594 τρίτην
2298 562 2311 583 ,
2342 519 2603 579 παντελῶς
2642 520 2746 574 άπὸ
2775 526 2866 579 τῆς
2895 525 2985 574 τοῦ
3016 516 3285 595 συνεδρίου
3324 522 3487 592 ἡμῶν,

224 630 270 673 te
297 633 507 687 prorsus
536 631 657 673 esse
683 616 1008 684 seiunctum,
1041 614 1142 668 nisi
1178 629 1300 668 mox
1327 628 1449 683 quae
1478 611 1617 666 male
1652 609 1793 664 dicta

218 721 328 765 sunt
372 710 739 777 corrigantur,
784 706 883 761 nisi
928 707 983 759 in
1015 720 1131 759 eam
1161 704 1296 759 viam
1328 706 1519 758 redeas
1548 716 1705 771 quam
1737 714 1795 753 se

216 801 449 855 Christus
476 814 597 855 esse
626 808 849 852 testatur
884 794 1064 867 (Joan.
1099 811 1218 861 xw,
1250 794 1329 866 6).
1366 794 1505 849 Male
1547 793 1600 846 in
1654 792 1796 845 hunc

215 912 346 947 arma
372 893 752 961 desperatione
787 889 1002 967 movisti
1030 931 1045 953 ,
1094 891 1181 959 qui
1232 899 1284 944 te
1330 884 1493 955 Super
1537 884 1791 939 familiam

211 1003 346 1043 suam
371 987 516 1040 velut
543 984 753 1038 ﬁdelem
779 981 1203 1049 prndentemque
1230 995 1444 1034 servum
1476 976 1792 1047 permiserat

210 1090 321 1132 ante
368 1074 626 1131 c0ustitui
670 1073 887 1141 (Matth.
934 1088 1081 1133 ιιιν.
1114 1070 1226 1141 45).
1260 1071 1428 1126 Periit
1456 1070 1548 1123 tibi
1576 1068 1732 1136 hujus
1763 1066 1786 1104 δ

209 1171 349 1224 allicii
385 1167 660 1223 beatitudo
688 1166 973 1236 promissa.
1002 1165 1119 1220 Non
1150 1166 1322 1218 solum
1354 1178 1460 1217 non
1487 1162 1583 1216 das
1606 1160 1785 1213 cibum

210 1264 250 1314 in
280 1275 542 1329 tempore,
567 1275 755 1315 verum
786 1259 949 1311 etiam
983 1270 1191 1311 veneno
1219 1253 1497 1315 interﬁcis,
1530 1265 1667 1321 quos
1697 1249 1786 1303 ille

204 1368 291 1405 suo
336 1352 599 1420 sanguine
643 1363 698 1404 et
740 1364 833 1403 sua
885 1358 1058 1404 morte
1095 1346 1341 1417 quaesivit
1368 1345 1507 1417 (Act.
1540 1359 1631 1409 ιιι,
1661 1340 1782 1410 28).

210 1443 469 1497 Venenum
500 1450 524 1479 ο
556 1455 786 1506 namque
816 1428 897 1493 est
924 1437 1024 1491 sub
1052 1438 1157 1490 tuis
1188 1436 1374 1502 labiis,
1406 1449 1525 1503 qua:
1556 1430 1782 1486 maledi-

205 1534 377 1586 ctmnis
404 1542 459 1586 et
488 1529 863 1584 amaritudinis
893 1529 1050 1598 plena
1089 1527 1331 1580 videmus
1357 1567 1371 1591 ,
1423 1539 1545 1579 cum
1594 1530 1778 1575 contra

203 1641 307 1678 eum
359 1626 448 1693 qui
496 1623 677 1677 suavis
723 1629 839 1683 est,
874 1620 1066 1675 niteris
1095 1618 1388 1687 disputare.
1422 1616 1519 1672 Ubi
1548 1625 1632 1668 cst
1660 1613 1783 1669 dili-

201 1716 365 1784 gentia
396 1714 711 1782 pastoralis?
758 1714 949 1768 Pastor
990 1714 1163 1767 bonus
1189 1712 1422 1765 animam
1447 1725 1599 1764 suam
1632 1707 1780 1777 ponit

202 1822 283 1872 pro
303 1806 499 1860 ovibus
525 1806 674 1868 suis;
705 1805 1074 1859 mercenarius
1100 1818 1228 1858 vero
1259 1800 1285 1839 ἀ
1314 1817 1405 1856 eas
1433 1803 1571 1871 lupis
1598 1800 1779 1854 dimit-

1894 612 1983 663 καί
2018 618 2111 671 τῆς
2154 618 2253 666 τῶν
2287 618 2602 687 Χριστιανῶν
2638 610 2849 666 συνόδου
2889 612 3251 673 ἀπεκλείσθης.
3296 615 3382 667 ἔάν
3417 619 3488 681 μή

1894 703 2075 761 εὐθέως
2101 704 2169 758 τά
2200 711 2365 764 κακῶς
2394 704 2631 777 εἰρημένα
2657 700 2949 777 διορθωθῇς,
2985 703 3071 757 ἐάν
3101 708 3171 772 μὴ
3193 705 3264 762 είς
3293 704 3487 759 ταύτην

1891 799 1985 855 τήν
2014 794 2127 850 ὁδόν
2151 797 2439 866 ἔπανέλθῃς,
2470 797 2529 855 ἢν
2561 796 2737 851 ἑαυτὸν
2768 796 2793 850 ὁ
2818 796 3036 870 Χριστὸς
3066 792 3194 851 εἶναι
3221 799 3480 871 μαρτύρε-

1890 909 1995 943 ται.
2028 896 2197 950 κακῶς
2227 890 2358 944 κατὰ
2382 890 2568 944 τούτου
2595 885 2727 943 ὅπλα
2754 888 2862 941 κατ’
2877 889 3193 942 ἆνελπιστίαν
3223 890 3481 954 ἐκίνησας,

1891 978 1947 1042 ὃς
1973 982 2140 1035 ἐπάνω
2172 1002 2230 1036 σε
2263 988 2362 1036 τῶν
2393 984 2595 1036 οἰκετῶν
2621 981 2777 1036 αὐτοῦ
2801 1021 2815 1043 ,
2851 985 2918 1040 ὡς
2946 982 3129 1035 πιστόν
3158 984 3244 1034 καί
3275 981 3482 1034 συνετὸν

1889 1072 2066 1129 δοῦλον
2102 1074 2349 1149 ὲπίτρεψε
2390 1075 2639 1150 πρότερον
2677 1084 3012 1134 καταστῆναι.
3055 1074 3308 1130 ’Δπὼλετό
3336 1096 3421 1129 σοι
3450 1076 3480 1133 ἦ

1895 1164 2029 1240 ὑπὲρ
2054 1173 2146 1225 τῆς
2168 1167 2413 1225 τοιαύτης
2435 1166 2725 1240 ὑπηρεσίας
2754 1167 3116 1238 ἐπαγγελθεῖσα
3140 1165 3481 1238 μακαριότης.

1886 1259 1958 1310 Ού
1998 1258 2095 1332 γάρ
2133 1258 2281 1329 μόνον
2326 1264 2506 1329 τροφήν
2542 1260 2599 1309 οὐ
2638 1259 2895 1332 παρέχεις
2934 1259 2983 1312 ἐν
3024 1266 3213 1332 καιρῷ,
3247 1258 3372 1313 ἀλλὰ
3401 1262 3482 1313 καί

1886 1346 2167 1419 δηλητηρίῳ
2205 1351 2459 1423 ἀναιρεῖς,
2497 1347 2584 1409 οὓς
2624 1349 2805 1410 ἐκεῖνος
2840 1356 2914 1420 τῷ
2954 1346 3065 1421 ίδίῳ
3092 1349 3271 1419 αἵματι
3300 1351 3381 1402 καί
3408 1354 3481 1419 τῷ

1884 1438 1993 1511 ίδίῳ
2036 1440 2238 1510 θανάτῳ
2284 1437 2535 1513 ἐκέρδανε.
2588 1440 2892 1512 Δηλητήριον
2937 1441 3038 1516 γάρ
3085 1440 3185 1493 ύπό
3222 1448 3328 1499 τοῖς
3373 1448 3481 1500 σοῖς

1886 1531 2110 1599 χείλεσίν
2146 1532 2255 1586 ἐστι
2288 1537 2471 1591 ταῦτα,
2507 1529 2640 1605 ἅπερ
2670 1535 2899 1603 κατάρας
2928 1535 3013 1586 καί
3045 1532 3353 1606 πικρότητος
3383 1553 3478 1603 με·

1880 1624 1985 1677 στά
2014 1625 2329 1697 καθορῶμεν,
2363 1620 2515 1677 ὁπότε
2551 1624 2679 1676 κατά
2713 1629 2801 1678 τοῦ
2834 1619 2978 1684 ὄντος
3015 1622 3157 1683 ἡδέος
3194 1625 3479 1695 ἒπιχειρεῖς

1882 1712 2231 1786 διαλέγεσθαι.
2269 1722 2368 1768 Ποῦ
2407 1712 2553 1769 ἔστιν
2591 1718 2618 1773 ἡ
2658 1722 2927 1786 ποιμενικὴ
2969 1716 3254 1786 ἐπιμέλειας
3288 1722 3476 1787 ποιμήν

1882 1806 2065 1877 ἀγαθὸς
2102 1810 2193 1861 τήν
2225 1804 2407 1877 ψυχήν
2439 1806 2606 1859 αύτοῦ
2636 1808 2832 1865 τίθησιν
2858 1807 2991 1882 ὑπὲρ
3032 1813 3133 1861 τῶν
3170 1804 3309 1860 ἰδίων
3347 1827 3476 1881 προ-

202 1900 251 1951 tit
276 1906 335 1951 et
363 1896 520 1950 tradit
551 1893 729 1966 (Joan.
760 1911 811 1959 ι,
850 1894 960 1963 il).
993 1894 1125 1961 Quid
1159 1892 1244 1947 hic
1274 1904 1326 1945 tu
1358 1902 1540 1961 pastor
1565 1898 1780 1943 acturus

1889 1895 2075 1951 ϐάτων·
2109 1897 2358 1967 μισθωτὸς
2389 1895 2443 1950 δέ
2482 1897 2651 1963 ἔστιν,
2684 1894 2738 1957 ὃς
2770 1904 2936 1952 ταῦτα
2972 1905 3085 1957 τοῖς
3120 1897 3289 1957 λύκοις
3320 1919 3477 1952 κατα-

200 2004 262 2046 cs.
294 1988 388 2058 qui
417 1988 744 2042 dominicum
778 2000 995 2056 gregem
1023 2000 1119 2053 pro
1148 1984 1289 2051 lupis
1321 1986 1436 2049 ipse
1475 1979 1779 2049 discerpis?

199 2080 263 2133 Ad
290 2094 535 2147 quamam
566 2092 697 2147 grex
728 2077 1031 2130 dominicus
1061 2086 1211 2144 septa
1243 2073 1533 2142 confugiet,
1568 2073 1609 2124 si
1640 2070 1779 2125 intra

198 2174 345 2225 ovilia
374 2171 624 2225 Ecclesia:
667 2169 983 2223 sancietnr?
1025 2183 1131 2235 qua
1178 2167 1386 2220 futurus
1432 2174 1515 2218 est
1556 2164 1779 2218 tuitione

197 2265 432 2317 delensus
457 2304 473 2327 ,
520 2263 608 2331 qui
659 2272 710 2315 te
756 2261 958 2331 patitur
991 2275 1087 2328 pro
1114 2258 1335 2313 custode
1370 2255 1681 2325 raptorem?
1717 2253 1780 2306 Et

196 2357 341 2418 alias,
373 2355 542 2423 inquit
567 2353 845 2420 Dominus,
876 2368 988 2411 oves
1016 2352 1173 2405 habeo
1200 2366 1312 2421 qua:
1336 2366 1433 2402 non
1460 2360 1575 2401 sunt
1602 2364 1664 2400 ex
1686 2352 1781 2399 hoc

197 2447 300 2498 ovili
333 2486 347 2507 ,
390 2457 434 2499 et
481 2444 601 2500 illas
642 2452 839 2513 oportet
886 2460 967 2497 me
1006 2444 1261 2495 adducere
1318 2440 1483 2513 (Ibid.
1528 2438 1639 2507 16).
1685 2439 1779 2492 llle

196 2538 320 2589 altas
348 2552 403 2591 se
433 2536 693 2603 promittit
720 2536 1025 2601 adducere;
1064 2535 1157 2589 tibi
1197 2532 1214 2572 τ
1249 2545 1477 2603 pereunt
1516 2547 1650 2603 quas
1685 2532 1781 2585 ba-

198 2627 371 2682 bvbas.
398 2628 632 2682 Tametsi
664 2626 881 2697 quidem
913 2638 1118 2681 certum
1152 2626 1241 2694 sit,
1277 2626 1489 2695 quoties
1514 2627 1615 2677 ista
1649 2641 1779 2677 con-

198 2722 416 2788 tingunt,
443 2736 547 2772 non
568 2710 701 2773 oves
728 2718 1052 2786 pastoribus,
1078 2717 1173 2771 scd
1198 2717 1367 2786 magis
1389 2716 1579 2769 ovibus
1604 2717 1779 2783 perire

200 2822 448 2877 pastores.
485 2811 551 2865 Et
582 2830 748 2866 vocem
792 2829 953 2866 meam
981 2854 994 2875 ,
1048 2812 1255 2880 inquit,
1309 2811 1519 2863 audient
1561 2810 1709 2879 (Ibid
1737 2814 1774 2876 ).

199 2904 399 2969 Quare?
429 2902 496 2958 Ut
520 2904 610 2973 [int
638 2921 766 2957 unus
795 2920 940 2979 grex.
985 2902 1063 2956 Ad
1114 2903 1257 2957 illius
1302 2918 1485 2957 vocem
1538 2918 1676 2956 unus
1721 2902 1779 2955 ﬁt

199 3011 353 3067 grex;
381 2996 444 3049 ad
475 3007 615 3049 tuam
647 3011 772 3049 vero
801 3005 893 3049 aut
917 2994 1171 3059 inﬁcitur,
1205 3005 1295 3047 aut
1326 2993 1552 3062 iugatur.

270 3351 317 3406 ti.
349 3352 544 3406 Durum
578 3358 689 3416 est,
720 3359 773 3405 ut
818 3350 872 3406 in
924 3358 975 3404 le
1015 3349 1085 3404 de
1130 3350 1350 3404 Actibus
1398 3352 1779 3419 Apostolorum

205 3443 333 3497 beati
361 3442 514 3498 Pauli
546 3442 708 3497 verba
739 3443 1060 3497 conveniant
1087 3459 1099 3494 :
1138 3441 1269 3514 Ego,
1302 3441 1494 3512 inquit,
1522 3445 1629 3497 scio
1658 3447 1783 3515 quia

205 3538 448 3589 intrabunt
479 3544 593 3604 post
620 3535 899 3587 discessum
930 3550 1094 3589 meum
1126 3537 1233 3603 lupi
1262 3552 1439 3605 graces
1465 3537 1517 3588 in
1542 3553 1649 3603 vos,
1680 3555 1779 3591 non

206 3638 449 3691 parcentes
487 3627 650 3698 gregi.
686 3624 752 3677 Et
781 3642 844 3679 ex
871 3625 1014 3679 vobis
1059 3627 1183 3689 ipsis
1229 3638 1503 3699 exsurgent
1552 3630 1782 3685 homines

206 3723 444 3790 loquentes
475 3738 731 3784 perversa,
762 3729 814 3772 ut
841 3719 1096 3773 abducant
1123 3721 1403 3792 discipulos
1432 3731 1541 3789 post
1565 3740 1618 3776 se
1641 3723 1777 3795 (Act.

206 3826 285 3875 xx,
310 3815 396 3879 29,
423 3814 540 3881 '50).
579 3813 703 3867 Hmc
727 3828 755 3865 a
789 3822 841 3866 te
870 3814 988 3867 aliis
1009 3814 1176 3883 quam
1207 3814 1298 3867 tibi
1322 3814 1463 3869 dicua
1494 3817 1779 3872 vellemus.

210 3904 435 3961 Docenda
469 3907 611 3961 enim
645 3906 740 3958 tibi
770 3906 1005 3970 fuerant,
1048 3921 1152 3959 non
1193 3906 1448 3962 discenda
1489 3925 1609 3977 qua:
1649 3912 1783 3965 dici-

210 4014 332 4052 mus.
361 3998 488 4052 Nam
517 3998 639 4067 quis
671 3998 803 4052 lerat
829 3997 1011 4052 doceri
1062 4000 1373 4067 episcopum
1414 4003 1646 4069 qualiter
1687 4003 1780 4056 de-

206 4092 317 4144 beat
357 4106 476 4145 esse
520 4089 902 4145 CliriStianus?
946 4090 1242 4161 Diligenter
1289 4094 1470 4163 aspice
1523 4094 1572 4145 iu
1619 4109 1779 4164 qnam

206 4183 551 4238 conditionem
581 4184 809 4237 voceris.
841 4181 1147 4246 lncesseris,
1180 4187 1443 4254 argueris,
1476 4187 1777 4254 accusaris;

205 4275 313 4344 quid
342 4268 533 4329 horum
565 4274 815 4329 convenit
844 4274 1153 4328 sacerdoti?
1186 4276 1345 4330 Duris
1383 4277 1513 4329 dura
1557 4293 1780 4345 respon-

206 4366 294 4434 sio,
322 4367 364 4421 si
397 4366 548 4437 (qua)
575 4376 752 4419 tamen
792 4356 1101 4419 vicissitudo
1146 4378 1258 4427 est.
1306 4369 1483 4422 verbis
1522 4369 1775 4439 blasphe-

206 4461 347 4513 miam
390 4460 685 4515 vindicare.
725 4461 805 4515 An
835 4459 927 4513 tibi
957 4475 983 4511 a
1014 4460 1168 4514 nobis
1197 4460 1475 4516 existimas
1502 4477 1619 4517 esse
1650 4478 1774 4531 par-

206 4553 438 4617 cendum,
467 4568 588 4607 cum
616 4556 809 4607 animm
842 4562 945 4606 tua?
972 4553 1039 4605 ita
1071 4554 1186 4622 ipso
1213 4569 1315 4607 non
1344 4570 1552 4623 parcas,
1583 4564 1641 4609 ut
1662 4572 1778 4608 mn-

1883 1987 2148 2059 λιμπάνειὶ
2178 1990 2262 2042 καί
2290 1986 2637 2060 παραδίδωσι.
2667 1991 2727 2041 Τί
2760 1986 2813 2043 δέ
2844 1989 2931 2051 σύ,
2965 1983 3003 2042 ὦ
3026 1993 3231 2059 ποιμήν,
3264 1990 3478 2043 ἐνταῦθα

1882 2081 2122 2155 πράξεις.
2155 2079 2234 2135 ὅτι
2271 2087 2359 2140 τὴν
2396 2079 2704 2141 δεσποτικήν
2742 2082 2923 2153 ἀγέλην
2964 2082 3075 2137 ἀντί
3119 2082 3283 2135 λύκων
3324 2083 3475 2142 αὐτὸς

1882 2169 2310 2247 διασπαράττειςς
2342 2176 2413 2233 είς
2450 2176 2627 2234 ποίους
2651 2175 2821 2228 λοιπόν
2847 2181 3100 2247 φραγμοὺς
3139 2176 3169 2232 ἠ
3197 2172 3475 2233 δεσποτική

1882 2264 2034 2337 άγέλη
2059 2273 2364 2337 καταφυγεῖν
2384 2264 2619 2330 δύναται,
2649 2270 2694 2319 εἰ
2715 2275 2737 2301 ⁸
2758 2265 2893 2325 ἐντὸς
2923 2273 3021 2320 τῶν
3054 2265 3472 2323 ἓκκλησιαστικῶν

1882 2354 2166 2428 περιϐόλων
2210 2357 2575 2433 τιτρώσκεταιζ
2608 2354 2638 2414 ἦ
2682 2358 2804 2429 ποίᾳ
2854 2355 3196 2428 παραφυλακῇ
3245 2354 3475 2426 ἀσφαλής

1883 2443 2059 2509 ἔσται,
2079 2444 2229 2500 ὁπότε
2254 2467 2312 2500 σε
2340 2448 2544 2518 πάσχει
2567 2448 2679 2501 ἀντὶ
2705 2447 2919 2518 φύλακος
2947 2445 3158 2523 ἅρπαγα
3178 2462 3191 2509 ;
3215 2449 3301 2499 καί
3324 2443 3472 2506 ἄλλα.

1882 2540 2028 2612 φησίν
2068 2537 2093 2592 ό
2134 2540 2351 2614 Κύριος,
2394 2536 2513 2609 ἔχω
2563 2536 2824 2616 πρόϐατα,
2874 2537 3007 2612 ἅπερ
3054 2539 3145 2590 ούκ
3186 2534 3329 2591 ἔστιν
3372 2538 3475 2590 ἀπὸ

1880 2632 2072 2706 τούτου
2108 2638 2200 2685 τοῦ
2241 2631 2631 2706 προϐατειῖπος,
2676 2632 2882 2686 κάκεῖνα
2926 2629 3007 2685 δεῖ
3043 2651 3105 2701 με
3148 2638 3474 2702 καταγαγεῖν.

1881 2704 2087 2783 Ἐκεῖνος
2119 2720 2244 2777 ἄλλα
2280 2704 2640 2795 ἐπαγγέλλεται
2686 2724 2930 2794 ἀγαγεῖν,
2965 2724 3048 2775 σοι
3074 2720 3127 2776 δὲ
3159 2720 3292 2797 άπερ
3333 2716 3477 2792 εἶχες

1882 2814 2180 2869 ἀπόλλυται.
2221 2817 2283 2867 Εἰ
2325 2817 2411 2867 καὶ
2448 2814 2512 2868 τά
2554 2814 2779 2883 μάλιστα
2828 2812 3035 2887 φανερόν
3079 2813 3246 2876 ἐστιν,
3294 2812 3476 2872 ὁσάκις

1881 2912 2050 2960 ταῦτα
2092 2906 2393 2976 συμϐαίνει,
2429 2907 2485 2959 ού
2526 2908 2592 2960 τά
2632 2904 2869 2980 πρόϐατα
2907 2912 3021 2963 τοῖς
3048 2906 3320 2975 ποιμέσιν,
3350 2905 3476 2958 ἀλλά

1882 2996 2069 3065 μᾶλλον
2107 3004 2221 3055 τοῖς
2249 2995 2530 3070 προϐάτοις
2568 2996 2690 3054 τούς
2729 2994 2968 3065 ποιμένας
3010 2994 3344 3048 ἀπόλλυσθαι.
3378 2998 3476 3047 Καὶ

1882 3092 1973 3146 την
2004 3090 2164 3157 φωνήν
2188 3109 2318 3159 μου,
2352 3090 2521 3159 φησίν,
2554 3086 2875 3143 ἀκούσονται.
2928 3088 3019 3142 Διά
3057 3088 3135 3149 τί;
3165 3087 3251 3140 ἵνα
3274 3089 3477 3159 γίνηται

1883 3183 1975 3249 μία
2000 3181 2205 3249 ποίμνη.
2244 3182 2373 3255 Πρός
2408 3184 2499 3238 τὴν
2535 3180 2722 3234 ἐκείνου
2753 3183 2912 3253 φωνην
2942 3181 3033 3251 μία
3061 3180 3212 3251 άγίλη
3251 3184 3471 3253 γίνεται⁶

1809 3257 1851 3316 C
1886 3272 2013 3347 πρὸς
2044 3270 2096 3326 δὲ
2125 3276 2214 3330 τήν
2242 3276 2337 3330 σὴν
2366 3270 2674 3345 βλάπτεται,
2705 3270 2736 3330 ἦ
2762 3270 3120 3343 φυγαδεύεται.

1956 3364 2168 3440 Σκληρόν
2207 3364 2476 3430 ίστιν,ἷνα
2514 3365 2601 3420 ὶπί
2650 3366 2736 3419 σοί
2779 3362 2984 3440 ἁρμόσῃ
3024 3364 3088 3418 τά
3133 3362 3340 3435 ῥήματα
3386 3370 3477 3419 τοῦ

1885 3461 2145 3535 μακαρίου
2185 3459 2379 3513 Παύλου
2418 3458 2520 3512 ἀπὸ
2565 3466 2668 3513 τῶν
2706 3459 2940 3533 Πρόξεων
2988 3464 3090 3511 τῶν
3142 3456 3473 3511 άποστόλων’

1883 3552 2032 3622 Ἐγὼ,
2050 3552 2217 3622 φησίν,
2240 3545 2350 3603 οἶδα
2364 3546 2441 3603 ὅτι
2466 3546 2835 3603 εἰσελεύσονται
2861 3550 2990 3618 μετά
3021 3552 3113 3606 την
3136 3548 3255 3617 ἐμὴν
3268 3550 3451 3617 άναχώ
3466 3577 3479 3588 -

1885 3662 2033 3713 ρησιν
2059 3641 2203 3695 λύκοι
2247 3640 2430 3715 βαρεῖς
2470 3641 2579 3693 καθ’
2598 3641 2773 3710 ὑμῶν,
2806 3644 2876 3708 μὴ
2912 3637 3190 3711 φειδόμενοι
3227 3644 3317 3690 τοῦ
3355 3659 3472 3692 ποι-

1885 3736 2052 3803 μνίου.
2116 3731 2216 3803 Ἀφ’
2244 3732 2387 3803 ύμῶν
2446 3732 2824 3788 ἀναστήσονται
2891 3726 3143 3804 ἅνθρωποι
3208 3729 3476 3788 λαλοῦντες

1884 3821 2277 3895 διεστραμμένα.
2301 3822 2389 3874 ἵνα
2430 3822 2662 3892 ἀγάγωσι
2690 3821 2809 3879 τούς
2840 3820 3069 3891 μαθητάς
3100 3818 3268 3873 ὀπίσω
3294 3820 3471 3873 αὐτῶν.

1884 3919 2063 3967 Ταῦτα
2099 3911 2414 3981 ἠϐουλόμεθα
2457 3913 2601 3986 παρά
2640 3915 2737 3964 σοῦ
2780 3906 2978 3973 ἄλλοις,
3012 3910 3047 3969 ἦ
3088 3930 3174 3964 σοι
3220 3910 3474 3982 εἰρῆσθαί

1884 4002 2127 4059 διδακτέα
2156 4005 2257 4076 γάρ
2282 4000 2340 4061 ἦν
2365 4004 2509 4076 παρά
2536 4007 2653 4065 σοῦ,
2689 4002 2744 4053 ού
2772 4003 2997 4072 μαθητέα
3027 4021 3131 4063 σοι,
3168 3999 3301 4075 ἅπερ
3330 4000 3476 4072 λέγο-

1883 4119 1994 4170 μεν.
2023 4100 2112 4157 Τίς
2137 4098 2235 4172 γάρ
2261 4098 2419 4172 φέρει,
2454 4093 2781 4150 διδάσκεσθαι
2812 4095 3085 4149 ἐπίσκοπον
3128 4091 3266 4154 ὅπως
3297 4094 3476 4166 ὀφείλει

1884 4185 2011 4246 εἶναι
2055 4190 2389 4263 χριστιανόςς
2436 4188 2685 4257 ἐπιμελῶς
2724 4187 2958 4264 πρόσεχε
3004 4189 3074 4247 εἰς
3124 4186 3232 4241 οἷαν
3280 4186 3478 4261 αἳρεσιν

1884 4282 2136 4340 κέκλησαι.
2178 4281 2430 4356 Προκαλῇ,
2461 4278 2721 4351 διαϐάλλῃ.
2752 4287 3027 4355 κατηγορῇ·
3058 4280 3109 4333 τί
3134 4279 3329 4333 τούτοιν
3356 4279 3485 4353 ἱερεῖ

1884 4374 2097 4449 πρέπεις
2137 4374 2371 4448 σκληροῖς
2413 4372 2609 4445 σκληρά
2652 4369 2939 4443 ἀπόκρισις.
2992 4366 3043 4421 εἶ
3072 4389 3151 4427 τις
3190 4364 3293 4442 ἄρα
3340 4369 3478 4421 ἐστίν

1882 4462 2076 4537 ἄμυνα,
2104 4464 2271 4537 λόγοις
2300 4462 2629 4538 τιμωρεῖσθαι
2657 4462 2721 4515 τά
2757 4460 3053 4531 βλάσφημα.
3082 4455 3145 4511 Ἠ
3171 4458 3476 4528 ὑπολαμϐάα

1880 4577 1981 4616 νεις
2006 4553 2083 4611 ὅτι
2117 4557 2261 4625 ἡμεῖς
2290 4574 2385 4608 σου
2417 4552 2709 4625 φεισόμεθα,
2739 4549 2888 4605 ὁπότε
2934 4557 3026 4609 τῆς
3068 4548 3250 4603 ἕαυτοῦ
3287 4547 3473 4618 ψυχῆς

210 4642 349 4698 nibus
379 4643 511 4699 velis
537 4652 593 4698 et
627 4643 933 4712 praztcritis,
966 4653 1021 4697 et
1056 4645 1408 4715 prmsentibus
1434 4687 1448 4711 ,
1491 4655 1545 4700 et
1588 4646 1780 4701 futuris

1889 4648 2038 4708 αὐτὸς
2065 4648 2123 4701 ού
2153 4643 2323 4720 φείδῃ,
2355 4641 2409 4704 ὃς
2448 4646 2640 4703 πάντας
2674 4642 2826 4702 θέλεις
2866 4643 2991 4701 τοὺς
3017 4640 3307 4714 φθάσαντας
3337 4647 3361 4686 8
3390 4641 3474 4693 καί

205 4820 441 4888 loquitur,
480 4822 653 4876 nullas
676 4821 921 4893 inducias
952 4821 1313 4893 permittebat.
1346 4821 1516 4875 Immo
1546 4823 1611 4885 ad
1646 4839 1781 4893 prae-

208 4895 449 4961 scriptum
483 4893 696 4947 Domini
724 4891 912 4946 Matth.
949 4904 1100 4959 svnt,
1134 4891 1221 4960 15,
1252 4894 1577 4950 Coelestinus
1604 4891 1702 4949 bac
1728 4894 1782 4949 in

206 4978 254 5017 re
277 4981 332 5018 se
359 4974 545 5033 gessit.

268 5045 291 5070 ι
319 5032 481 5099 magis
511 5036 743 5100 placeret
772 5033 913 5102 quod
945 5032 1108 5089 habet
1143 5033 1364 5090 Grzecus
1393 5050 1594 5099 sermo,
1624 5053 1656 5088 a
1683 5052 1779 5089 ιιο-

204 5106 284 5156 stn'
324 5108 560 5160 societate
601 5106 825 5174 collegii,
861 5104 946 5159 vel
978 5105 1294 5174 simpliciter
1325 5116 1380 5160 ut
1410 5105 1569 5171 infra,
1598 5122 1654 5159 ιι.
1690 5108 1779 5171 10,

203 5189 231 5224 α
257 5188 420 5241 nostro
447 5175 685 5245 collegio.
717 5175 915 5229 Eadem
945 5176 1152 5229 ratione
1179 5176 1246 5230 de
1287 5177 1543 5231 limretico
1586 5176 1778 5231 eodem

205 5248 445 5313 Scriptum
484 5247 714 5316 legimus
756 5250 914 5314 epist.
960 5245 1020 5301 11
1062 5260 1116 5300 n.
1153 5245 1189 5299 4
1214 5264 1226 5299 :
1256 5247 1301 5301 Α
1327 5258 1497 5301 nostro
1523 5264 1638 5301 eum
1666 5264 1781 5300 cor-

206 5330 315 5395 pore
357 5321 486 5371 sciat
533 5334 641 5371 esse
684 5316 1077 5380 removendum;
1115 5326 1170 5372 et
1198 5319 1358 5387 epist.
1394 5316 1461 5371 12
1486 5334 1540 5372 ιι.
1568 5319 1643 5374 4:
1675 5322 1779 5371 Aut

205 5400 542 5459 (praceporum
572 5398 702 5442 cmtu
727 5397 970 5459 remotus,
1001 5399 1106 5459 etc.

266 5455 289 5493 δ
317 5455 387 5511 Ita
410 5458 592 5512 Baluz.
618 5474 737 5511 cum
762 5472 891 5512 mss.
907 5457 989 5530 At
1010 5457 1139 5512 editi
1164 5458 1277 5526 alii,
1302 5460 1456 5525 huius
1476 5461 1584 5530 uice
1603 5459 1774 5530 ofﬁcii.

204 5524 371 5581 Cra-ca
405 5531 582 5584 littera
620 5530 700 5583 sic
744 5528 1060 5596 simpliciter
1108 5524 1420 5584 reddenda:
1472 5524 1659 5584 Periit"
1686 5532 1775 5584 tibi

205 5610 287 5671 pro
324 5600 415 5671 tali
458 5600 742 5653 ministerio
770 5599 1021 5668 promissa
1052 5597 1333 5671 beatitudo.
1363 5601 1480 5655 Mox
1510 5616 1607 5669 pro
1636 5617 1775 5671 qua:-

202 5668 322 5745 siait,
344 5669 529 5745 Graeca
556 5671 927 5745 interpretatio
947 5669 1136 5745 suadet
1157 5672 1439 5745 legendum
1463 5668 1775 5745 eSseaequi-

203 5740 301 5790 sirit
327 5782 339 5799 .
382 5742 617 5795 maxime
663 5756 783 5793 cum
830 5741 893 5795 ad
923 5740 1082 5794 verba
1117 5742 1261 5795 Pauli
1294 5745 1411 5796 Act.
1442 5758 1533 5801 xx.
1564 5740 1654 5800 98.
1691 5743 1777 5795 bic

202 5811 378 5876 reSpici
419 5812 761 5865 manifestum
790 5812 874 5864 sit.
915 5810 1049 5867 Hinc
1077 5820 1130 5865 et
1158 5812 1314 5876 infra,
1352 5828 1405 5866 ιι.
1440 5812 1494 5870 7.
1533 5816 1777 5881 qrtmsitus

206 5890 289 5939 Dro
315 5884 590 5951 acquisitus
620 5882 853 5953 positum
885 5884 1219 5952 suspicamur
1242 5923 1257 5945 .
1306 5882 1777 5951 ευεριριοιιειιιιιιιο

1891 4833 2125 4878 ηοειιιιιιι
2152 4822 2433 4876 conﬁrmat
2458 4820 2595 4886 quod
2623 4836 2745 4873 mox
2769 4817 3030 4885 sequitur,
3060 4818 3331 4889 praemium
3360 4834 3475 4870 cou-

1888 4895 2122 4963 fessionis
2143 4895 2424 4964 a:quirere.
2456 4893 2613 4964 Cfrte
2636 4891 2687 4944 in
2715 4891 2884 4944 tribus
2908 4889 3011 4943 illis
3032 4891 3161 4943 locis
3183 4904 3290 4943 uno
3313 4889 3475 4942 vet-bu

1886 4964 2163 5043 κερδαίνειν.
2187 4962 2453 5043 interpres
2479 4962 2698 5017 Graecus
2728 4976 2853 5013 usus
2883 4972 3012 5043 est.-
3061 5029 3072 5043 Ι
3294 5029 3306 5040 ⁸

1962 5047 1985 5075 ε
2020 5035 2099 5088 Ad
2136 5029 2366 5089 litteram
2395 5033 2659 5096 Graecam,
2688 5047 2906 5101 namque
2930 5029 3023 5084 sub
3054 5029 3204 5084 labiis
3231 5029 3331 5083 tuis
3356 5036 3476 5081 sunt

1884 5122 1982 5213 ea,“
1999 5120 2247 5229 (iilzizinss.
2280 5174 2345 5227 At
2376 5172 2528 5235 editi,
2556 5172 2899 5226 mercenarius
2928 5180 2998 5223 est
3027 5168 3113 5235 qui
3143 5185 3261 5231 eas;
3292 5175 3348 5222 et
3387 5169 3471 5219 in-

1882 5246 1965 5300 fra
1993 5246 2266 5316 dispergis,
2295 5259 2393 5312 pro
2418 5244 2683 5316 discerpis.
2716 5248 2883 5295 Antea
2912 5257 3050 5294 more
3082 5241 3317 5309 luporum
3340 5238 3473 5291 inal-

1884 5311 2086 5373 lemus:
2114 5311 2271 5384 quam
2300 5311 2394 5382 pro
2424 5311 2583 5377 lupis.

1959 5397 1983 5461 ξ
2013 5382 2180 5461 βαίη,
2213 5386 2399 5461 ἐντοῖς
2425 5384 2733 5461 περιϐόλοις.
2765 5382 3102 5461 corriguntur
3126 5396 3190 5461 (τε
3221 5394 3350 5461 mss.

1960 5456 1979 5495 ῐ
2013 5457 2068 5511 Ir.
2096 5456 2322 5521 vulgatis
2346 5446 2550 5525 obtin'et
2575 5454 2760 5525 Gra-ce
2788 5454 2854 5506 σὺ
2885 5450 2939 5525 δέ
2967 5450 3115 5525 ἅπερ-
3137 5446 3279 5525 εἶχεν
3306 5449 3474 5525 Δδεινολ-

1880 5529 2036 5594 λύεις,
2068 5536 2124 5581 tu
2150 5519 2322 5580 autem
2347 5541 2472 5594 quas
2501 5523 2715 5577 habebat
2761 5523 2949 5591 perdis.
2994 5519 3317 5594 At'lectioni
3362 5519 3468 5594 La:

1886 5588 2008 5655 time
2023 5588 2392 5653 consentanea
2421 5604 2502 5650 est
2530 5595 2713 5651 Graaca
2742 5588 2792 5645 in
2824 5606 2953 5646 mss.
2987 5593 3171 5656 regiis.
3203 5593 3301 5645 nisi
3326 5588 3471 5660 quod

1886 5670 1937 5723 in
1984 5672 2069 5723 bis
2112 5667 2367 5723 mendose
2416 5675 2597 5721 exstet
2633 5666 2698 5721 σύ
2737 5662 2822 5726 δὲ.
2874 5678 2969 5731 pro
3008 5665 3091 5719 σοὶ
3116 5661 3194 5720 δέ.
3227 5661 3474 5718 Nostram

1884 5740 2272 5796 correctionem
2305 5738 2540 5792 subnexa
2569 5735 2907 5791 conﬁrmant.

1960 5820 1985 5858 σ
2028 5812 2081 5867 In
2110 5826 2236 5866 mss.
2269 5825 2376 5865 non
2403 5818 2574 5865 exstat
2606 5810 2693 5864 καί
2718 5809 2836 5868 τοὺς
2863 5803 3150 5880 παρόντας.
