3970 6180
209 4452 215 4462 ·
246 4432 408 4486 fuisse
432 4446 700 4487 acceptas.

209 4452 215 4462 ‘
246 4449 408 4486 luisse
432 4449 700 4502 acceptas.
729 4449 974 4487 nortsms
1007 4449 1226 4502 qutaem
1274 4449 1393 4485 loco
1423 4449 1661 4493 tauuato,
1699 4449 1824 4484 (tum
1934 4449 2064 4483 nens
2084 4449 2169 4482 eos
2194 4449 2374 4482 contra
2399 4449 2686 4480 aocsnnam
2710 4449 2938 4480 nestoru
2970 4449 3167 4493 tortile!"
3196 4449 3352 4487 Stare,
3384 4449 3522 4500 ejus.

200 4526 207 4547 ι
242 4502 400 4568 istud,
438 4505 678 4571 vutjdus
707 4502 1022 4570 Decembris,
1056 4518 1177 4557 cum
1211 4501 1456 4569 proximo
1488 4504 1654 4555 verbo
1680 4518 1828 4555 acce-
1856 4509 1907 4567 D
1931 4517 2031 4571 que
2054 4500 2435 4571 persecutiones
2456 4502 2711 4571 patienter
2754 4498 2907 4566 ferre,
2939 4514 3055 4571 qua:
3076 4501 3275 4571 [ructus
3299 4499 3522 4565 a/Trrunt

280 240 355 293 £85
577 235 794 293 EHS'I'.
840 238 974 292 XIV.
1020 237 1416 295 COELESTINI
1460 237 1663 293 PAPE
1707 239 1798 293 AD
1838 238 2116 295 CLERUM
2162 241 2245 296 ET
2296 240 2617 299 PCPULUM
2658 243 3203 304 CONSTANTINUP.
3427 255 3533 311 £86

281 353 553 409 Theodosio
595 370 691 409 xm
741 364 795 411 et
845 355 1219 409 Valentiniano
1250 370 1307 408 ιιι
1349 356 1592 425 angustis
1639 370 1832 410 consu-

1943 358 2094 412 λουσι
2114 358 2171 413 τὸ
2197 359 2562 430 πραττόμενον,
2600 358 2774 421 ἓσάκις
2808 369 2830 397 ³
2913 365 3030 438 περὶ
3051 371 3217 420 κοινοῦ
3236 368 3538 445 πράγματος

278 447 405 501 libus.

1946 450 1977 506 ἠ
2010 447 2207 521 σκέψις.

1596 555 1621 595 δ
1662 556 1994 612 EPISTOLA
2035 556 2151 610 XIV

878 661 1176 702 C(ILES'I’INI
1225 662 1372 702 ΡΑΡΔΕ
1414 663 1431 701 ι
1472 663 1538 701 ΑΙ)
1576 661 1791 701 ειειιυιι

1941 661 2178 701 Ροινυιυιι
2204 661 2887 707 (ΞΟΝΕΤΔΝΤΙΝΟΡΟῌΤΔΝῸΗ.

276 738 698 817 Cultor-laturum
726 737 997 817 populum,
1023 747 1078 790 ut
1109 740 1160 790 in
1189 738 1429 817 doctrina
1456 739 1607 817 sibila
1632 738 2130 817 majoribus_tradita
2156 750 2457 817 constanter
2487 755 2787 810 perseveret,
2820 763 2880 798 ac
2910 764 3065 802 novas
3108 752 3324 817 repellat
3347 754 3535 810 Nesto-

328 814 381 861 rii
401 810 707 888 intpietates,
753 820 859 888 turn
883 810 1096 888 clerum,
1149 818 1201 860 ut
1223 825 1317 888 pro
1356 810 1458 876 ﬁde
1506 810 1750 888 adversus
1780 808 2009 862 eumdem
2027 810 2242 888 _[ortiter
2271 821 2443 888 certet,
2466 828 2722 888 (erumnas
2762 808 3008 883 patienter
3053 808 3216 888 ferat,
3246 840 3335 877 nec
3362 808 3534 880 timeat

328 882 517 933 exsilia.
562 879 778 932 lrritam
807 880 1033 931 declarat
1050 881 1354 932 sententiam
1356 896 1487 1002 ἐμω
1518 878 1788 932 Nestorius
1837 880 2116 932 nonnullos
2164 884 2239 932 vel
2288 881 2399 934 loco
2443 900 2533 936 suo
2572 883 2649 935 vel
2688 878 3340 959 communione'dejec'erat.
3391 878 3534 952 Vites

329 969 442 1002 suos
470 949 668 1002 Curit'io
698 950 1008 1002 commisisse
1032 966 1086 1002 se
1114 951 1336 1002 nuntiat.
1408 962 1423 1002 t
1455 950 1522 1001 ad
1548 951 1755 1002 calcem.
1789 950 2050 1002 sementim
2097 950 2339 1002 adversus
2384 951 2680 1002 Nestorium
2705 957 2820 1002 [οισι
2852 962 3065 1002 formam
3089 964 3294 1002 ςηιιειρῑι

1408 962 1423 1003 ι

329 969 442 1004 suos
470 949 668 1020 Cyrit'io
698 950 1008 1003 commisisse
1032 966 1086 1003 se
1114 951 1336 1002 nuntiat.

276 1071 615 1124 fmus-rusus
654 1064 943 1133 episcopus
975 1063 1329 1132 presbyteris,
1361 1061 1698 1128 diaconibns,
1727 1062 1840 1117 cle-

336 1142 473 1203 ricis,
508 1137 601 1190 Dei
648 1136 847 1200 servis,
879 1144 935 1189 et
964 1134 1232 1188 catholico
1281 1135 1497 1202 populo,
1525 1134 1844 1203 degentibus

332 1206 803 1276 Constantinopoli
851 1205 1217 1259 dilectissimis
1245 1203 1506 1258 fratribus
1533 1203 1584 1258 iu
1621 1204 1844 1258 Domino

331 1281 576 1333 salutem.

336 1418 381 1470 i.
420 1414 501 1470 Ad
534 1429 632 1469 eos
657 1413 749 1483 qui
800 1412 1003 1467 faciunt
1050 1411 1351 1467 Ecclesiam
1384 1423 1404 1450 ε
1436 1412 1566 1467 mihi
1598 1414 1845 1467 locnturo

274 1509 349 1563 det
371 1508 703 1577 apostolicus
733 1520 917 1560 sermo
946 1505 1291 1574 principium,
1317 1514 1373 1559 ut
1399 1505 1571 1560 sancti
1597 1504 1847 1574 discipuli

277 1599 412 1663 prius
463 1600 688 1653 audiant
738 1598 878 1651 illius
907 1598 997 1667 qui
1046 1598 1363 1667 praedicavit
1407 1598 1654 1667 gentibus
1682 1598 1843 1652 verba

274 1691 526 1745 dor-toris:
552 1689 754 1744 Prwter
775 1690 869 1743 illa
898 1705 1012 1760 qua:
1038 1698 1183 1754 sunt,
1209 1690 1383 1758 inquit
1410 1690 1739 1751 extrinsecus,
1765 1691 1845 1742 in-

272 1786 445 1837 stantia
492 1800 605 1836 mea
630 1783 958 1852 quotidiana,
988 1782 1287 1835 sollicitudo
1325 1783 1555 1835 omnium
1580 1781 1843 1836 Ecclesia-

1455 950 1522 1001 ad
1548 951 1755 1015 calcem,
1789 950 2050 1003 sementim
2097 950 2339 1005 adversus
2384 951 2680 1006 Nestorium
2705 957 2820 1009 latce
2849 962 3065 1026 formam
3089 950 3316 1031 subjicit.

1952 1063 2235 1151 εελεστῖνες
2268 1067 2556 1151 ἐπίσκοπος
2576 1070 2986 1151 πρεσϐυτέροις.
3030 1072 3298 1140 διακόνοις,
3338 1080 3496 1151 κλήρῳ

2018 1140 2144 1188 Θεοῦ
2178 1133 2377 1213 δομῦλοις
2400 1140 2480 1190 καί
2506 1128 2746 1208 καθολικῷ
2772 1128 2871 1211 Facit
2902 1141 3163 1213 διάγουσιν
3190 1128 3528 1207 ἐν’έοιινσῖίτοίνζ

2016 1207 2321 1269 τινουπόλει,
2355 1209 2646 1279 ἀγαπητοῖς
2677 1207 2903 1284 ἀδελφοῖς
2925 1215 2974 1266 ἐν
2992 1207 3158 1289 inpia:
3183 1222 3408 1293 χαίρειν.

2023 1408 2153 1480 Πρὸς
2181 1409 2396 1470 τούτους
2422 1432 2508 1481 μοι
2534 1409 2999 1486 διαλεχθησομένῳ.
3024 1418 3218 1481 οἵτινες
3247 1419 3535 1483 ’Ἐκκλησίαν

1947 1503 2073 1551 Θεοῦ
2103 1505 2335 1566 ποιοῦσι,
2363 1503 2639 1575 παράσχοι
2664 1504 2688 1558 ὁ
2715 1506 3047 1568 ἀποστολικός
3076 1509 3220 1582 λόγος
3245 1517 3531 1589 προοίμιον,

1944 1588 2027 1641 ἵνα
2053 1588 2098 1642 oi
2141 1590 2365 1652 εὐλαϐεῖς
2413 1596 2633 1663 μαθηταῖ
2669 1606 2872 1673 πρῶτον
2910 1601 3192 1656 ἀκούσωσιν
3224 1606 3407 1661 ἐκείνου
3443 1616 3535 1665 τοῦ

1948 1678 2254 1736 διδασκάλου
2282 1686 2347 1738 τά
2376 1687 2600 1761 ῥήματα,
2640 1684 2694 1747 ὃς
2722 1697 2829 1743 τοῖς
2856 1688 3049 1746 ἔθνεσιν
3082 1694 3332 1771 ἐκήρυξεν
3364 1702 3536 1761 Ἐκτός

1947 1772 2159 1833 ἐκείνων,
2192 1778 2363 1846 φησίν,
2397 1775 2529 1851 ἅπερ
2555 1779 2693 1834 ἐστίν
2720 1777 2921 1845 ἔξωθεν,
2952 1784 2983 1840 ἡ
3011 1783 3220 1853 ἐπιμονὴ
3243 1809 3342 1857 μου
3371 1795 3535 1861 labri.

272 1893 373 1929 rum
404 1877 468 1948 (ll
495 1877 615 1930 Cor.
646 1892 721 1937 χι,
753 1875 867 1945 28).
920 1874 990 1929 Ει
1030 1890 1253 1942 rursus,
1293 1875 1424 1940 Quis
1452 1876 1769 1945 inﬁrmatur,
1799 1894 1832 1930 ei

1951 1871 2145 1939 μερινὴ,
2178 1869 2208 1925 ἡ
2238 1872 2440 1942 φροντίς
2470 1878 2650 1925 πασῶν
2684 1879 2784 1927 τῶν
2827 1873 3112 1932 ἐκκλησιῶν.
3139 1880 3227 1930 Καὶ
3250 1880 3417 1933 πάλιν·
3449 1886 3536 1941 Τίς

272 1986 351 2037 ego
380 1986 478 2021 non
507 1969 784 2034 inﬁt-mor?
808 1969 933 2033 Quis
964 1968 1373 2033 scandalizatur,
1403 1979 1451 2022 et
1472 1985 1564 2041 ego
1595 1986 1695 2022 non
1724 1986 1845 2022 uror

274 2058 447 2127 (lbid.,
481 2059 613 2127 29)?
642 2060 718 2114 lta
750 2069 805 2114 et
834 2074 954 2125 nos,
1002 2059 1128 2114 licet
1172 2061 1332 2129 longe
1374 2061 1555 2129 positi,
1592 2061 1681 2114 ubi
1722 2077 1844 2129 per-

244 2200 247 2205 .
276 2154 515 2207 versitate
546 2154 811 2208 doctrinae
841 2154 1193 2223 cognovimus
1223 2163 1404 2209 nostra
1432 2155 1671 2210 membra
1702 2155 1844 2211 lace-

270 2246 381 2311 rari,
398 2256 615 2313 paterna
638 2247 1012 2301 sollicitudine
1034 2260 1133 2301 nos
1156 2258 1344 2302 urente
1363 2264 1456 2314 pro
1475 2248 1648 2313 vobis,
1667 2249 1844 2303 alieno

280 2336 605 2405 llagravimus
634 2337 913 2402 incendio;
948 2337 1078 2392 licet
1107 2338 1249 2393 inter
1279 2340 1548 2396 Ecclesias
1577 2340 1690 2403 Dei,
1724 2356 1843 2407 qua:

267 2427 311 2479 iu
338 2444 495 2481 unum
522 2428 726 2482 Christi
771 2429 1064 2483 thalamum
1104 2430 1304 2499 ubique
1334 2429 1673 2498 referuntur,
1710 2432 1843 2486 nihil

268 2520 417 2588 longe
444 2521 533 2584 sit,
567 2519 699 2574 nihil
727 2529 1016 2575 censeatur
1042 2522 1299 2576 alienum.
1331 2524 1464 2576 Cum
1496 2538 1630 2593 ergo
1658 2533 1842 2580 nostra

266 2610 459 2665 viscera
491 2612 628 2677 sitis,
673 2612 797 2681 jure
828 2614 1237 2683 trepidavimus,
1272 2631 1338 2668 ne
1376 2616 1533 2670 ﬁdem
1561 2626 1792 2671 vestram
1820 2658 1836 2684 ,

264 2716 380 2769 qua:
401 2703 595 2774 ubique
624 2705 967 2773 prmdicatur,
995 2722 1024 2759 a
1047 2707 1259 2760 tramite
1282 2707 1522 2761 veritatis
1552 2709 1840 2763 insinuatio

262 2796 392 2849 male
419 2794 661 2850 docentis
689 2807 915 2851 avertat.
964 2797 1099 2851 Nam
1127 2796 1411 2851 Nestorius
1454 2798 1740 2869 episcopus
1771 2800 1839 2856 de

260 2888 490 2957 virgineo
517 2899 673 2958 partu
702 2898 756 2944 et
782 2891 849 2944 de
873 2890 1155 2944 divinitate
1185 2889 1387 2945 Christi
1418 2890 1511 2945 Dei
1539 2890 1838 2947 Salvatoris

260 2964 444 3043 nostri,
473 2980 625 3033 velut
655 2980 774 3049 ejus
801 2981 1122 3035 reverentia:
1151 2990 1205 3035 ct
1245 2982 1550 3035 communis
1598 2983 1835 3036 omnium

258 3071 437 3125 salutis
464 3071 685 3135 oblitus,
722 3072 947 3127 nefanda
977 3072 1254 3142 pra'dicat,
1276 3074 1493 3127 vitanda
1520 3073 1831 3143 persuadet,

260 3163 393 3215 sicut
418 3174 469 3216 et
506 3163 624 3232 ejus
674 3164 872 3232 scripta
919 3164 987 3218 ad
1045 3179 1146 3219 nos
1190 3164 1258 3218 ab
1285 3165 1401 3233 ipso
1439 3180 1562 3219 cum
1617 3166 1833 3233 pr0pria

1947 1958 2166 2023 ἀσθενεῖ,
2200 1963 2282 2012 καὶ
2331 1962 2418 2013 ούκ
2468 1962 2690 2027 ἀσθενῶς
2724 1963 3299 2032 τίςσκανδα).ίζεται,καὶ
3317 1974 3407 2024 οὐκ
3440 1974 3536 2043 ἐγώ

1946 2053 2183 2120 καίομαι;
2215 2050 2351 2105 οὕτω
2381 2055 2463 2104 καί
2491 2054 2659 2124 ἡμεῖς,
2693 2057 2737 2107 εἰ
2772 2062 2855 2108 καὶ
2882 2058 3059 2131 πορῥω
3095 2055 3254 2119 ὄντες,
3287 2064 3355 2120 ὡς
3381 2064 3534 2135 ἐγνώ-

1945 2162 2100 2210 καμεν
2126 2144 2342 2196 ἐνταῦθα
2386 2141 2665 2218 διαστροφῇ
2695 2144 3023 2207 διδασκαλίας
3052 2152 3117 2203 τά
3154 2153 3375 2227 ἡμέτερα
3412 2156 3533 2227 μέλη

1944 2230 2444 2308 διασπαράττεσθαι,
2484 2246 2733 2314 πατρικῆς
2760 2239 3014 2310 φροντίδος
3052 2244 3187 2313 ἡμᾶς
3232 2246 3365 2321 ὑπὲρ
3392 2248 3534 2317 ύμὼν

1943 2329 2211 2392 καιούσης,
2242 2328 2485 2404 ἀλλοτρίῳ
2532 2335 2659 2404 πυρί
2701 2332 3095 2402 ἐνεπρήσθημεν·
3126 2338 3171 2388 εἰ
3215 2340 3300 2390 καί
3338 2341 3405 2392 τά
3431 2342 3533 2410 μά-

1943 2419 2094 2473 λιστα
2140 2422 2283 2496 παρὰ
2324 2429 2441 2482 ταῖς
2468 2422 2751 2483 ἐκκλησίαις
2789 2431 2879 2477 τοῦ
2922 2432 3072 2487 Θεοῦ,
3115 2428 3169 2481 αἶ
3193 2452 3325 2492 τινες
3352 2436 3423 2491 εἰς
3450 2431 3536 2487 ἶνκ

1943 2515 2162 2586 θάλαμον
2176 2523 2399 2593 Χριστοῦ
2416 2525 2694 2589 πανταχοῦ
2716 2521 3066 2595 ἀναφέρονται,
3089 2526 3139 2577 τί
3160 2518 3218 2576 ἀν
3239 2522 3311 2581 εἴη
3334 2527 3532 2600 πόρῤω,

1942 2611 1993 2662 τί
2016 2606 2068 2661 δὲ
2095 2611 2353 2679 νομισθείη
2379 2601 2665 2687 ἀλλότριον;
2697 2609 2852 2667 ὄντων
2883 2610 2967 2668 οὖν
2995 2616 3136 2685 ὑμῶν
3159 2620 3416 2693 ἡμετέρων
3447 2642 3537 2692 μισ

1941 2700 2053 2760 λῶν.
2086 2700 2291 2763 δικαίως
2322 2706 2690 2775 ἠγωνιάσαμεν.
2721 2712 2789 2775 μὴ
2819 2716 2910 2765 την
2938 2709 3189 2783 ὑμετέραν
3219 2715 3412 2771 πίστιν.
3445 2720 3534 2773 τήν

1940 2800 2220 2861 πανταχοῦ
2247 2798 2647 2869 κηρυττομένην,
2685 2797 2785 2850 ἀπὸ
2827 2806 2918 2857 τῆς
2949 2798 3081 2852 ὁδοῦ
3106 2809 3197 2861 τῆς
3242 2803 3473 2865 ἀληθείας
3504 2810 3534 2864 ἡ

1939 2882 2227 2954 ἐνδελέχεια
2251 2892 2339 2940 τοῦ
2366 2895 2535 2948 κακῶς
2560 2887 2881 2949 διδάσκοντος
2912 2891 3248 2967 ἀποστρέψῃ,
3266 2896 3534 2973 Νεστὸριος

1939 2978 2037 3053 γάρ
2062 2975 2087 3030 ὁ
2114 2978 2393 3037 ἐπίσκοπος
2416 2982 2645 3054 περὶτοῦ
2677 2981 2983 3054 παρθενικοῦ
3010 2982 3158 3036 τόκου
3190 2987 3271 3036 καὶ
3298 2990 3415 3062 περί
3443 2996 3533 3047 τῆς

1938 3070 2168 3129 θεότητος
2189 3076 2278 3124 τοῦ
2300 3077 2523 3146 Χριστοῦ
2546 3079 2636 3125 τοῦ
2660 3079 2785 3126 Θεοῦ
2808 3077 2891 3126 καὶ
2912 3083 3145 3146 σωτῆρος
3166 3078 3304 3147 ἡμῶν
3351 3080 3529 3151 ὥσπερ

1937 3168 2026 3216 τοῦ
2068 3163 2396 3233 σεϐάσματπ
2417 3166 2593 3227 αὐτοῦ,
2626 3169 2707 3218 καί
2733 3173 2825 3224 τῆς
2853 3175 3014 3226 κοινῆς
3040 3170 3242 3223 πάντων
3268 3176 3528 3246 σωτηρίας

260 3252 645 3323 subscriptione
678 3255 1020 3321 transmissa,
1066 3254 1205 3309 sicut
1244 3256 1408 3310 etiam
1441 3256 1631 3309 relatio
1659 3258 1831 3311 sancti

1941 3253 2340 3317 ἐπιλελησμένος,
2370 3256 2586 3325 ἀθέμιτα
2614 3257 2876 3329 κηρύττει,
2925 3260 3136 3331 φευκτέα
3165 3262 3528 3331 συμϐουλεύει.

257 3342 429 3398 fratris
445 3357 496 3399 et
517 3345 827 3414 coepiscopi
853 3345 960 3400 mei
983 3343 1168 3417 Cyrilli
1200 3361 1294 3415 per
1316 3346 1480 3402 lilium
1513 3362 1688 3401 meum
1718 3348 1835 3402 dia-

255 3450 437 3490 conum
487 3436 834 3492 Posidonium
863 3437 931 3492 ad
956 3453 1044 3492 me
1097 3440 1260 3492 missa
1309 3438 1577 3506 patefecit.
1626 3438 1829 3505 Quibus

256 3527 493 3582 omnibus
517 3529 825 3598 recensitis,
855 3544 1104 3599 magnam
1134 3530 1513 3600 vitandamqne
1558 3532 1831 3599 perversi-

257 3629 405 3675 tatem
450 3621 630 3690 impia:
685 3620 1085 3690 praedicationis
1138 3622 1463 3676 invenimus.
1526 3621 1825 3677 Humanam

254 3716 388 3766 enim
434 3714 485 3767 in
516 3715 735 3769 Christo
762 3725 951 3769 nosuo
972 3710 997 3750 δ
1022 3714 1244 3770 discutit
1284 3714 1632 3782 divinamque
1668 3725 1828 3770 natu-

255 3818 384 3868 ram,
408 3822 547 3860 nunc
577 3807 754 3862 solum
782 3806 1075 3872 hominem,
1110 3821 1253 3861 nunc
1280 3806 1328 3861 ei
1355 3807 1673 3862 societatem
1702 3807 1823 3875 Dei,

252 3899 451 3963 quoties
478 3908 655 3953 tamen
675 3899 944 3967 dignatur,
969 3900 1274 3969 assignans.
1298 3897 1404 3954 Sed
1432 3914 1555 3963 nos,
1579 3897 1719 3953 sicut
1744 3898 1825 3953 Je-

249 4080 447 4145 fuisset,
473 4092 739 4150 postquam
765 4082 960 4136 litteras
990 4078 1248 4135 Caelestini
1265 4117 1278 4132 .
1298 4114 1313 4131 .
1331 4118 1345 4131 .
1369 4080 1563 4150 accepit
1584 4077 1827 4133 vntidus.

248 4151 412 4206 Porro
440 4148 501 4206 ex
532 4148 655 4207 mox
693 4153 835 4207 dicta
867 4164 991 4206 nota
1033 4151 1290 4204 discimus
1325 4151 1421 4203 has
1448 4148 1729 4203 leestini
1760 4149 1827 4202 ad

242 4220 540 4276 Nestorium
578 4224 785 4277 litteras
812 4224 956 4291 prius
979 4223 1043 4275 ad
1066 4221 1327 4291 Cyrillum
1353 4233 1511 4291 quam
1545 4218 1610 4291 ad
1640 4217 1830 4274 Nesto-

242 4293 376 4345 rium
407 4294 573 4347 fuis~e
618 4287 837 4356 missas,
868 4307 1065 4363 easque
1091 4287 1618 4363 a'_l_‘iestorici_Cyrilli
1662 4304 1825 4363 opera

242 4377 359 4416 cum
375 4364 494 4417 aliis
517 4364 687 4431 ip~ius
710 4364 901 4487 tiqyrilli
923 4360 1110 4416 ultimo
1132 4360 1456 4415 Novembris
1470 4363 1558 4414 die
1579 4362 1702 4413 anni
1722 4361 1828 4415 450

246 4432 408 4486 fuisse
432 4446 700 4487 acceptas.
777 4435 974 4487 orisius
1007 4431 1226 4487 quidem
1274 4431 1393 4485 loco
1423 4432 1661 4487 laudato.
1699 4431 1824 4484 dum

777 4435 974 4487 orisius
1007 4431 1226 4502 quidem
1274 4431 1393 4502 loco
1423 4432 1661 4493 laudato,
1699 4431 1824 4484 dum

246 4576 331 4637 pit.
368 4566 471 4628 non
500 4566 622 4628 cdtn
661 4566 1031 4641 superioribus
1056 4566 1225 4626 sermo
1256 4575 1310 4624 in
1345 4572 1559 4626 ecclesia
1584 4572 1784 4624 habitus
1807 4614 1824 4640 ,

246 4648 471 4711 copulat,
501 4646 704 4699 litteras
731 4645 850 4698 illas
889 4654 1045 4699 sexto
1077 4643 1388 4697 Decembris
1415 4642 1626 4697 censuit
1675 4658 1829 4697 acce-

248 4725 376 4779 ptas.
409 4716 514 4770 Sed
549 4716 649 4769 hoc
693 4716 1015 4774 dietntttum
1055 4713 1291 4769 Nestorii
1330 4727 1637 4766 sermonem
1673 4712 1827 4767 habi-

251 4794 351 4837 tmn
380 4788 449 4839 ibi
479 4787 702 4839 iudicari
726 4788 915 4838 suadet
944 4794 1052 4838 tum
1100 4786 1312 4838 nativus
1355 4783 1615 4836 orationis
1646 4784 1782 4838 ordo
1806 4826 1821 4849 ,

251 4866 350 4907 tum
374 4858 607 4909 maxime
636 4871 753 4924 qua:
781 4857 939 4910 simul
970 4864 1190 4923 accepta
1222 4863 1304 4908 est
1328 4854 1512 4925 Cyrilli
1541 4854 1607 4907 ad
1638 4856 1825 4925 Nesto-

252 4929 375 4978 rium
403 4927 631 4996 epistola
664 4927 942 4996 synodica,
994 4934 1179 4994 utpote
1201 4940 1319 4993 qua:
1346 4923 1468 4978 data
1494 4927 1682 4977 mensis
1711 4923 1826 4978 Νο-

250 4998 448 5051 rembris
478 4998 563 5049 die
590 4996 659 5050 50
679 4998 861 5051 indici.
897 4996 962 5049 14
986 4998 1038 5050 in
1062 4998 1314 5049 omnibus
1345 5012 1474 5049 mss.
1506 5003 1740 5062 notatur,
1769 5005 1824 5050 ut

250 5068 424 5133 Steph.
453 5067 701 5120 Baluzius
732 5082 857 5120 nov.
893 5066 1018 5120 coll.
1053 5066 1247 5121 concil.
1285 5081 1402 5134 pag.
1437 5064 1542 5117 422
1568 5065 1824 5119 observa~

248 5148 333 5187 vit.
357 5136 429 5190 ιει
456 5139 598 5191 enim
632 5138 852 5191 verbum
884 5137 1027 5199 datu,
1063 5148 1117 5190 ut
1150 5139 1287 5190 idem
1320 5152 1400 5189 Vll'
1431 5135 1674 5189 eruditus
1710 5152 1823 5188 mo-

248 5208 372 5277 nuit,
403 5222 505 5260 non
529 5216 763 5273 tempus
794 5221 905 5277 quo
935 5208 1135 5275 scripta
1160 5219 1243 5262 est
1286 5206 1536 5274 epistola.
1589 5206 1684 5259 scd
1718 5222 1822 5273 quo

249 5274 479 5331 .‘iestorio
501 5278 696 5331 tradita
720 5274 825 5340 est,
847 5287 900 5333 et
923 5293 988 5331 ex
1009 5274 1115 5347 quo
1137 5279 1324 5333 decem
1346 5278 1680 5331 induciarutn
1708 5279 1824 5332 dies

249 5349 549 5401 numerandi
580 5359 756 5409 erant.
786 5349 1055 5418 designat.

310 5426 333 5497 ξι
359 5418 409 5497 in
434 5434 573 5497 mss.
600 5420 753 5497 deest

307 5488 332 5524 ⁸⁵
363 5489 415 5543 in
446 5490 683 5545 editione
710 5488 869 5544 litim.
907 5499 1123 5544 notatur
1151 5507 1177 5544 e
1210 5488 1484 5544 Cresconio
1516 5490 1702 5549 Latine
1730 5488 1823 5545 de-

240 5562 448 5627 scripta.
477 5562 696 5615 Latinus
719 5562 807 5614 ille
841 5571 1043 5626 textus,
1066 5560 1154 5630 qui
1182 5576 1322 5615 nunc
1342 5576 1370 5613 a
1394 5576 1551 5630 quam
1579 5560 1824 5630 plurimis

242 5631 439 5685 tuendis
463 5636 796 5687 emaculatus
830 5631 1029 5698 prodit,
1080 5647 1109 5684 a
1150 5632 1341 5700 Steph.
1377 5632 1596 5685 Baluzio
1624 5633 1688 5683 ad
1715 5646 1823 5687 tres

240 5714 357 5755 mss.
386 5718 446 5759 ac
478 5701 772 5759 novissime
794 5718 821 5755 ιι
851 5701 1005 5757 nobis
1029 5704 1094 5757 ad
1120 5702 1446 5757 Navarreum
1472 5713 1694 5758 exactus
1717 5712 1820 5758 est.

1937 3346 2005 3403 ὡς
2025 3346 2195 3399 καίτά
2220 3347 2498 3418 γράμματα
2518 3348 2669 3400 αὐτοῦ
2698 3356 2806 3419 μετ’
2829 3346 2957 3408 ἰδίας
2978 3350 3274 3426 ὑπογραφῆς
3298 3355 3541 3410 ἀποστα-

1933 3434 2079 3489 λέντα
2106 3436 2245 3505 ἡμῖν.
2276 3438 2345 3495 ὡς
2388 3438 2472 3489 καί
2521 3438 2551 3494 ἡ
2592 3438 2819 3513 ἀναφορά
2859 3445 2947 3492 τοῦ
2988 3440 3137 3513 ἀγίου
3185 3441 3398 3514 ἀδελφοῦ
3448 3450 3531 3500 καί

1935 3526 2311 3581 συνεπισκὸπου
2340 3547 2441 3597 μου
2466 3527 2703 3601 κυρίλλου
2736 3527 2819 3582 διά
2843 3536 2937 3582 τοῦ
2979 3532 3093 3584 υἱοῦ
3131 3553 3233 3601 μου
3275 3534 3530 3588 Ποσειδω-

1930 3623 2037 3675 νίου
2066 3626 2157 3675 τοῦ
2198 3619 2430 3675 διακόνου
2473 3624 2605 3690 πρὸς
2649 3622 2733 3692 ἐμὲ
2778 3622 3133 3677 ἀποσταλεῖσα
3172 3623 3412 3689 ἐδίδαξεν.
3436 3624 3530 3681 Ὧν

1933 3718 2136 3771 πάντων
2163 3716 2601 3788 ἀναγνωσθέντων,
2637 3716 2885 3789 μεγίστην
2908 3720 2991 3769 καί
3009 3720 3251 3788 φευκτίαν
3281 3717 3529 3796 διαστρο-

1932 3814 2024 3881 φὴν
2046 3807 2267 3865 ἀσεϐοῦς
2294 3810 2617 3881 κηρύγματος
2638 3806 2941 3881 εὑρήκαμεν.
2973 3812 3072 3865 Τήν
3093 3810 3192 3885 γὰρ
3217 3810 3528 3885 ἀνθρωπίνην

1930 3901 2016 3953 καὶ
2039 3903 2129 3956 τὴν
2157 3897 2292 3950 θείαν
2330 3896 2481 3968 φύσιν
2518 3896 2567 3948 ἐν
2605 3902 2679 3968 τῷ
2720 3902 2927 3969 Χριστῷ
2978 3897 3247 3973 ἀνακρίνει,
3273 3906 3362 3953 νῦν
3380 3902 3526 3971 μόνον

1940 4075 2111 4130 Textu
2142 4073 2333 4128 eodem
2362 4086 2493 4144 usus
2524 4082 2628 4144 est,
2651 4072 2907 4128 Nicolaus
2938 4073 2956 4128 Ι
2988 4075 3145 4144 epist.
3176 4075 3227 4137 8,
3254 4077 3321 4131 ιο
3348 4088 3399 4131 et
3430 4078 3521 4135 45.

1940 4147 2186 4201 Graecum
2217 4161 2247 4198 e
2277 4142 2502 4198 Concilii
2539 4143 2791 4213 Ephesini
2818 4156 2955 4213 part.
2990 4142 3165 4212 t'cap.
3200 4148 3269 4201 19
3316 4155 3523 4203 exscri-

1939 4226 2087 4286 ptum
2113 4217 2179 4270 ad
2207 4216 2434 4270 duorum
2463 4230 2592 4287 mss.
2618 4217 2880 4284 regiorum
2905 4219 3059 4270 iidem
3086 4220 3522 4287 reetegnoiimus.

1938 4284 2127 4341 Totam
2165 4287 2449 4357 epistolam
2499 4284 2777 4340 Liberatus
2800 4288 2938 4340 diae.
2970 4302 3021 4340 c.
3056 4288 3089 4342 5
3110 4289 3188 4341 sic
3214 4284 3521 4345 summatim

1936 4356 2281 4427 perstringit:
2308 4356 2527 4426 Scripsit
2556 4360 2602 4407 et
2626 4358 2694 4408 ad
2717 4359 2905 4428 clerum
2933 4357 3319 4428 Constantinnp.
3344 4364 3526 4415 admo-

1934 4426 2064 4483 nens
2084 4447 2169 4482 eos
2186 4426 2374 4482 contra
2399 4428 2686 4480 doctrinam
2710 4426 2939 4500 Nestorii
2970 4430 3167 4493 fortiter
3196 4426 3364 4500 stare,
3384 4437 3523 4500 ejus.

1939 4566 2276 4643 coronarunt;
2302 4571 2513 4643 scientes
2539 4566 2599 4620 ab
2628 4584 2687 4620 eo
2710 4566 3170 4643 excommunicatos
3193 4568 3273 4623 vel
3297 4572 3520 4643 defectos

1933 4641 1986 4694 in
2018 4642 2317 4709 apostolica:
2344 4639 2477 4692 sedis
2506 4654 2804 4709 permanere
2826 4640 3202 4692 communione.

2011 4723 2033 4750 θ
2066 4713 2220 4765 Adde
2243 4710 2359 4763 Dei.

2008 4782 2033 4818 ά
2060 4786 2190 4859 Cum
2224 4781 2444 4835 verbum
2475 4779 2720 4859 Graecum
2750 4781 2994 4859 ἀνακρίνει
3027 4782 3239 4859 prpprie
3277 4785 3517 4859 quastio-

1933 4868 2049 4905 nem
2071 4853 2256 4906 habere
2278 4862 2457 4916 sonet,
2488 4868 2592 4904 non
2619 4854 2757 4905 male
2781 4852 2881 4905 iste'
2908 4856 3053 4907 lncus
3084 4853 3269 4907 Latine
3301 4857 3378 4906 sic
3404 4855 3519 4908 red-7

1934 4924 2182 4977 deretur:
2212 4923 2285 4975 De
2304 4921 2533 4993 humana
2562 4923 2699 4974 enim
2728 4924 2781 4974 in
2804 4922 3006 4978 Christo
3035 4925 3307 4993 divinaque
3331 4935 3516 4977 natura

1930 5004 2263 5063 quaestionem
2292 4992 2464 5057 habet,
2498 5009 2633 5044 nunc
2659 4994 2825 5064 solum
2861 4994 3116 5047 hominem
3145 4992 3358 5064 (supple
3386 5011 3517 5047 asse-

1926 5069 2102 5134 rens),
2126 5080 2260 5117 nunc
2287 5063 2333 5117 ei
2380 5065 2675 5116 societatem
2706 5063 2822 5126 Dei,
2872 5066 3070 5133 quoties
3097 5064 3361 5132 dignatur,
3395 5081 3513 5118 con-

1922 5139 2163 5206 iungens.
2197 5136 2292 5186 Cui
2327 5134 2924 5206 interpretatiouiifavet
2953 5135 3076 5187 illud
3108 5151 3254 5187 num.
3286 5134 3320 5187 2
3351 5153 3364 5185 :
3393 5134 3511 5187 lm-

1930 5204 2069 5273 piain
2119 5205 2525 5275 disputationem
2556 5204 2700 5256 debet
2738 5205 2867 5270 ﬁdes
2916 5215 3080 5257 vestra
3110 5219 3390 5271 respuere;
3420 5220 3518 5260 nec

1929 5293 2032 5328 non
2071 5274 2210 5331 istud
2243 5291 2368 5328 num
2420 5275 2454 5328 5
2480 5290 2494 5328 :
2543 5275 2644 5341 Qui
2673 5276 2735 5326 de
2761 5274 2864 5328 Deo
2893 5285 3067 5346 nostra
3088 5277 3240 5329 aliter
3266 5277 3513 5346 disputat.

1930 5348 2129 5401 Eadem
2163 5356 2339 5401 tamen
2371 5349 2578 5399 ratione
2609 5360 2711 5414 qua
2746 5360 2907 5406 nunc,
2936 5345 3096 5411 infra,
3121 5360 3269 5398 num.
3307 5345 3362 5411 4,
3394 5362 3516 5400 ver-

1924 5417 2051 5471 bum
2083 5419 2337 5493 ἀνακρίνει
2366 5424 2672 5493 usurpatur.
2708 5415 2815 5493 Nec
2844 5418 3142 5493 negandum
3157 5428 3241 5493 est
3270 5417 3511 5493 Caelesti-

1926 5505 2018 5555 tm,
2049 5490 2135 5543 ubi
2164 5485 2232 5543 de
2260 5489 2535 5556 impietate
2581 5485 2811 5540 Ncstorni
2840 5487 3041 5554 agitur,
3090 5488 3310 5541 verbum
3341 5489 3514 5541 discu-

1928 5568 2030 5613 tere
2061 5559 2213 5613 valde
2242 5574 2367 5614 esse
2406 5557 2700 5621 familiare;
2743 5558 3057 5619 nominatim
3091 5573 3218 5613 vero
3249 5562 3412 5626 epist.
3448 5560 3514 5615 18

1929 5647 1983 5684 ιι.
2015 5629 2069 5690 5.
2097 5646 2216 5684 cum
2239 5631 2355 5698 ipso
2378 5626 2681 5697 expostulat
2702 5628 2845 5695 quod
2867 5627 2985 5697 ejus
3011 5630 3316 5686 temeritate
3342 5630 3516 5684 discu-

1930 5704 2049 5755 titur
2080 5701 2166 5772 qui
2188 5701 2517 5755 discussurus
2544 5707 2616 5753 est
2644 5712 2835 5755 omnes.
2884 5750 2887 5753 .
