3970 6180
383 328 480 384 ινδ

1141 317 1203 370 S.
1243 309 1643 370 COELESTtNl
1689 313 1706 365 l
1747 309 1952 366 ΡΑΡᾹΞ
2000 308 2360 366 EPISTOLIE
2404 307 2490 365 ET
2535 307 2874 365 DECRETA.

380 454 495 506 mss,
529 454 592 492 ue
623 447 980 505 rrguessuper
1013 427 1172 482 ,ἐι-σει
1206 426 1249 497 (-l
1283 424 1410 493 Req.
1441 441 1532 490 x'v,
1561 423 1677 494 9.3.).
1711 423 1769 479 Si
1799 433 1823 460 α
1857 423 1960 478 hoc

2092 427 2402 490 SEouOswio-n
2439 446 2498 480 σε
2531 425 2732 500 κύριος,
2759 426 2844 480 ἶνα
2872 429 2943 496 μή
2971 425 3290 501 βασιλεύσῃς
3330 429 3419 483 επὶ
3441 427 3665 502 Ἰσραήλ.

380 532 471 584 ille
503 527 718 588 meruit.
750 525 872 593 quia
900 522 1076 578 solum
1109 519 1160 572 in
1190 517 1416 588 agendis
1443 515 1606 571 rebus
1635 556 1651 580 ,
1701 516 1793 569 Dei
1827 531 1963 583 pra:-

380 629 534 689 cepta
559 613 920 684 contempsit;
956 625 1075 681 qua:
1108 609 1233 665 huic
1267 623 1422 677 paena
1451 606 1762 671 debebitur,
1795 606 1883 676 qui
1913 621 1972 660 se

379 710 436 766 iu
481 710 656 778 ipsum
689 705 970 759 Dominum
1005 697 1307 771 maiestatis
1349 697 1566 754 erexit?
1599 697 1797 752 Curare
1826 710 1972 752 nunc

380 805 730 855 vestrum-est
759 795 1140 866 quodcumque
1166 792 1362 846 vulnus
1392 790 1609 856 inﬂixit,
1629 799 1699 847 -et
1727 789 1812 844 his
1836 805 1973 859 prte-

382 892 512 950 bere
543 881 864 946 medicinam
891 887 982 957 qui
1011 886 1130 955 ejus
1176 883 1522 940 sermonibus
1565 882 1791 938 sauciati
1821 893 1968 938 sunt.

383 986 580 1042 Firmis
612 986 664 1039 in
697 984 839 1038 hunc
861 991 1002 1036 state
1027 979 1269 1050 vestigiis
1288 1021 1304 1047 ,
1337 992 1517 1048 quem,
1547 977 1688 1031 sicut
1711 975 1828 1046 ejus
1853 990 1971 1030 ser-

384 1096 475 1135 mo
503 1080 878 1144 demonstrat,
907 1075 1018 1144 jam
1057 1072 1323 1129 cecidisse
1373 1070 1674 1126 videamus.
1704 1066 1973 1138 Quidquid

385 1173 442 1226 in
468 1184 567 1224 vos
593 1168 792 1233 intulit,
825 1165 964 1220 ferte
992 1164 1018 1203 δ
1053 1163 1342 1233 patienter.
1371 1159 1568 1216 Indixit
1598 1159 1858 1229 injurias,
1891 1162 1976 1214 ln-

387 1263 521 1320 dixit
541 1261 764 1318 exsiliat
789 1259 883 1314 ille
906 1257 957 1312 in
983 1257 1094 1312 suis
1117 1256 1234 1311 haec
1263 1269 1450 1325 passus
1475 1263 1578 1319 est,
1606 1269 1765 1322 quem
1789 1267 1975 1307 susce-

387 1357 532 1424 pisse
561 1368 657 1423 pro
688 1351 844 1407 nobis
874 1349 1147 1404 hominem
1175 1347 1449 1402 dilfitetnr.
1486 1344 1640 1402 Unde
1670 1344 1850 1401 nullus
1879 1344 1973 1398 de-

388 1447 516 1503 ﬂeat
545 1444 806 1515 quidquid
835 1443 889 1496 in
917 1441 1131 1510 aliquos
1155 1447 1394 1495 vestrum
1425 1438 1605 1494 facere
1627 1438 1844 1492 molitus
1868 1448 1970 1492 est.

460 1539 512 1592 7.
556 1535 840 1590 Patientia:
890 1533 1043 1587 vobis
1091 1540 1254 1600 atque
1303 1531 1624 1585 constantiae
1669 1529 1847 1584 forma
1903 1531 1974 1584 sit

387 1629 720 1700 Stephanus,
753 1628 958 1697 primus
985 1622 1186 1679 Christi
1217 1624 1369 1678 testis
1397 1622 1655 1677 existens.
1708 1622 1869 1676 Plebs
1917 1621 1972 1676 iu

391 1725 533 1777 hunc
563 1721 942 1791 praedicantem
987 1717 1203 1772 striduit
1246 1715 1570 1786 perfidorum
1599 1731 1614 1781 ;
1662 1730 1760 1770 nec
1791 1725 1969 1770 tamen

2071 521 2130 574 Et’
2151 522 2344 581 ἐκεῖνος
2374 518 2514 584 ἄξιος
2543 521 2744 593 γεγονεν
2763 560 2778 583 ,
2815 517 2896 574 ὅτι
2925 520 3072 591 μόνον
3103 521 3152 575 ἓν
3187 524 3491 598 πράγμασιν
3534 522 3669 599 ἅπερ

2072 609 2320 687 ἔπραττε,
2342 610 2685 688 κατεφρόνησε
2711 620 2812 668 τῶν
2843 613 3050 668 ἐντολῶν
3070 619 3163 670 τοῦ
3187 620 3343 682 Θεοῦ,
3358 617 3482 670 ποία
3499 619 3672 688 τούτῳ

2075 725 2115 773 χ
2122 707 2536 778 ρεωστηθήσεται
2553 706 2800 780 τιμωρία,
2827 700 2882 764 ὃς
2903 704 3082 758 ἑαυτὸν
3104 707 3232 760 κατὰ
3254 711 3349 760 τοῦ
3373 711 3555 780 κυρίου
3576 716 3672 768 τῆς

2073 795 2321 856 Θεότητος
2349 795 2560 868 ὗψωσις
2592 803 2680 850 νῦν
2707 795 2958 870 ὑμέτερόν
2979 796 3090 851 ἐστι
3114 798 3428 872 θεραπεῦσαι
3453 801 3514 854 τὸ
3543 800 3672 872 παρ’

2075 888 2260 941 ἐκείνου
2305 895 2547 962 τραῦμα,
2578 890 2663 941 καί
2691 888 2938 942 ἰάσασθαι
2963 890 3087 947 τοὺς
3127 888 3434 962 παράὖτοῦ
3479 889 3669 963 ῥήματι

2072 978 2440 1053 τετρωμένους.
2474 978 2764 1049 ’Δσφαλίσιν
2792 976 2996 1049 ἴχνεσιν
3025 975 3242 1034 ἴστασθε
3271 982 3407 1034 κατά
3447 988 3538 1035 τοῦ
3573 981 3672 1041 ἤδη

2073 1071 2356 1136 πεσόντος,
2390 1076 2458 1131 ὡς
2496 1071 2522 1126 ὁ
2560 1071 2860 1147 παράὐτοῦ
2910 1071 3059 1144 λόγος
3105 1069 3350 1126 δείκνυσι.
3397 1077 3489 1126 Καὶ
3533 1071 3584 1126 εἴ
3622 1097 3676 1130 τι

2074 1163 2194 1234 ὑμῖν
2215 1164 2503 1235 ἐπήνεγκεν,
2519 1163 2818 1227 ἀνεξικάκως
2839 1164 3034 1238 φέρετε.
3049 1171 3448 1233 Ἑμηχανὴσατο
3471 1165 3674 1241 ὕϐρεις,

2075 1257 2444 1327 ἐμηχανήσατο
2468 1258 2818 1329 ἀφορισμούς;
2849 1257 3039 1316 ἐκεῖνος
3074 1265 3097 1293 ο
3131 1253 3288 1316 αὐτὸς
3317 1259 3368 1311 ἐν
3389 1265 3499 1320 τοῖς
3523 1258 3680 1322 ἰδίοις

2075 1349 2340 1410 πέπονθεν.
2361 1345 2412 1402 ὃν
2433 1347 2782 1421 ὐποδέδεχθαι
2810 1352 2941 1424 ὑπὲρ
2968 1352 3107 1420 ἡμῶν
3134 1347 3394 1426 ἄνθρωπον
3420 1353 3677 1425 ἀρνεῖται.

2073 1436 2218 1495 ὀθεν
2243 1439 2421 1512 μηδεὶς
2445 1441 2646 1515 κλαύσῃ
2673 1443 2739 1497 τὰ
2763 1443 2898 1498 κατὰ
2923 1463 3060 1503 τινος
3091 1444 3235 1514 ὑμῶν
3265 1445 3602 1502 ἐπινοηθέντα.

2147 1543 2248 1594 Τῆς
2277 1536 2591 1599 ἀνεξικακίας
2619 1537 2701 1588 καί
2726 1543 2818 1595 τῆς
2853 1535 3116 1607 ὑπομονῆς
3143 1537 3309 1595 τύπος
3337 1532 3413 1593 εἴη
3439 1539 3686 1610 Στέφανος

2084 1625 2110 1681 ό
2139 1635 2344 1702 πρῶτος
2372 1635 2462 1683 τοῦ
2490 1634 2714 1702 Χριστοῦ
2745 1627 2965 1703 μάρτυς.
3009 1628 3068 1682 Ὀ
3097 1625 3258 1699 ὄχλος
3301 1639 3400 1685 τῶν
3438 1633 3681 1687 ἀπίστων

2077 1721 2371 1775 κατ’-αὐτοῦ
2402 1718 2622 1793 ἔϐρυκε
2665 1724 2750 1774 καί
2791 1718 2930 1791 ὅμως
2950 1718 2985 1775 τό
3019 1719 3382 1798 συνοδοιπόρος
3411 1729 3502 1776 τοῦ
3548 1732 3686 1796 Χρι-

391 1815 619 1869 idoneus
655 1811 856 1866 Christi
899 1824 1083 1864 eomes
1113 1809 1278 1864 tacuit
1307 1807 1451 1878 quod
1495 1806 1731 1862 videbat.
1782 1805 1974 1861 Excla-

2092 1821 2210 1869 ττοῦ
2247 1815 2334 1868 οὐκ
2363 1814 2651 1871 ἐσιώπησεν
2684 1810 2812 1887 ὅπερ
2843 1813 2995 1882 impar.
3043 1813 3188 1867 Ἐϐόα
3215 1815 3409 1885 μεταξύ
3437 1816 3687 1886 μαινομέ-

391 1903 575 1957 tnabat
601 1902 741 1956 inter
771 1900 1014 1955 furentes
1041 1898 1190 1970 (Act.
1221 1913 1320 1962 vn,
1359 1892 1482 1980 336),
1525 1897 1668 1952 inter
1701 1895 1979 1967 religionis

391 1997 662 2062 inimicos,
695 1993 879 2050 videre
905 2007 966 2049 se
990 2003 1207 2063 opertos
1229 1992 1422 2056 C(BlOS,
1448 2003 1500 2046 et
1524 1992 1720 2046 Filium
1745 1991 1979 2047 hominis

392 2099 614 2161 propter
634 2104 793 2159 quem
815 2087 940 2143 talia
973 2093 1269 2157 pateretur,
1293 2095 1438 2140 stare
1459 2083 1526 2140 ad
1549 2085 1834 2139 dexteram
1863 2084 1976 2140 Dei.

393 2186 636 2254 Longum
674 2190 758 2238 est
795 2183 874 2237 ire
920 2195 1017 2251 per
1053 2180 1295 2250 singulos
1317 2221 1332 2246 ,
1375 2180 1464 2248 qui
1501 2179 1664 2233 vitam
1693 2179 1776 2233 vel
1806 2187 1981 2234 morte

392 2276 480 2331 vel
508 2274 856 2330 confessione
877 2271 1098 2326 mercati
1122 2280 1266 2324 sunt.
1297 2269 1516 2324 llabetis
1537 2284 1634 2324 vos
1654 2269 1982 2340 quicumque

394 2365 627 2421 ecclesia
642 2361 971 2430 estis-eiecti,
1001 2375 1137 2430 pene
1155 2369 1463 2414 nostrorum
1489 2369 1789 2428 temporum
1811 2360 1982 2415 beatas

394 2452 789 2512 recordationis
826 2451 1105 2508 Athanasii
1155 2451 1537 2506 Alexandrinae
1568 2452 1827 2508 Ecclesia:
1857 2469 1983 2522 pru-

395 2544 700 2604 dentissimi
723 2543 1018 2599 sacerdotis
1034 2543 1361 2610 exemplum.
1377 2543 1475 2598 Cui
1499 2558 1603 2597 non
1622 2544 1980 2598 consolationi

396 2641 467 2695 sit
497 2638 641 2694 illius
671 2635 992 2692 tolerantia?
1031 2635 1115 2690 cui
1164 2650 1270 2689 non
1301 2636 1372 2690 sit
1399 2636 1651 2703 exemplo
1696 2635 1841 2689 illius
1875 2635 1982 2690 for-

400 2731 615 2788 titudo?
641 2729 727 2786 eui
757 2744 866 2784 non
896 2742 1049 2798 spem
1079 2726 1236 2781 faciat
1261 2726 1380 2798 ejus
1405 2723 1431 2763 ἀ
1457 2736 1771 2796 exspectata
1800 2743 1984 2782 rever-

397 2827 514 2882 sio?
545 2825 774 2896 Ejicitur
796 2821 926 2878 Ario
958 2828 1317 2891 persequente
1339 2859 1358 2886 ,
1395 2819 1490 2875 sed
1517 2819 1851 2875 revocandus
1877 2819 1984 2875 Do-

399 2921 548 2974 mino
595 2925 977 2988 prosequente.
1023 2912 1230 2968 Passus
1256 2921 1343 2967 est
1373 2920 1396 2950 ο
1429 2927 1702 2967 carcerem
1726 2953 1741 2976 ,
1792 2927 1983 2982 passus

399 3010 703 3080 angustias;
735 3021 836 3063 nec
863 3007 1057 3061 mirum
1077 3048 1094 3075 ,
1127 3005 1174 3061 si
1203 3007 1284 3058 vir
1333 3006 1664 3075 apostolicus
1692 3021 1757 3062 ea
1789 3021 1982 3076 passus

399 3118 482 3160 εει
513 3101 708 3173 quibus
744 3115 806 3155 se
845 3098 1138 3170 Apostolus
1168 3097 1246 3168 (ll
1272 3098 1390 3159 Cor.
1415 3099 1504 3163 xi)
1528 3100 1794 3170 gloriatur
1818 3117 1980 3157 exer-

399 3191 662 3250 citatum?
693 3190 750 3245 lu
792 3191 876 3244 his
921 3200 1100 3244 tamen
1137 3189 1390 3244 omnibus
1420 3202 1638 3244 secutus
1663 3200 1751 3244 est
1790 3191 1938 3245 illum
1969 3233 1984 3258 ,
2015 3177 2061 3240 C

399 3285 494 3354 qui
521 3283 624 3338 sibi
654 3283 707 3336 in
734 3279 1174 3335 tribulationibus
1203 3294 1262 3335 se
1286 3281 1500 3349 placere
1526 3281 1844 3352 testaturtll
1865 3281 1985 3336 Cor.

401 3397 499 3448 xu,
533 3379 642 3452 10).
673 3379 912 3449 Fugatus
938 3377 1106 3442 illinc,
1143 3376 1195 3430 in
1227 3376 1428 3430 nostris
1452 3376 1693 3446 partibus
1726 3375 1745 3414 τ
1780 3392 1992 3432 recrea-

401 3484 488 3528 tus
518 3483 622 3528 est.
655 3471 897 3541 Denique
937 3467 1024 3523 hic
1053 3468 1105 3523 ei
1141 3468 1543 3538 redintegratus
1583 3476 1668 3525 est
1694 3477 1903 3539 status,
1936 3479 1991 3526 et

403 3568 456 3622 in
506 3565 608 3621 hac
653 3563 786 3620 sede
830 3562 1073 3632 requiem
1101 3563 1498 3618 communionis
1526 3563 1760 3630 invenit,
1813 3579 1842 3618 a
1885 3579 1990 3632 qua

403 3669 429 3707 ε
459 3673 677 3727 semper
704 3655 988 3712 catholicis
1016 3655 1351 3710 subvenitur.
1385 3655 1495 3711 Nec
1527 3665 1705 3711 tamen
1740 3657 1910 3711 sensit
1938 3658 1989 3712 in

403 3751 842 3808 tribulationibus
871 3749 1264 3816 lassitudinem,
1300 3749 1389 3820 qui
1424 3749 1595 3804 factus
1617 3760 1701 3805 est
1729 3751 1780 3803 in
1810 3765 1993 3820 perse-

401 3845 622 3900 cutione
650 3844 952 3899 confessor.
1003 3841 1160 3898 Unde
1196 3843 1630 3899 Cunlsrtsuouuu
1661 3845 1839 3899 nullus
1870 3843 1992 3899 illa-

404 3951 514 3992 tum
536 3937 638 3992 sibi
664 3935 962 4004 temporale
981 3933 1183 3989 deflere
1203 3933 1363 3990 debet
1382 3936 1651 4002 exsilium,
1671 3937 1794 4007 quia
1814 3951 1992 3992 sono!

402 4043 549 4084 Italo
567 4025 717 4082 exsul
741 4034 826 4081 est
849 4025 979 4079 Deo.
999 4024 1314 4080 Timeamus
1334 4043 1407 4082 ne
1429 4041 1460 4081 e
1479 4030 1703 4098 regione
1721 4029 1991 4096 vivorum,

397 4118 512 4172 hoc
554 4127 637 4172 est
682 4117 772 4171 illa
817 4130 978 4185 quam
1017 4125 1254 4170 nostram
1286 4118 1514 4186 patriam
1545 4133 1668 4176 esse
1695 4122 1944 4178 volumus
1974 4160 1992 4187 ,

406 4210 737 4266 exsulemus.
761 4208 897 4264 Illud
921 4218 1004 4263 est
1027 4218 1295 4277 nostrum,
1327 4210 1460 4265 illud
1491 4219 1831 4281 perpetuum,
1862 4213 1992 4268 illud

408 4315 692 4360 :rternum.
719 4301 972 4358 Nostrum
1000 4302 1146 4358 enim
1173 4318 1278 4357 non
1302 4312 1388 4358 est
1408 4303 1548 4358 unde
1578 4305 1867 4371 transitur;
1899 4305 1994 4361 sed

406 4396 495 4451 illa
521 4409 648 4451 vere
668 4401 871 4460 nostra,
898 4409 1020 4462 quae
1047 4408 1168 4462 spes
1189 4394 1495 4450 certissima
1523 4396 1828 4465 pollicetur.
1857 4397 1998 4453 Sunt

407 4499 616 4559 autem,
649 4489 863 4544 dicente
895 4489 1187 4556 Apostolo,
1221 4504 1335 4554 qua:
1364 4487 1546 4543 oculus
1581 4506 1684 4543 non
1714 4490 1870 4557 vidit,
1903 4505 1994 4545 nec

2081 1927 2205 1970 νων,
2238 1905 2430 1978 μεταξύ
2476 1911 2576 1960 τῶν
2618 1913 2710 1965 τῆς
2738 1907 3005 1978 θρησκείας
3054 1905 3274 1978 ἐχθρῶν,
3302 1904 3461 1975 λέγων
3499 1904 3687 1960 ἔαυτόν

2083 1998 2206 2074 ὁρᾷν
2234 1999 2576 2071 ἀνεῳγμένους
2606 2001 2729 2057 τοὺς
2766 1998 3006 2073 οὐρανοὺς
3031 2041 3044 2063 ,
3075 2000 3163 2051 καί
3189 2000 3277 2053 τὸν
3311 1998 3421 2052 υἱὸν
3449 2005 3541 2053 τοῦ
3587 2001 3686 2053 ἀν-

2083 2092 2313 2167 θρώπου,
2345 2088 2474 2145 δι’ὁν
2503 2097 2670 2147 ταῦτα
2696 2088 2962 2162 ἔπασχεν,
2993 2091 3263 2162 ἱστάμενον
3289 2092 3419 2165 πρὸς
3541 2090 3689 2164 δεξιᾷ

2083 2188 2178 2236 τοῦ
2208 2187 2360 2236 Θεοῦ.
2393 2181 2596 2251 Μακρὸν
2628 2182 2742 2236 ἐστι
2770 2188 2964 2256 χωρεῖν
2993 2179 3059 2236 δι’
3078 2181 3300 2236 ἑκάστου
3329 2189 3430 2236 τῶν
3457 2186 3690 2254 πριαμέυ

2083 2297 2180 2328 νων
2209 2274 2411 2335 ἑαυτοῖς
2441 2278 2570 2337 ζωήν
2605 2272 2636 2333 ἦ
2663 2275 2863 2345 θανάτῳ
2892 2273 2923 2332 ἦ
2946 2272 3216 2346 ὁμολογίᾳ.
3255 2270 3446 2344 ’Ἐχετε
3493 2277 3687 2344 ὑμεῖς,

2084 2363 2192 2420 ὅσοι
2219 2374 2310 2425 τῆς
2337 2365 2629 2424 ἐκκλησίας
2667 2365 3003 2431 ἐκϐέϐλησθε,
3045 2364 3240 2436 σχεδὸν
3286 2373 3386 2420 τῶν
3424 2367 3691 2441 ἡμετέρων

2085 2464 2274 2532 καιρῶν
2304 2455 2586 2528 ὑπόδειγμα
2623 2462 2714 2512 τοῦ
2745 2465 2837 2517 τῆς
2867 2459 3124 2532 μακαρίας
3154 2461 3348 2527 μνήμης
3383 2459 3689 2512 Ἀθανασίου

2082 2556 2174 2604 τοῦ
2207 2551 2503 2621 σοφωτάτου
2535 2551 2707 2626 ἱερέως
2735 2558 2827 2611 τῆς
2849 2549 3211 2622 ’Δλεξανδρέων
3229 2551 3545 2612 Ἐκκλησίας.
3580 2557 3690 2608 Τίνι

2083 2643 2172 2695 οὐκ
2203 2637 2264 2696 ἂν
2293 2639 2368 2699 εἴη
2396 2643 2698 2716 παραμυθία
2719 2644 2750 2700 ἡ
2769 2644 2956 2696 ἐκείνου
2982 2644 3248 2715 ὑπομονῆς
3281 2645 3380 2698 τίνι
3405 2647 3493 2698 οὐκ
3517 2639 3579 2698 ἂν
3609 2643 3689 2704 εἴη
3753 2663 3755 2666 ‘

2083 2733 2376 2806 ὑπόδειγμα
2403 2736 2435 2791 ἡ
2465 2735 2651 2788 ἐκείνου
2691 2735 3003 2810 στεῤῥὸτης;
3050 2736 3148 2789 τίνι
3187 2737 3274 2788 οῦκ
3321 2729 3382 2789 ἂν
3420 2739 3694 2794 ποιήσειεν

2085 2827 2267 2883 ἐλπίδα
2303 2830 2333 2886 ἡ
2371 2829 2556 2882 ἐκείνου
2619 2819 2967 2887 πολυπόθητος
3018 2826 3298 2890 ξπάνοδος;
3345 2813 3689 2887 Ἐκϐἁλλεται

2082 2923 2282 2996 ’Δρείου
2313 2919 2600 2987 διώκοντος,
2649 2919 3068 2978 ἁλλ’ἀνακλητέος
3107 2925 3200 2974 τοῦ
3229 2921 3412 2994 κυρίου
3449 2925 3696 2995 προπέμ-

2084 3033 2285 3072 ποντος.
2318 3009 2501 3066 "Eu-a9:
2547 3011 2790 3083 φυλακήν,
2823 3009 2974 3064 ἔπαθε
3053 3010 3222 3085 ρίψεις
3240 3028 3252 3040 ⁸
3281 3015 3366 3066 καὶ
3395 3013 3452 3065 οὐ
3480 3013 3691 3084 θαυμα-

2087 3108 2231 3173 στὸν,
2258 3108 2300 3159 εἰ
2321 3105 2346 3159 ὁ
2365 3105 2707 3164 ἀποστολικός
2727 3106 2849 3180 ἀνὴρ
2872 3111 3038 3158 ταῦτα
3062 3105 3298 3169 πέπονθε,
3321 3103 3386 3160 δι’
3406 3101 3473 3158 ὧν
3501 3106 3694 3161 ἑαυτὸν

2091 3198 2429 3270 γεγυμνάσθαι
2445 3201 2716 3266 καυχὸπαι
2737 3193 3080 3254 ὁὰπόστολος.
3108 3198 3202 3248 ἰαί
3227 3197 3277 3249 ἐν
3301 3197 3499 3258 τούτοις
3522 3201 3694 3251 πᾶσιν

2093 3288 2266 3362 ἐκείνῳ
2294 3289 2602 3349 ἠκολούθησε
2633 3295 2707 3358 τῷ
2735 3289 3138 3362 μαρτυρομένῳ,
3171 3286 3250 3343 ὅτι
3290 3289 3460 3359 ἐαυτῷ
3490 3291 3544 3343 εν
3575 3299 3696 3350 ταῖς

2091 3380 2314 3451 θλίψεσιν
2341 3381 2564 3454 ἀρέσκει.
2587 3377 2838 3450 Ἐδιὼχθη
2865 3379 3067 3440 ἐκεῖθεν,
3097 3383 3187 3434 ταὶ
3214 3381 3264 3434 ὲν
3287 3388 3400 3440 τοῖς
3419 3383 3697 3457 ἡμετέροις

2093 3474 2300 3548 μὲρεσιν
2327 3474 2641 3527 ἆνεκτίσατο.
2672 3472 2862 3542 ’Δμέλει
2883 3474 3098 3527 ἐνταῦθα
3123 3474 3278 3527 αὐτοῦ
3306 3475 3336 3531 ἡ
3364 3475 3696 3537 κατάστασις

2095 3568 2427 3631 ἀνεκαινίσθη,
2455 3568 2540 3619 καὶ
2567 3567 2618 3618 iv
2645 3566 2812 3636 τούτῳ
2839 3572 2914 3635 τῷ
2937 3565 3094 3640 θρόνῳ
3125 3562 3244 3641 εὗρε
3275 3569 3540 3628 κοινωνίας
3569 3570 3698 3624 ἀνά-

2097 3680 2309 3721 παυσιν,
2343 3658 2424 3730 ἀφ’
2452 3654 2511 3712 οὗ
2540 3658 2620 3710 ἀεὶ
2643 3664 2752 3717 τοῖς
2781 3657 3069 3717 καθολιικοίς
3094 3662 3330 3728 γεννᾶται
3355 3657 3585 3727 βοήθεια.
3602 3664 3699 3714 Καὶ

2098 3748 2236 3822 ὅμως
2263 3753 2316 3805 ἐν
2343 3757 2458 3808 ταῖς
2480 3747 2717 3824 τρίψεσιν
2753 3749 2841 3802 οὐκ
2880 3746 3068 3823 ᾔσθετο
3101 3749 3257 3804 πόνου
3290 3748 3316 3802 ὁ
3345 3748 3617 3821 γενόμενος
3647 3753 3699 3804 ἐν

2097 3853 2172 3917 τῷ
2211 3841 2416 3914 διωγμῷ
2454 3839 2780 3912 ὁμολογητής.
2821 3837 2969 3894 Ὀθεν
3015 3837 3178 3900 οὐδεὶς
3223 3848 3322 3895 τῶν
3369 3850 3698 3918 χριστιοινῶν

2096 3933 2315 3988 κλαῦσαι
2344 3933 2524 4006 ὀφείλει
2547 3936 2638 3990 τὴν
2669 3933 3035 4001 ἐπενεχθεῖσαν
3066 3932 3208 4002 αὖτῷ
3248 3932 3563 4009 πρόσκαιρον
3590 3933 3701 3998 ἕξο-

2098 4025 2234 4100 ρίαν,
2265 4021 2342 4078 ὅτι
2370 4025 2568 4078 ἐκείνων
2601 4020 2765 4082 οὐδεὶς
2795 4023 3125 4097 ἐξωρισμένος
3167 4025 3278 4078 ἔστί
3304 4030 3436 4096 Θεῷ.
3489 4025 3700 4079 Μᾶλλον

2094 4115 2404 4189 φοϐηθῶμεν,
2439 4119 2508 4184 μή
2540 4113 2642 4168 ἀπὸ
2682 4122 2774 4175 τῆς
2815 4117 2999 4187 χώρας
3042 4120 3144 4168 τῶν
3172 4116 3390 4181 ζώντων,
3424 4117 3699 4169 τουτέστιν

2094 4209 2410 4268 ἀπ’ἐκείνης,
2445 4209 2505 4267 ἣν
2542 4208 2790 4279 ἡμετέραν
2837 4207 3039 4276 θέλομεν
3078 4201 3198 4258 εἶναι
3238 4203 3502 4280 πατρίδα,
3533 4208 3699 4278 ἐξορι-

2094 4301 2311 4371 σθῶμεν.
2351 4299 2540 4354 ’Βκεῖνό
2582 4299 2718 4353 ἐστιν
2768 4299 3032 4370 ἡμέτερον.
3063 4299 3218 4352 ἐκεῖνο
3264 4295 3504 4362 διηνεκὲς,
3539 4296 3700 4352 ἕκεῦ.ο

2100 4397 2299 4450 αίὼνιον
2346 4396 2448 4447 Οὐκ
2476 4391 2588 4447 ἔστι
2612 4393 2715 4467 γὰρ
2742 4393 2900 4445 ἐκεῖνο
2930 4392 3204 4461 ἡμέτερον,
3239 4386 3376 4444 διὀὗ
3401 4390 3528 4461 μόνη
3556 4393 3701 4466 πάρ-

2100 4486 2235 4547 odos"
2277 4486 2401 4541 ἀλλὰ
2439 4491 2608 4540 ταῦτα
2646 4485 2841 4544 ἀληθῶς
2881 4485 3101 4558 ἡμέτερα
3123 4525 3139 4550 ,
3170 4485 3302 4558 ἥπερ
3330 4485 3703 4565 dispulsis-(2.11;

405 4583 546 4637 auris
575 4581 796 4648 audivit,
830 4595 922 4633 nec
950 4579 1001 4633 iu
1025 4595 1114 4633 cor
1134 4578 1357 4634 hominis
1386 4582 1722 4635 ascenderunt
1743 4581 1854 4637 luet:
1879 4600 1982 4654 qua

2096 4583 2236 4643 ἐλπίς
2264 4579 2637 4655 ἐπαγγέλλεται.
2669 4574 2818 4633 Ἐστι
2845 4580 2894 4632 δὲ
2917 4578 3146 4651 λέγοντος
3177 4579 3398 4632 ἀκοῦσαι
3434 4583 3525 4633 τοῦ
3560 4581 3698 4633 ἀπο-

480 4820 506 4846 ι
548 4809 601 4863 In
633 4808 843 4877 vulgata
869 4806 1098 4861 lectione
1123 4805 1331 4871 Grmca,
1366 4811 1409 4862 εἰ
1437 4807 1622 4868 ἐκεῖνος
1651 4808 1852 4874 ἀνάξιος
1876 4849 1889 4866 .
1927 4807 1988 4863 Si

406 4882 496 4934 ille
547 4882 643 4946 fuit
687 4880 966 4948 indignus;
1015 4877 1158 4946 quod
1208 4887 1386 4946 potest
1426 4879 1630 4931 admitti
1685 4880 1991 4948 supplendo

406 4953 550 5019 regni
579 4953 790 5004 honore.
825 4951 959 5003 Cum
1002 4948 1370 5019 regiisqautem
1405 4964 1534 5002 mss.
1567 4960 1750 5017 utpote
1795 4952 1990 5018 quibus

411 5016 630 5075 Latium
655 5030 830 5074 textus
856 5020 1113 5083 conriuit,
1147 5016 1288 5084 ἄξιος
1314 5016 1684 5087 praeferentes,
1715 5016 1990 5075 subaudiri

406 5093 765 5152 intelligimus
793 5102 848 5144 ut
877 5099 1204 5158 sperneretur
1227 5107 1259 5143 a
1289 5090 1413 5144 Deo.

483 5165 507 5200 δ
541 5164 733 5216 ·Β;ι1ιιι.
763 5178 882 5215 cum
914 5176 1068 5227 utss.,
1101 5161 1376 5233 sapienter.
1411 5161 1612 5216 Deinde
1639 5161 1770 5216 edit.
1806 5160 1985 5229 Rom.,

409 5232 625 5304 Ιιιιῐιιςτίι
658 5236 900 5304 injurias.

483 5315 504 5340 ε
549 5303 674 5371 Legg.
709 5303 867 5360 αὐτά.

476 5371 504 5411 ⁸
549 5376 601 5426 In
633 5376 858 5439 etiistola
885 5373 957 5429 45
982 5372 1183 5427 Nicolai
1212 5371 1254 5442 1,
1288 5371 1351 5425 ad
1385 5371 1808 5428 Suessionenses
1837 5413 1849 5432 .
1899 5371 1990 5426 ubi

412 5453 556 5497 totus
587 5445 670 5497 hic
703 5445 852 5500 locus
873 5445 1228 5504 describitur.
1267 5443 1472 5497 obtinet
1501 5444 1716 5511 quidem
1748 5445 1986 5507 inexspe-

411 5523 547 5565 ctata
569 5555 582 5574 ,
610 5516 703 5567 sed
733 5519 784 5569 in
815 5516 1109 5570 vetustiore
1141 5513 1384 5581 ejusdem
1415 5515 1659 5580 epistol-.e
1688 5513 1989 5580 exemplari

411 5584 918 5655 Colhcrtiuoexstat
950 5587 1110 5639 etiam
1139 5593 1447 5655 exspectata.
1475 5586 1718 5640 Grzrcum
1751 5584 1988 5637 vocabu-

415 5656 524 5708 luut
560 5654 770 5722 proprie
809 5665 968 5709 sonat
1005 5672 1198 5709 summa
1233 5654 1604 5711 desideranda.
1653 5657 1988 5724 Quamquam

413 5724 646 5791 suspicio
677 5733 759 5777 est
789 5741 938 5778 more
971 5728 1189 5793 antiquo
1217 5728 1473 5787 scriptum
1507 5743 1626 5782 esse
1663 5735 1989 5796 exspectata,

416 5808 516 5863 pro
539 5811 582 5858 ε,
604 5805 786 5858 ectalu,
819 5795 870 5848 id
894 5804 997 5860 est,
1030 5797 1174 5850 clara
1205 5807 1256 5851 et
1284 5797 1538 5864 gloriosa.

2173 4815 2196 4844 ε
2230 4803 2556 4860 Athanasius
2580 4804 2780 4858 nullum
2805 4817 2996 4870 passus
3015 4817 3135 4858 esse
3162 4817 3438 4858 carcerem
3467 4801 3696 4871 legitur,

2101 4877 2202 4932 nisi
2229 4888 2448 4930 vocetur
2469 4889 2675 4940 carcer,
2703 4874 2984 4929 latibulum
3011 4875 3064 4928 in
3086 4889 3194 4944 quo
3218 4890 3275 4928 se
3299 4874 3359 4928 γε
3381 4874 3545 4927 lentis
3571 4889 3702 4943 pcr-

2099 4947 2428 5004 secutionem
2459 4945 2670 5014 fugiens
2700 4945 2926 4999 abdidit.

2177 5017 2197 5056 ί
2241 5017 2313 5071 Ita
2364 5031 2492 5070 mss.
2523 5012 2666 5070 “cum
2715 5015 2899 5069 Baluz.
2951 5015 3081 5082 Qure
3127 5014 3298 5067 lectis?
3331 5012 3534 5068 Graeca!
3565 5017 3700 5070 voci

2100 5091 2417 5152 ἀνεκτίσατο,
2449 5086 2561 5142 sive
2593 5097 2651 5140 ιιι
2678 5087 2727 5138 ἰιι
2751 5086 2978 5154 vulgatis
3005 5087 3344 5146 ἀνεκτήσατο,
3377 5101 3481 5141 res:
3504 5086 3700 5140 ondet.

2103 5163 2171 5215 At
2203 5163 2253 5212 in
2284 5159 2415 5212 edit.
2453 5158 2977 5225 Rom.etLab.,utet
2999 5158 3135 5224 apud
3161 5157 3435 5225 Ncolaum
3470 5155 3510 5215 Ι.
3543 5157 3702 5208 robo-

2101 5241 2246 5284 ratus
2277 5238 2370 5282 εει.
2400 5228 2535 5282 Tum
2569 5228 2784 5282 Baluzio
2813 5223 2981 5296 magis
3011 5223 3206 5294 placuit
3232 5269 3246 5294 ,
3279 5223 3512 5292 Denique
3541 5225 3695 5293 hinc,

2102 5301 2344 5369 quamvis
2374 5313 2503 5352 mss.
2530 5299 2683 5353 Colh.
2703 5339 2718 5362 ,
2765 5297 2967 5352 Turno.
2999 5305 3054 5351 et
3079 5298 3208 5350 ΝΜ.
3249 5296 3698 5369 refragantibus.

2099 5366 2204 5427 Sed
2236 5379 2289 5425 et
2319 5370 2460 5439 quod
2489 5369 2761 5424 antecedit
2788 5369 2844 5421 in
2875 5369 3063 5439 nostris
3103 5366 3362 5439 partibus,
3397 5383 3502 5419 non
3532 5383 3562 5417 α
3595 5382 3700 5419 πο-

2099 5443 2220 5495 stris
2249 5437 2512 5508 partt'bus;
2544 5453 2643 5493 nec
2670 5454 2774 5492 non
2801 5438 2942 5507 quod
2969 5437 3315 5504 subsequitur
3341 5440 3392 5488 in
3415 5442 3520 5508 ihnc
3544 5440 3695 5508 sede,

2100 5529 2205 5566 non
2238 5507 2300 5564 ob
2327 5512 2421 5564 hac
2447 5515 2592 5573 sede,
2625 5512 2785 5564 etiam
2821 5509 2932 5570 hic,
2969 5525 3072 5560 non
3105 5509 3248 5572 hinc,
3287 5507 3697 5576 praeferendum

2099 5583 2308 5636 suadet.
2357 5583 2525 5648 Quam
2569 5580 2741 5636 Julus
2771 5596 2903 5650 papa
2948 5579 3152 5633 Athana
3189 5579 3239 5632 io
3271 5593 3426 5648 opem
3461 5577 3649 5633 tulerit

2099 5654 2282 5708 nullus
2318 5653 2547 5719 ignorat.

2172 5735 2194 5772 ε
2240 5724 2361 5778 llaec
2391 5725 2518 5778 citat
2548 5722 2799 5779 NiCoIaus
2829 5721 2872 5791 l,
2907 5722 3064 5792 epist.
3099 5719 3190 5776 40.

3563 313 3670 369 ωδ
3730 337 3748 357 κ
