3916 6178
268 340 367 397 SOI

695 335 907 393 EPIST.
954 335 1098 393 XVI.
1136 331 1534 393 CGLESTINI
1574 334 1664 391 AD
1701 331 2064 391 CYRiLLUM
2103 332 2659 397 ALEXANDRINUII
2696 335 3106 400 EPISCOPUM.

3441 349 3549 407 502

264 456 499 527 adiunxi,
536 456 625 511 vel
651 470 772 526 qua:
800 455 867 510 ad
900 470 999 510 nos
1024 455 1092 511 ab
1133 469 1202 511 eo
1222 454 1429 522 scripta
1471 460 1618 508 sunt.
1651 450 1857 507 Placuit
1881 457 1936 514 Α
1961 447 2152 506 Nonne
2194 449 2351 506 nobis
2407 451 2707 523 respondet
2736 453 2883 510 illico
2909 468 3006 526 per
3034 454 3375 528 prOpItetam,
3404 473 3553 514 mor-

266 565 400 608 vero
421 558 468 619 ι,
498 549 612 605 Deo
638 548 950 619 adiuvante,
978 549 1139 604 etiam
1169 544 1341 620 synod
1354 561 1441 601 um
1469 542 1854 600 inexcusabili-

270 654 349 701 ter
378 643 537 699 totius
568 640 722 699 orbis
744 650 1016 699 terrarum
1049 639 1292 697 indicere
1314 644 1533 708 propter
1561 634 1860 706 inquisitio-

268 752 389 793 nem
426 736 659 790 aliarum
697 749 878 789 rerum
922 731 1441 788 ecclesiasticarum.
1471 728 1607 785 Nam
1637 725 1668 767 δ
1697 726 1859 783 dubi-

268 832 468 882 tatione
482 826 773 882 verborum
783 840 893 879 non
909 824 1120 879 testium
1135 823 1437 877 habituram
1452 820 1856 891 inquisitionem

265 916 644 978 difﬁcultatum
666 962 685 989 ,
715 935 813 975 nec
839 918 1287 988 impedimentum
1317 931 1440 974 esse
1469 915 1539 973 ad
1569 921 1857 973 tractatum

264 1012 561 1069 divinitatis
585 1011 800 1067 Domini
825 1010 1056 1066 Christi.
1360 1022 1371 1027 '

768 1157 790 1185 ε
825 1144 1162 1203 EPISTOLA
1201 1142 1246 1200 Χ
1259 1144 1340 1200 Vl.

265 1274 568 1318 εωιεετικι
608 1274 625 1314 ι
670 1275 738 1315 AD
771 1272 1041 1313 CYBILLU!
1084 1270 1498 1312 ALEXANDBINL'I
1538 1266 1853 1311 EPISCOPUH.

266 1376 552 1433 Sententia!
581 1374 822 1426 adversus
848 1371 1151 1426 Nestorium
1179 1370 1301 1424 late
1339 1367 1715 1441 indulgentiam
1735 1382 1853 1441 cor-

328 1459 470 1501 recta
518 1461 629 1499 esse
672 1444 1028 1511 oﬁ'erendant:
1060 1451 1115 1494 ut
1159 1442 1204 1493 si
1253 1441 1493 1508 pertinax
1537 1440 1852 1511 [minime

330 1517 645 1585 perditionis
683 1530 792 1568 8MB
818 1524 1006 1585 auctor
1019 1512 1309 1583 judicatur.
1351 1511 1422 1565 Se
1449 1527 1566 1585 cum
1614 1512 1678 1564 iis
1725 1526 1855 1577 quos

330 1582 565 1657 Cyrinus
612 1595 873 1657 suspectos
922 1582 1093 1649 habet,
1128 1598 1328 1636 summa
1380 1582 1620 1635 cautione
1664 1590 1856 1635 tracta-

333 1670 536 1711 turum.

264 1791 619 1850 Cattes'nxus
633 1790 923 1860 episcopus
941 1787 1177 1845 Cvmuo
1189 1787 1445 1858 episcopo
1456 1784 1851 1840 Alexandrino.

332 1931 391 1985 Ι.
429 1926 679 1995 intelligo
725 1923 1053 1981 sententiam
1097 1921 1486 1992 sapientissimi
1534 1920 1844 1979 Salomonis

266 2020 573 2090 impletum.
622 2017 738 2071 Non
790 2016 935 2071 enim
995 2016 1154 2069 aliter
1191 2029 1351 2082 quam
1415 2013 1607 2068 sitiens
1656 2026 1853 2083 aquam

268 2113 520 2184 [rigidam
550 2107 740 2180 (Prov.
781 2123 905 2173 xxv,
929 2105 1048 2177 25),
1073 2105 1140 2161 de
1187 2115 1330 2161 terra
1357 2104 1649 2176 longinqua
1690 2105 1856 2159 itcra-

272 2218 386 2260 ιω
418 2205 668 2259 nuntium
694 2218 790 2271 per
811 2201 1018 2256 litteras
1047 2210 1153 2255 tua:
1180 2198 1484 2255 dilectionis
1504 2195 1712 2267 accepi,
1734 2211 1856 2266 qua:

273 2312 377 2353 nos
409 2297 645 2351 invicem
695 2294 869 2349 nostri
900 2291 1115 2347 consilii
1162 2290 1579 2360 participatione
1629 2288 1859 2361 conjun-

265 2400 423 2460 guut.
455 2387 814 2443 ludifﬁculter
838 2393 920 2440 est
943 2384 1310 2439 Ecclesiarum
1339 2391 1395 2438 et
1415 2381 1705 2437 catholicae
1730 2380 1857 2436 ﬁdei

266 2480 542 2551 speranda
591 2477 976 2546 tranquillitas,
1007 2477 1226 2547 quando
1274 2490 1373 2545 pro
1428 2476 1528 2529 hac
1572 2474 1861 2533 elaborare

263 2570 764 2625 Chrisﬁanissitnos
792 2568 1069 2637 principes
1095 2569 1177 2623 sic
1215 2567 1484 2623 videmus.
1516 2567 1639 2621 Non
1667 2574 1751 2622 est
1775 2566 1861 2622 in-

266 2664 486 2729 efﬁcax,
517 2653 577 2716 in'
602 2663 804 2719 divinis
843 2662 1080 2718 maxime
1107 2662 1304 2727 causis,
1333 2675 1460 2715 cura
1493 2660 1713 2733 regalis,
1740 2675 1859 2733 qua:

268 2759 511 2828 pertinet
534 2760 598 2812 ad
625 2759 799 2813 Deum
838 2757 928 2828 qui
972 2756 1208 2812 ﬁdeliter
1256 2767 1405 2815 tenet
1431 2756 1599 2813 corda
1625 2771 1861 2826 regnan-

269 2852 404 2904 tium
434 2849 616 2920 (Prov.
644 2864 758 2917 ιιι,
791 2847 866 2916 1).
896 2847 1085 2918 Itaque
1114 2839 1351 2904 breviter
1388 2863 1717 2920 responsum
1754 2858 1860 2904 tute

267 2942 549 2999 reddimus
577 2940 873 2997 sanctitati.

339 3035 394 3090 2.
430 3036 645 3090 Etenim
671 3033 872 3105 quaeris
902 3042 1083 3089 utrum
1115 3040 1303 3088 sancta
1344 3033 1586 3105 synodus
1614 3033 1859 3103 recipere

268 3128 466 3183 debeat
492 3127 770 3181 hominem
809 3124 836 3164 ά
861 3141 889 3180 a
928 3141 991 3181 se
1034 3127 1319 3196 praedicata
1371 3126 1759 3193 damnantem;
1790 3141 1859 3182 an

1964 550 2071 599 tem
2112 556 2177 598 se
2221 542 2371 598 nolle
2414 546 2705 602 morientis
2730 545 2948 618 (Ezech.
2989 564 3139 616 xvm,
3184 548 3298 623 52);
3342 563 3398 608 ot
3451 566 3553 623 per

1960 635 2265 705 apostolum
2288 635 2546 703 Paulum,
2577 651 2799 694 omnem
2829 623 3105 697 hominem
3151 641 3292 697 velle
3337 643 3549 701 salvum

1960 728 2076 783 ﬁeri
2106 737 2162 785 et
2183 728 2371 785 venire
2400 730 2467 784 ad
2496 730 2779 787 scientiam
2824 734 3067 790 veritatis
3098 735 3316 807 (lTim.
3346 752 3407 802 η,
3438 736 3544 810 ψ

1959 819 2260 892 Numquam
2300 820 2550 892 displicet
2592 822 2703 879 Deo
2759 825 3057 881 accelerata
3103 827 3158 881 in
3205 843 3547 899 quocumque

1958 912 2244 967 correctio.
2278 912 2408 967 Tuae
2434 912 2509 967 sit
2556 912 2660 971 hoc
2709 915 3015 971 sanctitatis
3063 932 3188 973 cum
3235 921 3545 978 venerando

1959 1000 2183 1056 fratrum
2215 1003 2469 1066 consilio,
2499 1011 2559 1059 ut
2602 1006 2704 1059 orti
2738 1005 2790 1059 in
2821 1005 3066 1062 Ecclesia
3108 1009 3365 1079 strepitus
3390 1027 3543 1068 com-

1960 1094 2285 1166 primantur,
2315 1104 2368 1149 et
2401 1095 2606 1150 ﬁnitum
2653 1097 2763 1152 Deo
2807 1096 3029 1168 juvante
3061 1101 3332 1171 negotium
3366 1103 3544 1157 votiva

1958 1187 2298 1241 correctione
2322 1186 2617 1241 discamus.

2029 1277 2083 1332 5.
2115 1277 2417 1332 Conventui
2442 1287 2619 1333 autem
2644 1293 2742 1332 uos
2788 1278 2976 1336 deesse
3004 1296 3112 1336 non
3137 1279 3369 1338 dicimus
3396 1301 3409 1337 :
3441 1300 3535 1341 ne-

1957 1384 2063 1441 que
2092 1371 2234 1423 enim
2268 1369 2337 1423 ab
2386 1369 2472 1425 his
2523 1370 2777 1427 absentes
2831 1386 2955 1429 esse
3005 1390 3313 1444 possumus.
3350 1374 3545 1448 quibus

1960 1476 2059 1515 nos
2089 1460 2417 1532 ubicumque
2445 1463 2635 1530 positis
2667 1463 2801 1518 ﬁdes
2848 1474 3026 1521 tamen
3080 1482 3187 1522 una
3235 1470 3535 1540 conjungit.

1958 1550 2094 1606 Nolo
2146 1567 2242 1606 nos
2287 1567 2513 1621 corpore
2558 1554 2661 1608 isto
2710 1557 2944 1624 censeri,
2978 1558 3136 1629 cujus
3188 1561 3538 1631 praesentium

1956 1642 2253 1712 Apostolus
2298 1642 2535 1713 assignat
2588 1643 2854 1699 inﬁrmam
2906 1647 2990 1718 (ll
3049 1648 3169 1703 Cor.
3202 1666 3258 1717 ι,
3288 1650 3397 1721 10).
3433 1652 3548 1707 lllic

1956 1751 2164 1803 sumus,
2200 1735 2220 1774 ί
2255 1738 2345 1808 qui
2376 1738 2516 1809 quod
2547 1738 2658 1794 illic
2696 1755 2794 1811 pro
2835 1742 3087 1797 omnibus
3134 1743 3312 1811 agitur
3342 1746 3545 1815 cogita-

1884 1830 1927 1891 Β
1957 1844 2077 1884 mus
2108 1845 2123 1884 :
2154 1829 2466 1899 spiritaliter
2508 1832 2739 1902 agimus,
2774 1833 2917 1904 quod
2974 1836 3330 1905 corporaliter
3377 1854 3540 1909 agere

1959 1936 2066 1976 non
2096 1922 2361 1977 videmur.
2406 1923 2610 1979 Studeo
2640 1925 2807 1994 quieti
2860 1926 3169 1991 catholicas.
3199 1927 3393 1983 studeo
3426 1947 3547 1999 per-

1958 2018 2134 2071 euntis
2162 2017 2343 2086 saluti,
2375 2017 2420 2072 si
2458 2029 2641 2072 tamen
2680 2020 2913 2075 voluerit
2956 2022 3331 2090 mgritudiuem
3375 2027 3547 2079 eonﬁ-

1956 2106 2084 2162 teri.
2134 2108 2285 2176 Quod
2333 2108 2455 2163 ideo
2499 2108 2752 2179 dicimus,
2784 2127 2853 2167 ne
2907 2114 3110 2169 volenti
3161 2130 3221 2171 se
3268 2117 3547 2188 corrigere

1960 2198 2184 2255 forsitan
2215 2201 2407 2258 deesse
2457 2202 2755 2258 videamur.
2786 2204 2917 2260 Nam
2948 2207 2993 2261 si
3040 2215 3096 2263 et
3140 2208 3299 2264 nobis
3331 2219 3357 2256 ε
3385 2211 3549 2265 susti-

1960 2294 2212 2348 nentibus
2261 2310 2417 2350 uvam
2447 2294 2583 2367 (Isa.
2607 2312 2662 2367 ν,
2695 2296 2753 2370 2)
2782 2340 2798 2367 ,
2842 2301 3027 2370 spinas
3079 2302 3183 2357 sibi
3233 2302 3542 2370 addiderit;

1964 2385 2278 2455 impleatur,
2309 2388 2652 2445 manentibus
2673 2390 2890 2445 statutis
2922 2392 3212 2461 prioribus,
3253 2398 3334 2450 sui
3369 2394 3546 2451 fructu

1959 2477 2183 2549 judicii;
2217 2478 2437 2549 colligat
2457 2480 2601 2551 quod
2631 2480 2783 2538 sulco
2805 2481 3078 2541 diabolico
3107 2486 3415 2551 seminavit,
3443 2503 3548 2543 non

1963 2572 2452 2638 nostro‘consilio,
2483 2572 2577 2629 sed
2622 2589 2682 2630 se
2722 2576 3000 2644 periturus
3030 2577 3057 2613 ιι
3084 2588 3328 2634 auctore.
3355 2578 3553 2634 Probet

1963 2677 2065 2719 nos
2078 2663 2291 2719 veloces
2321 2663 2487 2736 pedes
2526 2664 2593 2720 ad
2622 2665 3007 2724 eﬁ'undeudum
3040 2669 3548 2741 sanguinentU’sal.

1963 2770 2080 2818 xm.
2107 2754 2164 2827 ὅ)
2208 2770 2313 2811 non
2359 2756 2582 2825 habere,
2615 2759 2832 2829 quando
2879 2760 2983 2817 sibi
3030 2763 3191 2817 etiam
3242 2764 3547 2820 remedium

1963 2856 2255 2919 cognoscat
2284 2849 2549 2904 oblatum.

2046 2943 2103 2998 4.
2137 2941 2233 2997 llis
2261 2952 2441 2998 autem
2470 2956 2604 3014 quos
2626 2958 2753 3015 erga
2776 2944 3100 3001 catholicam
3130 2945 3292 3003 ﬁdem
3320 2956 3409 3004 tua
3437 2945 3550 3004 fra-

1965 3032 2327 3091 ternitasdicit
2340 3048 2401 3091 se
2422 3034 2628 3093 habere
2647 3037 3004 3106 suspectos,si
3024 3036 3552 3107 scriptadirexerint,

1965 3142 2067 3197 pro
2090 3127 2345 3198 qualitate
2374 3142 2557 3182 rerum
2582 3128 2664 3183 eis
2700 3142 2803 3184 nos
2826 3128 3164 3199 respondere
3186 3143 3410 3186 necesse
3435 3142 3542 3187 est.

271 3221 390 3290 quia
412 3219 749 3273 induciarum
784 3224 1001 3288 tempus
1026 3233 1305 3273 emensum
1335 3226 1439 3285 est,
1465 3220 1731 3275 sententia
1758 3218 1855 3274 dn-
1885 3217 1929 3281 C
1960 3218 2017 3273 In
2049 3233 2155 3290 quo
2182 3219 2399 3289 negotio
2426 3234 2586 3274 nemo
2625 3219 2913 3290 subripiet,
2951 3220 2965 3257 ί
2995 3221 3127 3292 quin
3159 3230 3271 3277 tota
3301 3224 3557 3279 cautione

273 3311 398 3366 dum
429 3310 538 3364 lata
577 3309 858 3380 perduret.
909 3310 1085 3379 Super
1120 3309 1236 3366 hmc
1271 3320 1293 3348 ο
1325 3311 1538 3381 utrique
1577 3311 1853 3368 consulta-

273 3403 417 3458 tione
457 3400 732 3457 cnmmttni
771 3415 1117 3457 communem
1158 3401 1444 3459 Dominum
1480 3403 1849 3459 consulamus.

277 3596 433 3643 capo.
481 3578 600 3637 6-9.
646 3579 924 3635 Posterior
975 3590 1155 3637 autem
1211 3580 1481 3648 NeStorii,
1535 3584 1587 3639 in
1641 3585 1874 3642 concilio

280 3652 553 3721 Ephesino
581 3662 687 3704 act.
722 3652 749 3705 1
800 3665 923 3721 pag.
970 3650 1071 3709 ισι
1125 3654 1296 3720 lecta,
1345 3655 1617 3713 communi
1648 3657 1869 3712 Patrum

278 3723 484 3778 Calculo
508 3722 793 3791 reprobata
825 3733 929 3776 est.

347 3801 372 3831 ⁸
404 3792 575 3848 Garn.
610 3791 699 3847 hic
721 3792 940 3863 adjecit,
943 3793 1205 3918 (riissimis
1229 3794 1649 3863 imperatoribus.
1673 3795 1870 3852 ﬂorum

347 3879 457 3918 cra.
491 3878 597 3918 nua
628 3862 868 3918 enisCttoi
910 3880 936 3917 a
1016 3864 1340 3918 Enhesinant
1371 3867 1640 3918 svnodum
1673 3882 1870 3918 vocan-

279 3878 457 3927 sacra,
491 3878 597 3938 qua
628 3862 868 3931 episcopi
910 3862 975 3918 ad
1016 3862 1340 3938 Ephesinam
1371 3867 1640 3938 synodum
1673 3882 1872 3924 vocan-

282 3948 384 3995 tur.
419 3936 687 3989 ltalteturt
721 3943 864 4003 part.
892 3937 1093 3990 concil.
1126 3935 1324 4004 Epites.
1355 3935 1524 3993 ((52.

347 4006 374 4044 ιι
416 4005 621 4060 Locum
655 4007 797 4061 hunc
831 4007 902 4060 ila
932 4007 1198 4062 resarcire
1230 4016 1459 4061 conatus
1488 4017 1569 4063 est
1603 4006 1867 4061 Garner.:

282 4075 741 4131 Dubitationem...
776 4076 1157 4148 inquisitionem
1199 4076 1488 4148 diﬁcilem,
1523 4093 1611 4131 nec
1654 4078 1872 4148 impedi-

282 4157 445 4200 mento
473 4148 700 4215 futuram
725 4162 834 4200 esse
867 4147 937 4200 ad
973 4145 1276 4201 tracta'um.
1303 4145 1640 4201 Conﬁrmare
1662 4145 1872 4203 videtur

281 4217 561 4271 Νιιειοτίυς
590 4217 735 4285 quod
766 4219 1134 4287 prtemiserat,
1167 4220 1524 4287 quaestionem
1571 4219 1779 4274 scilicet
1803 4221 1870 4275 de

281 4289 491 4369 duobus
517 4288 956 4369 verbishutrum.
981 4290 1323 4369 .XPtO’TO‘IZéZf;
1354 4304 1424 4369 an
1464 4289 1705 4369 βιςντῷῳς
1736 4305 1872 4360 pra:-

283 4359 570 4413 ferendum
596 4360 688 4421 sit,
713 4359 846 4413 nihil
870 4358 1161 4429 quidquam
1181 4358 1510 4429 difﬁcultatis
1538 4358 1866 4427 habituram,

283 4444 382 4483 nec
425 4429 812 4497 impedimento
841 4431 957 4484 fore
1002 4428 1297 4505 (χιιοιιιίιιιιςΔ
1318 4428 1516 4485 Christi
1556 4430 1728 4485 deitas
1761 4440 1871 4486 tra-

284 4508 460 4555 ctetur
482 4510 535 4553 et
562 4509 854 4555 asseratur.

357 4582 382 4609 '~'
413 4570 627 4639 Scripta
658 4566 833 4642 Maii’7
856 4585 996 4625 anno
1024 4569 1153 4627 451.
1187 4571 1337 4627 Hanc
1363 4580 1541 4626 autem
1582 4572 1865 4642 epistolam

286 4656 387 4694 una
432 4656 555 4696 cum
611 4641 978 4711 subsequente
1005 4644 1070 4697 i9
1104 4642 1307 4712 primus
1354 4641 1624 4697 Baronius
1665 4643 1730 4697 ad
1770 4660 1870 4698 an-

289 4728 413 4767 num
442 4713 558 4783 7451
608 4712 659 4767 in
701 4712 875 4767 lucem
923 4714 1118 4767 emisit.
1160 4713 1266 4768 Eas
1295 4725 1575 4783 acceperat
1604 4714 1671 4769 ab
1698 4714 1867 4770 Auto-

290 4783 377 4837 nio
419 4782 490 4837 de
541 4783 773 4851 Aquino,
807 4783 899 4853 qui
941 4783 1338 4853 pontiﬂeiarum
1382 4782 1731 4854 epistolarum
1761 4802 1860 4838 an.

287 4854 520 4908 ctarium
563 4862 690 4908 tunc
730 4854 1114 4910 meditabatur.
1144 4854 1193 4908 is
1219 4855 1384 4909 dubio
1414 4855 1600 4924 procul
1630 4856 1865 4910 indicas-

294 4933 375 4978 set
401 4924 545 4978 uude
576 4924 697 4997 illas
727 4935 966 4991 eruerat,
988 4926 1032 4981 si
1073 4926 1384 4980 meditatum
1423 4940 1560 4997 opus
1608 4927 1866 4995 perﬁcere

326 4997 575 5049 aluisset.
616 4992 812 5049 Verum
858 5008 983 5050 cum
1023 5005 1148 5051 ante
1196 4998 1303 5050 vita
1347 4998 1417 5052 sit
1442 4992 1680 5059 functus,
1723 4997 1867 5051 istud

290 5010 575 5118 gotutsset.
620 5010 812 5049 verum
858 5010 983 5050 cum
1023 5010 1148 5051 ante
1196 5010 1303 5050 vna
1347 5010 1680 5059 srttunctus,
1723 5010 1866 5051 istud

329 5078 553 5119 actenus
586 5066 762 5120 latuit.
790 5066 976 5120 Nullus
1006 5078 1183 5122 tamen
1210 5067 1424 5122 videtur
1445 5068 1753 5137 ambigendi
1781 5068 1866 5120 lo-

290 5151 384 5208 cus
424 5137 554 5208 quin
581 5152 647 5191 ex
695 5137 875 5208 aliquo
922 5137 1183 5208 Epltesini
1213 5139 1424 5193 concilii
1466 5138 1657 5192 Latino
1684 5154 1871 5193 exem-

292 5206 780 5274 plari,cnjusmodi
822 5206 987 5262 unum
1042 5218 1292 5265 asservat
1334 5208 1584 5264 Ecclesia:
1614 5209 1869 5263 Bellova-

291 5277 469 5332 eensis
506 5277 850 5345 bibliotheca,
883 5288 1051 5334 erutae
1080 5281 1211 5334 sint.
1241 5281 1537 5344 Prmterea,
1569 5281 1709 5335 inter
1749 5295 1863 5335 mo-

294 5347 536 5403 nimenta
571 5363 692 5416 qua:
721 5347 899 5406 Lucas
930 5350 1238 5406 llolsteuius
1286 5350 1368 5405 vel
1404 5360 1461 5405 ut
1505 5364 1663 5415 nova,
1697 5351 1779 5404 vel
1813 5359 1872 5404 ut

290 5417 601 5491 ad_veteres
629 5419 849 5477 codices
870 5422 1087 5486 collata,
1118 5421 1334 5490 collegit
1362 5430 1418 5476 et
1442 5421 1683 5477 editione
1710 5421 1871 5491 digna

291 5487 645 5561 existimavit,
676 5493 1005 5561 autographa
1045 5502 1230 5546 earum
1250 5487 1501 5561 exempla
1534 5494 1591 5550 in
1631 5487 1874 5557 percele-

296 5559 374 5633 l_tri
434 5560 762 5633 bibliotheca
812 5559 1105 5633 Barberiua
1155 5559 1520 5629 reperiuntur.
1579 5563 1875 5633 Utramque

296 5628 751 5701 §teph.Baluzius
774 5647 898 5686 nov.
924 5628 1260 5687 coll.c0ncil.
1295 5648 1413 5701 pag.
1439 5634 1548 5688 49%
1575 5643 1629 5689 et
1657 5628 1870 5699 494,“

299 5698 702 5773 Bellovacensis
730 5703 931 5757 codicis
965 5703 1066 5756 lide
1089 5703 1274 5757 recudi
1297 5698 1525 5759 curavit.
1560 5705 1616 5759 In
1641 5704 1743 5761 hac
1767 5698 1874 5773 pri-

297 5785 377 5825 tua
416 5786 525 5844 non
554 5771 749 5844 desunt
787 5782 927 5826 nota:
948 5774 1151 5844 quibus
1196 5789 1314 5827 eam
1353 5789 1381 5826 τι
1418 5774 1609 5830 Grtcco
1638 5771 1871 5844 versam,

320 5854 423 5896 nou
442 5859 470 5898 e
494 5840 696 5901 Latino
720 5840 1025 5902 authentito
1057 5844 1386 5912 descriptam
1416 5847 1775 5914 suSpicemur.

1963 3321 2243 3368 tractetur.
2286 3311 2421 3367 Data
2465 3306 2629 3368 nonis
2662 3312 2986 3377 Maii,Basso
3027 3321 3084 3371 et
3124 3313 3395 3370 Antiocho
3422 3315 3555 3371 viris

1959 3405 2279 3462 clarissimis
2302 3405 2652 3462 consulibus.

2046 3584 2072 3625 δ
2105 3587 2221 3643 Hoc
2260 3597 2365 3656 est,
2405 3604 2474 3644 an
2516 3589 2764 3658 recipere
2807 3588 2998 3645 debeat
3036 3587 3368 3656 Nestorium,
3400 3591 3560 3646 modo

1973 3657 2197 3713 damnet
2244 3675 2367 3728 qua:
2416 3660 2579 3729 impie
2616 3657 2778 3729 antea
2812 3659 3158 3729 praedicat-at.
3187 3659 3318 3715 litae
3348 3659 3560 3728 phrasis

1975 3675 2197 3713 uamnet
2244 3675 2367 3728 qua:
2416 3675 2486 3713 tm
2532 3675 2579 3715 te
2622 3675 2778 3714 antea
2812 3675 3158 3729 praedicant.
3187 3675 3318 3715 tunc
3348 3675 3558 3728 puram

1975 3729 2329 3798 interpretem
2358 3675 2573 3785 subofet
2597 3728 2803 3783 Graece
2847 3730 3043 3783 littera:
3076 3731 3314 3785 tenacius
3346 3731 3558 3786 lueren-

1974 3807 2108 3853 tem.
2148 3799 2295 3854 Idem
2326 3800 2469 3868 sapit
2492 3810 2548 3854 et
2585 3798 2837 3868 superior
2864 3814 2970 3855 vox
2994 3798 3218 3857 minime
3250 3800 3440 3857 Latina
3474 3803 3562 3856 in-

1972 3869 2263 3938 difﬁculter.

2049 3948 2073 3977 ι’
2107 3938 2479 4010 Supple.qua:
2507 3938 2719 4010 qua'ris.
2756 3937 2913 4010 Apud
2940 3938 3140 4010 Baron.
3174 3950 3230 3995 et
3256 3939 3464 4006 Balua.,
3497 3949 3558 3997 ut

1974 4008 2029 4065 in
2076 4008 2295 4082 schedia
2321 4008 2594 4079 Huisten.,
2625 4008 2843 4082 legitur,
2877 4008 3050 4079 Super
3086 4009 3185 4065 hac
3215 4013 3390 4081 utique
3411 4028 3430 4067 :
3459 4013 3556 4067 sed

1972 4079 2283 4151 emendatio
2330 4089 2515 4135 nostra
2556 4079 2715 4148 nulli,
2748 4084 2900 4151 puto,
2930 4083 3217 4139 temeraria
3258 4079 3549 4137 videbitur.

2049 4148 2071 4189 τ
2102 4150 2300 4205 Baron.
2335 4151 2598 4222 Quidquid
2624 4148 2762 4206 illic;
2778 4151 2945 4222 Magis
2962 4152 3135 4220 placet
3163 4168 3284 4208 cum
3316 4153 3553 4218 Baluzio,

1972 4223 2094 4289 quia
2119 4225 2256 4290 quod
2278 4223 2409 4277 illic.
2441 4224 2573 4277 Cum
2607 4222 2847 4295 hominis
2884 4222 3151 4295 prmcipua
3182 4239 3309 4295 pars
3336 4225 3409 4279 sit
3437 4227 3556 4279 ani-

1972 4307 2116 4357 mus,
2143 4308 2315 4362 eaque
2344 4308 2373 4347 a
2411 4296 2575 4350 rebus
2602 4293 2881 4363 corporeis
2907 4293 3293 4362 distinguatur,
3319 4295 3431 4351 illic
3459 4296 3558 4351 lto-

1972 4378 2063 4416 mo
2094 4365 2262 4434 magis
2312 4378 2435 4417 esse
2477 4372 2728 4420 censetur
2765 4363 2855 4418 ubi
2900 4371 2986 4419 est
3023 4371 3230 4433 mente,
3258 4380 3419 4435 quam
3460 4366 3555 4422 ubi

1973 4445 2216 4489 versatur
2244 4449 2492 4503 corpore.

1958 4520 1961 4525 ν
2047 4513 2072 4552 s
2099 4504 2168 4558 Et
2192 4505 2307 4559 lure
2332 4502 2434 4559 vox
2470 4505 2828 4574 interpretem
2857 4502 3022 4573 sapit,
3051 4503 3139 4573 qui
3162 4502 3304 4574 quod
3332 4505 3386 4561 in
3408 4503 3561 4561 Graec

1971 4590 2036 4630 co
2065 4589 2266 4644 auceps
2292 4583 2426 4642 erat,
2462 4575 2593 4629 satis
2621 4585 2745 4644 apte
2775 4573 3107 4645 distinguere
3139 4573 3416 4631 nescierit.
3446 4576 3555 4631 La-

1972 4646 2087 4700 tine
2131 4646 2296 4699 dubio
2343 4645 2535 4716 procul
2579 4645 2906 4716 Caelestinus
2952 4644 3185 4715 primum
3236 4647 3553 4716 scripserat,

1969 4715 2403 4783 exspectantibus,
2429 4726 2522 4772 aut
2562 4715 2687 4771 dum
2734 4726 3107 4788 exspectamus,
3139 4731 3249 4773 non
3295 4718 3556 4774 sustinen-

1968 4788 2123 4840 tibus.

2043 4854 2070 4894 ιλ
2102 4857 2281 4927 Pergit
2310 4857 2641 4915 (‘oelestim
2682 4858 3255 4915 excommunicationis
3296 4858 3554 4915 invidiam

1970 4929 2023 5001 in
2051 4943 2155 5001 eos
2186 4929 2413 4995 rejicerc
2440 4930 2527 4998 qui
2555 4930 3110 5001 excommunicantur,
3142 4930 3264 5001 quia
3296 4928 3398 4999 ipsi
3428 4944 3554 5000 per-

1971 5000 2191 5054 ditionis
2214 5014 2325 5052 sun:
2349 5012 2604 5055 auctores
2632 5000 2759 5055 sint.

2049 5068 2066 5106 ί
2102 5069 2321 5129 Bar0n.,
2350 5074 2469 5140 quia
2497 5080 2601 5124 tota
2623 5072 2862 5124 cautione
2890 5079 3164 5125 tractatur.
3194 5068 3391 5126 Melius
3411 5070 3550 5139 apud

1976 5142 2183 5203 Baluz.,
2211 5141 2331 5207 quin
2500 5152 2746 5195 tractetur
2772 5156 2790 5194 :
2820 5141 2923 5196 hoc
2951 5155 3056 5206 est,
3098 5156 3261 5197 nemo
3288 5155 3387 5209 per
3422 5141 3552 5197 Sub.

1975 5212 2278 5279 reptionem
2309 5210 2531 5280 efﬁciet,
2562 5222 2618 5266 ut
2657 5227 2764 5265 non
2810 5222 2918 5266 tota
2968 5213 3219 5268 cautione
3266 5219 3549 5268 tractetur.

1978 5281 2091 5337 Huc
2119 5283 2351 5335 maxime
2375 5281 2576 5337 dictum
2607 5292 2690 5337 est
2713 5281 2938 5337 Joannis
2958 5282 3280 5340 Antiocheni
3296 5282 3556 5339 aliorum-

1978 5368 2085 5423 que
2122 5353 2294 5423 Syria:
2328 5353 2706 5421 episcoporum
2735 5366 2918 5408 causa.
2953 5355 3016 5408 lii
3041 5354 3240 5423 quippe
3267 5352 3550 5409 duodecim

1978 5423 2447 5494 anathematismis
2466 5438 2600 5493 quos
2621 5423 3120 5494 Cyrillusepistola:
3147 5424 3214 5479 ad
3243 5423 3551 5480 Nestorium

1979 5495 2308 5563 subiecerat,
2338 5492 2526 5549 σαρκιὲί
2558 5492 2681 5548 eum
2715 5493 3141 5561 Apollinarium:
3171 5497 3444 5551 hereseos
3462 5510 3554 5552 su-

1978 5574 2222 5637 spectum
2248 5564 2825 5637 lt_abtterunt;iudeque
2850 5564 3087 5620 vicissim
3112 5566 3216 5635 ipsi
3243 5565 3471 5637 Cyrillo,
3494 5573 3555 5620 ut

1978 5634 2231 5706 Nestorii
2259 5634 2513 5706 fautores
2563 5649 2628 5690 ac
2670 5633 3052 5706 suifragatores
3077 5678 3092 5703 ,
3135 5633 3378 5706 suspecti
3427 5635 3552 5692 facti

1978 5716 2124 5761 sunt.
2175 5704 2309 5760 Vide
2349 5704 2660 5760 Liberatum
2697 5720 2817 5776 cap.
2844 5704 2920 5760 ’4.
2947 5705 3187 5764 Joannes
3215 5704 3348 5763 vero
3389 5723 3421 5763 a
3449 5707 3555 5776 Nee

1980 5777 2135 5833 Storii
2168 5776 2487 5831 commentis
2530 5775 2791 5846 quantum
2840 5776 3181 5841 abhorreret.
3210 5778 3436 5847 epistola
3487 5775 3556 5832 ad

1982 5849 2159 5917 ipsum
2196 5847 2502 5907 Nestorium
2525 5850 2723 5920 scripta
2749 5847 3048 5909 luculenter
3070 5848 3341 5923 patefecit.
