3916 6178
1604 148 1685 156 νρσσ

266 266 383 321 507

1061 258 1118 314 S.
1149 251 1544 315 CCELESTINI
1585 250 1606 307 ι
1648 251 1849 309 ΡᾹΡᾸΞ
1890 250 2252 308 ειηδτοιλε
2294 250 2383 306 ΕΤ
2423 247 2769 307 DECRETA.

3448 251 3558 307 508

279 378 542 433 ctaverint
570 376 690 431 lidei
726 386 752 413 ι
777 372 1021 436 semina;
1064 377 1246 425 nostra
1278 368 1393 424 haec
1431 366 1739 422 sollicitudo
1769 381 1861 421 cu-

1989 365 2114 422 ἔστιν
2142 366 2367 421 ἐλάσσων
2408 369 2531 436 τιμή
2565 371 2657 425 τῆς
2686 362 2970 438 ὑπηρεσίας
2998 367 3071 434 τῷ
3096 357 3385 416 διδάσκοντι
3411 363 3441 420 ἡ
3464 369 3565 418 τῶν

282 469 499 530 stodiat,
521 477 577 521 ut
597 468 961 533 incorruptum
989 471 1044 517 et
1064 461 1414 531 multiplicem
1439 459 1672 514 fructum
1693 459 1866 515 nostri

284 558 696 614 l’atrisl‘amilias
718 556 984 609 adventus
1011 554 1269 621 inveniat,
1292 552 1379 607 cui
1405 552 1507 606 soli
1527 553 1711 620 ntique
1738 550 1867 606 bas-

278 649 523 718 signatur
554 647 799 701 ubertas.
833 645 1112 714 Loquente
1135 658 1369 713 namque
1391 642 1677 699 elecriouis
1702 641 1864 707 Vase,

280 742 526 810 plantare
558 749 610 793 et
646 739 823 808 rigare
852 753 958 791 non
990 736 1211 801 sufﬁcit,
1240 737 1341 790 nisi
1373 736 1514 790 Deus
1540 733 1750 788 dederit
1778 734 1864 788 in-

278 840 613 885 crementum
644 828 690 897 (Ι
718 827 839 883 Cor.
875 843 955 895 ιιι,
990 827 1067 899 7).
1109 825 1393 896 Agendum
1423 825 1585 895 igitur
1621 840 1763 878 nunc
1783 835 1866 879 est

280 922 465 977 labore
508 920 805 983 communi,
843 928 948 972 ent
997 917 1205 971 credita
1260 927 1315 970 et
1365 931 1463 985 per
1512 913 1863 981 apostolicam

277 1013 683 1068 successionem
706 1010 807 1063 huc
832 1024 1001 1075 u5que
1024 1008 1241 1062 detenta
1273 1020 1569 1061 servemus.
1601 1004 1733 1059 Illud
1766 1003 1783 1041 τ
1813 1004 1867 1058 iu

280 1108 459 1171 nobis,
517 1121 612 1175 per
642 1103 786 1172 quod
828 1101 1124 1157 secundum
1160 1099 1477 1169 Apostolum
1506 1096 1863 1161 ambulemus,

279 1200 546 1267 arguitur.
578 1196 694 1250 Non
730 1195 875 1250 ettim
907 1208 1048 1247 nunc
1079 1202 1102 1239 ε
1132 1191 1367 1261 species,
1400 1190 1495 1245 sed
1522 1189 1658 1244 lides
1682 1198 1863 1244 nostra

280 1301 501 1346 vocatur
531 1289 596 1343 ad
625 1302 865 1343 causam.

1966 456 2377 532 παραδιδομένων
2407 457 2616 530 φυλακή.
2639 456 2846 509 Ἐκεῖνοι
2872 452 3115 529 ἴσπειραν
3139 462 3230 514 τῆς
3249 455 3475 514 πίστεως
3499 458 3565 511 τὰ

1966 549 2261 620 σπέρματα·
2294 554 2462 604 ταῦτα
2488 549 2517 605 η
2542 548 2762 623 ἡμετέρα
2788 548 2989 622 φροντίς
3018 546 3391 618 ἀσφαλιζεσθω,
3421 545 3563 609 ὅπως

1965 639 2265 716 ἀδιάφθορον
2309 644 2393 696 καί
2448 639 2958 697 πολυπλασιασθίντα
3006 642 3204 716 καρπόν
3242 642 3271 699 ἦ
3299 644 3564 715 παρουσία

1966 738 2057 788 τοῦ
2088 734 2329 807 ἡμετέρου
2361 730 2616 788 δεσπότου
2647 731 2804 807 εὖροι,
2910 731 3043 805 μόνῳ
3078 742 3099 769 ε
3132 733 3163 790 ἡ
3193 732 3439 792 ὡραιότης
3461 741 3562 787 τῶν

1970 824 2267 879 ἀποστόλων
2310 825 2648 895 ἰμφανίζεται.
2698 826 2786 878 Καὶ
2833 824 2932 899 γάρ
2962 821 2987 858 (³
3020 823 3176 877 λαλῶν
3222 831 3329 882 τοῖς
3370 823 3561 878 εαυτοῦ

1970 916 2218 976 ἐκλεκτοῖς
2238 916 2455 979 Παῦλος,
2487 915 2669 971 ἑαυτὸν
2690 916 2922 988 φυτεύειν
2939 918 3024 969 καί
3044 919 3263 980 ποτίζειν
3289 917 3381 969 ούκ
3404 918 3563 990 ἐπαρ-

1967 1016 2070 1063 κεῖν
2105 1008 2220 1082 ἔφη,
2253 1010 2297 1063 εἰ
2330 1012 2400 1080 μή
2446 1010 2573 1069 Θεὸς
2619 1010 2677 1064 τό
2724 1006 3033 1072 αὐξάνεσθαι
3082 1010 3169 1061 καί
3222 1006 3563 1065 πληθύνεσθαι

1966 1102 2279 1174 ἐχαρίσατο.
2309 1105 2590 1175 Τοιγαροῦν
2619 1097 3076 1175 περισπούδαστόν
3102 1099 3236 1163 ἰστι,
3269 1102 3351 1152 καί
3391 1119 3563 1170 πρακ-

1970 1194 2079 1247 τέον
2107 1190 2248 1253 ὅπως
2277 1194 2491 1262 καμάτῳ
2529 1199 2680 1265 κοινῷ
2706 1194 2773 1247 τὰ
2802 1192 3212 1263 ἰμπιστευθέντα.
3242 1195 3327 1246 καί
3354 1190 3441 1247 διὰ
3471 1202 3565 1253 τῆς

1969 1284 2308 1343 ἀποστολικῆς
2336 1281 2591 1353 διαδοχῆς
2611 1284 2708 1345 ἕως
2748 1289 2839 1338 τοῦ
2866 1288 2955 1335 νῦν
2982 1283 3312 1353 συσχεθέντα
3339 1283 3565 1356 φυλάξω-

1969 1381 2264 1447 μεν.Ἐκεῖνο
2285 1375 2383 1449 ρ
2395 1374 2519 1449 παρ’
2532 1377 2673 1444 ἡμῶν
2686 1376 2928 1439 αἰτεῖται,
2938 1374 3023 1429 ἵνα
3044 1377 3177 1431 κατά
3188 1377 3272 1431 τὸν
3284 1376 3567 1433 ἀπόστολον

280 1474 723 1549 περιπατήσωμν.
756 1465 885 1522 Οῦτε
907 1469 1010 1541 γὰρ
1038 1472 1126 1519 νῦν
1153 1463 1429 1541 πρόσωπόν
1457 1484 1529 1531 τε,
1560 1463 1665 1517 ἀλλ’
1692 1465 1723 1521 ἦ
1752 1463 1975 1539 ἡμετέρα
2003 1467 2183 1526 πίστις
2212 1465 2441 1521 καλεῖται
2471 1466 2600 1539 πρὸς
2628 1464 2787 1523 δίκην.

351 1563 405 1615 5.
437 1558 713 1629 Spiritalia
747 1572 894 1611 arma
934 1556 1199 1610 sumenda
1228 1566 1376 1620 sunt,
1407 1556 1533 1625 quia
1570 1555 1710 1607 bella
1742 1562 1868 1607 sunt

282 1652 565 1717 mentium,
594 1657 647 1705 et
678 1649 783 1704 tela
811 1648 1129 1714 verborum,
1156 1658 1213 1701 ut
1242 1646 1297 1701 in
1329 1646 1500 1700 nostri
1529 1645 1675 1713 regis
1714 1641 1739 1680 ¹³
1772 1644 1869 1699 lm-

281 1746 415 1800 dere
463 1744 837 1813 perderemus.
871 1742 1074 1797 Omnes
1120 1755 1265 1794 nunc
1312 1738 1387 1793 ibi
1427 1739 1637 1808 positos
1681 1737 1871 1791 beatus

283 1837 483 1892 Paulus
536 1836 818 1905 apostolus
866 1842 1074 1897 tnonet,
1118 1833 1207 1887 ubi
1256 1832 1542 1886 Timotheo
1585 1845 1870 1886 remanere

282 1927 557 1983 mandavit
604 1927 649 1996 (l
683 1926 815 1980 Tim.
850 1942 888 1989 ι,
924 1925 1001 1995 5).
1052 1924 1197 1978 Idem
1243 1923 1406 1993 igitur
1456 1922 1632 1987 locus,
1681 1922 1870 1975 eadem

283 2035 441 2074 causa
477 2019 492 2056 ί
530 2020 668 2089 ipsa,
714 2019 877 2073 etiam
925 2017 1084 2072 modo
1128 2017 1303 2086 ipsum
1336 2015 1561 2085 requirit
1609 2013 1868 2068 cilicium.

284 2112 395 2168 Nos
426 2128 639 2185 quoque
689 2127 832 2166 nunc
867 2125 1089 2181 agamus
1127 2108 1271 2177 quod
1317 2107 1581 2177 agendum
1614 2117 1742 2161 tunc
1786 2106 1874 2160 ille

284 2208 562 2275 suscepit:
596 2221 663 2259 ne
692 2205 813 2271 quis
840 2203 998 2257 aliter
1030 2201 1264 2267 sentiat,
1298 2210 1351 2256 et
1380 2200 1709 2269 quaestiones
1739 2214 1893 2269 pne--

286 2299 554 2353 stantibus
601 2298 835 2350 maxime
882 2293 1079 2347 fabulis
1127 2310 1193 2347 ne
1221 2294 1342 2363 quis
1368 2293 1645 2357 intendat,
1674 2301 1731 2346 ut
1764 2292 1877 2360 ipse

288 2388 547 2457 pramepit
576 2385 741 2457 (Ibid.
775 2385 848 2451 «ις
878 2394 927 2438 et
957 2401 1031 2448 tv,
1059 2386 1136 2453 7).
1171 2386 1351 2439 Simus
1384 2384 1685 2446 unanimes,
1711 2398 1875 2436 unum

289 2479 409 2548 quia
445 2479 523 2531 sic
550 2476 788 2547 expedit,
818 2476 1137 2532 srntientes.
1161 2476 1302 2530 Nihil
1330 2491 1424 2545 per
1451 2477 1873 2540 contentionem,

289 2572 425 2626 nihil
458 2586 554 2639 per
581 2571 796 2623 inanem
823 2568 1053 2640 gloriam
1082 2584 1241 2638 agere
1272 2569 1590 2638 gestiamus,
1622 2583 1726 2621 una
1758 2570 1878 2621 ani-

291 2678 377 2716 ma
428 2675 549 2715 cum
604 2675 710 2715 uno
753 2659 921 2715 corde
958 2659 1033 2714 sit
1079 2660 1289 2714 cunctis
1328 2658 1587 2729 (Philipp.
1622 2675 1678 2723 ιι,
1712 2659 1768 2726 2,
1800 2658 1875 2729 3).

288 2751 733 2821 Quandoquidem
766 2750 926 2815 ﬁdes,
955 2764 1079 2820 qum
1104 2758 1187 2804 est
1214 2765 1344 2814 una,
1380 2749 1650 2820 pulsatur,
1678 2749 1877 2813 doleat.

288 2846 458 2897 immo
500 2853 553 2897 et
601 2843 799 2908 lugeat,
832 2841 936 2897 hoc
981 2841 1264 2896 nobiscum
1297 2857 1458 2894 omne
1503 2839 1556 2895 in
1594 2855 1881 2895 commune

285 2934 603 3003 collegium.
650 2933 883 2987 Vocatur
930 2934 982 2986 in
1011 2932 1275 3000 judicium
1314 2933 1404 3001 qui
1432 2930 1769 3000 iudicaturus
1797 2939 1881 2986 est

287 3026 584 3089 mundum;
631 3024 918 3078 discutitur
953 3024 1044 3093 qui
1081 3024 1429 3079 discussurus
1466 3032 1548 3077 est
1578 3039 1794 3088 omnes;
1828 3032 1881 3077 et

286 3118 616 3174 calumniam
662 3119 868 3185 patitur
912 3116 1003 3186 qui
1053 3116 1303 3171 redemit.
1354 3117 1681 3186 Accingatnr
1716 3115 1880 3170 armis

295 3210 388 3265 ltei
437 3218 619 3262 vestra
672 3207 982 3262 fraternitas
1035 3206 1251 3277 (Ephes.
1284 3207 1509 3269 v1.17).
1559 3206 1721 3261 Scitis
1759 3222 1881 3277 quae

293 3302 446 3371 galea
478 3308 640 3368 caput
667 3307 909 3353 nostrum
941 3298 1177 3362 muniat,
1209 3314 1330 3367 qua:
1374 3298 1537 3352 lorica
1584 3307 1773 3366 p-‘ctus
1802 3299 1881 3352 itt-

294 3394 496 3461 cludat,
522 3409 627 3446 non
659 3406 756 3446 vos
781 3406 921 3445 nunc
953 3388 970 3428 1
1000 3390 1215 3445 demum
1245 3390 1614 3445 ecclesiastica
1644 3400 1881 3445 rectores

294 3497 465 3543 castra
497 3494 775 3556 ceperunt.
810 3484 981 3539 Nemo
1011 3484 1217 3539 dubitet
1240 3525 1254 3548 ,
1289 3483 1502 3537 favente
1534 3483 1764 3538 Domino
1791 3486 1880 3552 qui

295 3577 423 3631 ficit
451 3587 683 3646 utraque
711 3591 875 3631 unum
911 3575 1126 3647 (Ephes.
1160 3592 1227 3640 ιι,
1259 3576 1370 3646 ll),
1419 3574 1680 3644 depositis
1718 3576 1883 3630 armis

293 3686 479 3741 pacem
509 3670 745 3725 loturam
764 3710 777 3734 ,
805 3668 1026 3739 quando
1053 3683 1115 3722 se
1141 3682 1301 3722 causa
1334 3668 1447 3736 ipsa
1475 3666 1738 3722 defendit.

366 3853 422 3908 4.
454 3852 827 3923 Respiciamus
861 3866 1047 3906 rursus
1071 3850 1232 3904 etiam
1266 3850 1354 3905 illa
1390 3850 1562 3905 nostri
1590 3850 1757 3905 verba
1787 3849 1884 3905 do-

287 3947 486 4013 ctoris,
536 3947 736 4016 quibus
774 3946 993 4014 proprie
1031 3942 1173 4013 apud
1217 3944 1505 4014 episcopos
1546 3944 1735 4009 utitur,
1782 3944 1882 3998 ista

292 4038 597 4107 pra-dicans
625 4054 637 4088 :
672 4036 948 4100 Attendite,
981 4034 1173 4103 inquit,
1206 4034 1347 4088 vobis
1371 4046 1422 4089 et
1452 4035 1690 4090 universo
1716 4036 1880 4105 gregi,

296 4130 350 4180 in
375 4144 473 4194 quo
495 4143 578 4179 vos
607 4125 837 4193 Spiritus
866 4132 1072 4180 sanctus
1105 4126 1277 4196 posuit
1298 4126 1565 4194 episcopos
1588 4142 1761 4194 regere
1786 4126 1883 4180 Ec-

291 4218 503 4270 clesium
541 4216 658 4282 Dei,
706 4232 860 4286 quam
889 4217 1155 4287 acquisivit
1196 4216 1449 4287 sanguine
1495 4232 1589 4270 suo
1619 4215 1754 4287 (Act.
1791 4234 1879 4285 xx,

292 4308 412 4379 ‘28).
456 4307 586 4363 lude
617 4308 729 4363 uad
775 4308 878 4362 hoc
905 4317 1126 4364 vocatos
1173 4308 1271 4363 bos
1319 4308 1570 4378 legimus,
1604 4310 1696 4379 qui
1742 4309 1886 4364 istud

2042 1552 2213 1610 Ὀπλα
2255 1558 2569 1626 πνευματικὰ
2617 1558 2939 1631 θωρήξασθαι
2992 1559 3086 1624 δεῖ,
3140 1560 3312 1621 ἔπειδὴ
3358 1562 3566 1634 πόλεμοι

1975 1653 2223 1702 κινοῦνται
2249 1646 2461 1719 ψυχῶν,
2494 1651 2576 1703 καὶ
2604 1648 2725 1718 βέλη
2754 1650 3024 1723 ῥημάτων,
3058 1649 3197 1713 ὅπως
3227 1654 3275 1707 ἐν
3303 1661 3365 1729 τῇ
3394 1657 3567 1711 πίστει

1975 1748 2068 1797 τοῦ
2107 1742 2363 1813 βασιλέως
2417 1742 2556 1813 ἡμῶν
2614 1746 3025 1815 παραμείνωμεν.
3079 1746 3276 1807 Πάντας
3320 1753 3407 1799 νῦν
3447 1750 3569 1806 τούς

1975 1837 2132 1889 ἐκεῖσε
2163 1834 2191 1889 ὁ
2218 1836 2463 1910 μακάριος
2496 1836 2691 1896 Παῦλος
2735 1837 3135 1907 ὑπομιμνήσκει,
3182 1836 3299 1893 ἔνθα
3332 1840 3569 1909 Θιμόοεον

1974 1928 2138 1997 μένειν
2187 1928 2482 1981 ἓνετείλατο.
2522 1937 2577 1981 '0
2626 1928 2783 1989 αὐτὸς
2827 1935 3100 2005 τοιγαροῦν
3142 1928 3319 1989 τόπος.
3362 1932 3392 1988 ἡ
3439 1933 3568 1989 αὕτη

1974 2018 2210 2079 ὑπόθεσις
2236 2023 2328 2078 τήν
2356 2020 2512 2078 αύτὴν
2540 2017 2797 2075 διακονίαν
2825 2022 2906 2075 καί
2933 2027 3018 2074 νῦν
3047 2022 3278 2076 ἀπαιτεῖ.
3311 2019 3482 2092 ἰιμεῖς
3511 2042 3567 2076 τε

1974 2116 2062 2165 νῦν
2106 2113 2376 2187 πράξωμεν
2423 2114 2505 2165 καί
2551 2111 2929 2185 σπουδάσωμεν
2980 2115 3052 2174 εἰς
3099 2119 3276 2177 τοῦτο,
3326 2110 3354 2169 ὃ
3402 2116 3571 2183 ἐκείνῳ

1976 2190 2218 2276 πράττειν
2243 2203 2639 2278 προστίτακται’
2667 2203 2753 2257 ἶνα
2781 2208 2850 2272 μή
2894 2200 3013 2258 «Ino
3056 2224 3136 2264 τις
3164 2210 3335 2276 φρονῇ,
3368 2206 3446 2256 καί
3478 2207 3571 2268 ζη-

1977 2297 2149 2353 τήσεις
2180 2296 2195 2343 l
2234 2294 2281 2346 ἰν
2318 2300 2411 2356 τῆς
2455 2294 2720 2371 παρούσης
2766 2296 2990 2365 μάλιστα
3028 2294 3365 2369 μακρολογίας
3394 2293 3574 2365 μηδεὶς

1980 2385 2258 2450 ἓκτεινέτω,
2292 2387 2359 2447 ὡς
2388 2386 2551 2447 αὐτὸς
2586 2387 2889 2461 προσέταξε.
2929 2390 3157 2458 Μένωμεν
3186 2386 3480 2457 όμόψυχοι.
3523 2386 3575 2440 ἓν

1979 2480 2149 2534 καὶτὸ
2186 2481 2307 2534 αύτό
2346 2485 2663 2555 φρονοῦντες,
2709 2478 2884 2539 ἐπειδὴ
2929 2486 3083 2536 τοῦτο
3120 2482 3385 2556 συμφέρευ
3417 2478 3575 2550 μηδὲν

1981 2569 2066 2626 διὰ
2095 2571 2404 2640 φιλονεικίαν,
2438 2569 2593 2641 μηδὲν
2634 2572 2875 2645 πράττειν
2917 2570 3001 2626 διὰ
3046 2574 3265 2629 ματαίαν
3294 2570 3576 2637 κενοδοξίαν

1982 2660 2271 2732 εὐχόμενοι-
2306 2663 2406 2715 Μία
2434 2661 2589 2733 ψυχὴ
2618 2665 2701 2716 καὶ
2738 2660 2924 2736 καρδία
2959 2666 3051 2732 μία
3078 2662 3217 2719 ἔστω
3254 2671 3364 2725 τοῖς
3390 2670 3573 2729 πᾶσιν,

1986 2751 2073 2808 ὅτε
2103 2754 2133 2810 ἡ
2162 2755 2360 2817 πίστις,
2391 2754 2424 2811 ἦ
2449 2774 2526 2812 τις
2549 2756 2640 2823 μία
2664 2754 2794 2813 ἔστί.
2829 2755 3309 2829 παραταράττεται,
3335 2758 3573 2817 πονείτω,

1982 2844 2165 2915 μᾶλλον
2187 2840 2239 2897 δὲ
2265 2844 2507 2913 θρηνείτω
2533 2850 2686 2899 τοῦτο
2716 2843 2825 2913 μεθ’
2852 2846 2992 2915 ἡμῶν
3031 2852 3171 2918 κοινῇ
3197 2849 3300 2900 πᾶν
3326 2847 3383 2899 τό
3423 2847 3575 2900 συνὲ-

1984 2932 2139 3007 δριον.
2172 2937 2256 2993 Εἰς
2281 2937 2536 3008 κριτήριον
2564 2934 2788 2989 καλεῖται
2823 2933 2848 2988 ὁ
2878 2938 3059 3009 κρίνων
3087 2938 3259 2989 πᾶσαν
3288 2940 3377 2994 τήν
3406 2937 3577 2989 οἰκον-

1984 3025 2153 3097 μένην,
2186 3026 2445 3079 εὐθύνεται
2490 3023 2516 3079 ό
2550 3021 2573 3059 ¹ί
2615 3027 2764 3079 σείων
2803 3030 2980 3081 πᾶσαν
3008 3030 3097 3085 τὴν
3133 3034 3257 3099 γῆν.
3300 3029 3383 3081 καί
3423 3025 3449 3080 ό
3486 3026 3577 3080 λυ-

1984 3121 2185 3190 τρωτής
2214 3118 2551 3188 συκοφαντίαν
2573 3116 2827 3181 ὑπομένει.
2853 3117 3171 3191 Θωρηξάσθω
3192 3121 3280 3175 τὴν
3296 3118 3580 3173 πανοπλίαν

1984 3213 2074 3261 τοῦ
2105 3214 2233 3262 Θεοῦ
2278 3210 2309 3265 ἡ
2338 3208 2560 3283 ὑμετέρα
2615 3206 2909 3280 ἀδελφότης.
2952 3206 3136 3263 Οἴδατε
3176 3213 3267 3267 τὴν
3308 3229 3582 3282 περικεφα-

1986 3301 2146 3364 λαίαν,
2198 3302 2309 3361 ἥτις
2352 3306 2442 3359 τήν
2481 3302 2723 3379 ἡμετέραν
2776 3301 3108 3373 ἁσφαλίζεται
3152 3302 3383 3374 κεφαλήν,
3434 3310 3581 3362 ποῖος

1983 3394 2146 3465 θώραξ
2166 3395 2225 3447 τό
2254 3393 2489 3463 ἡμέτερον
2517 3395 2700 3453 στῆθος
2745 3396 2987 3464 τειχίζει’
3019 3394 3075 3446 ού
3105 3400 3188 3447 νῦν
3219 3400 3421 3467 πρῶτον
3442 3395 3582 3465 ὑμᾶς

1984 3487 2029 3539 oi
2051 3485 2452 3543 ἰκκλησιαστικοί
2470 3486 2727 3560 περίϐολοι
2755 3484 3091 3545 διδασκάλους
3116 3484 3367 3548 ἐδέξαντο.
3399 3484 3582 3547 Οὐδείς

1987 3576 2276 3649 ἀμφιϐἁλοι,
2306 3582 2396 3629 τοῦ
2427 3582 2555 3630 Θεοῦ
2586 3583 2971 3653 συνεργοῦντος.
2998 3572 3052 3635 ὃς
3078 3584 3215 3631 ποιεῖ
3230 3578 3295 3631 τὰ
3320 3577 3583 3651 ἀμφότερα

1988 3666 2062 3728 ἰν,
2096 3667 2276 3739 ὅτιπερ
2306 3670 2642 3723 ἀποτεθέντων
2666 3667 2834 3723 ὅπλων
2857 3671 3027 3743 εἰρήνη
3058 3667 3380 3738 διαδέχεται,
3410 3669 3584 3729 ἐπειδὴ

1988 3760 2118 3817 αύτῆ
2147 3759 2388 3819 ύπόθεσις
2418 3759 2601 3817 ἰαυτήν
2626 3758 2830 3814 ἱκδικεῖ.

2055 3852 2472 3923 Ἀναπολήσωμεν
2514 3852 2663 3907 πάλιν
2718 3854 2919 3906 κάκεῖνα
2971 3852 3039 3907 τοὶ
3086 3852 3291 3929 ῥήματα
3324 3860 3413 3906 τοῦ
3458 3854 3586 3924 ἡμεο

1985 3948 2135 4022 τίρου
2162 3956 2202 3982 ’³³
2228 3946 2506 4009 δεσπότου,
2531 3943 2603 4007 οἷς
2629 3945 2797 4006 ἰδικῶς
2830 3947 3098 4019 ἐχρήσατο
3120 3954 3145 3980 ⁸³
3167 3942 3253 3999 διὰ
3273 3953 3373 4000 τῶν
3394 3949 3588 4000 οἰκείων

1988 4038 2303 4099 ἐπισκόπων,
2357 4044 2516 4093 ταῦτα
2582 4037 2955 4111 παραγγέλλων.
3014 4037 3302 4113 Προσέχετε
3327 4078 3342 4100 ,
3393 4040 3581 4105 φησίν,

1991 4129 2202 4189 ἑαυτοῖς
2230 4132 2316 4183 καί
2343 4131 2489 4202 πάσῃ
2604 4129 2776 4201 ἀγέλῃ.
2804 4125 2862 4188 ἧς
2892 4128 3028 4199 ύμᾶς
3052 4129 3110 4183 τὸ
3134 4132 3341 4198 Πνεῦμα
3359 4131 3418 4183 τὸ
3442 4126 3589 4199 ἅγιον
3648 4139 3662 4149 ⁸

1992 4218 2163 4284 ἔταξεν
2206 4220 2548 4284 ἐπισκόπους,
2590 4218 2788 4274 διοικεῖν
2839 4224 2929 4277 τήν
2953 4217 3246 4276 Ἐκκλησίαν
3296 4226 3385 4273 τοῦ
3429 4226 3586 4282 Θεοῦ,

1992 4312 2052 4376 ἢν
2080 4322 2475 4388 περιεποιήσατο
2507 4319 2579 4381 τῷ
2609 4310 2717 4381 ἰδίῳ
2766 4312 2965 4385 αἵματι.
2996 4308 3145 4364 Ὀθεν
3172 4312 3437 4372 τοιούτους
3466 4313 3593 4371 κλης

370 4455 396 4483 ι
423 4446 574 4515 Apud
605 4447 814 4510 Balnz.,
845 4463 1039 4510 semen,
1068 4461 1297 4510 quocum
1329 4459 1565 4515 sequens
1591 4459 1888 4511 pronomen
1922 4448 1970 4508 ι)
1998 4443 2581 4515 videturtntellexisse.
2612 4443 2688 4496 Eo
2712 4455 2885 4515 tamen
2910 4454 3109 4496 tsi-rma
3133 4443 3434 4505 substantia,
3462 4462 3593 4515 qua:

294 4519 407 4573 Itazc
424 4518 767 4586 concordare
805 4518 1009 4586 nequit.
1039 4518 1161 4572 Mox
1204 4518 1255 4570 in
1293 4531 1451 4581 mss.,
1482 4516 1880 4585 patrisfamiliw.

369 4585 494 4640 1tlta
522 4588 701 4640 B-luz.
732 4603 851 4640 cum
894 4585 1026 4641 mss.
1060 4592 1129 4642 At
1178 4587 1228 4639 in
1256 4587 1377 4640 aliis
1408 4586 1539 4640 edit.
1586 4602 1651 4640 ex
1695 4586 1883 4640 Crtrco

296 4658 389 4715 hic
418 4658 669 4725 adjicitur
692 4658 1069 4727 apostolorum,
1101 4666 1552 4727 prmterntentem
1581 4657 1881 4724 (Ite'e51iui,

296 4744 326 4787 β
357 4744 463 4795 quo
490 4728 652 4781 etiam
684 4728 733 4780 in
762 4728 1018 4781 suhnesis
1042 4728 1259 4781 aberrat
1281 4726 1505 4782 (ΞΜ-ους
1533 4738 1732 4781 textus.

375 4798 549 4872 fl.eg.
585 4801 615 4856 ἡ
646 4800 888 4872 εύκαρπία
914 4799 1219 4872 ἀνατίθεται,

368 4867 393 4907 δ
413 4869 543 4928 Leg.
572 4888 585 4921 :
616 4867 893 4928 Δαλοῦντος
918 4877 1009 4925 τοῦ
1036 4878 1127 4930 τῆς
1152 4870 1356 4941 ἐκλογῆς
1385 4868 1625 4935 σκεύους,
1654 4890 1772 4940 φυτ.
1806 4871 1885 4922 καί

296 4942 538 5015 ποία-οῦκ
571 4942 798 5015 ἐπαρκεῖ,
830 4943 875 4993 εἰ
900 4944 989 5010 μή.

370 5021 396 5048 υ
429 5010 564 5064 Tres
596 5008 759 5073 mss,
801 5022 857 5064 ut
900 5008 1203 5071 conmissa,
1238 5024 1345 5063 non
1390 5009 1500 5065 alio
1527 5023 1715 5067 sensu.
1767 5008 1886 5063 Mox

297 5082 468 5149 magis
500 5082 731 5146 placeret
750 5091 964 5147 retenta,
993 5097 1150 5149 quam
1180 5082 1400 5133 drtenta.

374 5149 392 5187 ί
422 5152 511 5205 διο
540 5151 722 5205 Balnz.
747 5161 800 5204 et
823 5167 953 5204 mss.
980 5157 1051 5205 At
1072 5152 1200 5204 editi
1226 5152 1315 5203 alii
1338 5166 1458 5204 eum
1483 5149 1672 5205 Grzeco
1700 5172 1711 5206 :
1743 5150 1887 5204 Illud

297 5222 435 5274 enim
465 5222 671 5294 q_nobis
700 5222 907 5294 petitur,
941 5233 995 5275 ut
1016 5222 1308 5294 εεσιιιιάιιιιι
1328 5221 1632 5294 Apostolum
1654 5222 1884 5294 ambule-

295 5307 430 5361 mus.
467 5291 589 5345 Non
618 5291 775 5357 enim,
806 5292 983 5345 minus
1009 5291 1076 5346 ad
1101 5307 1236 5346 rem.
1270 5291 1383 5344 line
1411 5291 1611 5361 quippe
1639 5292 1744 5347 sibi
1770 5295 1882 5347 vult

295 5360 643 5423 Calestinus.
687 5364 739 5417 in
780 5362 1064 5417 catholicis
1108 5378 1137 5415 a
1182 5361 1429 5416 Nrstorio
1461 5364 1511 5415 id
1556 5363 1727 5430 argui,
1784 5380 1883 5432 per

295 5433 439 5502 qttod
463 5434 756 5488 seettndutn
779 5434 1093 5500 Apostolum
1119 5434 1421 5498 ambulant,
1446 5444 1713 5501 quatenus
1736 5435 1878 5502 quod

294 5501 401 5560 sibi
442 5504 511 5557 de
539 5504 705 5559 Maria
737 5505 834 5560 hei
876 5504 1143 5574 genitrice
1190 5505 1459 5560 credenda
1507 5504 1757 5558 traditum
1800 5513 1883 5560 est

299 5580 485 5628 tenent
496 5610 510 5625 .

324 5710 339 5725 η
367 5650 396 5690 ε
423 5640 753 5725 Vocabulum
795 5646 1003 5725 species,
1037 5645 1215 5725 'vcrbis
1246 5644 1523 5721 πρόσωπόν
1551 5667 1601 5700 τι
1642 5645 1881 5725 reddens

300 5712 517 5770 Grmcus
565 5712 852 5781 interpres,
902 5716 1006 5771 hoc
1038 5717 1256 5773 nomine
1290 5712 1593 5785 'pcrsonam
1642 5716 1875 5786 aliquam

1994 4515 2167 4569 litium
2211 4513 2331 4569 fons
2366 4522 2422 4568 et
2463 4515 2615 4584 origo
2654 4528 2777 4569 esse
2809 4514 2967 4581 solet,
3000 4515 3336 4568 commodius
3382 4513 3591 4570 inte.“-

2028 4599 2168 4638 allll‘o

1990 4601 2193 4710 gap“);d
2242 4654 2475 4709 “ueram
2518 4654 2765 4709 Grmcam
2810 4654 2968 4717 Las,”
3013 4654 3135 4724 ﬁde,
3187 4656 3594 4711 reluctantibus

1993 4742 2123 4782 mss.
2155 4727 2261 4781 Sed
2292 4739 2343 4781 et
2384 4726 2687 4795 allegoricze
2727 4726 2984 4779 locutioui
3031 4726 3307 4781 tlmlestiui
3343 4730 3595 4780 vui-alni-

1993 4798 2102 4852 lum
2137 4798 2325 4854 lmdere
2351 4808 2471 4867 apte
2493 4796 2762 4867 congruit.

2068 4866 2085 4905 ί
2123 4868 2183 4921 In
2235 4882 2365 4922 tnss.
2417 4866 2777 4930 desideratur,
2828 4867 2942 4937 ipsa
2979 4867 3133 4919 etiam
3175 4867 3352 4923 modo.
3398 4868 3597 4923 Lectio

1995 4939 2178 5007 Grzeca
2206 4938 2457 5009 postulat,
2491 4937 2664 5009 eadem
2707 4954 2863 4990 causa
2890 4938 3023 4989 idem
3057 4939 3208 4989 modo
3234 4942 3447 5003 requirit
3477 4942 3601 5009 om-

1992 5012 2151 5071 cium,
2187 5008 2329 5077 quod
2353 5018 2497 5062 esset
2531 5008 2771 5061 nitidius.

2066 5080 2080 5155 ξ
2115 5081 2242 5155 [482.
2270 5095 2286 5133 :
2317 5082 2625 5155 ΔΠοιρέχουσι
2654 5080 2878 5151 μάλιστα
2906 5078 3080 5149 μύθοις
3110 5083 3181 5150 μή
3209 5100 3288 5139 τις
3316 5082 3595 5155 προσέχῃ.

2065 5149 2086 5219 l‘
2122 5150 2247 5219 Lt‘g.
2282 5149 2498 5207 εὐθύνων
2505 5190 2518 5203 .

2068 5218 2333 5275 lCir-arcus
2366 5220 2634 5288 interpres
2677 5219 2823 5285 legit,
2874 5234 3010 5271 nunc
3052 5219 3294 5281 primum,
3342 5222 3487 5288 quod
3529 5233 3601 5278 et.

1993 5294 2162 5359 magis
2191 5290 2420 5351 arridet;
2464 5295 2615 5359 quasi
2650 5292 2877 5351 diceret,
2906 5290 2961 5342 lu
3003 5289 3260 5343 Ecclesiae
3297 5292 3487 5344 militia
3517 5298 3601 5345 ti-

1993 5378 2153 5416 roaes
2186 5377 2290 5415 non
2342 5362 2491 5414 estis.
2541 5360 2785 5416 Subinde
2814 5361 2951 5428 apud
2986 5360 3190 5420 Balnz.,
3224 5366 3457 5425 rectoris,
3492 5364 3600 5419 υιιί

1991 5432 2329 5488 retinendum
2363 5447 2487 5486 8588
2515 5441 2737 5486 rectores
2762 5447 2886 5487 cum
2917 5446 2982 5486 CX
3008 5429 3199 5485 Gra'co
3227 5442 3335 5486 tum
3367 5449 3432 5487 ex
3459 5452 3599 5488 θεει-

1991 5506 2154 5558 tionis
2183 5503 2325 5555 serie
2356 5503 2544 5572 liquet.
3208 5522 3211 5527 ·

2061 5584 2098 5610 η’
2130 5573 2258 5641 ch.
2288 5572 2626 5629 διδασκάλου.

2063 5651 2089 5679 ¹¹
2114 5644 2239 5717 Leg.
2270 5645 2399 5717 πρὸς
2421 5647 2539 5705 τούς
2564 5643 2905 5717 ἐπισκόπους.

2064 5722 2085 5749 ο
2114 5710 2402 5771 ινούίιιιιι.
2428 5730 2552 5771 cum
2577 5731 2733 5782 mss.,
2767 5715 2870 5771 nisi
2898 5711 3039 5785 quod
3070 5711 3124 5769 in
3162 5711 3413 5770 Novam:
3451 5710 3601 5773 lude
