3916 6178
348 337 449 393 517

972 327 1188 387 EPIST.
1229 326 1348 383 XX.
1390 324 1643 384 SYNODl
1688 326 1905 386 EPHES

2017 328 2046 384 Ξ
2087 327 2179 385 AD
2217 328 2693 391 COELI'ISTlhull
2736 335 2967 392 PAPAM

3514 341 3619 400 513

339 442 794 501 Antiochenorum
835 424 1148 515 episcopum
1196 444 1463 499 Joannem
1503 450 1560 499 et
1599 450 1626 480 ⁸
1655 443 1905 499 sedulita-

2023 448 2302 503 ἐπίσκοπον
2326 450 2545 510 Ἰωάννην
2569 453 2660 510 τήν
2688 471 2743 504 τε
2772 450 3031 526 ἀκρίϐειαν
3054 460 3147 513 τῆς
3172 450 3393 507 συνόδου
3416 453 3505 508 καί
3527 460 3622 515 τήν

336 547 440 593 tem
470 535 667 608 synodi
699 546 755 593 et
784 535 1037 607 pietatem
1069 536 1293 592 laudare
1314 578 1329 601 ,
1361 544 1417 591 et
1444 536 1676 592 fortasse
1702 538 1921 608 culpare

333 628 685 699 depositionis
712 628 1044 684 tarditatem.
1078 628 1391 685 Evenerunt
1418 639 1595 684 autem
1625 629 1780 684 nobis
1804 644 1921 684 om-

331 722 415 776 nia
443 720 469 759 δ
498 736 621 791 qnze
652 722 707 776 in
737 736 833 791 spe
877 721 1095 777 fuerant
1134 723 1434 778 contraria.
1480 721 1736 778 inventus
1772 724 1917 779 enim

330 814 575 868 inimicus
605 822 660 868 et
690 812 863 869 hostis
895 822 1005 869 tam
1047 822 1249 870 sanctze
1289 815 1536 886 synodo,
1568 830 1726 885 quam
1753 817 1916 870 etiam

328 905 428 973 ipsi
454 915 618 960 rectae
647 906 769 961 lidei
795 906 1163 961 Ecclesiarum
1179 948 1195 972 ,
1219 906 1361 962 sicut
1389 908 1521 977 ipsze
1541 921 1631 961 res
1658 906 1915 963 indicant.

329 1000 447 1054 Mox
474 1000 620 1053 enim
651 1000 795 1069 quod
822 999 1097 1068 ingressus
1117 1011 1199 1055 est
1228 1000 1501 1069 Ephesum
1520 1041 1534 1065 ,
1563 999 1800 1054 nondum
1825 1014 1915 1054 ex-

325 1108 484 1148 cusso
534 1093 748 1148 itineris
789 1094 1047 1163 pulvere,
1090 1109 1190 1149 nec
1233 1096 1410 1148 exutis
1441 1103 1464 1132 ο
1494 1093 1787 1148 itinerariis
1834 1094 1919 1147 in-

325 1184 597 1239 dumentis
622 1224 638 1250 ,
669 1185 1025 1255 congregavit
1063 1183 1325 1255 quosdam
1367 1184 1456 1253 qui
1498 1199 1621 1240 eum
1665 1183 1916 1240 Nestor-io

324 1286 701 1343 recesserant,
733 1285 789 1332 et
816 1277 1177 1348 blasphemias
1204 1285 1393 1334 contra
1420 1292 1575 1333 suum
1601 1279 1762 1333 locuti
1788 1288 1915 1333 sunt

324 1379 480 1437 caput
501 1411 517 1435 ,
548 1384 613 1424 ac
641 1367 668 1406 ἀ
698 1385 805 1425 non
836 1370 1011 1424 solum
1054 1369 1365 1426 deridentes
1398 1369 1623 1441 gloriam
1668 1370 1868 1424 Christi
1895 1412 1909 1437 ,

323 1471 377 1514 et
405 1477 740 1532 congregans
778 1470 1051 1532 tamquam
1093 1464 1381 1534 collegium
1421 1464 1523 1518 sibi
1566 1463 1784 1533 triginta
1810 1462 1911 1517 bo-

323 1551 533 1606 minum
580 1569 863 1609 numerum
910 1570 1107 1611 nomen
1151 1556 1498 1625 episcopatus
1549 1554 1860 1610 habentium
1891 1599 1905 1623 ,

323 1659 551 1713 quorum
598 1643 817 1713 quidam
863 1655 992 1701 sunt
1035 1654 1059 1684 ⁸
1100 1646 1217 1701 sine
1262 1646 1611 1711 civitatibus,
1658 1656 1909 1701 vacantes

324 1744 503 1790 autem
535 1746 588 1791 et
621 1736 894 1792 Ecclesias
935 1751 1041 1792 non
1086 1735 1389 1803 habentes,
1434 1737 1525 1792 alii
1567 1746 1745 1791 autem
1785 1747 1910 1793 ante

2023 541 2285 596 εὐσέϐειαν
2304 542 2589 607 ἐπαίνεσαι,
2612 545 2699 597 καί
2719 545 2869 613 τάχα
2899 565 3001 597 που
3019 547 3102 597 καί
3131 545 3430 617 μέμψασθαι
3454 548 3515 601 τὸ
3536 549 3620 602 ίπί

2020 640 2085 707 τῇ
2110 634 2399 708 καθαιρέσει
2427 632 2634 708 βράδος.
2664 635 3051 689 Μεταπὲπτωκε
3088 633 3143 688 δὲ
3183 638 3254 696 είς
3280 641 3386 691 πᾶν
3409 638 3623 692 τούναν-

2020 724 2126 777 τίον
2162 725 2232 778 τά
2265 731 2359 784 τῆς
2393 722 2699 797 προσδοκίας
2729 725 2866 792 ἡμῖν.
2914 724 3138 799 Εὕρηται
3173 727 3278 802 γάρ
3318 728 3506 800 ἐχθρὸς
3534 730 3620 783 καί

1984 862 1987 865 η
2019 814 2395 885 πολεμιώτατος
2513 834 2567 867 τε
2598 814 2719 886 ἁγία
2753 812 2982 884 συνόδῳ,
3014 819 3096 869 καί
3132 818 3259 891 αὐτῇ
3296 815 3350 870 δὲ
3492 818 3616 894 dph:

2018 906 2193 960 πίστει
2230 911 2330 960 τῶν
2370 906 2675 973 ἐκκλησιῶν,
2719 908 2788 964 ὡς
2827 908 2957 960 αὐτὰ
2993 909 3171 975 μηνύει
3206 909 3271 963 τὰ
3306 910 3610 984 πράγματα.

2015 993 2154 1068 ’Δμα
2187 1016 2241 1053 τε
2275 999 2373 1071 γάρ
2407 998 2627 1055 εἰσῆλθεν
2660 999 2732 1057 είς
2755 1002 2849 1055 τήν
2870 1002 3104 1068 Ἐφεσίων
3132 999 3304 1063 πόλιν,
3330 1004 3451 1073 πρὶν
3482 1003 3615 1056 ἀπο-

2018 1089 2309 1143 πλύνασθαι
2349 1092 2407 1144 τὸ
2438 1091 2655 1160 ἱμάτιον,
2687 1093 2989 1163 συναγαγὼν
3015 1112 3159 1152 τινας
3195 1099 3295 1146 τῶν
3322 1101 3396 1165 τῷ
3422 1106 3613 1150 Νεστο-

2016 1182 2111 1256 ρίῳ
2143 1184 2733 1247 συναποστατησάντων,
2765 1186 2845 1236 καί
2870 1184 3143 1257 βλάσφημα
3168 1185 3451 1241 λαλούντων
3480 1192 3612 1242 κατὰ

2015 1279 2108 1330 τῆς
2146 1271 2336 1327 ἑαυτῶν
2370 1274 2605 1345 κεφαλῆς,
2633 1277 2719 1328 καί
2761 1278 3039 1346 μονονουχὶ
3073 1277 3487 1341 καταπαιζὸντων
3520 1288 3613 1339 τῆς

2016 1359 2161 1428 δόξης
2181 1369 2274 1419 τοῦ
2302 1371 2551 1441 Χριστοῦ,
2582 1368 2668 1420 καί
2691 1367 2934 1432 συλλέξας
2962 1369 3138 1444 ὥσπερ
3170 1369 3424 1441 κολλήσγιον
3444 1370 3613 1440 ίαυτῷ

2012 1456 2283 1532 τριάκοντά
2309 1479 2407 1513 που
2436 1460 2523 1515 τὸν
2553 1462 2767 1534 ἀριθμὸν
2805 1463 3102 1534 ἀνθρώπων,
3137 1462 3428 1516 ἐπισκόπων
3456 1463 3609 1532 ἐχόν-

2011 1569 2113 1603 των
2142 1546 2320 1621 ὅνομα,
2347 1548 2413 1605 ὦν
2437 1551 2482 1604 oi
2511 1554 2599 1622 μέν
2625 1554 2753 1606 εἰσιν
2784 1551 3042 1616 ἀπόλιδες,
3069 1553 3415 1624 σχολάζοντες
3441 1552 3497 1608 δέ
3520 1557 3612 1608 καί

2011 1640 2273 1701 ἐκκλησίας
2294 1647 2363 1712 μὴ
2394 1640 2632 1713 ἔχοντες,
2655 1644 2821 1716 ἕτεροι
2841 1642 2895 1698 δὲ
2920 1648 3007 1697 καί
3026 1645 3129 1719 πρὸ
3151 1645 3346 1699 πολλῶν
3371 1646 3498 1700 ἐτῶν
3523 1647 3611 1702 ἐπὶ

2009 1730 2196 1794 δειναῖς
2217 1736 2404 1795 αἰτίαις
2425 1738 2759 1811 καθῃρημένοι
2788 1738 2893 1792 διπό
2916 1744 3017 1791 τῶν
3040 1736 3178 1792 ἰδίων
3200 1739 3607 1813 μητροπολιτῶν,

322 1827 521 1881 multos
550 1842 721 1883 annos
750 1843 847 1898 pro
876 1830 1085 1884 acerbis
1114 1830 1293 1885 causis
1322 1828 1554 1898 depositi
1583 1845 1611 1884 a
1644 1830 1757 1884 suis
1798 1845 1905 1886 me-

2017 1827 2110 1881 σύν
2138 1828 2308 1889 αὐτοῖς
2340 1828 2391 1883 δὲ
2418 1832 2505 1884 καί
2526 1829 2821 1901 Πελαγιανοί
2846 1833 2929 1883 καί
2951 1830 3260 1886 ιιελεστιανοί
3284 1834 3485 1885 καὶτῶν
3505 1833 3612 1886 ἀπὸ

321 1920 622 1989 tropolitis,
668 1936 789 1976 cum
831 1922 962 1992 ipsis
1006 1932 1183 1977 autem
1226 1932 1280 1980 et
1333 1923 1606 1993 Pelagiani
1650 1934 1705 1978 et
1731 1920 1911 1979 Cale-

316 2011 501 2077 stiani,
544 2021 599 2067 et
641 2011 710 2067 de
757 2013 841 2070 his
889 2014 1108 2084 quidam
1144 2015 1234 2085 qui
1281 2030 1311 2069 a
1357 2013 1636 2069 Thessalia
1677 2014 1908 2085 projecti

313 2113 481 2170 sunt;
515 2119 629 2159 rem
664 2106 1007 2175 prmsumpsit
1038 2108 1309 2178 iniquam,
1343 2122 1502 2178 quam
1536 2107 1720 2162 nullus
1755 2105 1775 2145 τ
1812 2107 1908 2163 bo-

315 2210 436 2248 rum
484 2197 575 2266 qui
617 2208 745 2252 ante
792 2213 919 2254 eum
961 2197 1196 2254 fuerunt.
1231 2198 1556 2270 Composuit
1586 2200 1786 2256 etenim
1820 2216 1907 2254 so-

318 2288 401 2341 lus
427 2296 453 2334 ε
474 2287 715 2342 chartam
740 2288 1093 2359 depositionis
1112 2290 1326 2361 quidem
1351 2292 1593 2358 nomine,
1613 2300 1668 2345 et
1694 2291 1908 2360 injuriis

312 2377 495 2433 aﬂ'ecit
523 2379 926 2435 sanctissimum
955 2390 1007 2436 et
1039 2382 1544 2437 reverentissimum
1582 2382 1909 2438 Alexandri-

315 2486 400 2524 nze
438 2470 587 2526 urbis
628 2472 947 2542 episcopum
990 2471 1286 2543 Cyrillum,
1317 2481 1369 2529 et
1403 2474 1905 2530 reverentissimum

314 2562 701 2632 coepiscOpnm
730 2572 974 2617 nostrum
1003 2564 1345 2618 Memnonem
1376 2563 1729 2635 Ephesinum,
1760 2564 1907 2619 nullo

314 2662 561 2705 nostrum
590 2653 829 2717 sciente,
861 2652 959 2709 sed
990 2668 1091 2709 nec
1132 2654 1199 2708 iis
1240 2655 1328 2723 qui
1374 2653 1621 2723 injuriam
1666 2654 1905 2723 pertule-

315 2750 445 2796 runt
471 2743 889 2813 agnoscentibus
914 2744 1056 2813 quod
1082 2747 1364 2815 agebatur,
1388 2745 1473 2800 vel
1502 2754 1726 2815 propter
1745 2762 1905 2815 quam

312 2848 537 2888 causam
572 2835 671 2890 hoc
702 2838 1196 2906 prtesumpslssent.
1246 2835 1357 2892 Sed
1391 2845 1662 2904 tamquam
1692 2852 1793 2907 pro
1824 2838 1907 2891 his

312 2939 423 2978 non
455 2924 768 2995 indignante
818 2925 965 2993 Deo,
1009 2934 1064 2980 et
1104 2927 1257 2996 quasi
1296 2938 1410 2981 non
1453 2934 1636 2982 essent
1674 2941 1908 2981 canones

311 3013 708 3081 ecclesiastici,
736 3024 827 3070 ant
854 3016 1005 3085 quasi
1035 3030 1140 3070 non
1170 3017 1522 3086 perielitaturi
1554 3017 1652 3086 ipsi
1689 3027 1909 3089 pr0ptcr

313 3106 458 3161 hanc
496 3104 819 3175 audaciam,
864 3104 893 3145 ιι
941 3107 1154 3177 injuriis
1193 3109 1436 3163 afficiunt
1474 3111 1908 3165 exrommunica-

2005 1921 2292 1983 Θεσσαλίας
2323 1920 2693 1991 ἐκϐεϐλημένων
2733 1925 2889 1988 τινὲς,
2915 1930 3135 1997 πρᾶγμα
3164 1924 3467 1993 τετολμήκεν
3492 1924 3605 1977 άνόο

2010 2034 2141 2079 σιον,
2186 2009 2211 2067 ὃ
2258 2012 2436 2085 μηδείς
2478 2016 2686 2068 πώποτε
2724 2020 2822 2068 τῶν
2858 2014 2959 2087 πρὸ
3003 2015 3180 2068 αὐτοῦ.
3233 2014 3477 2067 Συνάπτει
3509 2015 3606 2090 γάρ

2006 2104 2295 2173 καταμόνας
2319 2106 2555 2175 χαρτίον,
2587 2107 2673 2157 καί
2694 2102 2757 2163 δὴ
2777 2105 3117 2178 καθαιρέσεως
3143 2102 3318 2175 ὄνομα,
3348 2106 3434 2158 καί
3457 2104 3611 2179 ὕϐριν

2006 2195 2397 2270 προσετρίψατο
2422 2204 2493 2266 τῷ
2511 2196 2783 2268 ἁγιωτάτῳ
2813 2200 2899 2249 καί
2927 2197 3312 2267 θεοοεϐεστάτῳ
3331 2202 3423 2255 τῆς
3446 2196 3606 2259 Ἀλεξ-

2005 2288 2223 2364 ανδρέων
2266 2289 2524 2361 ἐπισκόπῳ
2554 2289 2774 2365 κυρίλλῳ
2795 2330 2807 2351 ,
2851 2292 2934 2342 καί
2958 2295 3031 2359 τῷ
3061 2290 3441 2359 θεοσεϐεστάτῳ
3469 2291 3613 2358 ἡμῶν

2007 2378 2204 2452 ἀδελφῷ
2250 2383 2338 2433 καί
2380 2380 2753 2454 συλλειτουργῷ
2805 2377 3069 2449 ἐπισκόπῳ
3127 2380 3342 2450 Μέμνονι
3394 2386 3468 2451 τῷ
3512 2387 3604 2438 τῆς

2005 2470 2262 2544 Ἐφεσίων,
2291 2468 2485 2529 οὐδενὸς
2520 2472 2659 2541 ἡμῶν
2697 2469 2913 2528 εἰδότος.
2946 2467 3175 2524 ἀλλὀὐδέ
3206 2478 3307 2525 τῶν
3341 2471 3604 2546 ὑϐρισθέν·

2005 2582 2108 2616 των
2150 2561 2436 2633 ἐγνωκότων
2463 2561 2521 2615 τὸ
2551 2558 2832 2636 δρώμενον,
2865 2559 2895 2619 ἦ
2931 2558 3013 2615 διὰ
3053 2564 3203 2614 ποίαν
3249 2562 3412 2615 αἰτίαν
3452 2569 3612 2616 τοῦτο-

2006 2655 2397 2725 τετολμήκασιν.
2420 2653 2737 2728 Ἀλλ’ὧσπερ
2762 2654 2852 2707 οὐκ
2873 2654 3273 2727 ἀγανακτοῦντος
3296 2654 3377 2708 ἐπί
3398 2654 3598 2712 τούτοις

2006 2750 2098 2799 τοῦ
2127 2750 2278 2812 Θεοῦ,
2314 2746 2399 2799 οὐκ
2427 2741 2582 2799 ὄντων
2610 2745 2827 2798 κανόνων
2855 2744 3272 2802 ἐκγλησιαστικῶν
3296 2785 3307 2806 ,
3342 2743 3372 2802 ἦ
3399 2746 3457 2796 οὐ
3487 2745 3603 2815 μελ-

2007 2837 2187 2891 λόντων
2235 2835 2540 2891 κινδυνεύειν
2585 2832 2747 2888 αὑτῶν
2792 2833 2877 2889 διὰ
2904 2835 2962 2889 τὸ
3012 2835 3097 2888 ἐπί
3139 2834 3340 2892 τούτοις
3384 2836 3599 2907 θράσος·

2008 2929 2280 3006 ὑϐρίζουσι
2309 2926 2363 2982 δέ
2388 2935 2459 2998 τῷ
2481 2934 2574 2987 τῆς
2599 2928 2958 2986 ἀκοινωνησίας
2984 2926 3193 2997 ὀνόματι
3219 2928 3300 2979 γαί
3318 2930 3492 2979 πᾶσαν
3515 2930 3609 2983 τῆν

2008 3019 2240 3075 σύνοδον.
2286 3022 2375 3074 Καί
2416 3017 2477 3077 δή
2515 3020 2599 3071 καί
2630 3016 2853 3092 δημοσίᾳ
2905 3020 3111 3087 χαρτίῳ
3149 3023 3314 3071 ταῦτα
3356 3016 3602 3076 ἐπιθέντες

2015 3106 2307 3185 προῦθεσαν
2334 3113 2404 3169 εἰς
2431 3110 2707 3173 ἀνάγνωσιν
2730 3116 2837 3169 τοῖς
2866 3110 3085 3162 ἐθέλουσι
3121 3115 3234 3168 τοῖς
3268 3114 3358 3161 τοῦ
3389 3107 3601 3182 θεάτρου

313 3198 480 3255 tionis
502 3200 726 3255 nomine
752 3200 914 3256 etiam
938 3215 1152 3256 omnem
1180 3202 1467 3272 synodum.
1498 3201 1705 3257 Deinde
1730 3212 1779 3257 et
1811 3217 1905 3272 pu-

2017 3204 2209 3273 τοίχοις
2239 3203 2627 3275 προσπήξαντες
2648 3242 2662 3263 ,
2699 3201 2782 3254 ἶνα
2818 3204 2907 3259 τήν
2935 3203 3099 3255 αὐτῶν
3128 3200 3370 3253 ἀσέϐειαν
3400 3200 3601 3273 θεατρί-

314 3289 456 3345 blice
496 3290 549 3344 in
577 3289 766 3345 charta
800 3290 917 3346 lucc
944 3290 1246 3347 inserentes
1284 3302 1684 3361 proposuerunt
1724 3292 1788 3346 ad
1833 3292 1909 3347 le-

311 3379 547 3449 gendum
578 3381 915 3445 volentibus,
948 3381 1144 3437 theatri
1181 3382 1486 3453 parietibus
1515 3382 1817 3454 al‘figentes,
1849 3394 1909 3439 ut

312 3487 469 3527 suam
495 3472 827 3542 impietatem
856 3474 872 3511 ί
899 3475 1208 3545 spectacula
1236 3475 1501 3530 facerent.
1527 3476 1636 3532 Sed
1666 3492 1772 3530 non
1804 3477 1906 3533 huc

315 3579 489 3634 usque
514 3579 702 3620 eorum
732 3569 997 3636 processit
1019 3568 1244 3621 audacia
1262 3608 1279 3633 ,
1307 3568 1404 3622 sed
1432 3568 1574 3623 enim
1600 3571 1615 3620 1
1650 3569 1902 3624 ﬁduciam

314 3668 753 3728 assumpserunt.
779 3659 1131 3729 Scripserunt
1154 3659 1355 3729 aliquid
1378 3660 1530 3729 quasi
1560 3661 1906 3726 canonicum,

2009 3317 2159 3349 σωσι.
2205 3298 2294 3348 Καί
2321 3296 2383 3347 οὐ
2417 3295 2581 3368 μέχρι
2617 3294 2815 3348 τούτων
2860 3294 3060 3366 ’γέγονεν
3100 3294 3268 3351 αὐτοῖς
3313 3292 3378 3346 τά
3415 3292 3601 3362 τολμή-

2008 3402 2165 3459 ματα·
2199 3386 2321 3441 ἀλλά
2349 3387 2445 3461 γάρ
2473 3388 2558 3438 καί
2594 3386 2994 3460 τεθαρσήκασιν,
3031 3385 3098 3445 ὦς
3124 3381 3406 3457 δράσαντές
3435 3404 3483 3436 τι
3511 3402 3602 3436 κα-

2008 3480 2220 3544 νονικόν,
2240 3481 2321 3531 καί
2342 3480 2413 3538 εἰς
2441 3478 2599 3538 ἀκοάς
2619 3483 2719 3530 τῶν
2744 3477 3124 3531 εὐσεϐεστάτων
3150 3478 3232 3529 καί
3252 3475 3601 3549 φιλοχρίστων

2007 3568 2263 3641 βασιλέων
2288 3570 2565 3642 ἀνενεγκεῖν
2592 3570 2657 3621 τὰ
2682 3565 2871 3622 τοιάδε.

309 3759 369 3805 et
395 3751 462 3805 ad
493 3764 653 3806 aures
679 3751 1046 3820 piissimorum
1078 3760 1133 3807 et
1162 3758 1463 3806 amatorum
1489 3752 1691 3807 Christi
1724 3753 2109 3823 imperatorum
2138 3753 2341 3806 referre
2374 3767 2492 3819 qum
2523 3749 2833 3819 hujnsmodi
2866 3757 3009 3802 sunt.

384 3842 438 3897 4.
482 3842 575 3897 llis
615 3842 685 3896 ita
715 3841 899 3905 factis,
930 3843 1306 3898 sanctissimus
1337 3854 1392 3899 et
1423 3845 1900 3900 reverentissimus

310 3934 599 4001 episcopus
626 3931 1115 3988 Alexandrinorum
1142 3934 1375 4007 Cyrillus
1395 3974 1411 3999 ,
1443 3950 1542 3990 nec
1576 3950 1683 3989 non
1721 3946 1775 3990 et
1815 3951 1902 3991 re-

310 4024 728 4078 verentissimus
773 4024 1061 4093 episcopus
1091 4024 1482 4094 Ephesinorum
1517 4024 1747 4079 civitatis
1788 4027 1899 4080 ble-

313 4130 512 4179 mnon,
545 4114 767 4169 libellos
794 4130 820 4169 a
855 4130 914 4170 se
944 4118 1300 4185 compositos,
1335 4113 1361 4153 ι
1392 4115 1586 4185 quibus
1619 4116 1900 4170 insimula-

310 4207 443 4261 bant
483 4216 589 4262 tam
633 4208 807 4277 ipsum
851 4208 1347 4263 reverentissimum
1389 4208 1699 4277 episcopum
1739 4206 1899 4263 Joan-

2076 3845 2277 3897 Τούτων
2316 3844 2450 3897 οῦτω
2485 3843 2758 3915 γεγονότων
2780 3882 2794 3904 ,
2828 3840 2856 3895 ὅ
2881 3862 2934 3896 τε
2965 3841 3250 3914 άγιὼτατος
3278 3844 3360 3895 καί
3388 3843 3599 3916 θεοφιλέ-

2007 3956 2196 3993 στατος
2236 3936 2515 3993 ἒπίσκοπος
2548 3942 2639 3995 τῆς
2685 3930 3036 4006 Ἀλεξανδρέων
3075 3932 3339 4004 κύριλλος,
3375 3936 3461 3986 καί
3499 3938 3597 4004 μήν

2007 4028 2093 4080 καί
2121 4025 2146 4078 ὁ
2174 4025 2548 4097 θεοφιλέστατος
2587 4034 2678 4085 τῆς
2704 4027 2937 4097 Ἐφεσίων
2974 4024 3164 4084 πόλεως
3201 4026 3477 4085 ἐπίσκοπος
3505 4027 3599 4080 Μέ-

2008 4140 2170 4189 μνων,
2198 4117 2370 4192 βιϐλία
2410 4119 2700 4179 συνθέντες,
2739 4119 2820 4170 καί
2849 4118 3201 4185 αἰτιασάμενοι
3242 4116 3391 4171 αὐτὸν
3420 4137 3473 4170 τι
3511 4118 3597 4171 τὸν

2009 4209 2382 4264 εὐλαϐέστατον
2424 4210 2704 4265 ἐπίσκοπον
2740 4209 2998 4271 Ἰωάννην,
3030 4211 3117 4263 καὶ
3158 4211 3276 4269 τοὺς
3316 4210 3411 4263 σύν
3456 4211 3599 4283 αὐτῷ

384 4397 410 4425 ι
448 4385 598 4463 Apud
630 4385 816 4463 Baias.
840 4395 898 4438 nt
923 4384 1164 4463 inﬁmam,
1197 4381 1556 4463 subtilitatem.
1583 4380 1769 4463 (ἕτερον
1799 4396 1902 4435 vox
1935 4402 1985 4463 ι)
2013 4382 2253 4463 telligere
2297 4390 2399 4463 est_
2425 4381 2712 4462 episcopos
2742 4381 2834 4463 qui
2865 4390 3058 4435 vacent
3087 4391 3141 4461 et
3174 4380 3452 4463 Ecclesias
3487 4398 3592 4463 non

309 4452 550 4525 postulat
588 4454 946 4510 sedulitatem.
976 4455 1184 4509 Czetera
1230 4452 1902 4525 elegantinssicconver-

308 4522 562 4583 terentur
594 4545 609 4581 :
644 4526 980 4592 Speravimus
1008 4526 1141 4578 enim
1173 4527 1283 4591 fore
1315 4532 1371 4575 ut
1400 4561 1413 4575 .
1448 4562 1464 4576 .
1498 4563 1512 4575 .
1543 4522 1779 4576 laudaret
1802 4566 1817 4585 ,
1853 4532 1902 4577 et

304 4600 533 4668 {ortasse
558 4597 790 4669 culparet
820 4598 875 4650 in
905 4595 1155 4650 sententia
1188 4594 1523 4663 depositionis
1553 4598 1762 4662 ferenda
1792 4605 1901 4647 tar-

311 4671 550 4726 diratem.

386 4739 413 4778 1)
452 4738 658 4809 Supple
685 4738 767 4809 iis.

388 4821 411 4850 ε
450 4811 503 4864 ln
535 4804 668 4863 mss.
699 4807 851 4862 Colb.
894 4814 953 4860 et
983 4806 1221 4872 'l‘nron.,
1267 4804 1433 4859 exutis
1473 4805 1698 4870 mentis;
1738 4805 1903 4860 lectio

306 4882 520 4943 mutila,
536 4895 658 4950 qua:
681 4893 743 4933 et
776 4878 909 4950 Nar.
930 4877 1136 4933 Bellov.
1156 4887 1210 4931 et
1232 4876 1420 4950 camp.
1439 4875 1869 4950 redintegratur.

310 4946 569 5007 Verbum'
603 4950 849 5004 Graecum
892 4949 1126 5020 ίμάτιον,
1165 4947 1307 5015 quod
1339 4946 1478 5012 apud
1525 4951 1733 5020 priscos
1762 4950 1898 5020 scri-

304 5033 491 5091 ptores
513 5021 751 5093 pallium,
784 5035 878 5073 seu
910 5015 1287 5093 indumentum
1321 5032 1427 5084 quo
1460 5015 1643 5093 tunica
1679 5018 1898 5083 tegitur,

305 5088 468 5147 sonat
493 5088 523 5157 ,”
560 5091 920 5144 indumentum
973 5089 1301 5144 itinerarium
1354 5102 1463 5141 non
1521 5088 1660 5139 male
1707 5094 1901 5139 auctor

308 5175 499 5217 noster
528 5163 936 5228 interpretatur.

380 5232 406 5270 ιι
447 5234 584 5288 Male
610 5226 700 5286 hic
722 5234 824 5284 non
851 5229 1022 5283 solum
1046 5244 1153 5295 pro
1174 5236 1372 5282 tantum
1395 5243 1497 5281 non
1524 5226 1762 5293 positum
1790 5236 1895 5280 est.

252 5320 255 5323 '
307 5304 498 5370 Aptius
527 5315 742 5357 versum
773 5309 919 5355 esset
948 5318 962 5353 :
991 5299 1187 5354 Contra
1226 5314 1376 5352 suum
1408 5298 1716 5364 loquebatur
1742 5307 1898 5365 caput

305 5375 434 5446 (hoc
455 5381 539 5430 est
556 5372 846 5446 Christum
864 5373 952 5438 qui
980 5381 1141 5446 caput
1171 5370 1589 5446 est__['2ccle$ia:),
1613 5383 1675 5420 ac
1696 5376 1899 5421 tantum

306 5440 410 5498 non
440 5443 671 5498 ludibrio
696 5442 951 5495 habebant
980 5440 1202 5512 gloriam
1231 5440 1445 5512 Christi.
1838 5510 1866 5512 η
1912 5505 1913 5508 η

379 5526 401 5554 ο
427 5514 721 5572 ltecemior
754 5506 1129 5582 interpretatio
1160 5513 1211 5564 in
1243 5511 1376 5564 edit.
1416 5506 1582 5582 item.
1607 5519 1661 5563 et
1693 5510 1891 5582 corneil.

305 5588 514 5657 vulgata
542 5586 765 5657 verbum
793 5580 1037 5643 ἀπόλιδες
1050 5596 1183 5636 voce
1215 5591 1444 5634 extorres
1471 5580 1659 5657 Latine
1693 5581 1892 5634 reddit.

304 5652 477 5725 ipsius
527 5657 675 5712 vocis
720 5655 923 5711 Graecae
973 5657 1191 5725 vimac
1244 5660 1575 5725 potestatem
1621 5652 1896 5718 interpres

307 5722 512 5793 noster,
547 5743 705 5796 quem
739 5734 795 5781 et
821 5725 1068 5779 Nieolaus
1093 5723 1124 5796 il
1150 5723 1291 5776 hunc
1324 5723 1497 5775 locum
1531 5722 1707 5796 citans
1739 5736 1897 5796 set-u-

310 5803 396 5851 lus
420 5811 500 5855 est
521 5840 538 5855 .
567 5793 743 5863 aptius
771 5797 1054 5864 expressit.
1091 5795 1167 5848 Eo
1195 5802 1371 5847 autem
1400 5794 1619 5847 nomine
1652 5793 1772 5846 illos
1806 5794 1892 5845 in-

2012 4456 2282 4515 habeant,
2319 4452 2403 4505 vel
2433 4455 2557 4517 quia
2588 4468 2616 4505 a
2653 4453 2864 4520 pupulis
2909 4465 3015 4505 non
3062 4452 3172 4505 sint
3217 4452 3476 4517 admissi,
3509 4455 3594 4508 vel

2006 4525 2126 4594 qui}!
2158 4522 2360 4594 iftwriul
2390 4522 2572 4589 cjecti.

2084 4591 2102 4630 ί
2146 4593 2352 4660 Supple
2375 4637 2388 4658 ,
2422 4608 2580 4645 ausus
2612 4598 2704 4643 est.
3556 4616 3581 4633 .

2078 4672 2105 4710 κ
2149 4664 2261 4717 Et~i
2293 4679 2410 4716 eam
2440 4662 2742 4729 composuit
2770 4662 2948 4725 solus,
2978 4671 3155 4716 tamen
3185 4676 3305 4714 cum
3337 4663 3604 4717 concilia-

2005 4734 2133 4786 lmlo
2176 4733 2263 4787 cui
2312 4744 2541 4801 pra'erat
2584 4734 2874 4799 plaetiisset
2916 4743 2971 4785 ut
3016 4733 3195 4802 (ΙΨ-ἐιιὲ
3226 4743 3272 4787 et
3302 4732 3592 4788 Memnonis

2004 4805 2282 4875 depositio,
2313 4805 2624 4872 reliquorum
2656 4820 2772 4857 tero
2798 4805 3261 4856 excommunicatio
3288 4804 3593 4872 dictaretur,

2005 4879 2169 4928 totius
2202 4875 2561 4928 t-onventiculi
2593 4892 2620 4925 ιι
2653 4891 2758 4943 quo
2801 4883 2858 4926 et
2897 4876 3198 4943 subscripta
3244 4884 3327 4926 est
3372 4875 3596 4943 nomine

2003 4946 2147 4999 illam
2181 4944 2427 4999 dictavit.
2459 4942 2693 4999 llabetur
2722 4945 2861 5013 apud
2893 4943 3025 4998 [ιλιι.
3056 4956 3187 4997 ιυιη.
3216 4943 3277 4996 111
3306 4958 3431 5012 pag.
3459 4942 3593 5000 597.

2073 5016 2102 5051 ιι
2146 5017 2271 5082 Leg.
2303 5016 2579 5084 iujurt'oso.

2082 5084 2095 5121 ί
2146 5081 2363 5143 Baluzq'
2385 5087 2436 5136 in
2464 5085 2763 5149 spectacula
2806 5085 3073 5154 facerent;
3118 5081 3284 5154 magis
3326 5084 3596 5143 arrideret

2002 5154 2295 5223 spectaculo
2327 5157 2551 5223 [acerem
2574 5196 2588 5221 ,
2620 5171 2718 5210 seu
2751 5151 2814 5209 in'
2836 5155 3063 5208 theatris
3103 5151 3450 5209 manifestam
3477 5170 3600 5209 om-

2006 5231 2164 5280 nibus
2195 5229 2458 5279 facerent.

2077 5296 2095 5347 i
2145 5297 2221 5350 Ειι
2244 5298 2434 5350 Crmco
2460 5296 2581 5367 lege
2605 5314 2618 5348 :
2645 5296 2761 5349 ausi
2785 5304 2904 5349 sunt
2927 5335 2943 5361 ,
2965 5296 3112 5366 quasi
3135 5296 3440 5349 canonicum
3466 5296 3597 5367 quid

2003 5369 2258 5439 egissent,
2287 5368 2438 5420 etiam
2467 5366 2534 5419 ad
2562 5382 2730 5439 aures.

2074 5438 2100 5476 ιε
2144 5439 2245 5491 Pro
2282 5439 2463 5491 verbis
2503 5437 2706 5503 antiqui
2755 5435 3067 5505 interpretis
3108 5444 3156 5488 et
3195 5439 3596 5503 convenientes,

2005 5510 2140 5572 ἰείη,
2185 5509 2367 5577 quibus
2411 5509 2819 5567 insimulabant,
2863 5524 2928 5561 ex
2972 5507 3165 5561 Graeco
3207 5508 3597 5562 substituenda

2003 5595 2123 5634 esse
2158 5580 2443 5641 (lusimus,
2492 5595 2559 5632 ne
2603 5577 2779 5630 oratio
2822 5580 3229 5646 relinqueretur
3279 5578 3597 5633 intellectus

2002 5666 2197 5716 expers
2221 5692 2234 5709 .
2268 5650 2349 5704 vel
2380 5652 2543 5704 etiam
2576 5646 2776 5718 aliquid
2807 5659 3005 5717 praeter
3032 5648 3226 5719 synodi
3264 5650 3596 5707 sententiam

2002 5732 2243 5775 sonaret.
