3916 6178
151 392 238 442 59

719 394 932 452 EPIST.
977 397 1114 452 XXI.
1161 399 1558 456 COELESTINI
1605 403 1806 458 I’Al’rﬁ
1848 407 1936 458 AD
1979 405 2338 463 H’iSCOl’OS
2375 407 2802 464 CALLIARUM.

3291 396 3396 463 5‘50

149 507 457 569 docendum;
483 521 608 560 cum
631 516 724 575 sit,
748 509 961 564 dicente
987 509 1247 580 Apostoio
1269 513 1309 580 (Ι
1331 513 1448 567 Cor.
1480 531 1572 579 sit,
1598 517 1711 586 ‘28),
1746 525 1788 578 Α
1825 521 1919 572 tris
1943 519 2152 572 Tttt'ttiii
2182 521 2427 575 dedimus
2449 523 2645 590 Scripta
2673 535 3011 589 responsum.
3033 516 3202 578 'Nune'
3216 534 3392 578 tamen

151 597 216 648 ei"
243 595 426 650 tertius
451 605 474 633 ι
507 593 660 651 locus
690 598 826 652 intra
855 598 1152 656 Ecclesiam
1185 603 1547 672 depu'andas.
1571 607 1712 674 Quid

151 687 244 738 iiite
270 687 376 752 spei
402 697 507 751 θεῖ,
542 687 655 752 ubi,
691 688 963 758 magistris
996 693 1315 760 tacentibus,
1352 695 1386 747 ii
1426 696 1715 766 loquuntur

153 779 248 849 qui,
274 777 314 829 si
345 778 415 832 ita
446 787 550 843 est,
582 793 775 834 eorum
817 782 1064 851 discipuli
1101 799 1206 836 non
1241 784 1492 841 fuerunt?
1527 788 1714 844 Timeo

153 870 508 924 neconnivere
552 872 645 936 sit,
689 873 793 927 hoc
834 883 1034 929 tacere.
1084 875 1273 932 Timeo
1308 893 1374 933 ne
1408 881 1575 949 magis
1613 883 1712 951 ip~i

154 962 433 1030 loquantur,
472 964 560 1030 qui
598 965 919 1032 permittunt
948 966 1056 1022 illis
1086 969 1268 1024 taliter
1295 970 1459 1040 loqui.
1491 971 1545 1024 In
1576 975 1710 1027 tali—

156 1054 238 1105 bus
276 1055 448 1107 cau~is
494 1071 600 1107 non
651 1067 800 1111 caret
847 1059 1158 1127 suspicione
1190 1064 1544 1129 taciturnitas,
1587 1067 1719 1134 quia.

154 1157 434 1201 orcuxretet
494 1147 607 1201 veri
634 1163 728 1216 as,
781 1165 822 1204 si
877 1151 1080 1206 falsitas
1131 1153 1459 1222 diSpliceret.
1519 1158 1709 1213 Merito

155 1253 354 1308 namque
390 1253 552 1293 eausa
597 1257 694 1294 nos
741 1244 994 1311 respicit,
1044 1244 1090 1298 si
1135 1247 1404 1301 silentioh
1434 1249 1707 1306 faveamus

153 1347 386 1386 errorem.
442 1334 584 1403 Ergo
621 1336 984 1404 corripiantur
1019 1337 1349 1406 hujusmodi.
1381 1340 1495 1395 Non
1522 1343 1591 1396 sit
1624 1344 1706 1398 his

153 1433 172 1458 ο
196 1422 408 1476 liberum
438 1424 638 1482 habere
670 1441 772 1494 pro
804 1427 1078 1481 voluntate
1103 1443 1432 1485 sermonem.
1460 1433 1702 1501 Desinat,

151 1516 185 1566 si
209 1513 270 1567 ita
294 1531 378 1570 res
400 1526 550 1581 sunt,
575 1517 848 1574 incessere
878 1520 1085 1574 novitas
1109 1533 1465 1588 vetustatem;
1494 1526 1704 1581 desinat

153 1606 484 1662 Ecclesiarum
531 1610 767 1679 quietem
805 1611 1117 1681 inquietudo
1158 1616 1394 1672 turbare.
1429 1617 1705 1674 Conantur

148 1710 272 1764 sape
304 1701 578 1769 naufragio
615 1717 858 1771 mergere
891 1718 1027 1771 quos
1060 1705 1196 1759 intra
1231 1716 1443 1775 portum
1493 1719 1702 1766 stantes

150 1791 286 1844 statio
313 1791 433 1846 facit
465 1793 568 1847 fida
593 1809 835 1849 securos.
857 1795 986 1851 Fida
1012 1798 1209 1867 q-aippe
1225 1809 1309 1853 est
1331 1803 1569 1855 omnium
1599 1812 1701 1857 sta-

1819 621 2128 678 rcpetentes
2159 614 2354 679 sepius
2378 614 2730 667 adnmncmus
2762 629 2775 667 :
2821 613 3054 667 vitentur
3079 613 3388 682 huiusmodi
3451 621 3463 684 ν

1815 702 1904 769 qui
1949 701 2192 756 laborant
2223 718 2316 772 per
2344 715 2516 758 terras
2544 705 2684 757 aliud
2715 718 2874 772 quam
2903 703 2993 757 ille
3023 713 3206 758 noster
3229 703 3393 773 jussit

1815 793 2045 860 agricola
2091 796 2379 848 seminare.
2415 794 2524 850 Nec
2571 804 2750 849 tamen
2783 795 2964 849 mirari
3013 809 3295 864 possumus
3339 798 3384 851 si

1815 881 1930 938 hmo
1958 899 2082 952 erga
2133 887 2372 939 viventes
2412 886 2464 939 hi
2498 901 2638 940 nunc
2678 895 2888 940 tentare
2919 886 3138 951 audent,
3170 887 3261 955 qui
3304 889 3386 942 ni-

1815 983 1996 1028 tuntur
2026 978 2186 1030 etiam
2219 977 2609 1046 quiescentium
2652 976 2878 1030 fratrum
2920 978 3232 1030 mt-nnsriam
3271 977 3384 1031 dis-

1811 1067 2006 1133 sipare.

1881 1157 2010 1210 CAP.
2045 1156 2106 1210 ΙΙ.
2150 1187 2220 1197 -
2251 1160 2302 1211 5.
2349 1157 2704 1226 Augustinum
2753 1165 2954 1212 sanctas
3001 1157 3386 1211 recerdationis

1809 1250 1989 1312 virum,
2023 1265 2120 1319 pro
2152 1251 2254 1304 vita
2288 1265 2382 1306 sua
2412 1263 2573 1320 atque
2604 1252 2814 1306 meritis
2841 1251 2893 1305 in
2927 1263 3110 1305 nostra
3141 1265 3383 1306 comatu-

1809 1341 1969 1396 nione
1995 1359 2215 1412 semper
2245 1344 2550 1408 habuimus,
2575 1357 2675 1398 nec
2705 1358 2953 1412 umquam
2988 1343 3129 1397 hunc
3154 1343 3386 1397 sinistra:

1807 1433 2132 1502 suspicionis
2181 1433 2372 1489 saltem
2421 1449 2607 1487 rumor
2653 1435 2885 1502 aspersit
2937 1451 2950 1485 :
3009 1449 3167 1502 quem
3224 1441 3385 1487 tanta:

1806 1523 2050 1576 scientiae
2077 1523 2204 1575 olim
2238 1523 2402 1579 luisse
2429 1523 2790 1587 meminimus,
2839 1533 2896 1577 ut
2927 1526 3067 1579 inter
3097 1525 3385 1593 magistros

1806 1615 2038 1682 optimos
2083 1616 2244 1669 etiam
2291 1624 2416 1670 ante
2453 1631 2484 1670 a
2525 1618 2662 1670 meis
2695 1614 2712 1653 τ
2759 1630 2974 1684 semper
3011 1616 3384 1671 decessoribns

1807 1706 2117 1761 haberetur.
2175 1707 2317 1761 Bene
2369 1721 2497 1776 ergo
2544 1707 2611 1762 de
2663 1722 2729 1762 eo
2774 1721 2970 1762 omnes
3012 1707 3064 1760 in
3108 1709 3380 1762 communi

1804 1808 2113 1859 senserunt,
2146 1808 2332 1866 utpote
2358 1799 2445 1866 qui
2479 1799 2682 1867 ubique
2709 1799 2918 1854 cunctis
2946 1809 2998 1854 et
3027 1799 3197 1853 amori
3226 1797 3393 1853 fuerit.

150 1881 229 1945 tio,
251 1899 466 1951 quorum
503 1885 755 1953 perfeCIis
784 1889 1060 1957 gressibus
1091 1892 1314 1961 vestigia
1349 1910 1452 1948 non
1482 1910 1700 1950 movcn-
1733 1891 1773 1948 Β
1805 1900 1858 1944 et
1890 1891 2097 1944 honori.
2143 1890 2297 1947 Unde
2330 1891 2612 1945 resistatur
2658 1891 2873 1953 talibus.
2916 1906 3052 1961 quos
3084 1892 3225 1946 male
3265 1907 3378 1946 cre-

152 1980 239 2025 tnr.
282 1974 641 2031 Recurrerunt
686 1978 751 2031 ad
801 1979 1150 2046 apostolicam
1197 1982 1438 2050 prmd‘cti
1483 1985 1698 2052 sedem,

150 2062 244 2118 bzcc
273 2065 376 2134 ipsa
401 2068 554 2122 nobis
585 2085 702 2138 qum
725 2079 894 2125 teutat
920 2072 1256 2140 perturbatio
1280 2084 1695 2144 conquerentes.

151 2153 401 2221 liabetote,
442 2158 638 2213 fratres
682 2160 1010 2229 Chati:Sillli,
1052 2178 1148 2233 pro
1194 2165 1474 2221 catholica:
1529 2169 1700 2236 plebis

152 2263 260 2314 pace
283 2259 576 2306 tractatum.
607 2253 788 2308 Sciant
812 2268 891 2321 se,
921 2255 964 2308 si
995 2263 1173 2310 tamen
1204 2255 1228 2293 ἀ
1255 2269 1546 2314 censentur
1575 2276 1696 2331 pre-

148 2338 344 2408 sbyteri,
379 2341 639 2412 dignitate
671 2344 818 2398 vobis
853 2359 972 2399 esse
1007 2345 1298 2413 subjectos.
1332 2348 1516 2404 Sciant
1550 2351 1693 2418 quod

145 2428 230 2480 sibi
255 2445 432 2485 omnes
459 2433 550 2501 qui
583 2435 722 2488 male
749 2431 970 2498 docent,
996 2434 1207 2491 discere
1238 2440 1406 2507 magis
1430 2454 1494 2494 ac
1525 2442 1693 2510 magis

144 2529 382 2588 competat
414 2539 570 2593 quam
602 2525 817 2580 dot-ere.
865 2525 995 2580 Nam
1039 2527 1166 2596 quid
1213 2529 1263 2582 in
1309 2532 1554 2586 ecclesiis
1595 2546 1691 2585 vos

144 2613 300 2681 agilis,
325 2616 368 2669 si
387 2617 458 2670 illi
485 2633 748 2672 summam
776 2627 994 2674 teneant
1022 2620 1392 2688 praedicandi?
1415 2623 1527 2677 Nisi
1557 2624 1692 2679 forte

143 2703 258 2757 illud
283 2707 526 2775 obsistat,
560 2710 704 2779 quod
737 2725 840 2764 non
885 2713 1230 2777 auctoritate,
1265 2727 1369 2767 non
1401 2714 1578 2770 adhuc
1609 2732 1693 2769 ra-

143 2794 271 2850 tione
302 2798 586 2868 colligitur,
620 2811 678 2854 ttt
718 2801 880 2870 aliqui
905 2816 936 2856 e
968 2801 1193 2856 fratrum
1242 2819 1488 2869 numero,
1522 2822 1691 2876 nuper

141 2884 200 2941 de
224 2887 468 2944 laicorum
494 2895 771 2946 consortio
797 2893 851 2946 in
875 2893 1160 2962 collegium
1184 2904 1426 2949 nostrmn
1451 2897 1692 2952 fortass-is

140 2979 357 3047 admissi,
388 2982 632 3036 nesciant
659 2983 790 3052 quid
813 2983 916 3037 sibi
944 2983 1488 3041 dcbca-ntvindicare.
1517 2986 1691 3054 Super

140 3067 213 3121 bis
237 3079 262 3106 θ
287 3074 445 3128 multa
474 3072 582 3141 jam
612 3073 754 3130 dicta
781 3083 908 3129 sunt
951 3090 1018 3130 eo
1050 3072 1308 3148 tempore,
1344 3093 1450 3148 quo
1479 3079 1544 3132 ad
1576 3078 1683 3132 fra-

1802 1995 1954 2035 scere
1979 1981 2262 2034 videmus?
2289 1981 2352 2035 Ν‹
2372 1981 2452 2035 fas
2469 1994 2548 2036 est
2569 1983 2686 2036 ba-c
2709 1983 2816 2052 pati
2844 1983 3123 2052 religiosas
3146 1982 3376 2046 animas,

1799 2087 2023 2140 quarum
2065 2072 2378 2136 afﬂictione,
2413 2074 2534 2141 quia
2585 2073 2830 2127 membra
2875 2082 3057 2127 nostra
3100 2083 3250 2138 sunt,
3283 2089 3379 2127 nos

1798 2177 2008 2232 quoque
2058 2154 2313 2218 convenit
2369 2165 2662 2229 macerari,
2713 2148 2959 2234 quamvis
3009 2174 3226 2218 maneat
3278 2163 3376 2217 hos

1799 2237 2069 2308 beatitudo
2101 2255 2385 2322 prumi~sa,
2419 2255 2744 2325 quicumque
2792 2255 3090 2324 probantur
3128 2269 3376 2324 persecu-

1797 2345 2256 2414 tionem-propter
2297 2346 2564 2414 justitiam
2613 2347 2884 2401 sustinere
2932 2345 3148 2417 (Matth.
3179 2361 3232 2411 v,
3265 2345 3376 2414 10).

1797 2434 2002 2502 Quibus
2031 2436 2156 2505 quid
2180 2438 2458 2506 promittat
2483 2437 2744 2492 Dominus
2772 2438 2823 2490 itt
2857 2437 3120 2500 futurum,
3145 2451 3376 2504 sequens

1799 2541 1978 2582 sermo
2008 2527 2266 2582 declarat.
2298 2527 2412 2582 Non
2445 2538 2529 2582 est
2559 2528 2827 2598 agt-mium
2861 2543 3020 2583 causa
3052 2537 3080 2574 κ
3117 2527 3374 2582 solorum.

1801 2618 2129 2673 universalis
2161 2619 2400 2674 Ecclesia
2448 2635 2784 2688 quacumque
2826 2621 3061 2673 potita-te
3113 2621 3375 2685 pulsatur.

1776 2695 2164 2780 intelligamus
2192 2713 2307 2766 haec
2334 2712 2445 2781 ipsa
2480 2713 2651 2778 vobis,
2683 2728 2807 2782 quae
2829 2712 2985 2764 nobis
3011 2727 3115 2764 non
3145 2713 3376 2778 placent.

1796 2802 2111 2871 displicere.
2145 2801 2298 2867 Quod
2331 2801 2402 2856 ita
2435 2801 2650 2857 demqu
2685 2802 2914 2870 probare
2958 2800 3284 2869 poterimus,
3333 2801 3378 2854 si

1800 2895 2052 2954 imposito
2093 2894 2352 2962 improbis
2397 2893 2635 2958 silentio,
2678 2893 2747 2948 de
2791 2893 2883 2946 tali
2929 2892 3070 2946 rein
3104 2899 3376 2961 posterum

1798 2987 2016 3056 querela
2071 2986 2326 3041 cessabit.
2387 2986 2526 3042 Deus
2581 2999 2676 3040 vos
2725 2985 3023 3039 incolumes
3069 2981 3358 3043 custodiat.

1799 3081 1994 3133 fratres
2023 3076 2348 3133 cbarissimi.

201 3333 223 3360 ⁸
250 3324 428 3400 turns.
463 3326 594 3400 fles.
619 3309 954 3400 desideratur
984 3333 1145 3385 locus.
1177 3331 1415 3400 [tv-spicit
1443 3331 1686 3387 leesti-
1721 3331 1764 3395 C
1797 3330 1962 3384 fuisse
2006 3330 2344 3385 concederet.
2388 3328 2574 3396 Neque
2617 3329 2776 3385 facile
2815 3328 3225 3400 crediderimus
3247 3328 3371 3381 Vino

140 3395 317 3472 nusad
353 3396 481 3472 illud
516 3395 694 3461 Pauli,
733 3400 993 3472 Quosdam
1031 3403 1238 3472 quidem
1287 3395 1453 3468 posuit
1485 3404 1538 3458 in
1596 3403 1692 3455 Ec-

141 3467 310 3586 ἕρκεα,
344 3468 565 3536 primum
605 3471 894 3539 apostolos,
943 3467 1164 3526 secundo
1194 3467 1496 3544 prophetas,
1542 3473 1690 3526 tertia

172 3545 363 3586 oetam.

172 3545 363 3590 οετονει.

185 3604 225 3682 ’δ
261 3606 327 3659 Ita
352 3608 609 3682 Dionysii
646 3611 926 3682 exemplar
963 3613 1192 3682 regium.
1227 3613 1335 3666 Nec
1365 3613 1523 3666 aliter
1567 3615 1691 3679 legit

146 3673 432 3732 Vincentius
463 3673 636 3734 Lirin.
664 3695 713 3735 c.
739 3673 832 3734 43'.
875 3685 940 3733 At
971 3673 1187 3736 ἰιΓουΙΙ.
1229 3683 1389 3735 Iladr.
1432 3673 1689 3736 substitu-

144 3755 238 3817 tum
260 3756 336 3799 est
356 3753 617 3817 faveamus
639 3751 838 3815 errori;
859 3766 1016 3816 quam
1042 3753 1328 3806 lectionem
1353 3764 1540 3805 auctor
1560 3754 1685 3806 coll.

144 3812 270 3882 "tsp.
299 3812 508 3876 et’lsid.
553 3820 785 3890 indeque
813 3812 1052 3890 epistolae
1097 3823 1253 3892 hujus
1280 3821 1521 3877 editores
1553 3823 1688 3879 arri-

146 3897 364 3948 puernnt.

146 4021 154 4032 ,
204 3964 223 3992 ε
262 3955 310 4010 In
365 3959 479 4014 bmc
515 3959 690 4032 verba
747 3960 1062 4014 Vincentius
1115 3961 1280 4014 Lirin.
1339 3961 1688 4029 qumstionem

146 4029 590 4103 itlztm‘proponit:
620 4029 720 4103 ilic
741 4033 931 4103 aliquis
957 4036 1171 4100 fortasse
1197 4032 1457 4085 addubitet
1483 4034 1689 4098 quinam

143 4096 228 4144 sint
262 4096 356 4156 illi,
385 4096 510 4168 quos
540 4098 725 4153 habere
763 4096 1025 4172 prohibeat
1071 4104 1281 4155 liberum
1313 4119 1404 4172 pro
1433 4096 1692 4156 voluntate

143 4179 416 4229 sermonem,
453 4172 717 4224 antistatis
742 4172 1104 4241 prtediratores
1124 4213 1138 4228 .
1172 4189 1238 4224 an
1274 4174 1512 4225 novitatis
1537 4175 1688 4225 adin-

144 4245 380 4313 rentores._
409 4244 480 4313 At:
523 4241 763 4313 proxime
793 4242 1033 4313 adjungit
1112 4241 1231 4304 lrse
1259 4242 1392 4294 dicat
1421 4242 1691 4313 (Caelesti-

143 4305 264 4381 ηυξ),
284 4305 718 4381 et_dnbitationem
740 4305 1010 4381 legentium
1035 4313 1140 4379 ipse
1163 4305 1693 4380 dissolvathequitnr

142 4375 291 4427 enim:
325 4377 556 4439 Desinat,
596 4379 764 4449 inquit
785 4375 809 4444 ξ
824 4382 866 4433 si
892 4381 964 4433 ita
995 4375 1075 4433 res
1105 4393 1200 4442 est,
1234 4383 1286 4435 id
1316 4393 1419 4446 est,
1445 4385 1489 4435 si
1514 4375 1587 4436 ita
1617 4393 1690 4435 est

144 4453 187 4493 ttt
208 4449 338 4510 apud
369 4465 445 4500 me
470 4450 681 4517 quidam
708 4451 854 4504 urbes
894 4463 940 4503 ιδ’
981 4453 1266 4517 provincias
1292 4461 1478 4505 vestras
1521 4455 1693 4505 crimi-

144 4525 335 4588 nantur,
385 4519 525 4588 quod
574 4534 659 4573 ea;
704 4521 1004 4588 quibusdam
1055 4523 1361 4574 novitatibus
1410 4525 1692 4577 consentire

145 4587 273 4637 noxia
316 4587 754 4662 (ΙξεὲῑιηιιιιιιίοηεέΔ
767 4592 1005 4659 faciatis;
1052 4593 1270 4651 desinat.
1296 4593 1499 4662 inquit.
1529 4594 1575 4645 si
1617 4595 1691 4646 ita

142 4666 208 4704 τρε
230 4667 314 4720 est,
353 4659 602 4711 incessere
640 4660 836 4712 naritus
863 4669 1181 4714 vetustatem.
1214 4665 1254 4714 Α
1291 4659 1571 4716 Vincentio
1597 4678 1691 4716 au—

145 4731 230 4775 Iern
268 4699 333 4799 ibi
380 4727 655 4799 Cwlestini
697 4729 836 4783 dicta
869 4731 1129 4785 adversus
1169 4733 1450 4799 Augustini
1490 4697 1690 4787 do’ctri-
1722 4697 1770 4758 υ

143 4797 872 4870 namejusqnedefcnsorcs
926 4811 1042 4854 arte
1090 4797 1275 4870 arguta
1327 4802 1684 4870 detorquere.

144 4858 342 4940 tumin;
362 4858 608 4940 Norjsius
635 4869 736 4940 uti.
766 4885 803 4922 o
832 4869 968 4923 Hist.
1002 4858 1180 4940 pitag“
1214 4886 1332 4939 pag.
1374 4871 1476 4925 429
1502 4858 1555 4925 in
1581 4858 1689 4927 250

143 4938 408 4991 ειιηιιιιιιιῑι.
457 4937 807 5005 PerSpicuum
855 4948 1030 4993 tamen
1068 4937 1153 4994 esi
1194 4937 1355 4999 illud.
1400 4943 1443 4993 si
1495 4943 1565 4996 ita
1610 4959 1688 4994 res

141 5015 256 5083 sunt.
285 5023 388 5061 non
437 5009 570 5083 ideo
595 5007 947 5083 a_leestino
987 5010 1528 5083 proximeadjungi,
1563 5013 1688 5078 quia

143 5078 230 5150 utri
251 5088 531 5150 novatorcs
559 5078 787 5150 habendi
807 5089 1006 5150 essent,
1039 5081 1322 5150 Augustini
1342 5096 1407 5134 ne
1428 5082 1688 5134 doctrinae

140 5141 435 5221 adversarii,
469 5163 536 5221 an
577 5148 689 5221 ejus
735 5141 1069 5221 defensores,
1113 5141 1406 5221 dubitaret;
1439 5151 1532 5204 sed
1565 5152 1686 5217 quia

140 5209 673 5290 dictabatgp'nnlent'ia
713 5228 771 5273 ut
802 5209 1147 5290 presbyteros
1175 5220 1297 5274 illos
1339 5209 1473 5282 quos
1501 5209 1689 5274 Eccle-

140 5288 316 5357 starum
345 5288 668 5342 dissensioni
701 5289 918 5343 studere
952 5288 1182 5357 Prosper
1204 5301 1257 5343 et
1283 5290 1511 5343 llilariua
1539 5293 1692 5344 detu-

143 5353 315 5420 lerant,
345 5374 682 5429 nequaquam
713 5359 1012 5422 damnaret.
1040 5353 1141 5414 nisi
1175 5376 1285 5414 rem
1312 5362 1380 5413 iza
1413 5376 1558 5426 esse,
1592 5361 1693 5414 hoc

139 5436 207 5474 est
230 5441 402 5481 veram
434 5428 559 5484 esse
583 5428 797 5482 illorum
830 5429 1179 5490 delationem.
1208 5432 1555 5484 constitisset.
1585 5431 1690 5484 Ne-

139 5509 229 5554 uue
257 5499 427 5551 minus
456 5498 681 5553 evidens
715 5510 798 5554 est
827 5499 1176 5554 Caelestinum
1206 5501 1530 5555 defensionis
1555 5501 1692 5554 anti-

138 5573 243 5625 «tuae
281 5569 553 5641 doctrinze
583 5569 795 5641 laudem
848 5570 1144 5641 Augustino
1193 5571 1456 5641 tribucre,
1510 5581 1692 5641 utpote

140 5645 265 5709 θυι-τη
300 5651 455 5691 ωηατ
484 5638 607 5709 olim
633 5639 856 5693 scientia:
883 5640 1046 5709 fuisse
1066 5683 1079 5703 ,
1119 5640 1319 5705 inquit,
1352 5638 1688 5701 meminimus.

146 5709 188 5774 ut
222 5706 346 5753 inter
377 5706 654 5774 magiitros
690 5706 913 5774 optimos
937 5707 1095 5754 etiam
1120 5715 1242 5754 ante
1275 5723 1303 5754 a
1340 5721 1461 5758 mets
1489 5723 1689 5774 semper

147 5770 468 5824 tltccssoribns
492 5773 795 5824 haberetur.
816 5773 1035 5840 Alioqut
1064 5774 1318 5828 novitatis
1354 5770 1629 5828 decorem
1656 5796 1683 5830 a

147 5844 501 5897 accusaribus
556 5843 669 5897 suis
703 5843 835 5895 inter
861 5845 1139 5912 magistros
1183 5847 1402 5911 optimos
1443 5849 1685 5900 halxtum

1796 3401 2032 3455 centium
2057 3416 2116 3454 ea
2150 3401 2314 3454 fuisse
2342 3401 2506 3453 animi
2534 3401 2808 3462 czrcitate,
2845 3409 2902 3452 ut
2931 3400 3078 3452 illum
3109 3398 3376 3452 evidentia

1798 3480 1939 3524 tanta
1987 3470 2423 3538 fugeret;autea
2463 3471 2839 3529 simulatione,
2876 3481 2929 3522 ιιι
2959 3468 3104 3522 aliud
3148 3476 3380 3522 tentaret

1793 3542 2050 3605 suadere;
2084 3541 2166 3595 vel
2193 3542 2354 3593 etiam
2383 3541 2450 3593 de
2483 3541 2602 3594 aliis
2629 3545 2704 3594 ita
2738 3540 2880 3593 ntale
2900 3539 3156 3602 sensisse,
3199 3547 3255 3589 ut
3280 3539 3377 3590 hoc

1794 3613 1871 3664 (εἰς
1893 3620 2079 3664 contra
2105 3610 2446 3666 manifetam
2475 3611 2758 3666 veritatem
2789 3608 3115 3676 persuadere
3136 3622 3196 3661 se
3220 3621 3380 3675 posse

1793 3697 1894 3734 con
1907 3682 2114 3735 fideret.

1865 3749 1891 3787 ά
1936 3751 2074 3805 Editi
2093 3794 2105 3810 .
2131 3759 2428 3820 censeantur
2460 3750 2758 3820 presbyterii
2787 3747 3076 3820 dignitate;
3099 3746 3374 3816 corrigun-

1792 3828 1879 3873 tur
1903 3837 1968 3873 cx
2004 3819 2238 3885 scriptis.

1870 3899 1894 3926 °
1939 3889 2124 3944 Utrum
2159 3905 2313 3954 super
2350 3888 2460 3950 his,
2490 3902 2628 3956 quos
2653 3902 2682 3938 e
2717 3887 2974 3940 laicorum
3014 3887 3290 3940 consortio
3321 3888 3371 3939 in

1794 3960 2079 4028 collegium
2111 3958 2420 4026 episCupale
2451 3958 2718 4012 admissos
2745 3957 2990 4026 proxime
3018 3966 3237 4024 questus
3258 3966 3369 4028 est,

1778 4043 1861 4082 -an
1884 4046 2040 4094 super
2062 4030 2141 4083 his
2171 4043 2306 4097 quos
2331 4043 2463 4081 nova
2499 4029 2794 4096 prmdicare
2825 4038 3132 4096 acceperat,
3165 4027 3373 4081 dederit

1795 4099 1921 4153 ilnd
1989 4100 2052 4152 ad
2105 4100 2315 4154 Tuentii
2375 4099 2571 4166 scripta
2629 4113 2979 4166 responsum;
3035 4111 3160 4151 num
3207 4099 3370 4151 etiam

1795 4169 2058 4225 Tueutius
2103 4171 2146 4222 is
2177 4171 2354 4229 fuerit,
2387 4183 2545 4237 quem
2575 4168 2828 4223 lusimus
2854 4170 3012 4235 epist.
3045 4167 3101 4231 4,
3131 4185 3183 4220 n.
3221 4167 3276 4235 4,
3315 4180 3373 4223 ut

1796 4241 2073 4306 iliegitime
2104 4256 2130 4292 a
2158 4239 2386 4293 Proculo
2413 4238 2728 4293 Massiliensi
2754 4240 3007 4306 episcopo
3039 4239 3368 4306 ordinatum.

1797 4311 1850 4363 in
1882 4325 2222 4378 quocumque
2251 4309 2416 4377 gradu
2445 4305 2814 4378 ecclesiastico
2835 4309 3031 4375 suscipi
3055 4305 3217 4364 Vt-ta't.
3243 4311 3349 4361 alio

1796 4377 1912 4433 rutn
1943 4382 2297 4444 permittimus
2316 4379 2538 4446 judicio.
2571 4377 2854 4432 Probabile
2879 4386 3056 4431 tamen
3083 4387 3166 4431 est
3191 4378 3366 4430 Tuen-

1795 4452 1924 4504 tium
1961 4451 2102 4503 hunc
2130 4450 2198 4502 ab
2221 4451 2310 4502 illo
2342 4462 2446 4501 non
2470 4461 2590 4503 esse
2613 4448 2916 4509 diversum,
2947 4464 3047 4502 nec
3078 4461 3182 4499 non
3209 4447 3276 4499 de
3303 4449 3366 4500 iis

1795 4523 1883 4588 qui
1927 4520 2349 4588 iudisciplinatas
2384 4517 2711 4584 qtt;t-Stiunes
2742 4519 2792 4571 in
2837 4517 3068 4588 medium
3101 4519 3365 4588 vocabant

1797 4586 1860 4644 ad
1906 4590 2048 4643 ἰΙΙίιις
2078 4586 2275 4658 scripta
2310 4588 2474 4642 fuisse
2518 4602 2857 4656 responsum.
2893 4587 3005 4644 Hoc
3045 4586 3362 4655 responsum

1800 4676 1905 4714 non
1934 4669 2129 4715 ex-tat.
2163 4661 2426 4724 Deinceps
2455 4659 2572 4712 luce
2596 4659 2792 4712 clarius
2815 4667 2917 4720 est,
2943 4673 3126 4712 eorum
3150 4659 3366 4711 nomine

1793 4730 1884 4796 qui
1922 4745 2094 4784 novas
2134 4732 2184 4782 in
2217 4729 2512 4784 Ecclesiam
2547 4728 2822 4782 doctrinas
2854 4729 3106 4783 imtucere
3133 4729 3363 4783 mo'iun-

1795 4809 1899 4862 tur,
1928 4816 2032 4853 non
2070 4799 2332 4854 Hilarium
2373 4814 2401 4851 a
2441 4798 2734 4853 Caelestino
2763 4798 2983 4863 intelligi
3013 4807 3100 4852 aut
3143 4802 3367 4865 Prospe-

1794 4886 1933 4934 rum,
1962 4871 2055 4923 sed
2084 4883 2179 4924 eos
2201 4871 2288 4939 qui
2314 4870 2548 4922 nituntur
2571 4871 2723 4922 etiam
2758 4871 3122 4938 quiescentia":
3149 4870 3364 4938 fratrum

1793 4951 1881 5010 (ac
1911 4939 2225 4993 nominatim
2254 4939 2564 5007 Augustini)
2601 4942 2897 4993 memoriam
2927 4939 3181 5005 dissipare
3206 4947 3366 5005 atque

1794 5009 2052 5063 ittlamare

1871 5079 1888 5117 ε
1924 5081 2000 5133 Ex
2031 5079 2182 5133 Mcrl.
2207 5087 2261 5132 et
2281 5092 2414 5132 mss.
2438 5085 2720 5148 revocatur
2745 5094 2960 5147 semper,
2985 5076 3128 5148 quod
3151 5091 3180 5132 a
3208 5076 3368 5132 Crab.

1793 5165 1855 5204 ac
1880 5149 2136 5216 deinceps
2163 5150 2421 5203 omissum
2451 5146 2642 5202 fuerat.

1866 5229 1892 5266 ε
1931 5219 1987 5272 1η
2027 5235 2158 5274 mss.
2198 5218 2322 5272 coll.
2368 5217 2518 5281 lsid.,
2545 5216 2675 5270 sola.
2711 5218 2866 5285 Apud
2905 5216 3080 5280 δίει-1.,
3116 5216 3368 5270 solarum.

1795 5289 1930 5343 Tum
1964 5289 2017 5342 in
2049 5289 2168 5343 aliis
2209 5289 2368 5342 editis
2390 5287 2602 5341 additur
2630 5290 2855 5358 quando.
2889 5287 3012 5358 ﬂare
3034 5302 3133 5340 vox
3163 5288 3318 5341 abest
3346 5306 3372 5339 a

1797 5374 1926 5412 mss.
1975 5359 2068 5414 sed
2109 5360 2159 5411 in
2197 5370 2397 5412 feorum
2438 5356 2650 5421 unum,
2691 5359 2812 5410 loco
2861 5356 3111 5423 solorum,
3161 5358 3374 5424 irrepsit

1797 5431 1907 5482 sola
1937 5445 2072 5481 cunt.
2108 5430 2182 5482 Ex
2227 5429 2328 5481 isto
2369 5437 2549 5481 autem
2581 5443 2696 5478 cum
2741 5426 2994 5496 praedicta
3041 5444 3141 5479 vox
3169 5429 3374 5496 quando

1798 5500 2059 5568 origini-tn
2112 5498 2364 5552 habuisse
2397 5496 3062 5568 probabilitercredatur.
3093 5496 3374 5550 leestini

1803 5566 1955 5623 meos
1985 5571 2085 5621 hoc
2130 5568 2444 5638 syllogismo
2487 5567 2577 5620 ﬂet
2617 5566 2967 5620 manifeStior.
3006 5568 3371 5638 (nivei-«abun

1804 5640 2098 5693 [Coele-siam
2131 5637 2305 5707 pulsat
2341 5638 2967 5707 qttaecumqueruovitas.
3015 5637 3176 5704 Atqui
3213 5653 3372 5689 causa

1802 5724 1920 5776 qua)
1962 5706 2164 5776 agitur,
2197 5708 2484 5760 novitatem
2516 5709 2672 5774 sapit.
2705 5706 2820 5760 Non
2847 5715 2928 5760 cst
2955 5708 3115 5775 igitur
3147 5723 3369 5760 unorutu

1801 5781 2068 5848 agentium
2099 5795 2190 5832 seu
2219 5777 2561 5846 litigantium,
2595 5777 2685 5830 scd
2721 5779 2880 5832 tutius
2914 5777 3167 5834 Ecclesiae
3189 5794 3374 5833 causa.
