3916 6178
397 328 500 382 959

1130 313 1186 367 S.
1228 307 1617 367 σαειεεῖιθίι
1657 307 1673 361 1
1716 304 1915 359 PAR-Ii
1957 302 2314 358 εῐιιδτοιιε
2357 303 2442 358 ΕΤ
2483 300 2827 358 ΒΕΟΒΕΤᾹ.

3553 299 3666 357 seu

400 432 582 496 iiavit,
612 429 702 499 qui
725 430 818 494 ait,
847 443 875 479 a
902 426 1011 479 Duo
1034 432 1214 475 nostro
1243 419 1522 473 bnm’linm
1555 425 1826 472 servatam
1860 430 1970 467 me-
2005 416 2047 472 Α
2078 414 2384 469 dilectionis
2429 424 2619 469 veslrte
2660 415 2779 483 ejus
2821 417 3142 469 sententiam
3194 417 3497 477 videremus
3540 435 3669 476 esse

401 525 647 581 muriam,
672 528 725 573 et
746 516 1002 585 perditam
1027 511 1377 579 superborum
1403 508 1571 579 (lict-li
1615 524 1668 575 x,
1688 505 1746 558 2t
1764 506 1801 559 l.
1827 504 1979 571 Quod

399 612 611 680 quando
644 607 813 675 magis
842 604 1086 657 videatur
1116 602 1393 669 impletum
1417 640 1431 659 ,
1464 614 1624 667 quam
1658 614 1827 663 nunc,
1856 613 1978 652 cum

399 708 436 759 δ
476 706 645 757 [valor
678 708 865 752 noster
892 710 1087 767 parans
1120 695 1256 748 bene
1284 694 1506 747 meritos
1542 693 1824 754 honorare,
1857 705 1978 744 ossa

400 793 675 848 imminuto
706 791 801 844 ~ibi
838 787 1158 858 placentium
1199 783 1477 853 dissipavit
1522 783 1636 853 (Ps.
1670 799 1736 837 ιιι
1758 824 1771 844 .
1802 782 1893 850 6),
1928 790 1981 836 et

398 902 530 952 prov
555 902 615 938 sn
658 894 874 950 pastore
923 878 1234 949 dignissimo
1284 876 1706 947 (Maximiano),
1762 875 1978 929 feralem

398 979 580 1045 lupum
610 976 675 1028 de
704 972 933 1026 ovilibus
979 970 1092 1022 suis
1137 967 1507 1022 immaculatus
1554 965 1738 1033 Agnus
1782 964 1982 1033 cjeett?

400 1066 649 1134 Legimus
688 1063 803 1131 ejus
835 1076 863 1114 a
892 1069 1067 1115 vestra
1100 1057 1436 1112 frztlel'llllale
1474 1056 1671 1124 scripta
1713 1065 1736 1092 ι
1778 1069 1983 1123 prae“.

406 1158 529 1219 uia;
564 1168 661 1208 nec
682 1152 961 1222 quisquam
992 1161 1232 1203 nostrum
1265 1146 1445 1200 mirari
1481 1146 1677 1215 potuit,
1701 1145 1825 1215 quia
1854 1152 1978 1198 nota

399 1245 636 1299 dixiSIis.
674 1242 919 1297 Assertio
948 1238 1290 1309 impendatur
1320 1236 1543 1290 incertis
1568 1275 1583 1301 ,
1615 1234 1976 1291 testimonium

400 1354 543 1405 com]
564 1345 680 1391 erta
709 1349 815 1389 non
837 1341 1099 1404 quaerunt.
1132 1332 1399 1386 Bonorum
1422 1328 1561 1383 hunc
1586 1336 1796 1382 actuum
1820 1327 1980 1396 pale-

398 1442 503 1482 s'ra
534 1441 749 1494 semper
773 1425 1011 1479 exercuit
1042 1442 1056 1476 :
1086 1423 1244 1477 talem
1272 1420 1409 1475 hunc
1437 1419 1739 1485 didicimus,
1765 1419 1977 1489 qualem

403 1522 455 1573 iu
486 1521 682 1577 litteris
706 1519 1035 1581 invenimus;
1069 1520 1228 1572 talem
1250 1525 1420 1579 certe,
1445 1525 1501 1571 ut
1529 1514 1761 1569 breviter
1783 1512 1978 1576 dicam,

398 1610 606 1676 qualem
643 1610 840 1665 Doctor
867 1618 1048 1663 noster
1074 1624 1195 1663 esse
1226 1607 1479 1677 pracepit
1521 1603 1888 1669 sacerdotem,
1920 1612 1981 1658 ut

398 1701 788 1754 convenienter
814 1700 1052 1753 omnium
1073 1698 1276 1767 judicio
1298 1706 1567 1752 mereatur
1586 1695 1774 1751 audire
1800 1712 1815 1749 :
1848 1694 1980 1749 Ecce

2082 506 2421 558 concordem.
2466 506 2573 558 Nec
2608 506 2802 558 mirutn
2833 513 2945 569 est,
2971 507 3013 559 si
3044 522 3138 559 cur
3165 508 3305 577 regis
3329 510 3465 576 quod
3493 520 3575 565 est
3612 511 3667 565 iu

2085 612 2243 650 manu
2280 598 2377 652 Dei
2418 596 2602 667 (Prov.
2629 612 2740 662 xxi,
2767 600 2845 665 l),
2868 611 2987 651 cum
3015 597 3099 651 bis
3136 600 3367 654 senserit
3392 616 3528 670 quos
3547 603 3671 670 ejus

2084 687 2289 741 noverit
2316 687 2646 742 sacerdotes.
2683 687 2867 757 Itaque
2896 703 3075 742 sermo
3114 690 3308 759 regalis
3339 691 3549 746 divinas
3580 708 3671 747 res

2082 778 2425 845 exsequendo
2453 775 2480 815 ἀ
2524 777 2772 832 militavit
2796 778 3057 848 Augusto.
3086 780 3237 834 Felix
3261 782 3546 851 imperium
3580 787 3669 838 cui

2083 872 2267 925 militat
2291 872 2567 925 exsecutio
2589 871 2913 937 divinorum,
2930 887 3027 926 nec
3052 872 3138 926 hic
3160 872 3335 928 minus
3358 874 3482 928 felix
3504 891 3669 945 quem

2081 963 2337 1032 prardicat
2383 963 2680 1017 dominatio
2729 964 3145 1019 mundanorum.
3199 964 3311 1020 lioc
3355 968 3671 1022 testimonio

2080 1052 2271 1122 dignus
2300 1060 2386 1107 est
2426 1052 2516 1121 qni
2558 1053 2886 1108 ordinandus
2918 1053 3153 1123 probari,
3196 1069 3301 1110 non
3341 1056 3430 1126 qui
3472 1056 3674 1127 impro-

2083 1144 2196 1199 bari
2224 1144 2391 1212 potuit
2418 1153 2441 1181 ε
2470 1144 2773 1199 ordinatus.

2150 1234 2205 1288 4.
2230 1234 2440 1291 Scimus
2462 1251 2568 1305 quo
2590 1236 2784 1292 itinere
2805 1244 3028 1293 sanctus
3050 1238 3218 1294 frater
3236 1246 3291 1294 et
3311 1241 3675 1311 coepiscopus

2081 1337 2264 1381 noster
2303 1325 2691 1391 Maximianus,
2721 1328 2917 1397 quibus
2954 1327 3219 1397 gradatim
3269 1328 3565 1399 stipendiis
3607 1332 3674 1386 ad

2083 1416 2347 1486 fastigium
2375 1416 2708 1471 sacerdotale
2739 1418 3000 1487 pervenit.
3032 1418 3146 1472 Non
3178 1418 3321 1474 linne
3355 1418 3674 1477 divitiarum

2078 1507 2273 1578 gloria,
2304 1522 2407 1561 non
2429 1508 2580 1563 velut
2620 1507 2674 1562 in
2717 1509 2957 1577 potentia
3005 1513 3025 1552 ε
3067 1510 3355 1579 cupidum,
3402 1513 3494 1582 qui
3534 1515 3680 1569 solet

2080 1598 2260 1652 inesse
2283 1597 2642 1652 ambientibus
2666 1598 2953 1665 bonorum,
2985 1600 3182 1670 quibus
3214 1609 3239 1647 ι
3277 1600 3453 1655 fidelis
3480 1618 3679 1659 servus

2081 1698 2135 1742 et
2158 1678 2390 1757 prudens
2412 1689 2589 1744 cibum
2612 1689 2774 1745 dabat
2804 1690 2854 1744 in
2880 1700 3142 1760 tempore,
3175 1706 3335 1761 super
3353 1694 3539 1747 omnia
3570 1694 3675 1747 Do-

399 1805 511 1844 cere
558 1790 709 1843 homo
760 1788 1036 1857 Israelita,
1083 1790 1139 1842 in
1188 1804 1289 1859 quo
1337 1788 1487 1841 dolus
1521 1803 1623 1841 non
1668 1794 1742 1841 est
1796 1784 1975 1856 (Joan.
2010 1773 2055 1835 B
2083 1780 2212 1835 mini
2242 1780 2323 1834 sui
2350 1779 2676 1835 constitutus
2710 1790 2793 1836 est
2823 1781 2959 1836 bona
2993 1781 3203 1852 (Matth.
3231 1798 3374 1852 xxiv,
3408 1785 3499 1849 45,
3526 1783 3627 1855 47)
3659 1802 3674 1838 :

400 1894 438 1943 r,
458 1878 569 1945 47).
591 1877 778 1934 Nonne
800 1878 1046 1933 laudibus
1070 1879 1122 1932 in
1143 1893 1266 1932 enm
1282 1877 1478 1932 vestris
1500 1876 1599 1931 ista
1622 1876 1982 1931 conveniunt?

402 1969 604 2023 Taliter
632 1970 863 2039 denique
884 1985 1001 2039 qua:
1032 1969 1269 2032 dixistis,
1293 1968 1539 2024 audistis.
1566 1966 1744 2022 Talem
1769 1982 1981 2022 succes-

404 2074 585 2114 sorem
612 2060 886 2128 qumrebat
910 2068 1113 2113 sancta:
1152 2059 1424 2112 memoria:
1459 2056 1640 2112 Sisinii
1674 2057 1829 2112 beata
1854 2057 1982 2111 sim-

405 2151 637 2217 plicitas,
665 2161 722 2205 ut
746 2152 920 2207 locum
948 2167 1099 2204 suum
1134 2150 1347 2205 nonnisi
1372 2150 1450 2203 sui
1474 2149 1663 2204 similis
1691 2150 1975 2205 obtineret.

404 2241 609 2296 Etenim
639 2243 830 2299 melius
869 2244 1098 2312 agimus,
1134 2242 1181 2295 si
1218 2240 1557 2295 abstinentes
1591 2240 1700 2308 jam
1744 2241 1814 2292 ab
1837 2240 1981 2294 illius

402 2334 651 2404 sacrilegi
674 2333 956 2404 (Nestorti)
981 2333 1221 2398 nomine,
1256 2333 1438 2388 sedem
1478 2346 1696 2385 vacasse
1717 2332 1979 2387 dicamus.

404 2430 595 2483 Actum
623 2437 707 2481 est
731 2426 914 2481 divino
931 2425 1137 2495 judicio
1165 2432 1225 2478 ut
1257 2426 1396 2479 bunc
1421 2422 1659 2478 Ecclesia
1685 2438 1781 2493 pro
1806 2438 1979 2478 reme-

404 2520 492 2573 dio
513 2531 834 2574 mereretur.
876 2520 1115 2587 Denique
1154 2518 1477 2575 discordiam
1514 2517 1652 2579 tulit,
1677 2524 1733 2571 et
1756 2530 1980 2570 concor-

403 2612 544 2665 diam
570 2610 802 2664 reddidit
832 2610 859 2648 δ
899 2610 1195 2664 ordinatus.
1220 2610 1356 2676 Quid
1379 2623 1484 2663 non
1511 2607 1702 2678 poterit
1728 2616 1981 2676 praestare

405 2716 502 2770 per
526 2711 789 2769 tempora,
817 2701 969 2769 cujus
993 2700 1093 2754 boc
1117 2700 1404 2769 primordia
1435 2698 1827 2768 prtcstiterunt?
1854 2698 1979 2752 Haec

402 2797 469 2849 de
498 2810 564 2851 eo
599 2794 825 2850 invicem
850 2795 1096 2859 dicimus,
1121 2809 1277 2864 quem
1308 2809 1406 2862 pax
1440 2791 1743 2861 reparanda
1771 2805 1982 2862 qurere-

403 2886 515 2941 bat.
552 2886 916 2950 interfuimus,
956 2900 1054 2940 nec
1098 2900 1196 2939 nos
1229 2884 1523 2939 dixerimus
1552 2881 1823 2947 absentes,
1856 2896 1979 2936 cum

401 2976 519 3044 ejus
551 2978 711 3047 capiti
738 2987 760 3015 ο
790 2977 952 3031 verba
975 2976 1201 3047 mystica
1224 2973 1557 3039 dicerentur,
1582 2987 1704 3027 cum
1730 2972 1981 3028 reddere-

402 3078 487 3121 tur
507 3068 755 3121 omuibus
778 3068 954 3121 divina
992 3068 1173 3120 Itelitia
1202 3067 1477 3121 salutaris.
1506 3065 1783 3119 Postremo
1820 3080 1981 3120 nemo

402 3158 509 3211 illic
531 3156 917 3211 catholicorum
951 3155 1140 3225 defuit,
1168 3158 1255 3211 ubi
1291 3171 1479 3211 omnes
1509 3156 1559 3209 in
1588 3170 1871 3212 commune
1905 3158 1981 3212 vi-
2006 3146 2052 3210 C

401 3258 610 3302 cerunt.

474 3342 525 3392 5.
573 3339 755 3393 Lretati
790 3349 1047 3409 praeterea
1079 3354 1263 3393 sumus
1282 3338 1349 3393 de
1382 3338 1481 3393 hoc
1499 3339 1902 3395 clementissimi
1924 3349 1979 3396 et

401 3432 835 3487 elu-istianissimi
872 3431 1128 3502 princ’pis
1174 3432 1516 3498 testimonio,
1563 3448 1683 3487 cum
1733 3434 1977 3502 epistolis

470 3577 499 3607 ι
535 3568 716 3635 Neque
739 3568 823 3623 hic
852 3569 1026 3634 placet
1046 3567 1190 3636 quod
1216 3567 1354 3637 apud
1385 3567 1579 3621 Baron.
1607 3586 1619 3621 :
1646 3568 1851 3639 Scripta
1874 3572 1979 3637 pri-

400 3641 621 3694 mordia.
659 3639 752 3709 llic
780 3648 1146 3709 memorantur
1174 3639 1441 3709 praeconia
1468 3639 1661 3709 quibus
1702 3640 1977 3694 Maximia-

401 3726 525 3762 mun
571 3710 622 3763 in
667 3708 840 3764 locum
882 3708 1117 3763 Nestorii
1158 3706 1441 3764 suffectum
1487 3706 1743 3780 synodica
1790 3711 1979 3766 relatio

398 3781 697 3833 exornavit.

470 3848 497 3888 δ
537 3848 691 3905 ϐίου).
724 3865 850 3911 ms.,
874 3857 1113 3903 ornatus.

474 3930 497 3957 ο
541 3920 697 3987 Apud
728 3919 1065 3974 Edmundum
1090 3920 1346 3981 Martene,
1378 3922 1446 3974 de
1478 3921 1657 3986 Antiq.
1690 3920 1795 3975 Rit.
1825 3921 1974 3976 Eccl.

404 4000 535 4044 tom.
567 3990 608 4043 ll
640 4005 758 4057 pag.
790 3989 916 4054 540,
942 3990 988 4043 is
1011 3991 1059 4060 iu
1084 3991 1419 4044 ordinatione
1446 3993 1692 4060 episcopi
1707 4008 1770 4045 ex
1798 3992 1979 4046 Ponti-

404 4060 541 4129 ficali
583 4069 709 4113 ante
754 4073 922 4111 annos
961 4058 1067 4113 900
1111 4071 1332 4113 exorato
1380 4058 1745 4129 praiscribitur
1797 4064 1975 4117 ritus:

406 4128 689 4199 Episcopus
705 4130 1125 4199 rttm‘ordinatur,
1144 4130 1248 4180 duo
1267 4128 1487 4199 episcopi
1506 4141 1695 4199 ponant
1710 4142 1755 4184 et
1777 4140 1979 4186 teneant

408 4196 798 4268 Erungeliorum
821 4196 1179 4270 librumisuper
1198 4196 1443 4261 εενυὶτωί
1460 4196 1597 4270 ejus,
1629 4209 1673 4251 et
1701 4218 1834 4252 unus
1862 4203 1980 4270 fun-

403 4270 491 4321 dat
523 4285 674 4339 super
700 4284 816 4321 eum
844 4268 1271 4332 benedictionem;
1310 4278 1353 4321 rt
1373 4278 1547 4339 postea
1577 4269 1701 4321 istas
1731 4279 1831 4323 tres
1860 4268 1977 4325 ora-

405 4339 565 4391 tiones
593 4354 765 4391 omnes
805 4339 1028 4405 episwpi
1058 4340 1144 4407 qui
1191 4341 1377 4391 adsunt
1416 4340 1629 4391 recitare
1656 4340 1856 4405 debent,
1890 4359 1973 4395 re-

402 4409 529 4479 liqui
557 4424 671 4462 vero
705 4425 887 4481 manus
921 4425 1039 4481 suas
1069 4426 1219 4479 super
1247 4418 1399 4479 caput
1430 4410 1548 4481 ejus
1581 4418 1813 4481 tangant.
1858 4412 1975 4479 Quo

402 4481 692 4545 respiciens
733 4479 1055 4534 Ctnle~tinus
1081 4520 1094 4541 ,
1138 4483 1236 4531 hoc
1286 4495 1424 4532 nunc
1452 4479 1551 4531 sibi
1585 4479 1695 4531 vult
1732 4495 1745 4531 :
1783 4480 1848 4534 Et
1877 4498 1973 4537 nos

402 4550 737 4602 interfuimus
768 4550 1065 4603 Maximiani
1098 4550 1444 4610 ordinationi,
1474 4559 1527 4603 et
1554 4550 1826 4605 orationes
1856 4552 1973 4606 illas

400 4620 746 4691 recitavimns
772 4634 901 4691 quas
930 4622 1150 4691 recitare
1176 4621 1367 4672 debt-nt
1398 4635 1585 4673 omnes
1614 4622 1850 4689 episcopi
1882 4624 1970 4691 qui

400 4689 617 4750 adsunt,
647 4704 766 4740 cum
804 4689 1143 4753 Evangt-Iium
1186 4705 1345 4754 super
1374 4700 1530 4754 caput
1557 4690 1786 4744 ordtnati
1817 4689 1968 4748 ten—e-

401 4769 505 4811 tur.
538 4758 682 4812 Unde
711 4761 873 4809 muris
904 4758 1061 4812 bnins
1093 4760 1341 4824 probttur
1370 4760 1677 4826 antiquitas.

471 4828 753 4899 ‘lBart-n.,
792 4829 1101 4899 multiplicat
1153 4829 1203 4879 in
1233 4833 1502 4896 Augusto;
1549 4838 1601 4880 et
1648 4830 1712 4883 ad
1773 4846 1967 4899 marg.,

401 4898 587 4951 militat
617 4900 747 4962 Aug.
808 4896 1083 4951 Mallemns
1113 4910 1414 4951 exsecutum
1466 4899 1717 4952 militavit.
1770 4896 1971 4957 Deinde

398 4970 594 5039 aliquid
627 4968 965 5039 suspicamur
1013 4968 1294 5039 Otttissttm;
1319 4984 1425 5037 quo
1457 4976 1514 5021 ut
1564 4984 1742 5039 regem
1792 4986 1966 5026 sacer-

399 5037 533 5105 doti,
568 5041 636 5092 ita
677 5038 1010 5091 sacerdotem
1059 5037 1298 5105 Augusto
1345 5040 1574 5091 militare
1622 5037 1967 5097 docebantur.

401 5112 416 5160 l
446 5112 549 5165 nde
572 5116 650 5164 sic
681 5108 1087 5175 intelligendum
1119 5108 1258 5175 quod
1297 5126 1353 5161 se
1377 5110 1577 5173 ttlilttl‘:
1620 5108 1763 5163 Felix
1799 5111 1972 5179 impe-

402 5182 535 5231 rium
591 5195 685 5233 seu
730 5180 1041 5248 imperator,
1076 5182 1159 5231 cui
1190 5180 1375 5231 militat
1416 5183 1457 5230 is
1486 5178 1638 5246 cujus
1680 5190 1761 5233 est
1788 5182 1967 5235 divina

396 5252 635 5314 ?\St'f]lll;
670 5264 769 5303 nec
797 5249 972 5321 minus
994 5248 1116 5301 felix
1147 5249 1372 5303 antistes
1394 5264 1552 5318 quem
1596 5252 1852 5318 prardicat
1878 5252 1967 5321 qui

399 5323 789 5372 tuumlanurutn
812 5319 1139 5371 dominatur.

471 5400 493 5424 υ
520 5389 824 5442 Nesmrium
875 5389 1037 5443 tacite
1068 5396 1236 5456 notat,
1278 5386 1368 5456 qui
1419 5396 1537 5456 post
1577 5387 1966 5445 ordinationem

397 5459 563 5522 cmpit
593 5459 903 5524 improbari.

470 5528 490 5564 ί
525 5527 729 5597 Aliquis
756 5527 895 5582 forte
939 5528 1026 5581 hic
1079 5527 1258 5581 mallet
1291 5527 1585 5594 tumidum;
1634 5528 1727 5581 sed
1776 5543 1845 5583 ex
1905 5547 1969 5585 eo

395 5602 536 5671 quod
589 5596 711 5657 mox
742 5603 1055 5671 assumitur,
1085 5610 1131 5655 et
1177 5611 1348 5654 tamen
1399 5598 1601 5652 etiarnsi
1657 5596 1968 5654 desiderium

396 5674 497 5740 fuit
518 5674 876 5743 episcopatus,
904 5674 1149 5743 cupidum
1205 5671 1541 5743 retinendum
1572 5686 1693 5725 esse
1748 5677 1969 5726 convin-

393 5755 561 5799 cetur.
594 5741 796 5797 Deinde
831 5743 915 5796 ubi
940 5741 1214 5796 obtinebat
1256 5742 1414 5795 saltus
1446 5742 1628 5806 evenit,
1680 5743 1963 5797 rcstitucnv

2085 1880 2137 1924 et
2169 1880 2344 1926 tamen
2380 1871 2587 1927 etiamsi
2617 1870 2942 1927 desiderium
2994 1872 3092 1926 fuit
3126 1873 3496 1942 episcopatus,
3536 1890 3677 1929 non-

2088 1962 2190 2016 nisi
2222 1970 2438 2031 propter
2467 1978 2603 2032 opus
2631 1963 2853 2026 bonum,
2876 1962 3014 2018 sicut
3033 1965 3109 2018 ait
3128 1963 3439 2034 Apostolus,
3466 1980 3675 2020 concu-

2086 2054 2211 2125 pivit
2239 2055 2282 2121 (i
2308 2054 2442 2109 Tim.
2465 2052 2551 2120 'tn,
2585 2056 2662 2125 l).
2691 2053 2768 2109 ita
2796 2055 2934 2110 Deus
2964 2064 3146 2109 noster
3175 2063 3229 2109 et
3253 2055 3382 2124 quid
3414 2056 3673 2123 velimus,

2083 2157 2138 2201 et
2178 2161 2273 2201 cur
2310 2146 2543 2201 velimus
2582 2145 2832 2201 attendit.
2873 2145 3005 2214 Quis
3043 2145 3253 2201 dubitet
3289 2159 3450 2214 posse
3492 2151 3678 2217 magis

2085 2254 2243 2309 agere
2272 2239 2668 2309 praesidentem,
2692 2238 2836 2308 quod
2869 2238 3041 2308 potuit
3066 2252 3320 2293 exercere
3346 2237 3677 2307 subjectus?

2085 2331 2295 2385 Exosus
2323 2340 2371 2384 et
2399 2328 2742 2399 blasphemus
2772 2327 3097 2400 (Nestorius)
3127 2327 3267 2383 istud
3288 2327 3534 2382 cilicium
3570 2344 3678 2384 non

2084 2431 2290 2490 poterat
2324 2419 2545 2483 habere,
2569 2419 2622 2474 id
2654 2427 2757 2484 cst,
2787 2434 3070 2489 corporum
3101 2433 3307 2484 curam,
3338 2420 3427 2489 qui
3462 2420 3676 2474 niteba—

2086 2523 2173 2569 tur
2212 2513 2422 2569 animas
2462 2512 2764 2567 vulnerare.
2797 2510 2957 2566 Facta
2984 2518 3068 2567 est
3096 2510 3249 2565 ruina
3278 2510 3398 2579 ejus
3428 2526 3635 2581 magna
3660 2528 3677 2574 ς

2086 2619 2189 2662 tam
2216 2609 2365 2662 ruina
2392 2622 2602 2676 magna,
2630 2621 2789 2676 quam
2813 2620 2976 2675 prava
3007 2605 3274 2660 doctrina.

2157 2700 2211 2753 5.
2255 2700 2402 2754 Nunc
2425 2699 2547 2768 quia
2572 2699 2639 2752 de
2663 2697 2920 2767 praeteriti
2944 2696 3321 2752 emendatione
3344 2694 3675 2765 gaudemus,

2084 2807 2275 2847 cavere
2306 2806 2403 2845 nos
2425 2789 2677 2845 convenit
2703 2792 2755 2842 in
2790 2788 3051 2852 futurum,
3076 2803 3144 2842 ne
3176 2788 3379 2857 possint
3406 2788 3586 2857 magis
3612 2803 3675 2841 ac

2086 2885 2253 2955 magis
2274 2899 2391 2952 qua:
2418 2882 2654 2938 abscissa
2682 2891 2806 2936 sunt
2833 2880 3094 2950 pullulare
3128 2896 3143 2934 :
3175 2880 3297 2949 quia
3329 2893 3561 2934 necesse
3591 2890 3675 2934 est

2084 2991 2419 3047 quocumque
2439 2975 2607 3045 pestis
2629 2973 2744 3027 lucc
2766 2973 2869 3026 ioci
2899 2973 2992 3035 sit,
3018 2970 3186 3024 nostri
3218 2970 3463 3039 corporis
3489 2984 3673 3023 mem-

2083 3069 2177 3125 bra
2207 3077 2490 3133 vexentur,
2514 3076 2568 3120 et
2591 3081 2686 3135 per
2709 3064 3019 3134 patientiam
3043 3075 3283 3118 no-tram
3311 3062 3494 3131 pejora
3525 3064 3675 3133 prio-

2085 3160 2234 3216 ribus
2264 3160 2461 3213 nutrita
2490 3157 2790 3210 videantur.
2825 3154 3153 3224 Scripsimus
3175 3153 3477 3208 clementia
3510 3157 3673 3222 prin-

2084 3252 2265 3321 cipali,
2293 3260 2350 3304 ut
2377 3249 2444 3304 de
2470 3248 2716 3304 sanitatis
2742 3247 2921 3303 medio
2948 3246 3157 3316 longius
3189 3244 3476 3299 infirmitas
3508 3246 3676 3301 aufe.

2084 3351 2248 3396 ratur.
2300 3340 2590 3396 Didicimus
2618 3352 2847 3408 namque
2877 3336 3017 3391 hunc
3051 3334 3392 3390 Antiochiam
3426 3331 3451 3371 ¹³
3481 3351 3673 3391 rever.

2084 3435 2234 3499 tisse,
2254 3441 2413 3504 atque
2433 3432 2536 3488 sibi
2555 3431 2684 3498 illic,
2711 3430 2852 3485 unde
2870 3436 3114 3493 venerat,
3131 3426 3343 3482 vivendi
3360 3427 3670 3496 prastitam

2082 3571 2208 3625 dum
2236 3587 2355 3627 esse
2383 3571 2635 3627 duximus
2684 3573 2848 3625 saltus
2876 3570 3059 3625 euexit.
3091 3568 3293 3637 Nempe
3330 3569 3670 3624 leestinus

2084 3642 2461 3696 Maximianum
2490 3657 2518 3695 a
2544 3640 2691 3695 vitiis
2724 3656 2910 3695 eorum
2942 3641 3125 3707 procul
3171 3641 3366 3693 abesse
3406 3640 3671 3695 testifica-

2085 3720 2171 3765 tur
2200 3729 2331 3780 quos
2354 3716 2513 3781 epist.
2545 3713 2580 3766 5
2604 3727 2660 3765 tt.
2689 3712 2725 3765 Ξ
2751 3712 3011 3778 culparet,
3060 3710 3149 3780 qui
3176 3710 3424 3781 videlicet
3467 3726 3667 3763 tracan-

2082 3790 2156 3835 tes
2178 3780 2463 3846 sarculo,“
2485 3797 2683 3833 omnem
2712 3782 3115 3835 ecclesiasticum
3162 3780 3397 3834 ordinem
3426 3782 3670 3834 nescien-

2082 3861 2174 3917 tes,
2200 3851 2336 3905 saltu
2387 3866 2712 3972 prteprt‘irero
2758 3853 2813 3903 in
2858 3851 3084 3904 alienum
3138 3850 3382 3903 honorem
3425 3850 3670 3931 ambiunt

2082 3921 2417 3972 immoderata
2441 3921 2561 3972 cuni
2598 3922 2722 3972 itate
2753 3919 3129 3972 transcendere.
3158 3919 3286 3972 Inde
3311 3928 3367 3972 et
3412 3922 3670 3972 cumdum

2080 3919 2417 3976 immoderata
2441 3919 2722 3989 cupiditate
2753 3919 3129 3975 transcendere.
3158 3919 3286 3974 Inde
3311 3928 3367 3974 et
3412 3922 3670 3990 cupidum

2081 3991 2169 4046 bic
2198 3993 2510 4046 mutandum
2543 4005 2648 4046 non
2670 4005 2790 4045 esse
2818 3990 3082 4044 firmatur.

2153 4072 2178 4108 ε
2204 4063 2313 4117 Hoc
2363 4063 2573 4116 videtur
2622 4061 2848 4126 dictum,
2878 4062 2999 4131 quia
3045 4073 3361 4131 meonomus
3389 4057 3669 4116 Ecclesia:

2080 4129 2187 4185 (ΣΡ.
2213 4132 2393 4186 fuerit.
2428 4132 2579 4185 illum
2630 4127 2907 4185 Socrates'
2931 4132 3026 4185 lib.
3052 4145 3124 4184 vit
3152 4144 3202 4184 c.
3239 4127 3310 4185 35
3348 4131 3669 4186 sanctitatis

2080 4202 2393 4269 opinionem
2415 4216 2482 4255 eo
2515 4203 2730 4254 nomine
2775 4202 3026 4269 adeptum
3053 4215 3176 4255 esse
3203 4199 3481 4267 pradicat,
3514 4204 3665 4270 quod

2081 4273 2302 4337 propriis
2349 4271 2632 4338 sumptibus
2672 4282 2995 4324 monumenta
3028 4271 3417 4339 construxisset,
3469 4271 3666 4339 quibus

2075 4342 2301 4412 religiosi
2328 4344 2422 4395 uiri
2451 4350 2560 4406 post
2587 4342 2781 4394 obitum
2818 4342 3171 4407 sepelirentur.
3206 4338 3402 4412 Yerum
3428 4338 3493 4412 ex
3520 4342 3664 4393 sub-

2008 4446 2054 4505 D
2081 4408 2267 4505 iteiPr
2290 4414 2502 4478 planum
2532 4420 2635 4474 est,
2664 4426 2784 4464 eum
2829 4412 3153 4505 derpandato
3179 4409 3283 4490 sibi
3312 4408 3491 4463 officio
3544 4426 3659 4464 non

2079 4481 2130 4533 in
2176 4482 2549 4535 defunctorum
2582 4491 2808 4543 tantum,
2839 4481 2933 4535 sed
2968 4494 3021 4535 et
3051 4482 3103 4533 in
3145 4480 3393 4532 vivorum
3448 4494 3663 4545 corpu-

2076 4550 2224 4604 ribus
2243 4551 2496 4604 curandis
2524 4550 2827 4605 emicuisse.
2847 4551 2961 4616 Qua
2992 4551 3043 4605 in
3079 4566 3136 4603 re
3156 4548 3373 4616 dignum
3402 4564 3460 4603 se
3488 4550 3661 4602 exiti-

2074 4619 2191 4690 buit
2220 4635 2586 4674 successorem
2627 4620 2839 4680 Sisiuii,
2872 4636 3030 4690 quem
3062 4620 3314 4690 Socrates
3358 4618 3469 4690 lib.
3496 4635 3571 4674 vn
3605 4636 3658 4674 c.

2073 4688 2145 4743 26
2195 4691 2246 4744 in
2289 4690 2535 4746 eamdem
2575 4691 2757 4745 sedem
2809 4688 2969 4745 totius
3016 4689 3193 4759 populi
3233 4690 3371 4759 votis
3422 4689 3495 4741 ob
3551 4690 3663 4743 hoc

2076 4762 2347 4827 prmcipue
2394 4770 2700 4827 cooptatum
2767 4759 2933 4814 fuisse
2985 4758 3089 4825 ait,
3143 4758 3279 4824 quod
3336 4759 3661 4828 pauperibus

2074 4832 2304 4899 [orandis
2323 4831 2481 4883 etiam
2499 4830 2634 4883 ultra
2659 4830 2790 4884 vires
2810 4846 2930 4883 suas
2957 4828 3289 4899 incumberet.

2146 4897 2173 4936 ιι
2218 4900 2496 4954 Nestorius
2535 4900 2648 4969 ipse
2674 4900 2813 4968 apud
2850 4900 3131 4969 Evagrium
3163 4898 3258 4952 lib.
3295 4912 3389 4952 tc.
3424 4897 3456 4950 7
3483 4897 3663 4953 refert

2074 4970 2174 5023 sibi
2224 4971 2272 5022 id
2313 4971 2516 5038 roganti
2554 4972 2869 5035 permissum
2912 4985 3054 5033 esse,
3079 4980 3136 5023 ut
3164 4969 3231 5020 ad
3264 4971 3660 5022 monasterium

2074 5054 2227 5091 suum
2245 5039 2773 5110 revertereturisitum
2786 5050 2908 5094 ante
2927 5052 3106 5109 portas
3125 5038 3444 5110 Antiochia;
3458 5048 3512 5091 et
3530 5054 3659 5110 cum

2075 5110 2141 5165 ib:
2172 5110 2525 5179 quadriennio
2553 5107 2917 5165 commoratus
2930 5107 3096 5179 atque
3119 5107 3268 5179 omni
3298 5107 3662 5179 honoret-ﬂe-

2072 5177 2201 5233 ctus
2212 5182 2413 5241 fuisset,
2433 5178 2725 5233 Theodosii
2753 5180 2881 5250 imp.
2905 5177 3167 5243 edicto,in
3190 5178 3369 5233 locum
3390 5180 3477 5247 qui
3496 5177 3661 5250 Oasis

2072 5252 2287 5313 dicitur,
2323 5251 2485 5320 fuisse
2522 5248 2843 5320 relegatqu
2888 5250 3002 5304 Hoc
3043 5250 3457 5320 monasterium,
3496 5248 3663 5315 cujus

2074 5335 2270 5375 nomen
2294 5319 2573 5375 Nestorius
2590 5318 2733 5385 silet,
2747 5320 2878 5374 illud
2902 5320 3066 5375 fuisse
3081 5318 3353 5374 existimat
3371 5318 3658 5385 Evagrius,

2071 5392 2211 5457 quod
2248 5389 2497 5458 Eoprepii
2529 5391 2827 5445 dicebatur.
2860 5392 3013 5455 Quod
3054 5399 3233 5443 autem
3270 5388 3549 5442 Nestorius
3577 5388 3661 5442 ibi

2072 5474 2131 5513 se
2153 5463 2296 5514 omrti
2327 5461 2530 5514 honore
2550 5460 2797 5515 affectum
2826 5462 2977 5522 dicit,
3009 5476 3132 5513 mox
3166 5459 3493 5513 leestiuus
3516 5472 3660 5510 con-

2074 5530 2268 5583 firmat.
2318 5530 2513 5584 Verum
2539 5531 2648 5584 illic
2669 5546 2790 5585 eum
2820 5548 2887 5584 ne
2916 5531 3185 5585 biennium
3227 5528 3447 5593 quidem
3481 5535 3660 5580 totum

2071 5606 2316 5671 exegisse
2354 5603 2404 5652 in
2443 5602 2721 5671 epistulam
2761 5600 2793 5654 6
2833 5601 2981 5671 Xyin
3024 5599 3089 5656 ill
3132 5600 3404 5666 probaturi
3447 5611 3657 5653 attritus.

2078 5670 2285 5725 Variam
2311 5670 2501 5725 exinde
2528 5670 2792 5725 fortunam
2821 5670 3073 5739 expertus
3100 5680 3201 5725 est.
