3916 6178
332 278 424 336 Sil

928 282 1145 339 EPIST.
1192 282 1354 336 XXII.
1397 280 1788 336 C(IJLESTIM
1831 279 2031 336 ΡΑΡΑΞ
2073 282 2161 335 AD
2199 281 2524 351 SYNODIJM
2567 285 2985 346 Ei’lliiSl'NAM.

3496 302 3600 357 ΜΞ

333 412 656 463 [ειειιιιηιιιηι.
693 407 1042 462 lttnoccutttm
1089 405 1312 458 esi-ium
1341 412 1423 458 est
1464 403 1605 457 istud
1636 403 1911 458 exsilium.
1946 401 1988 455 Λ
2020 402 2226 457 actibus
2271 407 2463 461 vestris
2492 424 2675 478 quzcso
2723 414 3047 478 respondeat
3074 458 3086 477 ,
3116 417 3237 486 quia
3267 417 3519 477 nolumus
3549 425 3601 478 in

338 500 674 568 Aspicianius
702 497 1011 567 diligentius
1033 495 1156 561 qttid
1182 495 1289 549 illic
1320 503 1538 564 possent
1559 509 1771 563 parere,
1797 509 1916 561 qum.

334 596 441 648 it’ic
467 602 591 647 sunt
619 598 745 647 ante
773 600 1051 657 concepta.
1087 589 1202 645 Non
1231 598 1311 643 est
1341 588 1495 642 uoltis
1526 587 1752 642 suadere
1782 587 1921 640 ditii-

332 690 453 741 cile.
505 687 562 740 lu
591 686 761 742 oculis
790 695 867 740 est
900 682 1143 755 ejusdem
1195 682 1429 737 civitatis
1479 681 1714 737 Ecclesia
1742 727 1755 749 ,
1798 697 1918 750 qure

335 797 430 850 per
459 782 601 833 hunc
629 788 653 815 ⁸
680 777 910 848 perdidit
936 777 1274 832 sacerdotem
1304 774 1381 842 (et
1404 784 1583 829 tamen
1612 774 1921 829 laboramus

334 872 625 927 advertere
654 871 774 939 quis
817 871 901 925 cui
948 869 1105 924 fuerit
1136 882 1295 923 causa
1330 868 1583 935 peccati),
1627 868 1725 922 nisi
1759 867 1917 931 forte,

336 965 477 1027 quod
512 981 609 1029 pro
646 965 826 1034 quiete
873 962 1235 1018 Ecclesiarutn
1272 962 1520 1025 dicimus,
1552 961 1833 1028 deceptum
1862 975 1923 1012 se

335 1056 425 1111 ille
453 1057 813 1121 demonstret,
848 1052 1152 1109 deserendo
1178 1053 1516 1106 damnatum.
1538 1052 1642 1107 Sed
1671 1052 1791 1120 quis
1814 1051 1921 1106 illic

335 1158 517 1212 speret
550 1147 783 1216 aliquem
836 1160 993 1209 potse
1038 1144 1342 1214 corrigere,
1393 1144 1481 1197 ubi
1515 1159 1692 1197 arcem
1736 1152 1925 1196 tenere

335 1245 515 1299 videat
548 1240 918 1310 perversitatis
940 1248 1216 1293 auctorem
1238 1281 1252 1303 ,
1286 1238 1374 1293 ubi
1407 1238 1618 1293 colatur
1652 1237 1718 1291 ab
1752 1236 1924 1289 omni-

337 1338 437 1391 bus
460 1333 771 1390 exsulatus?
793 1332 974 1399 Magna
997 1331 1106 1387 illic
1127 1339 1229 1391 est.
1245 1331 1387 1400 quod
1410 1330 1650 1399 lugentes
1673 1330 1920 1395 dicimus,

335 1424 649 1492 desperatio
690 1424 938 1479 sanitatis
963 1465 976 1486 .
1009 1424 1140 1488 ubi,
1174 1423 1312 1477 sicut
1344 1421 1505 1477 lsaias
1548 1422 1678 1475 dicit
1710 1437 1726 1478 :
1765 1421 1928 1475 Omne

335 1528 495 1587 caput
536 1518 591 1571 in
621 1517 836 1579 dolore,
881 1523 933 1569 et
974 1530 1123 1569 omne
1149 1530 1238 1568 cor
1273 1514 1327 1566 in
1372 1514 1613 1566 maestitia
1649 1529 1680 1565 a
1712 1511 1925 1576 pedibus

337 1628 501 1680 usque
527 1610 595 1665 ad
627 1617 781 1675 caput
821 1606 957 1677 (Ira.
986 1622 1025 1672 t,
1051 1608 1104 1668 5.
1133 1606 1213 1678 6).
1256 1606 1482 1673 Quando
1523 1605 1592 1658 ibi
1624 1604 1923 1659 membrum

335 1703 555 1772 aliquod
600 1701 799 1757 habere
825 1701 1020 1771 poterit
1049 1716 1201 1766 spem
1234 1700 1441 1763 salutis,
1465 1700 1554 1753 ubi
1598 1698 1928 1768 periclitatur

335 1796 589 1865 corporis
608 1805 713 1849 tota
735 1795 1027 1862 compago?
1052 1794 1359 1856 Elaborate,
1383 1792 1576 1847 fratres
1592 1792 1920 1856 cbarissimi,
1960 1766 2000 1825 Β

336 1888 615 1942 elaborate
644 1886 891 1947 obsecro,
920 1894 978 1939 ut
1003 1899 1131 1957 vere
1157 1884 1374 1938 tolletur
1395 1884 1463 1939 de
1488 1883 1665 1938 medio
1686 1894 1921 1937 vestrum

338 1979 432 2047 qui
456 1979 560 2034 boc.
588 1993 725 2045 opus
754 1978 880 2033 fecit
914 1976 953 2047 (Ι
978 1975 1099 2032 Cor.
1131 1992 1184 2044 ν,
1222 1976 1305 2044 '2).
1334 1977 1457 2031 Sola
1485 1976 1640 2031 decet
1668 1977 1801 2031 tales
1831 1977 1914 2030 bo

340 2074 515 2128 mines
559 2072 814 2128 solitudo.
865 2071 962 2128 Ubi
1008 2071 1154 2126 enim
1200 2070 1360 2127 debet
1386 2072 1475 2126 hic
1505 2072 1753 2126 invenire
1778 2071 1923 2126 sola-

345 2166 494 2225 tium.
528 2165 617 2231 qui
648 2164 725 2219 sic
753 2163 1003 2217 tractavit
1030 2162 1230 2231 ubique
1259 2164 1607 2233 regnantem?

412 2257 468 2313 6.
508 2256 732 2312 Peracta
756 2262 841 2311 est
859 2269 887 2307 a
910 2254 1061 2308 vobis
1081 2254 1244 2308 totius
1266 2269 1472 2309 summa
1497 2254 1693 2320 negotii
1726 2272 1739 2308 :
1766 2270 1926 2324 agen-

346 2349 466 2402 dum
498 2362 641 2402 nunc
668 2355 748 2401 est
780 2346 922 2416 quod
948 2346 1113 2400 instat
1138 2354 1191 2401 et
1222 2355 1407 2409 restat,
1438 2362 1505 2400 ne
1532 2347 1601 2400 sit
1624 2347 1674 2400 in
1700 2362 1925 2401 vacuum

347 2440 667 2495 laboratum.
726 2437 963 2506 Longius
1008 2436 1225 2506 quidem
1265 2452 1451 2493 sumus
1495 2438 1674 2504 positi,
1707 2438 1800 2492 sed
1834 2454 1930 2506 per

344 2529 756 2586 sollicitudinem
781 2537 948 2581 totum
980 2526 1196 2596 pr0pius
1224 2527 1516 2582 intuemur.
1546 2527 1746 2584 Omnes
1770 2528 1932 2583 habet

347 2621 484 2678 beati
533 2621 677 2677 Petri
721 2618 952 2690 apo-tuli
982 2632 1113 2672 cura
1141 2624 1472 2686 prmsentes,
1518 2633 1622 2673 non
1664 2635 1766 2673 nos
1803 2630 1929 2674 ante

347 2716 508 2772 Deum
538 2721 782 2769 nostrum
823 2711 891 2767 de
918 2710 1022 2766 boc
1053 2725 1340 2778 possumus
1369 2725 1627 2766 excusare
1655 2712 1797 2780 quod
1825 2713 1930 2766 sci-

348 2824 480 2862 mus.
511 2806 642 2862 Nam
683 2818 1007 2874 quamquam
1059 2802 1175 2858 haec
1215 2819 1336 2873 quae
1372 2803 1646 2872 loquimur
1670 2805 1927 2859 sanctitas

343 2910 515 2954 vestra
547 2896 808 2961 tacuerit,
841 2895 1159 2965 agnovimus
1188 2904 1366 2951 tamen
1406 2897 1587 2950 omnia
1618 2895 1927 2964 diligentius

344 2992 695 3061 requirentes.
744 2988 933 3044 Tanta:
965 2987 1126 3058 igitur
1165 3002 1341 3045 causa
1383 2988 1505 3043 linis
1543 2988 1631 3059 qui
1678 2997 1926 3058 superest

2022 493 2234 551 modico
2256 512 2348 550 vos
2371 497 2580 563 deesse,
2605 502 2693 570 qui
2723 507 2959 559 maxima
2990 511 3291 578 peregistis.
3323 511 3606 581 Adjutorio

1962 666 1965 669 γ
2020 586 2158 653 apud
2193 604 2345 658 reges
2374 599 2532 647 terra:
2558 593 2641 648 bis
2668 605 2841 652 estote
2871 614 2991 669 qua:
3020 604 3357 671 scripsimus.
3398 606 3607 663 Norunt

2020 686 2077 732 et
2125 681 2224 747 ipsi
2274 684 2400 752 quid
2447 686 2559 739 suis
2601 688 2833 746 debeant
2880 705 3136 760 praestare
3174 696 3205 735 ι’
3245 701 3601 769 temporibus,

2024 770 2199 863 sciunt
2246 774 2390 842 quod
2436 776 2716 833 catbolicm
2766 783 2885 837 ﬁdei
2920 783 3266 842 fundamento
3307 806 3399 844 sua
3440 808 3604 863 regna

2024 858 2343 915 subsistant.
2394 863 2531 919 Pura
2565 867 2632 920 ab
2674 868 2977 927 bacredibus
3020 878 3221 931 sanctis
3268 858 3528 944 paterna;
3555 897 3607 935 et

2024 952 2182 1008 avit:e
2213 955 2548 1012 credulitatis
2574 974 2710 1014 vcna
2740 975 3012 1031 servatur,
3047 968 3162 1023 linit
3191 970 3257 1023 ab
3290 973 3393 1026 illis
3430 975 3582 1028 iocor

2024 1059 2180 1117 rupta
2212 1064 2310 1118 per
2339 1059 2615 1119 posteros,
2644 1070 2746 1109 nec
2775 1056 2912 1111 hanc
2944 1060 2999 1113 in
3029 1060 3111 1115 bis
3137 1062 3329 1128 aliquis
3356 1082 3606 1136 umquam

2024 1140 2183 1197 limus
2207 1142 2407 1197 iniecit.
2432 1143 2671 1199 Custodit
2703 1147 2866 1202 fontis
2893 1160 2916 1188 ο
2944 1151 3027 1206 sui
3052 1150 3223 1207 fidelis
3248 1168 3437 1211 cursus
3458 1174 3615 1213 exor-

2027 1233 2198 1303 dium,
2233 1250 2354 1290 cum
2387 1236 2439 1291 id
2481 1239 2622 1308 quod
2653 1240 2704 1293 in
2737 1242 2944 1312 origine
2976 1254 3253 1315 acceptum
3292 1257 3375 1303 est
3404 1250 3614 1307 videtur

2029 1328 2083 1383 in
2112 1330 2279 1395 prole.

2100 1420 2152 1475 7.
2195 1419 2393 1475 Canem
2425 1433 2482 1476 et
2522 1426 2827 1488 operarium
2861 1427 3058 1482 malum
3092 1429 3297 1498 pariter
3324 1447 3615 1504 persequa-

2029 1526 2172 1565 mur.
2218 1513 2401 1567 Facite
2443 1524 2766 1579 przesentes.
2816 1518 2961 1585 quod
3008 1519 3291 1576 hortamur
3339 1525 3613 1580 absentes.

2030 1604 2160 1659 Nam
2202 1620 2322 1660 cum
2356 1607 2496 1662 bane
2539 1624 2726 1663 curam
2764 1611 3096 1677 generaliter
3122 1615 3376 1669 omnibus
3415 1618 3614 1674 debea-

2033 1711 2174 1761 mus,
2198 1698 2471 1768 pra‘ciptte
2499 1708 2676 1754 tamen
2709 1716 2806 1755 nos
2828 1704 3083 1759 convenit
3105 1708 3502 1764 Antiocbcnisd
3527 1728 3617 1778 pe-

2030 1792 2282 1846 riclitanti
2292 1794 2389 1845 bus
2407 1793 2724 1858 subvenire,
2748 1809 2883 1862 quos
2908 1797 3132 1865 pestifer
3148 1800 3368 1856 morbus
3383 1804 3613 1859 obsedit.

2031 1881 2386 1936 Absolvamus
2410 1883 2588 1937 modis
2621 1893 2645 1922 ο
2674 1886 2873 1938 talibus
2903 1887 3201 1953 civitatem,
3236 1890 3288 1944 in
3317 1908 3447 1961 qua,
3480 1894 3613 1949 sicut

2030 1974 2198 2030 Actus
2232 1976 2611 2041 Apostolorum
2641 1977 2960 2048 loquuntur,
3003 1980 3177 2035 dictos
3208 1984 3441 2050 primum
3488 1986 3618 2051 legi-

2030 2081 2151 2120 mus
2179 2066 2520 2122 Cbristianos
2549 2067 2702 2139 (Act.
2737 2085 2809 2133 at,
2849 2068 2972 2138 26).
3007 2068 3027 2109 ί
3059 2072 3322 2127 Omnibus
3355 2089 3485 2144 ergo
3512 2077 3617 2131 vir-

2031 2165 2196 2213 tutem
2250 2168 2602 2227 pra‘stemus,
2659 2160 2855 2229 quibus
2928 2163 3225 2219 secundum
3296 2166 3615 2235 religionem

2028 2248 2227 2304 debere
2272 2265 2370 2305 nos
2414 2251 2664 2307 novimus
2708 2252 2850 2321 quod
2901 2268 3185 2309 vocamur.
3239 2255 3391 2312 Hane
3435 2268 3614 2315 autem

2030 2341 2454 2398 sollicitudinem
2519 2352 2762 2398 nostram
2812 2355 3112 2411 prtesentes
3161 2348 3459 2413 probarunt
3508 2352 3619 2406 Deo

2032 2435 2293 2491 amabiles
2319 2436 2414 2489 lilii
2432 2444 2487 2490 et
2505 2436 2804 2490 cbarissimi
2828 2446 2990 2505 atque
3015 2438 3211 2493 animis
3234 2442 3437 2496 nostris
3462 2458 3618 2498 acce-

2033 2527 2261 2597 ptissimi
2309 2528 2545 2582 Joannes
2595 2529 2883 2597 presbyter
2917 2539 2970 2584 et
3011 2531 3288 2600 Epictetus
3324 2534 3617 2601 diaconus,

2031 2634 2170 2688 quos
2194 2634 2443 2675 reversos
2464 2618 2531 2673 ad
2560 2635 2657 2674 vos
2688 2619 2946 2674 festinato
2974 2623 3306 2689 remisimus,
3336 2626 3622 2681 sollicitius

2035 2709 2138 2764 boc
2162 2718 2389 2779 agentes
2419 2751 2433 2772 ,
2482 2717 2540 2763 nt
2565 2725 2703 2778 quos
2746 2711 2940 2766 diebus
2979 2712 3277 2769 Dominicre
3324 2718 3621 2773 nativitatis

2028 2804 2358 2870 accepimus,
2387 2803 2812 2860 resurrectionis
2838 2804 3134 2859 Dominica:
3162 2814 3405 2877 tempore
3435 2819 3461 2857 ε
3493 2812 3615 2866 red-

2030 2896 2307 2951 deremus.
3226 2898 3229 2903 '

2098 2988 2154 3044 8.
2196 2988 2272 3043 De
2302 2987 2386 3044 bis
2412 2996 2591 3042 autem
2624 2990 2713 3057 qui
2738 3005 2860 3044 cum
2886 2989 3142 3045 Νσιειοτίο
3169 2991 3423 3048 videntur
3443 2990 3472 3031 δ
3502 2995 3617 3063 pari

410 3111 436 3139 ⁸·
480 3100 631 3170 Apud
660 3100 882 3162 ητα-οη..
919 3099 1091 3164 periit.
1119 3099 1261 3166 quod
1297 3109 1351 3153 et
1379 3099 1511 3154 Lab.
1546 3108 1675 3153 tom.
1703 3099 1772 3153 111
1805 3114 1923 3159 nae.
1955 3092 2002 3158 C
2031 3118 2162 3157 esse.
2194 3101 2569 3155 Tillemontius
2604 3112 2736 3155 tom.
2764 3101 2882 3156 XIV
2916 3118 3032 3166 pag.
3066 3103 3172 3159 498
3203 3104 3317 3158 lucc
3344 3103 3620 3161 leestiui

348 3174 481 3227 i070
505 3173 664 3227 malle
702 3186 762 3226 se
801 3179 1040 3224 annotat.
1076 3170 1432 3225 Retinendum
1457 3180 1635 3224 tamen
1678 3170 1924 3235 perdidit.

346 3241 679 3297 Antiochena
720 3242 839 3295 scil.
881 3240 1119 3296 Ecclesia
1152 3256 1247 3309 per
1282 3240 1587 3295 Nestorium
1630 3241 1929 3309 perdidisse

341 3314 536 3373 dicitur
555 3313 862 3380 episcopum
884 3327 1039 3371 suum
1063 3310 1351 3378 Joannem,
1376 3312 1515 3377 quod
1539 3311 1713 3380 eidem
1740 3311 1930 3365 Nesto-

341 3386 422 3436 rio
450 3384 781 3445 pertinacius
806 3383 1227 3441 adhaeresceret,
1259 3382 1491 3435 nomium
1520 3382 1734 3447 quidem
1763 3382 1928 3446 depo-

341 3458 527 3516 situm,
558 3455 649 3507 sed
683 3469 713 3507 a
743 3453 1126 3507 communione
1176 3452 1435 3506 Ecclesiae
1476 3454 1783 3505 subtnotutn
1807 3495 1820 3510 .
1865 3471 1927 3506 ac

340 3535 482 3584 certe.
512 3524 892 3585 deponendum
911 3564 925 3585 ,
963 3524 1063 3576 nisi
1087 3524 1399 3576 damnatum
1438 3523 1741 3577 Nestorium
1772 3523 1928 3578 dese-

342 3595 528 3655 rendo,
551 3609 673 3648 sese
694 3595 976 3660 deceptum
999 3594 1354 3647 demonstret.

407 3665 434 3704 δ
465 3664 703 3732 Respicit
723 3664 1051 3720 Caelestinus
1072 3664 1137 3718 ad
1161 3663 1545 3730 imperatorum
1570 3678 1799 3720 sacram.
1823 3682 1924 3731 qua

339 3736 573 3818 episcopi
591 3737 656 3818 a_d
684 3735 1007 3818 Ephesiuam
1029 3734 1291 3818 synodtttn
1317 3735 1490 3818 voe'ati
1519 3733 1927 3818 ςιιξιττιηίῖμςιηη

339 3810 532 3883 quippe.
578 3807 645 3862 ab
687 3808 772 3883 bis
820 3804 1073 3871 attspieati
1121 3804 1305 3883 verbis
1344 3822 1371 3857 ε·
1398 3804 1650 3859 Ρεηάειια
1681 3806 1929 3883 νςνὶστοηε

340 3875 434 3931 ἡαπ
466 3876 602 3931 Deus
644 3878 831 3930 colitur
857 3883 1046 3929 nostra!
1080 3875 1377 3941 reipnbit'cre
1422 3885 1591 3928 status
1617 3920 1629 3936 ,
1680 3875 1928 3939 sic'post

342 3963 501 4006 pauca
548 3958 945 4015 prosequuntur
984 3963 999 3998 :
1043 3947 1170 3999 Ante
1193 3946 1369 3998 omnia
1403 3961 1609 4015 operam
1652 3944 1835 3999 damus
1875 3956 1927 3998 ut

339 4017 707 4081 ecclesiasticus
734 4014 899 4071 status
936 4018 1190 4086 ejusmodi
1221 4017 1313 4079 sit,
1348 4014 1432 4081 qui
1460 4025 1510 4069 et
1542 4016 1700 4070 Deum
1732 4019 1923 4078 deccat,

340 4098 384 4139 et
406 4088 714 4157 temporibus
735 4092 923 4141 nostris
951 4102 1101 4155 quam
1130 4088 1351 4139 maxime
1379 4096 1651 4155 congruat,
1695 4088 1929 4146 idemque

340 4174 400 4209 ea:
428 4158 653 4212 omnium
685 4159 961 4211 concordia
985 4167 1030 4212 et
1051 4158 1380 4211 consensione
1408 4173 1553 4211 suam
1583 4158 1928 4228 tranquillita-

341 4236 435 4281 tem
464 4229 709 4282 obtineat.

410 4308 433 4337 α
482 4299 674 4351 Bacon.
705 4314 767 4352 ac
787 4298 911 4351 L'tb.
949 4305 1079 4351 tom.
1104 4299 1147 4352 11
1172 4316 1184 4351 :
1220 4297 1391 4351 Fortis
1413 4299 1495 4350 cui
1517 4298 1685 4359 ﬁdelis
1705 4308 1780 4350 est
1808 4315 1926 4351 cur-

341 4385 447 4422 sus.
482 4371 550 4422 Αι
572 4370 703 4423 Lab.
731 4380 862 4422 tum.
890 4368 953 4422 111
978 4370 1247 4422 revocavit
1274 4370 1372 4433 sui,
1397 4367 1537 4435 quod
1561 4368 1921 4422 retittmtdll'tt.

340 4437 466 4491 item
494 4450 647 4492 antea
676 4482 690 4501 ,
731 4441 849 4493 loco
890 4440 1037 4499 fortis
1060 4481 1072 4494 .
1105 4439 1385 4500 legendum
1427 4453 1549 4493 esse
1591 4440 1743 4505 fontis
1772 4439 1925 4493 nobis

341 4524 649 4571 persuasum
675 4519 789 4570 est,
826 4510 923 4563 bac
954 4508 1206 4564 videlicet
1234 4511 1440 4565 ratione
1473 4526 1484 4563 :
1522 4508 1719 4564 Fidelis
1744 4526 1925 4563 c'rrsus

340 4580 553 4633 custodit
586 4582 741 4644 fontis
763 4582 842 4633 sui
869 4580 1154 4633 exordium.

404 4647 433 4687 ⁸
475 4651 633 4707 Editi.
668 4649 1140 4717 urtecipitantibus;
1168 4652 1514 4718 corriguntur
1547 4667 1611 4704 ex
1643 4665 1743 4704 ms.
1768 4651 1919 4706 Colb.

410 4730 433 4758 ο
477 4721 630 4786 Apud
671 4721 825 4783 Lab.,
859 4720 1025 4773 modis
1053 4721 1304 4775 omnibus.
1359 4719 1756 4775 Praefereudum
1798 4738 1919 4776 cum

340 4790 564 4859 Baronio
597 4802 650 4845 et
680 4806 786 4845 ms.
814 4790 993 4848 Colb..
1026 4792 1190 4843 modis
1217 4792 1427 4855 talibus,
1460 4792 1561 4844 hoc
1590 4798 1694 4855 est,
1729 4791 1921 4844 Nesto-

339 4863 472 4927 rium
504 4863 668 4915 totius
697 4863 819 4915 mali
853 4870 1016 4927 caput
1047 4862 1230 4916 procul
1267 4863 1585 4920 altlogando.
1624 4862 1815 4925 Quanti
1845 4864 1919 4914 1⁵η-

336 4932 521 4985 cienda
550 4941 606 4985 et
631 4932 771 4985 unde
793 4930 1169 4986 commendata
1191 4933 1260 4985 sit
1283 4930 1616 4986 Auliocbcua
1648 4932 1916 4997 Ecclesia,

336 5002 523 5068 eadem
552 5003 760 5056 ratione
793 5002 1139 5056 innocentius
1168 5003 1330 5069 epist.
1361 5002 1431 5057 24
1462 5019 1515 5057 n.
1552 5002 1573 5054 1
1605 5002 1863 5070 explicat-

410 5071 429 5110 ί
473 5072 656 5136 Forte,
682 5073 988 5126 hominibus.

405 5153 431 5189 κ
469 5143 795 5209 Computato
846 5142 1098 5197 videlicet
1143 5152 1389 5212 tempore
1435 5143 1576 5210 quod
1629 5144 1680 5197 in
1722 5144 1916 5199 itinere

333 5214 671 5267 conﬁciendo
697 5213 1069 5276 consumpturi
1102 5224 1276 5268 erant.

402 5281 427 5321 δ
471 5284 754 5348 Baronius,
785 5300 942 5344 quem
964 5295 1012 5337 et
1042 5284 1171 5337 Lab.
1205 5295 1332 5336 tom.
1360 5283 1402 5337 11
1432 5285 1697 5347 sequitur,
1733 5302 1915 5348 parum

336 5355 416 5415 pie
444 5355 771 5407 consensisse.
809 5355 928 5408 Mos
971 5355 1116 5405 solus
1148 5354 1276 5407 Lab.
1321 5362 1452 5406 tom.
1492 5354 1552 5408 lll
1586 5371 1681 5421 pro
1710 5357 1912 5408 sceleri-

333 5423 445 5485 bus,
479 5424 752 5478 Substituit
777 5426 1001 5478 sceleris.
1031 5427 1147 5486 Otto
1172 5427 1283 5478 lucc
1307 5426 1587 5485 attiueaut,
1622 5425 1761 5479 inter
1788 5443 1910 5479 eru-

333 5493 475 5570 ditos
523 5496 975 5570 Δ(ξίξιιιιθιιγεξῃςξἱθιιικ
1029 5496 1127 5548 llic
1180 5495 1427 5570 nonnulli
1489 5497 1661 5570 notari
1724 5504 1913 5570 pluunt

338 5563 593 5631 Epltesini
634 5566 844 5618 concilii
893 5580 1153 5617 catmttetn
1186 5564 1219 5618 4
1259 5581 1366 5633 quo
1396 5563 1651 5618 statuitur
1686 5584 1696 5617 :
1738 5566 1795 5620 Si
1825 5570 1909 5629 qui

334 5648 499 5689 autem
525 5636 827 5688 clericorum
858 5636 1162 5703 defecerint,
1196 5645 1240 5686 rt
1274 5638 1385 5688 ausi
1422 5636 1609 5699 fuerint
1640 5638 1715 5689 vel
1746 5640 1911 5701 prirn-

335 5706 426 5759 tim
454 5705 530 5760 vel
555 5705 752 5767 publice
776 5723 887 5775 qum
917 5717 1032 5757 sunt
1069 5705 1292 5758 Nestorii
1326 5716 1412 5757 aut
1442 5705 1661 5760 (Itelcslii
1708 5725 1908 5763 snpert".

336 5780 587 5849 sancitum
632 5787 704 5831 est
736 5796 763 5828 tt
793 5787 970 5831 sancta
1017 5777 1211 5846 κριθάς)
1256 5777 1376 5829 istos
1422 5794 1617 5840 quoquc
1660 5777 1911 5837 depositas

2030 3174 2169 3245 dicta
2204 3172 2413 3245 referri,
2435 3182 2808 3245 posse‘ccnsct
2846 3173 2915 3245 ad
2937 3189 3093 3245 eam,
3118 3177 3381 3245 synodum
3429 3177 3481 3230 in
3517 3193 3619 3237 qua

2032 3242 2303 3297 Himerius
2357 3241 3037 3313 Nicometlim,allelladius
3083 3241 3276 3313 Tarsi,
3336 3248 3624 3301 Eutherius

2028 3314 2336 3384 Tyanerum
2369 3324 2417 3364 et
2451 3312 2756 3366 Dorothcus
2803 3314 3216 3374 Marcianopolis
3244 3316 3489 3379 episcopi
3520 3319 3617 3371 de.-

2034 3385 2189 3451 positi
2221 3392 2366 3436 sunt.
2400 3384 2461 3435 Et
2493 3399 2553 3432 ea
2583 3384 2798 3447 quidem
2826 3386 2877 3435 in
2905 3385 3115 3438 svnodo
3144 3386 3196 3437 in
3220 3403 3319 3453 qua
3349 3389 3623 3442 Maximia-

2033 3472 2132 3508 nus
2152 3455 2203 3507 itt
2231 3454 2404 3507 IOCtl‘n
2430 3453 2661 3508 Nestot'ii
2692 3455 2946 3508 still'eettts
2972 3464 3053 3506 est
3076 3471 3140 3506 eo
3162 3458 3319 3509 modo
3349 3473 3456 3525 qtto
3480 3461 3616 3524 apud

2033 3526 2306 3580 Baiuzium
2334 3540 2453 3576 nov.
2486 3524 2614 3579 coll.
2640 3526 2837 3577 concil.
2859 3540 2976 3586 pag.
3003 3525 3100 3577 581
3136 3527 3317 3585 paucis
3345 3524 3615 3587 narratur,

2029 3604 2261 3652 quatuor
2310 3594 2596 3660 episcopos
2637 3594 2762 3646 illos
2798 3594 3072 3659 depositas
3120 3597 3282 3649 fuisse.
3325 3598 3620 3653 Garnerius

2030 3666 2085 3720 iu
2129 3665 2256 3718 Mar.
2292 3664 2517 3734 Mercat.
2557 3676 2689 3734 part.
2725 3680 2760 3717 tt
2785 3678 2909 3734 pag.
2943 3663 3076 3725 557,
3122 3680 3218 3733 pro
3253 3678 3406 3720 Certo
3448 3671 3615 3734 ponit.

2033 3737 2255 3791 Verum.
2283 3734 2454 3805 inquit
2482 3733 2730 3785 laudatus
2752 3733 3130 3805 Tillemontius
3161 3736 3278 3788 loco
3300 3733 3465 3789 citato
3496 3752 3616 3805 pag.

2029 3806 2152 3861 497,
2211 3803 2563 3857 Maximianus
2610 3804 2969 3858 ordinationis
3005 3819 3118 3857 sum
3160 3805 3363 3859 indices
3410 3803 3620 3861 litteras

2029 3876 2094 3929 ad
2144 3874 2444 3928 llelladium
2502 3873 2715 3928 misis=e
2757 3875 2809 3925 in
2846 3874 3106 3942 synodico
3151 3876 3289 3931 apud
3346 3877 3617 3930 Bzvlttzium

2031 3962 2157 3999 nov.
2190 3946 2315 3998 colt.
2350 3945 2542 3997 concil.
2579 3958 2699 4009 cap.
2732 3945 2802 3999 48
2831 3956 2879 3998 et
2913 3945 3005 4003 49.
3043 3960 3158 4012 pag.
3190 3947 3293 4000 752
3320 3957 3374 4001 et
3401 3948 3505 4002 755
3543 3949 3619 4000 le-

2028 4017 2193 4079 gitur,
2226 4031 2289 4067 ac.
2318 4022 2578 4079 repugnat
2602 4031 2725 4069 eum
2754 4015 2991 4083 episcopi
3018 4032 3178 4085 quem
3204 4019 3270 4072 ab
3289 4018 3617 4071 ordinatori-

2031 4088 2129 4140 htls
2153 4087 2261 4138 suis
2294 4087 2599 4151 depositum
2628 4088 2815 4151 sciret,
2838 4087 3270 4141 communionem
3299 4089 3614 4155 cxpetiisse,

2030 4158 2135 4211 Sed
2164 4156 2330 4213 quaeri
2364 4156 2597 4209 vicissim
2632 4166 2807 4220 potest
2831 4172 2896 4209 an
2919 4160 3350 4212 eommunionent
3375 4161 3615 4219 expetie-

2029 4229 2103 4282 rit
2130 4228 2369 4295 episcopi
2402 4244 2557 4291 quem
2589 4227 2879 4293 Ephesium
2907 4229 3097 4295 synodi
3142 4231 3409 4283 sententia
3440 4240 3545 4286 act,
3583 4232 3616 4283 Ei

2029 4300 2156 4357 lata.
2189 4308 2243 4352 et
2268 4309 2370 4352 aet.
2408 4300 2438 4350 7
2470 4298 2714 4361 repetita,
2747 4300 3129 4352 communione
3169 4300 3531 4353 ecclesiastica
3561 4311 3616 4354 ct

2030 4371 2173 4423 omni
2202 4368 2517 4421 sacerdotali
2548 4376 2812 4435 putestate
2841 4370 3103 4432 privatum
3135 4378 3336 4422 nosset.
3371 4374 3445 4421 An
3479 4370 3615 4423 forte.

1958 4466 2004 4523 ι)
2033 4439 2274 4493 llelladio
2295 4439 2480 4493 aliisve
2504 4440 2593 4523 qui
2626 4454 2754 4523 cu‘m'
2777 4438 2985 4523 .ln‘a'nne
3015 4438 3360 4523 Antiocheno.
3382 4442 3614 4521 prmsule

2030 4519 2415 4569 convenerant.
2465 4508 2630 4561 allata
2681 4510 2777 4569 fuit
2824 4507 3133 4561 Maximiani
3176 4510 3444 4578 synodica,
3486 4520 3537 4562 ut
3572 4512 3614 4563 si

2032 4581 2175 4634 illam
2218 4581 2585 4646 susciperent,
2639 4579 2868 4633 Nestor-ii
2913 4578 3305 4645 tle-positionem
3333 4590 3384 4633 et
3413 4590 3609 4633 cmtera

2028 4667 2149 4717 qua:
2179 4652 2230 4705 in
2264 4650 2538 4719 Ephesino
2581 4650 2809 4703 concilio
2855 4648 3080 4703 fuissent
3109 4660 3254 4719 gesta
3297 4651 3523 4719 probare
3554 4666 3615 4706 ac

2026 4723 2310 4786 suscipere
2334 4719 2734 4779 iudicarentur?
2776 4721 2832 4775 Si
2864 4721 3133 4791 Hellatlitts
3163 4736 3228 4775 ex
3260 4735 3325 4776 eo
3354 4722 3497 4791 quod
3521 4737 3611 4791 sy-

2032 4792 2280 4846 nodicam
2313 4792 2623 4846 Maximiani
2672 4793 2944 4859 suscipere
2978 4790 3352 4857 detrectasset,
3378 4790 3614 4846 Subinde

2024 4862 2093 4915 ab
2114 4863 2422 4929 cpi-copatu
2442 4870 2655 4915 amotus
2678 4870 2780 4917 est.
2808 4862 3032 4916 necdum
3065 4862 3166 4915 hoc
3194 4864 3395 4916 rescire
3423 4874 3610 4929 poture.

2026 4942 2105 4986 rat
2125 4932 2479 4994 leestiuus,
2514 4948 2634 4985 eum
2663 4932 2799 4985 banc
2838 4932 3121 4998 epistolam
3158 4933 3392 4998 scripsit,
3426 4940 3612 4998 utpote

2024 5002 2089 5056 iis
2116 5004 2249 5066 ipsis
2293 5002 2553 5056 redditam
2584 5003 2669 5069 qui
2698 5003 2941 5057 eamdem
2974 5002 3277 5072 Maximiani
3300 5002 3610 5072 synodicam
3650 5023 3654 5029 ·

2022 5074 2313 5127 attulerant
2366 5073 2506 5126 Nihil
2551 5072 2710 5135 igitur
2757 5080 2949 5129 restat.
2988 5070 3088 5124 nisi
3126 5081 3181 5124 ut
3223 5070 3434 5140 eos‘qni
3471 5072 3611 5126 Con-

2021 5143 2363 5207 stantinopoli
2402 5142 2467 5195 ad
2501 5144 2861 5197 ordinandum
2914 5142 3289 5195 Maximiantun
3344 5157 3609 5195 convene-

2021 5222 2162 5280 rant,
2207 5213 2491 5280 Ephesium
2518 5213 2708 5284 synodi
2740 5212 3116 5284 moderatione
3148 5228 3255 5284 non
3292 5221 3574 5267 contentos
3594 5252 3609 5278 ,

2019 5286 2347 5337 severiorem
2378 5282 2641 5338 adversus
2668 5283 2898 5336 Nestorii
2930 5282 3109 5335 socios
3138 5297 3202 5336 ac
3225 5283 3461 5339 fautores
3485 5299 3609 5337 seu-

2021 5354 2243 5407 tentiam
2277 5355 2562 5421 protulisse
2584 5368 2921 5413 censeamus,
2949 5368 3052 5418 qtta
3084 5352 3192 5407 illis
3221 5355 3382 5407 etiam
3413 5357 3606 5413 resipi-

2020 5424 2293 5478 scentiltus
2327 5425 2495 5477 vcnize.
2524 5438 2646 5482 spes
2684 5423 3039 5482 adimebatur.
3087 5424 3229 5491 quod
3263 5440 3403 5478 nunc
3429 5426 3606 5478 (Itale-

2020 5495 2191 5548 stiuus
2222 5495 2509 5559 improbat.
2542 5492 2672 5557 Eius
2700 5501 2875 5547 autem
2920 5493 3275 5549 moderationi
3318 5507 3604 5549 consenta-

2020 5581 2177 5618 neum
2206 5576 2283 5616 est
2316 5564 2605 5619 Theodosii
2632 5563 2700 5619 de
2722 5578 2851 5627 pace
2871 5565 3219 5619 constitutum
3246 5567 3309 5618 ad
3338 5566 3598 5621 Joannem

2023 5636 2274 5759 Enltittch.
2314 5637 2558 5761 ignauum,
2601 5634 2744 5704 quod
2789 5634 2970 5705 legere
2998 5645 3082 5690 est
3124 5651 3177 5691 ttt
3221 5646 3357 5706 part.
3406 5637 3599 5692 concil.

2068 5722 2217 5761 otes.
2252 5722 2300 5761 c.
2399 5744 2414 5760 .

2068 5722 2217 5777 pnes.
2252 5722 2300 5761 c.
2332 5722 2414 5761 ou.
