  <div class='ocr_page' id='page_1' title='image "/cluster/home/n/w/nwhite01/storage/ocr_20150623/50/hvd.32044096580717/322.png"; bbox 0 0 3916 6178; ppageno 0'>
   <div class='ocr_carea' id='block_1_1' title="bbox 247 321 1821 391">
    <p class='ocr_par' dir='ltr' id='par_1_1' title="bbox 247 321 1821 389">
     <span class='ocr_line' id='line_1_1' title="bbox 247 321 1821 389; baseline -0.004 0"><span class='ocrx_word' id='word_1_1' title='bbox 247 336 343 389; x_wconf 67' lang='lat' dir='ltr'><strong>fita!</strong></span> <span class='ocrx_word' id='word_1_2' title='bbox 625 325 837 381; x_wconf 62' lang='lat' dir='ltr'><strong>El‘li&#39;l&#39;.</strong></span> <span class='ocrx_word' id='word_1_3' title='bbox 882 325 1047 381; x_wconf 70' lang='lat' dir='ltr'><strong>XXV.</strong></span> <span class='ocrx_word' id='word_1_4' title='bbox 1097 321 1487 382; x_wconf 64' lang='grc' dir='ltr'><strong>αοειπδτιΝι</strong></span> <span class='ocrx_word' id='word_1_5' title='bbox 1528 327 1729 385; x_wconf 62' lang='grc' dir='ltr'><strong>ΡΑΡΛΕ</strong></span> <span class='ocrx_word' id='word_1_6' title='bbox 1768 330 1821 383; x_wconf 64' lang='lat' dir='ltr'><strong>A‘</strong></span> 
     </span>
    </p>
   </div>
   <div class='ocr_carea' id='block_1_2' title="bbox 1927 321 3101 391">
    <p class='ocr_par' dir='ltr' id='par_1_2' title="bbox 1927 329 3101 391">
     <span class='ocr_line' id='line_1_2' title="bbox 1927 329 3101 391; baseline 0.004 -7"><span class='ocrx_word' id='word_1_7' title='bbox 1927 329 2171 386; x_wconf 72' lang='grc' dir='ltr'><strong>ιιεηυω</strong></span> <span class='ocrx_word' id='word_1_8' title='bbox 2213 331 2299 386; x_wconf 82' lang='grc' dir='ltr'><strong>ΕΤ</strong></span> <span class='ocrx_word' id='word_1_9' title='bbox 2344 333 2613 388; x_wconf 62' lang='grc' dir='ltr'><strong>Ριεθωι</strong></span> <span class='ocrx_word' id='word_1_10' title='bbox 2653 333 3101 391; x_wconf 70' lang='grc' dir='ltr'><strong>(ΣΟΝΞΤΑΝΤΙΝ.</strong></span> 
     </span>
    </p>
   </div>
   <div class='ocr_carea' id='block_1_3' title="bbox 3393 340 3497 394">
    <p class='ocr_par' dir='ltr' id='par_1_3' title="bbox 3393 340 3497 394">
     <span class='ocr_line' id='line_1_3' title="bbox 3393 340 3497 394; baseline 0.019 -4"><span class='ocrx_word' id='word_1_11' title='bbox 3393 340 3497 394; x_wconf 71' lang='grc'><strong>550</strong></span> 
     </span>
    </p>
   </div>
   <div class='ocr_carea' id='block_1_4' title="bbox 297 441 3498 519">
    <p class='ocr_par' dir='ltr' id='par_1_4' title="bbox 297 441 3498 519">
     <span class='ocr_line' id='line_1_4' title="bbox 297 441 3498 519; baseline 0.002 -22"><span class='ocrx_word' id='word_1_12' title='bbox 297 442 649 519; x_wconf 73' lang='lat' dir='ltr'><strong>commendat.</strong></span> <span class='ocrx_word' id='word_1_13' title='bbox 684 442 1055 495; x_wconf 69' lang='lat' dir='ltr'><strong>Maronianum</strong></span> <span class='ocrx_word' id='word_1_14' title='bbox 1080 441 1201 511; x_wconf 87' lang='lat' dir='ltr'><strong>ipsis</strong></span> <span class='ocrx_word' id='word_1_15' title='bbox 1224 442 1518 511; x_wconf 49' lang='lat' dir='ltr'><strong>praefectum</strong></span> <span class='ocrx_word' id='word_1_16' title='bbox 1542 444 1718 511; x_wconf 82' lang='lat' dir='ltr'><strong>paucis</strong></span> <span class='ocrx_word' id='word_1_17' title='bbox 1745 444 1814 495; x_wconf 88' lang='lat' dir='ltr'><strong>ad</strong></span> <span class='ocrx_word' id='word_1_18' title='bbox 1844 454 1888 510; x_wconf 83' lang='grc' dir='ltr'><strong>Α</strong></span> <span class='ocrx_word' id='word_1_19' title='bbox 1919 443 1987 499; x_wconf 90' lang='lat' dir='ltr'><strong>de</strong></span> <span class='ocrx_word' id='word_1_20' title='bbox 2034 446 2285 509; x_wconf 70' lang='lat' dir='ltr'><strong>patientia</strong></span> <span class='ocrx_word' id='word_1_21' title='bbox 2337 446 2503 501; x_wconf 64' lang='lat' dir='ltr'><strong>fuis‘sc</strong></span> <span class='ocrx_word' id='word_1_22' title='bbox 2555 463 2877 502; x_wconf 74' lang='lat' dir='ltr'><strong>set-monent.</strong></span> <span class='ocrx_word' id='word_1_23' title='bbox 2921 448 3123 504; x_wconf 70' lang='lat' dir='ltr'><strong>laetavi</strong></span> <span class='ocrx_word' id='word_1_24' title='bbox 3172 464 3291 519; x_wconf 61' lang='lat' dir='ltr'><strong>qua:</strong></span> <span class='ocrx_word' id='word_1_25' title='bbox 3338 453 3498 507; x_wconf 86' lang='lat' dir='ltr'><strong>debui</strong></span> 
     </span>
    </p>
   </div>
   <div class='ocr_carea' id='block_1_5' title="bbox 301 514 722 566">
    <p class='ocr_par' dir='ltr' id='par_1_5' title="bbox 301 514 722 566">
     <span class='ocr_line' id='line_1_5' title="bbox 301 514 722 566; baseline -0.005 0"><span class='ocrx_word' id='word_1_26' title='bbox 301 514 492 566; x_wconf 73' lang='lat' dir='ltr'><strong>calcem</strong></span> <span class='ocrx_word' id='word_1_27' title='bbox 520 514 722 565; x_wconf 86' lang='lat' dir='ltr'><strong>laudat.</strong></span> 
     </span>
    </p>
   </div>
   <div class='ocr_carea' id='block_1_6' title="bbox 234 620 1819 689">
    <p class='ocr_par' dir='ltr' id='par_1_6' title="bbox 234 620 1819 689">
     <span class='ocr_line' id='line_1_6' title="bbox 234 620 1819 689; baseline 0.001 -14"><span class='ocrx_word' id='word_1_28' title='bbox 234 625 589 677; x_wconf 66' lang='lat' dir='ltr'><strong>timuts&#39;ntsvs</strong></span> <span class='ocrx_word' id='word_1_29' title='bbox 624 620 915 689; x_wconf 85' lang='lat' dir='ltr'><strong>cpiscopus</strong></span> <span class='ocrx_word' id='word_1_30' title='bbox 952 621 1101 676; x_wconf 89' lang='lat' dir='ltr'><strong>clero</strong></span> <span class='ocrx_word' id='word_1_31' title='bbox 1133 632 1185 677; x_wconf 91' lang='lat' dir='ltr'><strong>et</strong></span> <span class='ocrx_word' id='word_1_32' title='bbox 1225 622 1364 687; x_wconf 85' lang='lat' dir='ltr'><strong>plebi</strong></span> <span class='ocrx_word' id='word_1_33' title='bbox 1403 623 1819 677; x_wconf 73' lang='lat' dir='ltr'><strong>consistentibus</strong></span> 
     </span>
    </p>
   </div>
   <div class='ocr_carea' id='block_1_7' title="bbox 778 693 1267 761">
    <p class='ocr_par' dir='ltr' id='par_1_7' title="bbox 778 693 1267 761">
     <span class='ocr_line' id='line_1_7' title="bbox 778 693 1267 761; baseline 0.002 -15"><span class='ocrx_word' id='word_1_34' title='bbox 778 693 1267 761; x_wconf 78' lang='lat' dir='ltr'><strong>Constantinopoli.</strong></span> 
     </span>
    </p>
   </div>
   <div class='ocr_carea' id='block_1_8' title="bbox 309 801 1817 874">
    <p class='ocr_par' dir='ltr' id='par_1_8' title="bbox 309 801 1817 874">
     <span class='ocr_line' id='line_1_8' title="bbox 309 801 1817 874; baseline 0.001 -15"><span class='ocrx_word' id='word_1_35' title='bbox 309 801 361 859; x_wconf 56' lang='grc' dir='ltr'><strong>ἱ.</strong></span> <span class='ocrx_word' id='word_1_36' title='bbox 405 806 707 859; x_wconf 83' lang='lat' dir='ltr'><strong>Exsultatio</strong></span> <span class='ocrx_word' id='word_1_37' title='bbox 734 805 918 858; x_wconf 85' lang='lat' dir='ltr'><strong>matris</strong></span> <span class='ocrx_word' id='word_1_38' title='bbox 946 815 1027 858; x_wconf 90' lang='lat' dir='ltr'><strong>est</strong></span> <span class='ocrx_word' id='word_1_39' title='bbox 1054 806 1403 874; x_wconf 75' lang='lat' dir='ltr'><strong>congregatio</strong></span> <span class='ocrx_word' id='word_1_40' title='bbox 1434 804 1684 860; x_wconf 83' lang='lat' dir='ltr'><strong>ﬁliorum.</strong></span> <span class='ocrx_word' id='word_1_41' title='bbox 1716 805 1817 861; x_wconf 89' lang='lat' dir='ltr'><strong>De-</strong></span> 
     </span>
    </p>
   </div>
   <div class='ocr_carea' id='block_1_9' title="bbox 233 897 1818 968">
    <p class='ocr_par' dir='ltr' id='par_1_9' title="bbox 233 897 1818 968">
     <span class='ocr_line' id='line_1_9' title="bbox 233 897 1818 968; baseline 0.001 -17"><span class='ocrx_word' id='word_1_42' title='bbox 233 904 399 968; x_wconf 64' lang='lat' dir='ltr'><strong>niq&#39;te</strong></span> <span class='ocrx_word' id='word_1_43' title='bbox 434 899 651 952; x_wconf 66' lang='lat' dir='ltr'><strong>laetatur</strong></span> <span class='ocrx_word' id='word_1_44' title='bbox 696 898 935 951; x_wconf 76' lang='lat' dir='ltr'><strong>Ecclesia</strong></span> <span class='ocrx_word' id='word_1_45' title='bbox 986 897 1057 950; x_wconf 81' lang='lat' dir='ltr'><strong>ita</strong></span> <span class='ocrx_word' id='word_1_46' title='bbox 1109 912 1168 951; x_wconf 83' lang='lat' dir='ltr'><strong>se</strong></span> <span class='ocrx_word' id='word_1_47' title='bbox 1215 897 1353 952; x_wconf 73' lang='lat' dir='ltr'><strong>ﬁlios</strong></span> <span class='ocrx_word' id='word_1_48' title='bbox 1395 913 1531 967; x_wconf 89' lang='lat' dir='ltr'><strong>quos</strong></span> <span class='ocrx_word' id='word_1_49' title='bbox 1573 900 1818 953; x_wconf 82' lang='lat' dir='ltr'><strong>diabolus</strong></span> 
     </span>
    </p>
   </div>
   <div class='ocr_carea' id='block_1_10' title="bbox 230 988 1817 1058">
    <p class='ocr_par' dir='ltr' id='par_1_10' title="bbox 230 988 1817 1058">
     <span class='ocr_line' id='line_1_10' title="bbox 230 988 1817 1058; baseline 0.002 -18"><span class='ocrx_word' id='word_1_50' title='bbox 230 990 587 1058; x_wconf 71' lang='lat' dir='ltr'><strong>disperserat,</strong></span> <span class='ocrx_word' id='word_1_51' title='bbox 622 988 816 1042; x_wconf 86' lang='lat' dir='ltr'><strong>iterum</strong></span> <span class='ocrx_word' id='word_1_52' title='bbox 848 1002 1229 1057; x_wconf 67' lang='lat' dir='ltr'><strong>congregase.</strong></span> <span class='ocrx_word' id='word_1_53' title='bbox 1263 996 1319 1042; x_wconf 87' lang='lat' dir='ltr'><strong>ut</strong></span> <span class='ocrx_word' id='word_1_54' title='bbox 1346 1003 1409 1042; x_wconf 91' lang='lat' dir='ltr'><strong>ex</strong></span> <span class='ocrx_word' id='word_1_55' title='bbox 1442 989 1525 1042; x_wconf 86' lang='lat' dir='ltr'><strong>his</strong></span> <span class='ocrx_word' id='word_1_56' title='bbox 1548 988 1648 1042; x_wconf 87' lang='lat' dir='ltr'><strong>nisi</strong></span> <span class='ocrx_word' id='word_1_57' title='bbox 1677 989 1817 1043; x_wconf 82' lang='lat' dir='ltr'><strong>illius</strong></span> 
     </span>
    </p>
   </div>
   <div class='ocr_carea' id='block_1_11' title="bbox 231 1078 1815 1148">
    <p class='ocr_par' dir='ltr' id='par_1_11' title="bbox 231 1078 1815 1148">
     <span class='ocr_line' id='line_1_11' title="bbox 231 1078 1815 1148; baseline 0.002 -18"><span class='ocrx_word' id='word_1_58' title='bbox 231 1079 555 1145; x_wconf 68' lang='lat' dir='ltr'><strong>perditionis</strong></span> <span class='ocrx_word' id='word_1_59' title='bbox 587 1093 747 1133; x_wconf 86' lang='lat' dir='ltr'><strong>nemo</strong></span> <span class='ocrx_word' id='word_1_60' title='bbox 775 1078 844 1133; x_wconf 92' lang='lat' dir='ltr'><strong>sit</strong></span> <span class='ocrx_word' id='word_1_61' title='bbox 870 1078 1137 1145; x_wconf 87' lang='lat' dir='ltr'><strong>perditus,</strong></span> <span class='ocrx_word' id='word_1_62' title='bbox 1167 1082 1289 1148; x_wconf 82' lang='lat' dir='ltr'><strong>quia</strong></span> <span class='ocrx_word' id='word_1_63' title='bbox 1320 1096 1443 1134; x_wconf 91' lang='lat' dir='ltr'><strong>eum</strong></span> <span class='ocrx_word' id='word_1_64' title='bbox 1477 1081 1638 1134; x_wconf 71' lang='lat' dir='ltr'><strong>ﬁlium</strong></span> <span class='ocrx_word' id='word_1_65' title='bbox 1662 1095 1815 1133; x_wconf 88' lang='lat' dir='ltr'><strong>suum</strong></span> 
     </span>
    </p>
   </div>
   <div class='ocr_carea' id='block_1_12' title="bbox 229 1168 1819 1238">
    <p class='ocr_par' dir='ltr' id='par_1_12' title="bbox 229 1168 1819 1238">
     <span class='ocr_line' id='line_1_12' title="bbox 229 1168 1819 1238; baseline 0.001 -17"><span class='ocrx_word' id='word_1_66' title='bbox 229 1184 574 1238; x_wconf 76' lang='lat' dir='ltr'><strong>nequaquam</strong></span> <span class='ocrx_word' id='word_1_67' title='bbox 631 1179 782 1236; x_wconf 86' lang='lat' dir='ltr'><strong>pater</strong></span> <span class='ocrx_word' id='word_1_68' title='bbox 830 1168 1065 1235; x_wconf 79' lang='lat' dir='ltr'><strong>agnovit.</strong></span> <span class='ocrx_word' id='word_1_69' title='bbox 1120 1168 1273 1220; x_wconf 90' lang='lat' dir='ltr'><strong>Illum</strong></span> <span class='ocrx_word' id='word_1_70' title='bbox 1321 1184 1550 1237; x_wconf 80' lang='lat' dir='ltr'><strong>namque</strong></span> <span class='ocrx_word' id='word_1_71' title='bbox 1594 1184 1658 1222; x_wconf 88' lang='lat' dir='ltr'><strong>ex</strong></span> <span class='ocrx_word' id='word_1_72' title='bbox 1711 1184 1819 1236; x_wconf 90' lang='lat' dir='ltr'><strong>quo</strong></span> 
     </span>
    </p>
   </div>
   <div class='ocr_carea' id='block_1_13' title="bbox 229 1256 1819 1329">
    <p class='ocr_par' dir='ltr' id='par_1_13' title="bbox 229 1256 1819 1329">
     <span class='ocr_line' id='line_1_13' title="bbox 229 1256 1819 1329; baseline 0.001 -16"><span class='ocrx_word' id='word_1_73' title='bbox 229 1268 375 1323; x_wconf 81' lang='lat' dir='ltr'><strong>erat,</strong></span> <span class='ocrx_word' id='word_1_74' title='bbox 404 1258 543 1312; x_wconf 82' lang='lat' dir='ltr'><strong>sicut</strong></span> <span class='ocrx_word' id='word_1_75' title='bbox 571 1258 796 1326; x_wconf 78' lang='lat' dir='ltr'><strong>legimus</strong></span> <span class='ocrx_word' id='word_1_76' title='bbox 828 1256 1011 1329; x_wconf 78' lang='lat' dir='ltr'><strong>(Joan.</strong></span> <span class='ocrx_word' id='word_1_77' title='bbox 1058 1272 1177 1323; x_wconf 87' lang='lat' dir='ltr'><strong>vtu,</strong></span> <span class='ocrx_word' id='word_1_78' title='bbox 1206 1256 1336 1328; x_wconf 66' lang='grc'><strong>44),</strong></span> <span class='ocrx_word' id='word_1_79' title='bbox 1378 1258 1635 1324; x_wconf 84' lang='lat' dir='ltr'><strong>imitatus,</strong></span> <span class='ocrx_word' id='word_1_80' title='bbox 1667 1260 1819 1315; x_wconf 86' lang='lat' dir='ltr'><strong>vobis</strong></span> 
     </span>
    </p>
   </div>
   <div class='ocr_carea' id='block_1_14' title="bbox 231 1349 1816 1421">
    <p class='ocr_par' dir='ltr' id='par_1_14' title="bbox 231 1349 1816 1421">
     <span class='ocr_line' id='line_1_14' title="bbox 231 1349 1816 1421; baseline -0.001 -16"><span class='ocrx_word' id='word_1_81' title='bbox 231 1350 491 1421; x_wconf 76' lang='lat' dir='ltr'><strong>legitimis</strong></span> <span class='ocrx_word' id='word_1_82' title='bbox 541 1350 631 1404; x_wconf 89' lang='lat' dir='ltr'><strong>Dei</strong></span> <span class='ocrx_word' id='word_1_83' title='bbox 672 1349 796 1404; x_wconf 91' lang='lat' dir='ltr'><strong>ﬁliis</strong></span> <span class='ocrx_word' id='word_1_84' title='bbox 833 1349 1205 1404; x_wconf 66' lang='lat' dir='ltr'><strong>hacreditatem</strong></span> <span class='ocrx_word' id='word_1_85' title='bbox 1244 1349 1543 1403; x_wconf 78' lang='lat' dir='ltr'><strong>conabatur</strong></span> <span class='ocrx_word' id='word_1_86' title='bbox 1570 1352 1816 1415; x_wconf 77' lang='lat' dir='ltr'><strong>auferre;</strong></span> 
     </span>
    </p>
   </div>
   <div class='ocr_carea' id='block_1_15' title="bbox 229 1440 1820 1514">
    <p class='ocr_par' dir='ltr' id='par_1_15' title="bbox 229 1440 1820 1514">
     <span class='ocr_line' id='line_1_15' title="bbox 229 1440 1820 1514; baseline -0.001 -17"><span class='ocrx_word' id='word_1_87' title='bbox 229 1459 406 1514; x_wconf 86' lang='lat' dir='ltr'><strong>quos,</strong></span> <span class='ocrx_word' id='word_1_88' title='bbox 449 1444 664 1497; x_wconf 81' lang='lat' dir='ltr'><strong>dicente</strong></span> <span class='ocrx_word' id='word_1_89' title='bbox 706 1442 980 1511; x_wconf 84' lang='lat' dir='ltr'><strong>Apostolo</strong></span> <span class='ocrx_word' id='word_1_90' title='bbox 1025 1440 1199 1509; x_wconf 85' lang='lat' dir='ltr'><strong>(Rom.</strong></span> <span class='ocrx_word' id='word_1_91' title='bbox 1247 1456 1358 1504; x_wconf 88' lang='lat' dir='ltr'><strong>vtn,</strong></span> <span class='ocrx_word' id='word_1_92' title='bbox 1406 1441 1518 1511; x_wconf 80' lang='lat' dir='ltr'><strong>l7).</strong></span> <span class='ocrx_word' id='word_1_93' title='bbox 1568 1456 1667 1510; x_wconf 89' lang='lat' dir='ltr'><strong>pro</strong></span> <span class='ocrx_word' id='word_1_94' title='bbox 1713 1441 1820 1496; x_wconf 86' lang='lat' dir='ltr'><strong>ﬁde</strong></span> 
     </span>
    </p>
   </div>
   <div class='ocr_carea' id='block_1_16' title="bbox 231 1531 1823 1591">
    <p class='ocr_par' dir='ltr' id='par_1_16' title="bbox 231 1531 1823 1591">
     <span class='ocr_line' id='line_1_16' title="bbox 231 1531 1823 1591; baseline 0 -4"><span class='ocrx_word' id='word_1_95' title='bbox 231 1548 412 1590; x_wconf 81' lang='lat' dir='ltr'><strong>vestra</strong></span> <span class='ocrx_word' id='word_1_96' title='bbox 441 1546 497 1591; x_wconf 91' lang='lat' dir='ltr'><strong>et</strong></span> <span class='ocrx_word' id='word_1_97' title='bbox 519 1536 766 1591; x_wconf 71' lang='lat' dir='ltr'><strong>hmrcdes</strong></span> <span class='ocrx_word' id='word_1_98' title='bbox 796 1533 888 1587; x_wconf 86' lang='lat' dir='ltr'><strong>Dei</strong></span> <span class='ocrx_word' id='word_1_99' title='bbox 910 1542 964 1587; x_wconf 89' lang='lat' dir='ltr'><strong>et</strong></span> <span class='ocrx_word' id='word_1_100' title='bbox 990 1532 1185 1587; x_wconf 86' lang='lat' dir='ltr'><strong>Christi</strong></span> <span class='ocrx_word' id='word_1_101' title='bbox 1219 1532 1385 1586; x_wconf 85' lang='lat' dir='ltr'><strong>nostri</strong></span> <span class='ocrx_word' id='word_1_102' title='bbox 1413 1531 1620 1586; x_wconf 79' lang='lat' dir='ltr'><strong>futuros</strong></span> <span class='ocrx_word' id='word_1_103' title='bbox 1648 1533 1823 1587; x_wconf 85' lang='lat' dir='ltr'><strong>credi-</strong></span> 
     </span>
    </p>
   </div>
   <div class='ocr_carea' id='block_1_17' title="bbox 233 1621 1821 1691">
    <p class='ocr_par' dir='ltr' id='par_1_17' title="bbox 233 1621 1821 1691">
     <span class='ocr_line' id='line_1_17' title="bbox 233 1621 1821 1691; baseline -0.002 -11"><span class='ocrx_word' id='word_1_104' title='bbox 233 1642 357 1680; x_wconf 72' lang='lat' dir='ltr'><strong>mus</strong></span> <span class='ocrx_word' id='word_1_105' title='bbox 395 1625 734 1680; x_wconf 70' lang='lat' dir='ltr'><strong>colunt-edes.</strong></span> <span class='ocrx_word' id='word_1_106' title='bbox 771 1623 888 1678; x_wconf 86' lang='lat' dir='ltr'><strong>Non</strong></span> <span class='ocrx_word' id='word_1_107' title='bbox 924 1638 1054 1691; x_wconf 82' lang='lat' dir='ltr'><strong>ergo</strong></span> <span class='ocrx_word' id='word_1_108' title='bbox 1078 1621 1127 1677; x_wconf 87' lang='lat' dir='ltr'><strong>ei</strong></span> <span class='ocrx_word' id='word_1_109' title='bbox 1160 1623 1386 1691; x_wconf 87' lang='lat' dir='ltr'><strong>palmam</strong></span> <span class='ocrx_word' id='word_1_110' title='bbox 1414 1621 1482 1677; x_wconf 88' lang='lat' dir='ltr'><strong>de</strong></span> <span class='ocrx_word' id='word_1_111' title='bbox 1512 1624 1594 1677; x_wconf 90' lang='lat' dir='ltr'><strong>his</strong></span> <span class='ocrx_word' id='word_1_112' title='bbox 1620 1622 1821 1678; x_wconf 76' lang='lat' dir='ltr'><strong>referre</strong></span> 
     </span>
    </p>
   </div>
   <div class='ocr_carea' id='block_1_18' title="bbox 235 1711 1817 1783">
    <p class='ocr_par' dir='ltr' id='par_1_18' title="bbox 235 1711 1817 1783">
     <span class='ocr_line' id='line_1_18' title="bbox 235 1711 1817 1783; baseline -0.002 -14"><span class='ocrx_word' id='word_1_113' title='bbox 235 1716 561 1781; x_wconf 84' lang='lat' dir='ltr'><strong>permissum</strong></span> <span class='ocrx_word' id='word_1_114' title='bbox 605 1724 708 1778; x_wconf 87' lang='lat' dir='ltr'><strong>est,</strong></span> <span class='ocrx_word' id='word_1_115' title='bbox 758 1714 846 1783; x_wconf 91' lang='lat' dir='ltr'><strong>qui</strong></span> <span class='ocrx_word' id='word_1_116' title='bbox 886 1712 955 1768; x_wconf 90' lang='lat' dir='ltr'><strong>de</strong></span> <span class='ocrx_word' id='word_1_117' title='bbox 1002 1713 1118 1781; x_wconf 89' lang='lat' dir='ltr'><strong>ipso</strong></span> <span class='ocrx_word' id='word_1_118' title='bbox 1158 1711 1325 1781; x_wconf 85' lang='lat' dir='ltr'><strong>magis</strong></span> <span class='ocrx_word' id='word_1_119' title='bbox 1368 1726 1467 1782; x_wconf 90' lang='lat' dir='ltr'><strong>per</strong></span> <span class='ocrx_word' id='word_1_120' title='bbox 1505 1726 1655 1767; x_wconf 88' lang='lat' dir='ltr'><strong>arma</strong></span> <span class='ocrx_word' id='word_1_121' title='bbox 1697 1712 1817 1768; x_wconf 83' lang='lat' dir='ltr'><strong>ﬁdei</strong></span> 
     </span>
    </p>
   </div>
   <div class='ocr_carea' id='block_1_19' title="bbox 1919 536 3499 603">
    <p class='ocr_par' dir='ltr' id='par_1_19' title="bbox 1919 536 3499 603">
     <span class='ocr_line' id='line_1_19' title="bbox 1919 536 3499 603; baseline 0.006 -16"><span class='ocrx_word' id='word_1_122' title='bbox 1919 536 2125 588; x_wconf 87' lang='lat' dir='ltr'><strong>sentina</strong></span> <span class='ocrx_word' id='word_1_123' title='bbox 2171 537 2429 591; x_wconf 75' lang='lat' dir='ltr'><strong>sacerdos</strong></span> <span class='ocrx_word' id='word_1_124' title='bbox 2476 538 2529 591; x_wconf 90' lang='lat' dir='ltr'><strong>in</strong></span> <span class='ocrx_word' id='word_1_125' title='bbox 2576 540 2757 591; x_wconf 91' lang='lat' dir='ltr'><strong>animo</strong></span> <span class='ocrx_word' id='word_1_126' title='bbox 2788 539 3118 603; x_wconf 76' lang='lat' dir='ltr'><strong>Christiano,</strong></span> <span class='ocrx_word' id='word_1_127' title='bbox 3170 558 3267 597; x_wconf 86' lang='lat' dir='ltr'><strong>nec</strong></span> <span class='ocrx_word' id='word_1_128' title='bbox 3315 559 3399 595; x_wconf 87' lang='lat' dir='ltr'><strong>nte</strong></span> <span class='ocrx_word' id='word_1_129' title='bbox 3449 546 3499 596; x_wconf 89' lang='lat' dir='ltr'><strong>in</strong></span> 
     </span>
    </p>
   </div>
   <div class='ocr_carea' id='block_1_20' title="bbox 1922 625 3498 703">
    <p class='ocr_par' dir='ltr' id='par_1_20' title="bbox 1922 625 3498 703">
     <span class='ocr_line' id='line_1_20' title="bbox 1922 625 3498 703; baseline 0.006 -27"><span class='ocrx_word' id='word_1_130' title='bbox 1922 625 2075 679; x_wconf 82' lang='lat' dir='ltr'><strong>vobis</strong></span> <span class='ocrx_word' id='word_1_131' title='bbox 2099 642 2253 695; x_wconf 83' lang='lat' dir='ltr'><strong>seges</strong></span> <span class='ocrx_word' id='word_1_132' title='bbox 2281 637 2591 697; x_wconf 81' lang='lat' dir='ltr'><strong>exspectata</strong></span> <span class='ocrx_word' id='word_1_133' title='bbox 2623 630 2838 700; x_wconf 82' lang='lat' dir='ltr'><strong>decepit</strong></span> <span class='ocrx_word' id='word_1_134' title='bbox 2868 630 3083 703; x_wconf 81' lang='lat' dir='ltr'><strong>(Matth.</strong></span> <span class='ocrx_word' id='word_1_135' title='bbox 3113 648 3226 695; x_wconf 74' lang='lat' dir='ltr'><strong>xnt,</strong></span> <span class='ocrx_word' id='word_1_136' title='bbox 3259 632 3352 697; x_wconf 60' lang='lat'><strong>‘24,</strong></span> <span class='ocrx_word' id='word_1_137' title='bbox 3382 635 3498 698; x_wconf 68' lang='lat'><strong>23).</strong></span> 
     </span>
    </p>
   </div>
   <div class='ocr_carea' id='block_1_21' title="bbox 1918 714 3500 793">
    <p class='ocr_par' dir='ltr' id='par_1_21' title="bbox 1918 714 3500 793">
     <span class='ocr_line' id='line_1_21' title="bbox 1918 714 3500 793; baseline 0.008 -26"><span class='ocrx_word' id='word_1_138' title='bbox 1918 714 2053 781; x_wconf 82' lang='lat' dir='ltr'><strong>Quid</strong></span> <span class='ocrx_word' id='word_1_139' title='bbox 2098 719 2237 770; x_wconf 72' lang='lat' dir='ltr'><strong>cnim</strong></span> <span class='ocrx_word' id='word_1_140' title='bbox 2285 720 2559 787; x_wconf 77' lang='lat' dir='ltr'><strong>patientia:</strong></span> <span class='ocrx_word' id='word_1_141' title='bbox 2602 731 2792 774; x_wconf 74' lang='lat' dir='ltr'><strong>vestra:</strong></span> <span class='ocrx_word' id='word_1_142' title='bbox 2839 723 3028 775; x_wconf 76' lang='lat' dir='ltr'><strong>mes~is</strong></span> <span class='ocrx_word' id='word_1_143' title='bbox 3073 724 3335 788; x_wconf 64' lang='lat' dir='ltr'><strong>intulerit,</strong></span> <span class='ocrx_word' id='word_1_144' title='bbox 3370 726 3423 793; x_wconf 89' lang='lat' dir='ltr'><strong>ip</strong></span> <span class='ocrx_word' id='word_1_145' title='bbox 3456 731 3500 779; x_wconf 93' lang='lat' dir='ltr'><strong>is</strong></span> 
     </span>
    </p>
   </div>
   <div class='ocr_carea' id='block_1_22' title="bbox 1919 807 3497 883">
    <p class='ocr_par' dir='ltr' id='par_1_22' title="bbox 1919 807 3497 883">
     <span class='ocr_line' id='line_1_22' title="bbox 1919 807 3497 883; baseline 0.009 -26"><span class='ocrx_word' id='word_1_146' title='bbox 1919 807 2180 861; x_wconf 78' lang='lat' dir='ltr'><strong>fructibus</strong></span> <span class='ocrx_word' id='word_1_147' title='bbox 2219 809 2547 878; x_wconf 60' lang='lat' dir='ltr'><strong>a;.probatis.</strong></span> <span class='ocrx_word' id='word_1_148' title='bbox 2594 811 2690 863; x_wconf 90' lang='lat' dir='ltr'><strong>llis</strong></span> <span class='ocrx_word' id='word_1_149' title='bbox 2738 812 2978 866; x_wconf 85' lang='lat' dir='ltr'><strong>invidens</strong></span> <span class='ocrx_word' id='word_1_150' title='bbox 3009 826 3220 868; x_wconf 86' lang='lat' dir='ltr'><strong>severat</strong></span> <span class='ocrx_word' id='word_1_151' title='bbox 3261 816 3497 883; x_wconf 83' lang='lat' dir='ltr'><strong>peritura</strong></span> 
     </span>
    </p>
   </div>
   <div class='ocr_carea' id='block_1_23' title="bbox 1917 900 3495 976">
    <p class='ocr_par' dir='ltr' id='par_1_23' title="bbox 1917 900 3495 976">
     <span class='ocr_line' id='line_1_23' title="bbox 1917 900 3495 976; baseline 0.005 -25"><span class='ocrx_word' id='word_1_152' title='bbox 1917 900 2118 953; x_wconf 69' lang='lat' dir='ltr'><strong>zizztttia</strong></span> <span class='ocrx_word' id='word_1_153' title='bbox 2161 901 2297 954; x_wconf 76' lang='lat' dir='ltr'><strong>intra</strong></span> <span class='ocrx_word' id='word_1_154' title='bbox 2341 901 2740 971; x_wconf 73' lang='lat' dir='ltr'><strong>aliquantorum</strong></span> <span class='ocrx_word' id='word_1_155' title='bbox 2781 913 2992 958; x_wconf 88' lang='lat' dir='ltr'><strong>mentes</strong></span> <span class='ocrx_word' id='word_1_156' title='bbox 3030 908 3262 974; x_wconf 77' lang='lat' dir='ltr'><strong>agricola</strong></span> <span class='ocrx_word' id='word_1_157' title='bbox 3297 907 3495 976; x_wconf 88' lang='lat' dir='ltr'><strong>peritu-</strong></span> 
     </span>
    </p>
   </div>
   <div class='ocr_carea' id='block_1_24' title="bbox 1920 994 3498 1065">
    <p class='ocr_par' dir='ltr' id='par_1_24' title="bbox 1920 994 3498 1065">
     <span class='ocr_line' id='line_1_24' title="bbox 1920 994 3498 1065; baseline 0.005 -22"><span class='ocrx_word' id='word_1_158' title='bbox 1920 1006 2048 1045; x_wconf 91' lang='lat' dir='ltr'><strong>rus:</strong></span> <span class='ocrx_word' id='word_1_159' title='bbox 2080 1002 2296 1046; x_wconf 76' lang='lat' dir='ltr'><strong>severnt</strong></span> <span class='ocrx_word' id='word_1_160' title='bbox 2345 995 2500 1063; x_wconf 81' lang='lat' dir='ltr'><strong>longe</strong></span> <span class='ocrx_word' id='word_1_161' title='bbox 2530 994 2671 1047; x_wconf 88' lang='lat' dir='ltr'><strong>aliud</strong></span> <span class='ocrx_word' id='word_1_162' title='bbox 2704 1012 2862 1062; x_wconf 88' lang='lat' dir='ltr'><strong>quam</strong></span> <span class='ocrx_word' id='word_1_163' title='bbox 2903 1006 3182 1065; x_wconf 80' lang='lat' dir='ltr'><strong>acceperat</strong></span> <span class='ocrx_word' id='word_1_164' title='bbox 3229 1000 3498 1053; x_wconf 71' lang='lat' dir='ltr'><strong>seminari-</strong></span> 
     </span>
    </p>
   </div>
   <div class='ocr_carea' id='block_1_25' title="bbox 1920 1081 3498 1147">
    <p class='ocr_par' dir='ltr' id='par_1_25' title="bbox 1920 1081 3498 1147">
     <span class='ocr_line' id='line_1_25' title="bbox 1920 1081 3498 1147; baseline 0.008 -15"><span class='ocrx_word' id='word_1_165' title='bbox 1920 1081 2068 1147; x_wconf 91' lang='lat' dir='ltr'><strong>dum,</strong></span> <span class='ocrx_word' id='word_1_166' title='bbox 2098 1085 2179 1136; x_wconf 88' lang='lat' dir='ltr'><strong>vel</strong></span> <span class='ocrx_word' id='word_1_167' title='bbox 2215 1085 2497 1137; x_wconf 81' lang='lat' dir='ltr'><strong>invenerat</strong></span> <span class='ocrx_word' id='word_1_168' title='bbox 2525 1086 2868 1138; x_wconf 84' lang='lat' dir='ltr'><strong>seminatutn.</strong></span> <span class='ocrx_word' id='word_1_169' title='bbox 2899 1086 3170 1141; x_wconf 89' lang='lat' dir='ltr'><strong>llabetnus</strong></span> <span class='ocrx_word' id='word_1_170' title='bbox 3201 1101 3349 1144; x_wconf 82' lang='lat' dir='ltr'><strong>certe</strong></span> <span class='ocrx_word' id='word_1_171' title='bbox 3376 1092 3498 1144; x_wconf 85' lang='lat' dir='ltr'><strong>litlei</strong></span> 
     </span>
    </p>
   </div>
   <div class='ocr_carea' id='block_1_26' title="bbox 1922 1176 3499 1249">
    <p class='ocr_par' dir='ltr' id='par_1_26' title="bbox 1922 1176 3499 1249">
     <span class='ocr_line' id='line_1_26' title="bbox 1922 1176 3499 1249; baseline 0.005 -23"><span class='ocrx_word' id='word_1_172' title='bbox 1922 1184 2117 1227; x_wconf 72' lang='lat' dir='ltr'><strong>nostra:</strong></span> <span class='ocrx_word' id='word_1_173' title='bbox 2148 1176 2374 1239; x_wconf 83' lang='lat' dir='ltr'><strong>semina,</strong></span> <span class='ocrx_word' id='word_1_174' title='bbox 2406 1190 2525 1244; x_wconf 77' lang='lat' dir='ltr'><strong>qua:</strong></span> <span class='ocrx_word' id='word_1_175' title='bbox 2556 1177 2725 1244; x_wconf 79' lang='lat' dir='ltr'><strong>ipsius</strong></span> <span class='ocrx_word' id='word_1_176' title='bbox 2755 1177 2962 1231; x_wconf 80' lang='lat' dir='ltr'><strong>Domini</strong></span> <span class='ocrx_word' id='word_1_177' title='bbox 3009 1193 3191 1234; x_wconf 80' lang='lat' dir='ltr'><strong>sertno</strong></span> <span class='ocrx_word' id='word_1_178' title='bbox 3242 1183 3327 1235; x_wconf 89' lang='lat' dir='ltr'><strong>vel</strong></span> <span class='ocrx_word' id='word_1_179' title='bbox 3373 1197 3499 1249; x_wconf 89' lang='lat' dir='ltr'><strong>apo-</strong></span> 
     </span>
    </p>
   </div>
   <div class='ocr_carea' id='block_1_27' title="bbox 1918 1267 3500 1339">
    <p class='ocr_par' dir='ltr' id='par_1_27' title="bbox 1918 1267 3500 1339">
     <span class='ocr_line' id='line_1_27' title="bbox 1918 1267 3500 1339; baseline 0.004 -21"><span class='ocrx_word' id='word_1_180' title='bbox 1918 1267 2178 1320; x_wconf 88' lang='lat' dir='ltr'><strong>stolorum</strong></span> <span class='ocrx_word' id='word_1_181' title='bbox 2208 1267 2453 1321; x_wconf 81' lang='lat' dir='ltr'><strong>doctrina</strong></span> <span class='ocrx_word' id='word_1_182' title='bbox 2481 1269 2734 1333; x_wconf 75' lang='lat' dir='ltr'><strong>jactavit;</strong></span> <span class='ocrx_word' id='word_1_183' title='bbox 2764 1284 2906 1339; x_wconf 64' lang='lat' dir='ltr'><strong>quat,</strong></span> <span class='ocrx_word' id='word_1_184' title='bbox 2932 1272 3144 1339; x_wconf 86' lang='lat' dir='ltr'><strong>quoties</strong></span> <span class='ocrx_word' id='word_1_185' title='bbox 3168 1271 3266 1325; x_wconf 78' lang='lat' dir='ltr'><strong>ita</strong></span> <span class='ocrx_word' id='word_1_186' title='bbox 3291 1273 3500 1327; x_wconf 83' lang='lat' dir='ltr'><strong>centiu-</strong></span> 
     </span>
    </p>
   </div>
   <div class='ocr_carea' id='block_1_28' title="bbox 1919 1362 3499 1433">
    <p class='ocr_par' dir='ltr' id='par_1_28' title="bbox 1919 1362 3499 1433">
     <span class='ocr_line' id='line_1_28' title="bbox 1919 1362 3499 1433; baseline 0.006 -25"><span class='ocrx_word' id='word_1_187' title='bbox 1919 1369 2069 1428; x_wconf 86' lang='lat' dir='ltr'><strong>gunt,</strong></span> <span class='ocrx_word' id='word_1_188' title='bbox 2098 1376 2204 1413; x_wconf 92' lang='lat' dir='ltr'><strong>non</strong></span> <span class='ocrx_word' id='word_1_189' title='bbox 2226 1376 2288 1413; x_wconf 85' lang='lat' dir='ltr'><strong>ea</strong></span> <span class='ocrx_word' id='word_1_190' title='bbox 2320 1370 2342 1397; x_wconf 81' lang='grc' dir='ltr'><strong><em>ο</em></strong></span> <span class='ocrx_word' id='word_1_191' title='bbox 2371 1372 2527 1415; x_wconf 70' lang='lat' dir='ltr'><strong>terra:</strong></span> <span class='ocrx_word' id='word_1_192' title='bbox 2548 1376 2668 1429; x_wconf 76' lang='lat' dir='ltr'><strong>qua:</strong></span> <span class='ocrx_word' id='word_1_193' title='bbox 2692 1362 2945 1431; x_wconf 85' lang='lat' dir='ltr'><strong>suscepit,</strong></span> <span class='ocrx_word' id='word_1_194' title='bbox 2970 1363 3064 1416; x_wconf 86' lang='lat' dir='ltr'><strong>sed</strong></span> <span class='ocrx_word' id='word_1_195' title='bbox 3086 1363 3190 1417; x_wconf 86' lang='lat' dir='ltr'><strong>alia</strong></span> <span class='ocrx_word' id='word_1_196' title='bbox 3217 1379 3368 1433; x_wconf 75' lang='lat' dir='ltr'><strong>super</strong></span> <span class='ocrx_word' id='word_1_197' title='bbox 3385 1365 3499 1418; x_wconf 64' lang='lat' dir='ltr'><strong>tusa</strong></span> 
     </span>
    </p>
   </div>
   <div class='ocr_carea' id='block_1_29' title="bbox 1919 1440 3501 1523">
    <p class='ocr_par' dir='ltr' id='par_1_29' title="bbox 1919 1440 3501 1523">
     <span class='ocr_line' id='line_1_29' title="bbox 1919 1440 3501 1523; baseline 0.003 -19"><span class='ocrx_word' id='word_1_198' title='bbox 1919 1461 2290 1520; x_wconf 88' lang='lat' dir='ltr'><strong>corrumpunt.</strong></span> <span class='ocrx_word' id='word_1_199' title='bbox 2338 1452 2477 1506; x_wconf 80' lang='lat' dir='ltr'><strong>Nihil</strong></span> <span class='ocrx_word' id='word_1_200' title='bbox 2513 1462 2707 1507; x_wconf 72' lang='lat' dir='ltr'><strong>vestrae</strong></span> <span class='ocrx_word' id='word_1_201' title='bbox 2738 1440 2979 1523; x_wconf 73' lang='lat' dir='ltr'><strong>simplici</strong></span> <span class='ocrx_word' id='word_1_202' title='bbox 3020 1456 3141 1509; x_wconf 86' lang='lat' dir='ltr'><strong>ﬁdei</strong></span> <span class='ocrx_word' id='word_1_203' title='bbox 3176 1457 3366 1509; x_wconf 87' lang='lat' dir='ltr'><strong>messis</strong></span> <span class='ocrx_word' id='word_1_204' title='bbox 3397 1456 3501 1508; x_wconf 88' lang='lat' dir='ltr'><strong>Do-</strong></span> 
     </span>
    </p>
   </div>
   <div class='ocr_carea' id='block_1_30' title="bbox 1923 1542 3501 1613">
    <p class='ocr_par' dir='ltr' id='par_1_30' title="bbox 1923 1542 3501 1613">
     <span class='ocr_line' id='line_1_30' title="bbox 1923 1542 3501 1613; baseline 0.002 -17"><span class='ocrx_word' id='word_1_205' title='bbox 1923 1542 2049 1596; x_wconf 85' lang='lat' dir='ltr'><strong>mini</strong></span> <span class='ocrx_word' id='word_1_206' title='bbox 2102 1543 2297 1610; x_wconf 80' lang='lat' dir='ltr'><strong>p0!crit</strong></span> <span class='ocrx_word' id='word_1_207' title='bbox 2341 1543 2624 1611; x_wconf 85' lang='lat' dir='ltr'><strong>imputare,</strong></span> <span class='ocrx_word' id='word_1_208' title='bbox 2655 1544 2744 1613; x_wconf 92' lang='lat' dir='ltr'><strong>qui</strong></span> <span class='ocrx_word' id='word_1_209' title='bbox 2791 1544 2842 1597; x_wconf 93' lang='lat' dir='ltr'><strong>iu</strong></span> <span class='ocrx_word' id='word_1_210' title='bbox 2895 1545 3187 1613; x_wconf 75' lang='lat' dir='ltr'><strong>Evangelio</strong></span> <span class='ocrx_word' id='word_1_211' title='bbox 3227 1557 3501 1600; x_wconf 83' lang='lat' dir='ltr'><strong>auctorem</strong></span> 
     </span>
    </p>
   </div>
   <div class='ocr_carea' id='block_1_31' title="bbox 1922 1633 3499 1703">
    <p class='ocr_par' dir='ltr' id='par_1_31' title="bbox 1922 1633 3499 1703">
     <span class='ocr_line' id='line_1_31' title="bbox 1922 1633 3499 1703; baseline 0.002 -17"><span class='ocrx_word' id='word_1_212' title='bbox 1922 1635 2143 1687; x_wconf 68' lang='lat' dir='ltr'><strong>zizantaa</strong></span> <span class='ocrx_word' id='word_1_213' title='bbox 2177 1633 2535 1703; x_wconf 74' lang='lat' dir='ltr'><strong>interrogatus</strong></span> <span class='ocrx_word' id='word_1_214' title='bbox 2564 1635 2820 1687; x_wconf 76' lang='lat' dir='ltr'><strong>ostendit.</strong></span> <span class='ocrx_word' id='word_1_215' title='bbox 2863 1634 2940 1687; x_wconf 90' lang='lat' dir='ltr'><strong>Illi</strong></span> <span class='ocrx_word' id='word_1_216' title='bbox 2982 1644 3091 1688; x_wconf 89' lang='lat' dir='ltr'><strong>tum</strong></span> <span class='ocrx_word' id='word_1_217' title='bbox 3123 1635 3415 1690; x_wconf 86' lang='lat' dir='ltr'><strong>dixerunt:</strong></span> <span class='ocrx_word' id='word_1_218' title='bbox 3443 1637 3499 1690; x_wconf 90' lang='lat' dir='ltr'><strong>lu</strong></span> 
     </span>
    </p>
   </div>
   <div class='ocr_carea' id='block_1_32' title="bbox 1923 1713 3545 1797">
    <p class='ocr_par' dir='ltr' id='par_1_32' title="bbox 1923 1713 3545 1797">
     <span class='ocr_line' id='line_1_32' title="bbox 1923 1713 3545 1797; baseline -0.001 -16"><span class='ocrx_word' id='word_1_219' title='bbox 1923 1726 2066 1781; x_wconf 90' lang='lat' dir='ltr'><strong>bono</strong></span> <span class='ocrx_word' id='word_1_220' title='bbox 2092 1727 2297 1779; x_wconf 81' lang='lat' dir='ltr'><strong>semine</strong></span> <span class='ocrx_word' id='word_1_221' title='bbox 2328 1725 2470 1779; x_wconf 85' lang='lat' dir='ltr'><strong>unde</strong></span> <span class='ocrx_word' id='word_1_222' title='bbox 2502 1724 2702 1779; x_wconf 83' lang='lat' dir='ltr'><strong>zizania</strong></span> <span class='ocrx_word' id='word_1_223' title='bbox 2739 1724 2901 1796; x_wconf 83' lang='lat' dir='ltr'><strong>(Ibid.</strong></span> <span class='ocrx_word' id='word_1_224' title='bbox 2932 1725 3060 1797; x_wconf 73' lang='lat'><strong>27)?</strong></span> <span class='ocrx_word' id='word_1_225' title='bbox 3096 1741 3196 1780; x_wconf 91' lang='lat' dir='ltr'><strong>nos</strong></span> <span class='ocrx_word' id='word_1_226' title='bbox 3233 1727 3494 1781; x_wconf 61' lang='lat' dir='ltr'><strong>dicamus.</strong></span> <span class='ocrx_word' id='word_1_227' title='bbox 3540 1713 3545 1723; x_wconf 66' lang='grc'><strong>’</strong></span> 
     </span>
    </p>
   </div>
   <div class='ocr_carea' id='block_1_33' title="bbox 234 1804 3501 1891">
    <p class='ocr_par' dir='ltr' id='par_1_33' title="bbox 234 1804 3501 1891">
     <span class='ocr_line' id='line_1_33' title="bbox 234 1804 3501 1891; baseline 0.002 -30"><span class='ocrx_word' id='word_1_228' title='bbox 234 1805 662 1874; x_wconf 82' lang='lat' dir='ltr'><strong>triumpharunt.</strong></span> <span class='ocrx_word' id='word_1_229' title='bbox 703 1804 952 1860; x_wconf 71' lang='lat' dir='ltr'><strong>Victores</strong></span> <span class='ocrx_word' id='word_1_230' title='bbox 987 1819 1107 1869; x_wconf 77' lang='lat' dir='ltr'><strong>V08,</strong></span> <span class='ocrx_word' id='word_1_231' title='bbox 1145 1804 1307 1856; x_wconf 76' lang='lat' dir='ltr'><strong>immo</strong></span> <span class='ocrx_word' id='word_1_232' title='bbox 1343 1806 1645 1858; x_wconf 77' lang='lat' dir='ltr'><strong>commullis</strong></span> <span class='ocrx_word' id='word_1_233' title='bbox 1681 1805 1820 1873; x_wconf 64' lang='lat' dir='ltr'><strong>r9858</strong></span> <span class='ocrx_word' id='word_1_234' title='bbox 1854 1823 1896 1881; x_wconf 84' lang='grc' dir='ltr'><strong>Β</strong></span> <span class='ocrx_word' id='word_1_235' title='bbox 1927 1814 1980 1868; x_wconf 90' lang='lat' dir='ltr'><strong>lu</strong></span> <span class='ocrx_word' id='word_1_236' title='bbox 2030 1823 2174 1869; x_wconf 91' lang='lat' dir='ltr'><strong>tanto</strong></span> <span class='ocrx_word' id='word_1_237' title='bbox 2222 1829 2398 1891; x_wconf 86' lang='lat' dir='ltr'><strong>regno</strong></span> <span class='ocrx_word' id='word_1_238' title='bbox 2429 1813 2549 1867; x_wconf 88' lang='lat' dir='ltr'><strong>ﬁdei</strong></span> <span class='ocrx_word' id='word_1_239' title='bbox 2601 1813 2742 1867; x_wconf 91' lang='lat' dir='ltr'><strong>unde</strong></span> <span class='ocrx_word' id='word_1_240' title='bbox 2785 1814 3043 1883; x_wconf 79' lang='lat' dir='ltr'><strong>perﬁdia?</strong></span> <span class='ocrx_word' id='word_1_241' title='bbox 3094 1814 3501 1885; x_wconf 79' lang='lat' dir='ltr'><strong>Respondemus</strong></span> 
     </span>
    </p>
   </div>
   <div class='ocr_carea' id='block_1_34' title="bbox 234 1894 1817 1964">
    <p class='ocr_par' dir='ltr' id='par_1_34' title="bbox 234 1894 1817 1964">
     <span class='ocr_line' id='line_1_34' title="bbox 234 1894 1817 1964; baseline -0.001 -15"><span class='ocrx_word' id='word_1_242' title='bbox 234 1896 307 1949; x_wconf 75' lang='lat' dir='ltr'><strong>de</strong></span> <span class='ocrx_word' id='word_1_243' title='bbox 337 1895 495 1949; x_wconf 70' lang='lat' dir='ltr'><strong>hosm</strong></span> <span class='ocrx_word' id='word_1_244' title='bbox 521 1895 796 1949; x_wconf 71' lang='lat' dir='ltr'><strong>victoriam</strong></span> <span class='ocrx_word' id='word_1_245' title='bbox 824 1894 1062 1962; x_wconf 89' lang='lat' dir='ltr'><strong>loquitur</strong></span> <span class='ocrx_word' id='word_1_246' title='bbox 1093 1904 1352 1964; x_wconf 81' lang='lat' dir='ltr'><strong>tyrannus</strong></span> <span class='ocrx_word' id='word_1_247' title='bbox 1378 1894 1660 1959; x_wconf 88' lang='lat' dir='ltr'><strong>exclusus;</strong></span> <span class='ocrx_word' id='word_1_248' title='bbox 1689 1894 1817 1949; x_wconf 88' lang='lat' dir='ltr'><strong>vicit</strong></span> 
     </span>
    </p>
   </div>
   <div class='ocr_carea' id='block_1_35' title="bbox 236 1982 1814 2054">
    <p class='ocr_par' dir='ltr' id='par_1_35' title="bbox 236 1982 1814 2054">
     <span class='ocr_line' id='line_1_35' title="bbox 236 1982 1814 2054; baseline 0.002 -17"><span class='ocrx_word' id='word_1_249' title='bbox 236 1988 295 2039; x_wconf 87' lang='lat' dir='ltr'><strong>in</strong></span> <span class='ocrx_word' id='word_1_250' title='bbox 330 1985 503 2049; x_wconf 88' lang='lat' dir='ltr'><strong>vobis,</strong></span> <span class='ocrx_word' id='word_1_251' title='bbox 535 1984 690 2054; x_wconf 86' lang='lat' dir='ltr'><strong>cujus</strong></span> <span class='ocrx_word' id='word_1_252' title='bbox 727 1986 928 2038; x_wconf 89' lang='lat' dir='ltr'><strong>incerta</strong></span> <span class='ocrx_word' id='word_1_253' title='bbox 960 1982 1073 2036; x_wconf 84' lang='lat' dir='ltr'><strong>ﬁeri</strong></span> <span class='ocrx_word' id='word_1_254' title='bbox 1103 1984 1354 2037; x_wconf 82' lang='lat' dir='ltr'><strong>divinitas</strong></span> <span class='ocrx_word' id='word_1_255' title='bbox 1383 1986 1685 2054; x_wconf 87' lang='lat' dir='ltr'><strong>putabatur.</strong></span> <span class='ocrx_word' id='word_1_256' title='bbox 1714 1984 1814 2040; x_wconf 83' lang='lat' dir='ltr'><strong>Sc-</strong></span> 
     </span>
    </p>
   </div>
   <div class='ocr_carea' id='block_1_36' title="bbox 236 2074 1815 2145">
    <p class='ocr_par' dir='ltr' id='par_1_36' title="bbox 236 2074 1815 2145">
     <span class='ocr_line' id='line_1_36' title="bbox 236 2074 1815 2145; baseline 0.001 -15"><span class='ocrx_word' id='word_1_257' title='bbox 236 2085 463 2145; x_wconf 82' lang='lat' dir='ltr'><strong>paretur</strong></span> <span class='ocrx_word' id='word_1_258' title='bbox 492 2083 520 2112; x_wconf 77' lang='grc' dir='ltr'>ιι</span> <span class='ocrx_word' id='word_1_259' title='bbox 550 2075 825 2139; x_wconf 82' lang='lat' dir='ltr'><strong>nativitas,</strong></span> <span class='ocrx_word' id='word_1_260' title='bbox 856 2075 1209 2143; x_wconf 72' lang='lat' dir='ltr'><strong>qumstionem</strong></span> <span class='ocrx_word' id='word_1_261' title='bbox 1254 2074 1501 2138; x_wconf 79' lang='lat' dir='ltr'><strong>dixerim,</strong></span> <span class='ocrx_word' id='word_1_262' title='bbox 1527 2091 1686 2145; x_wconf 88' lang='lat' dir='ltr'><strong>quam</strong></span> <span class='ocrx_word' id='word_1_263' title='bbox 1714 2077 1815 2131; x_wconf 85' lang='lat' dir='ltr'><strong>sibi</strong></span> 
     </span>
    </p>
   </div>
   <div class='ocr_carea' id='block_1_37' title="bbox 232 2166 1815 2237">
    <p class='ocr_par' dir='ltr' id='par_1_37' title="bbox 232 2166 1815 2237">
     <span class='ocr_line' id='line_1_37' title="bbox 232 2166 1815 2237; baseline 0 -16"><span class='ocrx_word' id='word_1_264' title='bbox 232 2167 607 2237; x_wconf 87' lang='lat' dir='ltr'><strong>unusquisque</strong></span> <span class='ocrx_word' id='word_1_265' title='bbox 637 2167 777 2222; x_wconf 89' lang='lat' dir='ltr'><strong>bene</strong></span> <span class='ocrx_word' id='word_1_266' title='bbox 800 2166 1030 2222; x_wconf 89' lang='lat' dir='ltr'><strong>credens</strong></span> <span class='ocrx_word' id='word_1_267' title='bbox 1058 2169 1219 2223; x_wconf 84' lang='lat' dir='ltr'><strong>debet</strong></span> <span class='ocrx_word' id='word_1_268' title='bbox 1246 2168 1561 2237; x_wconf 83' lang='lat' dir='ltr'><strong>simpliciter</strong></span> <span class='ocrx_word' id='word_1_269' title='bbox 1584 2169 1815 2236; x_wconf 83' lang='lat' dir='ltr'><strong>aperire.</strong></span> 
     </span>
    </p>
   </div>
   <div class='ocr_carea' id='block_1_38' title="bbox 230 2257 1819 2326">
    <p class='ocr_par' dir='ltr' id='par_1_38' title="bbox 230 2257 1819 2326">
     <span class='ocr_line' id='line_1_38' title="bbox 230 2257 1819 2326; baseline 0.001 -15"><span class='ocrx_word' id='word_1_270' title='bbox 230 2259 367 2326; x_wconf 82' lang='lat' dir='ltr'><strong>Quis</strong></span> <span class='ocrx_word' id='word_1_271' title='bbox 397 2260 541 2312; x_wconf 89' lang='lat' dir='ltr'><strong>enim</strong></span> <span class='ocrx_word' id='word_1_272' title='bbox 569 2258 636 2312; x_wconf 88' lang='lat' dir='ltr'><strong>ad</strong></span> <span class='ocrx_word' id='word_1_273' title='bbox 665 2271 901 2312; x_wconf 80' lang='lat' dir='ltr'><strong>examen</strong></span> <span class='ocrx_word' id='word_1_274' title='bbox 931 2272 1125 2312; x_wconf 85' lang='lat' dir='ltr'><strong>vocare</strong></span> <span class='ocrx_word' id='word_1_275' title='bbox 1149 2257 1344 2312; x_wconf 85' lang='lat' dir='ltr'><strong>audeat</strong></span> <span class='ocrx_word' id='word_1_276' title='bbox 1378 2259 1563 2321; x_wconf 87' lang='lat' dir='ltr'><strong>Deum,</strong></span> <span class='ocrx_word' id='word_1_277' title='bbox 1588 2272 1819 2325; x_wconf 80' lang='lat' dir='ltr'><strong>eumque</strong></span> 
     </span>
    </p>
   </div>
   <div class='ocr_carea' id='block_1_39' title="bbox 230 2348 1819 2417">
    <p class='ocr_par' dir='ltr' id='par_1_39' title="bbox 230 2348 1819 2417">
     <span class='ocr_line' id='line_1_39' title="bbox 230 2348 1819 2417; baseline -0.001 -12"><span class='ocrx_word' id='word_1_278' title='bbox 230 2352 508 2405; x_wconf 85' lang='lat' dir='ltr'><strong>discutere</strong></span> <span class='ocrx_word' id='word_1_279' title='bbox 541 2350 772 2417; x_wconf 83' lang='lat' dir='ltr'><strong>qualiter</strong></span> <span class='ocrx_word' id='word_1_280' title='bbox 799 2349 1007 2404; x_wconf 88' lang='lat' dir='ltr'><strong>venerit</strong></span> <span class='ocrx_word' id='word_1_281' title='bbox 1042 2350 1369 2404; x_wconf 75' lang='lat' dir='ltr'><strong>subvenire?</strong></span> <span class='ocrx_word' id='word_1_282' title='bbox 1400 2348 1516 2403; x_wconf 85' lang='lat' dir='ltr'><strong>Non</strong></span> <span class='ocrx_word' id='word_1_283' title='bbox 1550 2350 1651 2403; x_wconf 76' lang='lat' dir='ltr'><strong>fuit</strong></span> <span class='ocrx_word' id='word_1_284' title='bbox 1682 2350 1819 2403; x_wconf 87' lang='lat' dir='ltr'><strong>dilﬁ-</strong></span> 
     </span>
    </p>
   </div>
   <div class='ocr_carea' id='block_1_40' title="bbox 230 2440 1823 2511">
    <p class='ocr_par' dir='ltr' id='par_1_40' title="bbox 230 2440 1823 2511">
     <span class='ocr_line' id='line_1_40' title="bbox 230 2440 1823 2511; baseline 0.001 -18"><span class='ocrx_word' id='word_1_285' title='bbox 230 2443 340 2498; x_wconf 72' lang='lat' dir='ltr'><strong>rite</strong></span> <span class='ocrx_word' id='word_1_286' title='bbox 366 2442 480 2496; x_wconf 84' lang='lat' dir='ltr'><strong>Deo</strong></span> <span class='ocrx_word' id='word_1_287' title='bbox 504 2455 665 2511; x_wconf 82' lang='lat' dir='ltr'><strong>posse</strong></span> <span class='ocrx_word' id='word_1_288' title='bbox 689 2440 833 2511; x_wconf 88' lang='lat' dir='ltr'><strong>quod</strong></span> <span class='ocrx_word' id='word_1_289' title='bbox 856 2440 1045 2507; x_wconf 89' lang='lat' dir='ltr'><strong>voluit,</strong></span> <span class='ocrx_word' id='word_1_290' title='bbox 1069 2454 1191 2493; x_wconf 91' lang='lat' dir='ltr'><strong>cum</strong></span> <span class='ocrx_word' id='word_1_291' title='bbox 1214 2440 1463 2509; x_wconf 88' lang='lat' dir='ltr'><strong>dignatus</strong></span> <span class='ocrx_word' id='word_1_292' title='bbox 1490 2450 1571 2495; x_wconf 88' lang='lat' dir='ltr'><strong>est</strong></span> <span class='ocrx_word' id='word_1_293' title='bbox 1595 2442 1823 2495; x_wconf 84' lang='lat' dir='ltr'><strong>liberare</strong></span> 
     </span>
    </p>
   </div>
   <div class='ocr_carea' id='block_1_41' title="bbox 231 2531 1824 2605">
    <p class='ocr_par' dir='ltr' id='par_1_41' title="bbox 231 2531 1824 2605">
     <span class='ocr_line' id='line_1_41' title="bbox 231 2531 1824 2605; baseline -0.002 -15"><span class='ocrx_word' id='word_1_294' title='bbox 231 2536 329 2605; x_wconf 87' lang='lat' dir='ltr'><strong>qui</strong></span> <span class='ocrx_word' id='word_1_295' title='bbox 371 2535 566 2605; x_wconf 90' lang='lat' dir='ltr'><strong>potuit.</strong></span> <span class='ocrx_word' id='word_1_296' title='bbox 598 2533 707 2589; x_wconf 84' lang='lat' dir='ltr'><strong>Sed</strong></span> <span class='ocrx_word' id='word_1_297' title='bbox 739 2531 880 2587; x_wconf 88' lang='lat' dir='ltr'><strong>unde</strong></span> <span class='ocrx_word' id='word_1_298' title='bbox 910 2531 987 2586; x_wconf 91' lang='lat' dir='ltr'><strong>illi</strong></span> <span class='ocrx_word' id='word_1_299' title='bbox 1017 2532 1287 2602; x_wconf 87' lang='lat' dir='ltr'><strong>peccatori</strong></span> <span class='ocrx_word' id='word_1_300' title='bbox 1330 2532 1382 2585; x_wconf 91' lang='lat' dir='ltr'><strong>in</strong></span> <span class='ocrx_word' id='word_1_301' title='bbox 1415 2538 1565 2586; x_wconf 88' lang='lat' dir='ltr'><strong>tanta</strong></span> <span class='ocrx_word' id='word_1_302' title='bbox 1594 2532 1824 2601; x_wconf 73' lang='lat' dir='ltr'><strong>caligine</strong></span> 
     </span>
    </p>
   </div>
   <div class='ocr_carea' id='block_1_42' title="bbox 232 2622 1823 2693">
    <p class='ocr_par' dir='ltr' id='par_1_42' title="bbox 232 2622 1823 2693">
     <span class='ocr_line' id='line_1_42' title="bbox 232 2622 1823 2693; baseline -0.003 -11"><span class='ocrx_word' id='word_1_303' title='bbox 232 2640 335 2682; x_wconf 76' lang='lat' dir='ltr'><strong>sua</strong></span> <span class='ocrx_word' id='word_1_304' title='bbox 382 2627 565 2681; x_wconf 88' lang='lat' dir='ltr'><strong>lumen</strong></span> <span class='ocrx_word' id='word_1_305' title='bbox 596 2624 623 2664; x_wconf 70' lang='grc' dir='ltr'>δ</span> <span class='ocrx_word' id='word_1_306' title='bbox 654 2639 759 2679; x_wconf 91' lang='lat' dir='ltr'><strong>non</strong></span> <span class='ocrx_word' id='word_1_307' title='bbox 797 2623 1023 2680; x_wconf 76' lang='lat' dir='ltr'><strong>videret</strong></span> <span class='ocrx_word' id='word_1_308' title='bbox 1061 2622 1205 2678; x_wconf 88' lang='lat' dir='ltr'><strong>unde</strong></span> <span class='ocrx_word' id='word_1_309' title='bbox 1242 2623 1472 2678; x_wconf 85' lang='lat' dir='ltr'><strong>terrenis</strong></span> <span class='ocrx_word' id='word_1_310' title='bbox 1511 2623 1732 2693; x_wconf 81' lang='lat' dir='ltr'><strong>argutiis</strong></span> <span class='ocrx_word' id='word_1_311' title='bbox 1770 2624 1823 2678; x_wconf 88' lang='lat' dir='ltr'><strong>in</strong></span> 
     </span>
    </p>
   </div>
   <div class='ocr_carea' id='block_1_43' title="bbox 234 2716 1823 2788">
    <p class='ocr_par' dir='ltr' id='par_1_43' title="bbox 234 2716 1823 2788">
     <span class='ocr_line' id='line_1_43' title="bbox 234 2716 1823 2788; baseline -0.002 -14"><span class='ocrx_word' id='word_1_312' title='bbox 234 2718 615 2788; x_wconf 80' lang='lat' dir='ltr'><strong>superioribus</strong></span> <span class='ocrx_word' id='word_1_313' title='bbox 660 2717 887 2787; x_wconf 77' lang='lat' dir='ltr'><strong>positam</strong></span> <span class='ocrx_word' id='word_1_314' title='bbox 935 2716 1191 2787; x_wconf 78' lang='lat' dir='ltr'><strong>colligere</strong></span> <span class='ocrx_word' id='word_1_315' title='bbox 1235 2716 1557 2771; x_wconf 75' lang='lat' dir='ltr'><strong>veritatem?</strong></span> <span class='ocrx_word' id='word_1_316' title='bbox 1601 2716 1727 2771; x_wconf 81' lang='lat' dir='ltr'><strong>llaec</strong></span> <span class='ocrx_word' id='word_1_317' title='bbox 1770 2717 1823 2771; x_wconf 91' lang='lat' dir='ltr'><strong>in</strong></span> 
     </span>
    </p>
   </div>
   <div class='ocr_carea' id='block_1_44' title="bbox 238 2807 1826 2878">
    <p class='ocr_par' dir='ltr' id='par_1_44' title="bbox 238 2807 1826 2878">
     <span class='ocr_line' id='line_1_44' title="bbox 238 2807 1826 2878; baseline 0 -14"><span class='ocrx_word' id='word_1_318' title='bbox 238 2809 483 2864; x_wconf 85' lang='lat' dir='ltr'><strong>tenebris</strong></span> <span class='ocrx_word' id='word_1_319' title='bbox 512 2809 625 2863; x_wconf 88' lang='lat' dir='ltr'><strong>suis</strong></span> <span class='ocrx_word' id='word_1_320' title='bbox 655 2808 840 2863; x_wconf 89' lang='lat' dir='ltr'><strong>videre</strong></span> <span class='ocrx_word' id='word_1_321' title='bbox 871 2821 978 2862; x_wconf 94' lang='lat' dir='ltr'><strong>non</strong></span> <span class='ocrx_word' id='word_1_322' title='bbox 1009 2815 1257 2877; x_wconf 87' lang='lat' dir='ltr'><strong>possunt,</strong></span> <span class='ocrx_word' id='word_1_323' title='bbox 1287 2808 1376 2878; x_wconf 89' lang='lat' dir='ltr'><strong>qui</strong></span> <span class='ocrx_word' id='word_1_324' title='bbox 1414 2807 1649 2864; x_wconf 71' lang='lat' dir='ltr'><strong>lucerna:</strong></span> <span class='ocrx_word' id='word_1_325' title='bbox 1681 2808 1826 2864; x_wconf 87' lang='lat' dir='ltr'><strong>illius</strong></span> 
     </span>
    </p>
   </div>
   <div class='ocr_carea' id='block_1_45' title="bbox 238 2899 1826 2969">
    <p class='ocr_par' dir='ltr' id='par_1_45' title="bbox 238 2899 1826 2969">
     <span class='ocr_line' id='line_1_45' title="bbox 238 2899 1826 2969; baseline 0.001 -16"><span class='ocrx_word' id='word_1_326' title='bbox 238 2900 464 2955; x_wconf 83' lang='lat' dir='ltr'><strong>verbum</strong></span> <span class='ocrx_word' id='word_1_327' title='bbox 494 2901 759 2965; x_wconf 80' lang='lat' dir='ltr'><strong>nesciunt,</strong></span> <span class='ocrx_word' id='word_1_328' title='bbox 782 2899 926 2969; x_wconf 85' lang='lat' dir='ltr'><strong>quod</strong></span> <span class='ocrx_word' id='word_1_329' title='bbox 946 2913 1067 2955; x_wconf 86' lang='lat' dir='ltr'><strong>esse</strong></span> <span class='ocrx_word' id='word_1_330' title='bbox 1091 2900 1270 2954; x_wconf 88' lang='lat' dir='ltr'><strong>lumen</strong></span> <span class='ocrx_word' id='word_1_331' title='bbox 1293 2900 1503 2955; x_wconf 85' lang='lat' dir='ltr'><strong>semitis</strong></span> <span class='ocrx_word' id='word_1_332' title='bbox 1523 2901 1636 2955; x_wconf 88' lang='lat' dir='ltr'><strong>suis</strong></span> <span class='ocrx_word' id='word_1_333' title='bbox 1662 2900 1826 2955; x_wconf 83' lang='lat' dir='ltr'><strong>David</strong></span> 
     </span>
    </p>
   </div>
   <div class='ocr_carea' id='block_1_46' title="bbox 239 2987 1826 3061">
    <p class='ocr_par' dir='ltr' id='par_1_46' title="bbox 239 2987 1826 3061">
     <span class='ocr_line' id='line_1_46' title="bbox 239 2987 1826 3061; baseline 0 -17"><span class='ocrx_word' id='word_1_334' title='bbox 239 2992 501 3061; x_wconf 82' lang='lat' dir='ltr'><strong>propheta</strong></span> <span class='ocrx_word' id='word_1_335' title='bbox 557 2998 787 3044; x_wconf 86' lang='lat' dir='ltr'><strong>testatur</strong></span> <span class='ocrx_word' id='word_1_336' title='bbox 838 2987 1018 3061; x_wconf 70' lang='lat' dir='ltr'><strong>(Ptol.</strong></span> <span class='ocrx_word' id='word_1_337' title='bbox 1077 3004 1263 3055; x_wconf 83' lang='lat' dir='ltr'><strong>cxvtu,</strong></span> <span class='ocrx_word' id='word_1_338' title='bbox 1321 2989 1477 3059; x_wconf 78' lang='lat' dir='ltr'><strong>l05).</strong></span> <span class='ocrx_word' id='word_1_339' title='bbox 1533 2989 1665 3043; x_wconf 88' lang='lat' dir='ltr'><strong>Cum</strong></span> <span class='ocrx_word' id='word_1_340' title='bbox 1719 3005 1826 3059; x_wconf 80' lang='lat' dir='ltr'><strong>quo</strong></span> 
     </span>
    </p>
   </div>
   <div class='ocr_carea' id='block_1_47' title="bbox 245 3080 1829 3153">
    <p class='ocr_par' dir='ltr' id='par_1_47' title="bbox 245 3080 1829 3153">
     <span class='ocr_line' id='line_1_47' title="bbox 245 3080 1829 3153; baseline -0.003 -15"><span class='ocrx_word' id='word_1_341' title='bbox 245 3096 268 3122; x_wconf 75' lang='grc' dir='ltr'>ε</span> <span class='ocrx_word' id='word_1_342' title='bbox 296 3082 721 3153; x_wconf 83' lang='lat' dir='ltr'><strong>psalmigrapho,</strong></span> <span class='ocrx_word' id='word_1_343' title='bbox 744 3091 801 3137; x_wconf 88' lang='lat' dir='ltr'><strong>ut</strong></span> <span class='ocrx_word' id='word_1_344' title='bbox 825 3095 988 3151; x_wconf 80' lang='lat' dir='ltr'><strong>supra</strong></span> <span class='ocrx_word' id='word_1_345' title='bbox 1016 3080 1273 3149; x_wconf 80' lang='lat' dir='ltr'><strong>diximus,</strong></span> <span class='ocrx_word' id='word_1_346' title='bbox 1301 3091 1528 3137; x_wconf 87' lang='lat' dir='ltr'><strong>matrem</strong></span> <span class='ocrx_word' id='word_1_347' title='bbox 1557 3081 1829 3135; x_wconf 73' lang='lat' dir='ltr'><strong>ltctantem</strong></span> 
     </span>
    </p>
   </div>
   <div class='ocr_carea' id='block_1_48' title="bbox 1919 1901 3503 1969">
    <p class='ocr_par' dir='ltr' id='par_1_48' title="bbox 1919 1901 3503 1969">
     <span class='ocr_line' id='line_1_48' title="bbox 1919 1901 3503 1969; baseline -0.001 -12"><span class='ocrx_word' id='word_1_348' title='bbox 1919 1912 2094 1958; x_wconf 86' lang='lat' dir='ltr'><strong>tamen</strong></span> <span class='ocrx_word' id='word_1_349' title='bbox 2125 1903 2277 1958; x_wconf 86' lang='lat' dir='ltr'><strong>vobis</strong></span> <span class='ocrx_word' id='word_1_350' title='bbox 2315 1902 2657 1957; x_wconf 85' lang='lat' dir='ltr'><strong>sermonibus</strong></span> <span class='ocrx_word' id='word_1_351' title='bbox 2684 1901 2913 1969; x_wconf 75' lang='lat' dir='ltr'><strong>Christi,</strong></span> <span class='ocrx_word' id='word_1_352' title='bbox 2944 1903 3115 1957; x_wconf 82' lang='lat' dir='ltr'><strong>Homo</strong></span> <span class='ocrx_word' id='word_1_353' title='bbox 3148 1905 3381 1957; x_wconf 87' lang='lat' dir='ltr'><strong>inimicus</strong></span> <span class='ocrx_word' id='word_1_354' title='bbox 3405 1904 3503 1957; x_wconf 78' lang='lat' dir='ltr'><strong>hoc</strong></span> 
     </span>
    </p>
   </div>
   <div class='ocr_carea' id='block_1_49' title="bbox 1918 1991 3508 2065">
    <p class='ocr_par' dir='ltr' id='par_1_49' title="bbox 1918 1991 3508 2065">
     <span class='ocr_line' id='line_1_49' title="bbox 1918 1991 3508 2065; baseline 0.001 -18"><span class='ocrx_word' id='word_1_355' title='bbox 1918 1995 2036 2065; x_wconf 79' lang='lat' dir='ltr'><strong>fecit</strong></span> <span class='ocrx_word' id='word_1_356' title='bbox 2063 1993 2228 2065; x_wconf 83' lang='lat' dir='ltr'><strong>(Ibid.</strong></span> <span class='ocrx_word' id='word_1_357' title='bbox 2273 1991 2391 2061; x_wconf 73' lang='lat'><strong>28).</strong></span> <span class='ocrx_word' id='word_1_358' title='bbox 2434 1992 2678 2058; x_wconf 83' lang='lat' dir='ltr'><strong>Qualiter</strong></span> <span class='ocrx_word' id='word_1_359' title='bbox 2709 2008 2805 2047; x_wconf 85' lang='lat' dir='ltr'><strong>vos</strong></span> <span class='ocrx_word' id='word_1_360' title='bbox 2844 1994 3084 2049; x_wconf 86' lang='lat' dir='ltr'><strong>exercuit</strong></span> <span class='ocrx_word' id='word_1_361' title='bbox 3128 1994 3363 2063; x_wconf 85' lang='lat' dir='ltr'><strong>priorum</strong></span> <span class='ocrx_word' id='word_1_362' title='bbox 3412 2010 3508 2063; x_wconf 83' lang='lat' dir='ltr'><strong>pa-</strong></span> 
     </span>
    </p>
   </div>
   <div class='ocr_carea' id='block_1_50' title="bbox 1918 2084 3496 2152">
    <p class='ocr_par' dir='ltr' id='par_1_50' title="bbox 1918 2084 3496 2152">
     <span class='ocr_line' id='line_1_50' title="bbox 1918 2084 3496 2152; baseline 0.001 -12"><span class='ocrx_word' id='word_1_363' title='bbox 1918 2085 2097 2140; x_wconf 67' lang='lat' dir='ltr'><strong>laestra</strong></span> <span class='ocrx_word' id='word_1_364' title='bbox 2133 2084 2447 2152; x_wconf 89' lang='lat' dir='ltr'><strong>doctorum,</strong></span> <span class='ocrx_word' id='word_1_365' title='bbox 2488 2084 2745 2140; x_wconf 79' lang='lat' dir='ltr'><strong>fortitudo</strong></span> <span class='ocrx_word' id='word_1_366' title='bbox 2783 2097 2979 2140; x_wconf 71' lang='lat' dir='ltr'><strong>vestrm</strong></span> <span class='ocrx_word' id='word_1_367' title='bbox 3014 2088 3211 2141; x_wconf 79' lang='lat' dir='ltr'><strong>mentis</strong></span> <span class='ocrx_word' id='word_1_368' title='bbox 3248 2088 3496 2142; x_wconf 81' lang='lat' dir='ltr'><strong>astruxit.</strong></span> 
     </span>
    </p>
   </div>
   <div class='ocr_carea' id='block_1_51' title="bbox 1920 2173 3500 2246">
    <p class='ocr_par' dir='ltr' id='par_1_51' title="bbox 1920 2173 3500 2246">
     <span class='ocr_line' id='line_1_51' title="bbox 1920 2173 3500 2246; baseline -0.001 -17"><span class='ocrx_word' id='word_1_369' title='bbox 1920 2176 2055 2246; x_wconf 78' lang='lat' dir='ltr'><strong>Ipsis</strong></span> <span class='ocrx_word' id='word_1_370' title='bbox 2086 2174 2106 2213; x_wconf 75' lang='grc' dir='ltr'><strong>ί</strong></span> <span class='ocrx_word' id='word_1_371' title='bbox 2136 2174 2461 2245; x_wconf 74' lang='lat' dir='ltr'><strong>agnitionem</strong></span> <span class='ocrx_word' id='word_1_372' title='bbox 2486 2174 2693 2229; x_wconf 89' lang='lat' dir='ltr'><strong>debetis</strong></span> <span class='ocrx_word' id='word_1_373' title='bbox 2720 2173 2876 2243; x_wconf 89' lang='lat' dir='ltr'><strong>hujus</strong></span> <span class='ocrx_word' id='word_1_374' title='bbox 2903 2178 3129 2241; x_wconf 85' lang='lat' dir='ltr'><strong>erroris,</strong></span> <span class='ocrx_word' id='word_1_375' title='bbox 3157 2192 3381 2245; x_wconf 88' lang='lat' dir='ltr'><strong>quorum</strong></span> <span class='ocrx_word' id='word_1_376' title='bbox 3413 2175 3500 2229; x_wconf 86' lang='lat' dir='ltr'><strong>hic</strong></span> 
     </span>
    </p>
   </div>
   <div class='ocr_carea' id='block_1_52' title="bbox 1921 2262 3494 2336">
    <p class='ocr_par' dir='ltr' id='par_1_52' title="bbox 1921 2262 3494 2336">
     <span class='ocr_line' id='line_1_52' title="bbox 1921 2262 3494 2336; baseline 0.003 -18"><span class='ocrx_word' id='word_1_377' title='bbox 1921 2263 2172 2334; x_wconf 86' lang='lat' dir='ltr'><strong>indignus</strong></span> <span class='ocrx_word' id='word_1_378' title='bbox 2223 2264 2469 2319; x_wconf 83' lang='lat' dir='ltr'><strong>laudibus</strong></span> <span class='ocrx_word' id='word_1_379' title='bbox 2514 2262 2635 2318; x_wconf 82' lang='lat' dir='ltr'><strong>fuit.</strong></span> <span class='ocrx_word' id='word_1_380' title='bbox 2667 2262 2769 2331; x_wconf 86' lang='lat' dir='ltr'><strong>Qui</strong></span> <span class='ocrx_word' id='word_1_381' title='bbox 2802 2264 2935 2318; x_wconf 88' lang='lat' dir='ltr'><strong>bona</strong></span> <span class='ocrx_word' id='word_1_382' title='bbox 2977 2275 3082 2319; x_wconf 89' lang='lat' dir='ltr'><strong>tam</strong></span> <span class='ocrx_word' id='word_1_383' title='bbox 3120 2267 3353 2336; x_wconf 86' lang='lat' dir='ltr'><strong>gloriosa</strong></span> <span class='ocrx_word' id='word_1_384' title='bbox 3402 2268 3494 2322; x_wconf 86' lang='lat' dir='ltr'><strong>de-</strong></span> 
     </span>
    </p>
   </div>
   <div class='ocr_carea' id='block_1_53' title="bbox 1920 2354 3498 2429">
    <p class='ocr_par' dir='ltr' id='par_1_53' title="bbox 1920 2354 3498 2429">
     <span class='ocr_line' id='line_1_53' title="bbox 1920 2354 3498 2429; baseline -0.001 -20"><span class='ocrx_word' id='word_1_385' title='bbox 1920 2358 2113 2426; x_wconf 87' lang='lat' dir='ltr'><strong>spexit,</strong></span> <span class='ocrx_word' id='word_1_386' title='bbox 2160 2371 2265 2410; x_wconf 90' lang='lat' dir='ltr'><strong>non</strong></span> <span class='ocrx_word' id='word_1_387' title='bbox 2308 2365 2334 2404; x_wconf 77' lang='lat'><strong><em>8</em></strong></span> <span class='ocrx_word' id='word_1_388' title='bbox 2368 2355 2561 2424; x_wconf 90' lang='lat' dir='ltr'><strong>partim</strong></span> <span class='ocrx_word' id='word_1_389' title='bbox 2610 2354 2873 2409; x_wconf 82' lang='lat' dir='ltr'><strong>columbae</strong></span> <span class='ocrx_word' id='word_1_390' title='bbox 2911 2355 3238 2425; x_wconf 88' lang='lat' dir='ltr'><strong>simplicitati</strong></span> <span class='ocrx_word' id='word_1_391' title='bbox 3280 2356 3498 2429; x_wconf 76' lang='lat' dir='ltr'><strong>(Matth.</strong></span> 
     </span>
    </p>
   </div>
   <div class='ocr_carea' id='block_1_54' title="bbox 1920 2444 3240 2517">
    <p class='ocr_par' dir='ltr' id='par_1_54' title="bbox 1920 2444 3240 2517">
     <span class='ocr_line' id='line_1_54' title="bbox 1920 2444 3240 2517; baseline 0.001 -17"><span class='ocrx_word' id='word_1_392' title='bbox 1920 2462 1974 2511; x_wconf 83' lang='lat' dir='ltr'><strong>x,</strong></span> <span class='ocrx_word' id='word_1_393' title='bbox 2000 2446 2109 2517; x_wconf 67' lang='lat'><strong>16),</strong></span> <span class='ocrx_word' id='word_1_394' title='bbox 2143 2447 2235 2501; x_wconf 89' lang='lat' dir='ltr'><strong>sed</strong></span> <span class='ocrx_word' id='word_1_395' title='bbox 2257 2447 2309 2501; x_wconf 89' lang='lat' dir='ltr'><strong>in</strong></span> <span class='ocrx_word' id='word_1_396' title='bbox 2344 2454 2455 2501; x_wconf 86' lang='lat' dir='ltr'><strong>toto</strong></span> <span class='ocrx_word' id='word_1_397' title='bbox 2481 2444 2687 2499; x_wconf 88' lang='lat' dir='ltr'><strong>studuit</strong></span> <span class='ocrx_word' id='word_1_398' title='bbox 2710 2446 2978 2514; x_wconf 88' lang='lat' dir='ltr'><strong>serpentis</strong></span> <span class='ocrx_word' id='word_1_399' title='bbox 3007 2446 3240 2502; x_wconf 69' lang='lat' dir='ltr'><strong>astutiae.</strong></span> 
     </span>
    </p>
   </div>
   <div class='ocr_carea' id='block_1_55' title="bbox 1991 2537 3486 2608">
    <p class='ocr_par' dir='ltr' id='par_1_55' title="bbox 1991 2537 3486 2608">
     <span class='ocr_line' id='line_1_55' title="bbox 1991 2537 3486 2608; baseline -0.001 -14"><span class='ocrx_word' id='word_1_400' title='bbox 1991 2540 2045 2595; x_wconf 81' lang='lat'><strong>3.</strong></span> <span class='ocrx_word' id='word_1_401' title='bbox 2088 2539 2195 2594; x_wconf 83' lang='lat' dir='ltr'><strong>Nec</strong></span> <span class='ocrx_word' id='word_1_402' title='bbox 2236 2539 2426 2593; x_wconf 87' lang='lat' dir='ltr'><strong>mirum</strong></span> <span class='ocrx_word' id='word_1_403' title='bbox 2472 2538 2516 2591; x_wconf 91' lang='lat' dir='ltr'><strong>si</strong></span> <span class='ocrx_word' id='word_1_404' title='bbox 2562 2551 2753 2606; x_wconf 77' lang='lat' dir='ltr'><strong>parans</strong></span> <span class='ocrx_word' id='word_1_405' title='bbox 2784 2537 3033 2593; x_wconf 82' lang='lat' dir='ltr'><strong>occidere</strong></span> <span class='ocrx_word' id='word_1_406' title='bbox 3064 2539 3339 2608; x_wconf 80' lang='lat' dir='ltr'><strong>simplices</strong></span> <span class='ocrx_word' id='word_1_407' title='bbox 3363 2542 3486 2593; x_wconf 88' lang='lat' dir='ltr'><strong>ani-</strong></span> 
     </span>
    </p>
   </div>
   <div class='ocr_carea' id='block_1_56' title="bbox 1923 2629 3489 2701">
    <p class='ocr_par' dir='ltr' id='par_1_56' title="bbox 1923 2629 3489 2701">
     <span class='ocr_line' id='line_1_56' title="bbox 1923 2629 3489 2701; baseline 0.001 -17"><span class='ocrx_word' id='word_1_408' title='bbox 1923 2644 2061 2697; x_wconf 91' lang='lat' dir='ltr'><strong>mos,</strong></span> <span class='ocrx_word' id='word_1_409' title='bbox 2091 2646 2213 2685; x_wconf 92' lang='lat' dir='ltr'><strong>eum</strong></span> <span class='ocrx_word' id='word_1_410' title='bbox 2262 2629 2544 2683; x_wconf 81' lang='lat' dir='ltr'><strong>suadendo</strong></span> <span class='ocrx_word' id='word_1_411' title='bbox 2581 2639 2800 2682; x_wconf 85' lang='lat' dir='ltr'><strong>secutus</strong></span> <span class='ocrx_word' id='word_1_412' title='bbox 2831 2629 3032 2698; x_wconf 88' lang='lat' dir='ltr'><strong>estqui</strong></span> <span class='ocrx_word' id='word_1_413' title='bbox 3063 2631 3338 2684; x_wconf 73' lang='lat' dir='ltr'><strong>suadendo</strong></span> <span class='ocrx_word' id='word_1_414' title='bbox 3381 2635 3489 2701; x_wconf 87' lang='lat' dir='ltr'><strong>pri-</strong></span> 
     </span>
    </p>
   </div>
   <div class='ocr_carea' id='block_1_57' title="bbox 1925 2720 3489 2793">
    <p class='ocr_par' dir='ltr' id='par_1_57' title="bbox 1925 2720 3489 2793">
     <span class='ocr_line' id='line_1_57' title="bbox 1925 2720 3489 2793; baseline 0.001 -18"><span class='ocrx_word' id='word_1_415' title='bbox 1925 2735 2043 2775; x_wconf 90' lang='lat' dir='ltr'><strong>mus</strong></span> <span class='ocrx_word' id='word_1_416' title='bbox 2070 2720 2288 2776; x_wconf 88' lang='lat' dir='ltr'><strong>occidit.</strong></span> <span class='ocrx_word' id='word_1_417' title='bbox 2317 2720 2557 2785; x_wconf 86' lang='lat' dir='ltr'><strong>Denique</strong></span> <span class='ocrx_word' id='word_1_418' title='bbox 2587 2720 2764 2774; x_wconf 88' lang='lat' dir='ltr'><strong>verbis</strong></span> <span class='ocrx_word' id='word_1_419' title='bbox 2789 2720 2938 2773; x_wconf 80' lang='lat' dir='ltr'><strong>illurn</strong></span> <span class='ocrx_word' id='word_1_420' title='bbox 2974 2720 3201 2790; x_wconf 76' lang='lat' dir='ltr'><strong>legimus</strong></span> <span class='ocrx_word' id='word_1_421' title='bbox 3240 2724 3489 2793; x_wconf 70' lang='lat' dir='ltr'><strong>decepis-</strong></span> 
     </span>
    </p>
   </div>
   <div class='ocr_carea' id='block_1_58' title="bbox 1925 2811 3493 2879">
    <p class='ocr_par' dir='ltr' id='par_1_58' title="bbox 1925 2811 3493 2879">
     <span class='ocr_line' id='line_1_58' title="bbox 1925 2811 3493 2879; baseline 0.001 -12"><span class='ocrx_word' id='word_1_422' title='bbox 1925 2826 1983 2867; x_wconf 87' lang='lat' dir='ltr'><strong>se</strong></span> <span class='ocrx_word' id='word_1_423' title='bbox 2010 2828 2026 2875; x_wconf 89' lang='lat'><strong>;</strong></span> <span class='ocrx_word' id='word_1_424' title='bbox 2060 2812 2144 2866; x_wconf 85' lang='lat' dir='ltr'><strong>hic</strong></span> <span class='ocrx_word' id='word_1_425' title='bbox 2175 2812 2377 2867; x_wconf 76' lang='lat' dir='ltr'><strong>inferre</strong></span> <span class='ocrx_word' id='word_1_426' title='bbox 2402 2826 2629 2864; x_wconf 89' lang='lat' dir='ltr'><strong>mortem</strong></span> <span class='ocrx_word' id='word_1_427' title='bbox 2661 2811 2871 2865; x_wconf 84' lang='lat' dir='ltr'><strong>nonnisi</strong></span> <span class='ocrx_word' id='word_1_428' title='bbox 2918 2826 3013 2879; x_wconf 82' lang='lat' dir='ltr'><strong>per</strong></span> <span class='ocrx_word' id='word_1_429' title='bbox 3057 2814 3214 2866; x_wconf 87' lang='lat' dir='ltr'><strong>verba</strong></span> <span class='ocrx_word' id='word_1_430' title='bbox 3246 2818 3493 2870; x_wconf 84' lang='lat' dir='ltr'><strong>tentavit.</strong></span> 
     </span>
    </p>
   </div>
   <div class='ocr_carea' id='block_1_59' title="bbox 1925 2904 3497 2981">
    <p class='ocr_par' dir='ltr' id='par_1_59' title="bbox 1925 2904 3497 2981">
     <span class='ocr_line' id='line_1_59' title="bbox 1925 2904 3497 2981; baseline 0 -23"><span class='ocrx_word' id='word_1_431' title='bbox 1925 2904 2041 2958; x_wconf 82' lang='lat' dir='ltr'><strong>Non</strong></span> <span class='ocrx_word' id='word_1_432' title='bbox 2087 2915 2292 2981; x_wconf 67' lang='lat' dir='ltr'><strong>tamen,</strong></span> <span class='ocrx_word' id='word_1_433' title='bbox 2323 2905 2541 2973; x_wconf 88' lang='lat' dir='ltr'><strong>impune</strong></span> <span class='ocrx_word' id='word_1_434' title='bbox 2593 2919 2749 2956; x_wconf 88' lang='lat' dir='ltr'><strong>suum</strong></span> <span class='ocrx_word' id='word_1_435' title='bbox 2800 2910 2884 2958; x_wconf 85' lang='lat' dir='ltr'><strong>est</strong></span> <span class='ocrx_word' id='word_1_436' title='bbox 2928 2913 3148 2959; x_wconf 83' lang='lat' dir='ltr'><strong>secutus</strong></span> <span class='ocrx_word' id='word_1_437' title='bbox 3194 2916 3497 2975; x_wconf 81' lang='lat' dir='ltr'><strong>auctorem,</strong></span> 
     </span>
    </p>
   </div>
   <div class='ocr_carea' id='block_1_60' title="bbox 1925 2989 3497 3065">
    <p class='ocr_par' dir='ltr' id='par_1_60' title="bbox 1925 2989 3497 3065">
     <span class='ocr_line' id='line_1_60' title="bbox 1925 2989 3497 3065; baseline 0.003 -19"><span class='ocrx_word' id='word_1_438' title='bbox 1925 2994 2138 3064; x_wconf 87' lang='lat' dir='ltr'><strong>quando</strong></span> <span class='ocrx_word' id='word_1_439' title='bbox 2165 2995 2317 3049; x_wconf 63' lang='lat' dir='ltr'><strong>ludat</strong></span> <span class='ocrx_word' id='word_1_440' title='bbox 2344 2989 2889 3062; x_wconf 64' lang='lat' dir='ltr'><strong>episcopatumhejus</strong></span> <span class='ocrx_word' id='word_1_441' title='bbox 2916 2995 3052 3049; x_wconf 86' lang='lat' dir='ltr'><strong>alter</strong></span> <span class='ocrx_word' id='word_1_442' title='bbox 3080 2998 3287 3065; x_wconf 81' lang='lat' dir='ltr'><strong>accepit</strong></span> <span class='ocrx_word' id='word_1_443' title='bbox 3306 2998 3441 3065; x_wconf 77' lang='lat' dir='ltr'><strong>(Art.</strong></span> <span class='ocrx_word' id='word_1_444' title='bbox 3459 3013 3497 3061; x_wconf 83' lang='grc' dir='ltr'><strong>ι,</strong></span> 
     </span>
    </p>
   </div>
   <div class='ocr_carea' id='block_1_61' title="bbox 1925 3086 3498 3163">
    <p class='ocr_par' dir='ltr' id='par_1_61' title="bbox 1925 3086 3498 3163">
     <span class='ocr_line' id='line_1_61' title="bbox 1925 3086 3498 3163; baseline 0.003 -22"><span class='ocrx_word' id='word_1_445' title='bbox 1925 3087 2039 3157; x_wconf 71' lang='lat'><strong>9.0).</strong></span> <span class='ocrx_word' id='word_1_446' title='bbox 2071 3086 2199 3141; x_wconf 66' lang='lat' dir='ltr'><strong>iure</strong></span> <span class='ocrx_word' id='word_1_447' title='bbox 2253 3095 2540 3151; x_wconf 88' lang='lat' dir='ltr'><strong>utrumque</strong></span> <span class='ocrx_word' id='word_1_448' title='bbox 2589 3095 2739 3163; x_wconf 87' lang='lat' dir='ltr'><strong>tenet</strong></span> <span class='ocrx_word' id='word_1_449' title='bbox 2784 3101 2889 3140; x_wconf 88' lang='lat' dir='ltr'><strong>una</strong></span> <span class='ocrx_word' id='word_1_450' title='bbox 2934 3089 3237 3153; x_wconf 87' lang='lat' dir='ltr'><strong>sententia;</strong></span> <span class='ocrx_word' id='word_1_451' title='bbox 3275 3092 3396 3159; x_wconf 84' lang='lat' dir='ltr'><strong>quia</strong></span> <span class='ocrx_word' id='word_1_452' title='bbox 3447 3096 3498 3147; x_wconf 89' lang='lat' dir='ltr'><strong>in</strong></span> 
     </span>
    </p>
   </div>
   <div class='ocr_carea' id='block_1_62' title="bbox 240 3170 3497 3246">
    <p class='ocr_par' dir='ltr' id='par_1_62' title="bbox 240 3170 3497 3246">
     <span class='ocr_line' id='line_1_62' title="bbox 240 3170 3497 3246; baseline 0.003 -19"><span class='ocrx_word' id='word_1_453' title='bbox 240 3175 293 3228; x_wconf 86' lang='lat' dir='ltr'><strong>in</strong></span> <span class='ocrx_word' id='word_1_454' title='bbox 320 3184 532 3229; x_wconf 76' lang='lat' dir='ltr'><strong>uterum</strong></span> <span class='ocrx_word' id='word_1_455' title='bbox 562 3186 741 3240; x_wconf 89' lang='lat' dir='ltr'><strong>suum,</strong></span> <span class='ocrx_word' id='word_1_456' title='bbox 772 3187 938 3241; x_wconf 87' lang='lat' dir='ltr'><strong>quem</strong></span> <span class='ocrx_word' id='word_1_457' title='bbox 961 3171 1244 3242; x_wconf 84' lang='lat' dir='ltr'><strong>dissipatio</strong></span> <span class='ocrx_word' id='word_1_458' title='bbox 1273 3172 1377 3227; x_wconf 90' lang='lat' dir='ltr'><strong>huc</strong></span> <span class='ocrx_word' id='word_1_459' title='bbox 1403 3186 1572 3241; x_wconf 81' lang='lat' dir='ltr'><strong>usque</strong></span> <span class='ocrx_word' id='word_1_460' title='bbox 1600 3170 1823 3226; x_wconf 83' lang='lat' dir='ltr'><strong>ridicula</strong></span> <span class='ocrx_word' id='word_1_461' title='bbox 1852 3185 1897 3245; x_wconf 69' lang='grc' dir='ltr'>ο</span> <span class='ocrx_word' id='word_1_462' title='bbox 1929 3193 2117 3241; x_wconf 88' lang='lat' dir='ltr'><strong>unum,</strong></span> <span class='ocrx_word' id='word_1_463' title='bbox 2142 3178 2281 3231; x_wconf 87' lang='lat' dir='ltr'><strong>sicut</strong></span> <span class='ocrx_word' id='word_1_464' title='bbox 2325 3177 2571 3243; x_wconf 81' lang='lat' dir='ltr'><strong>legimus,</strong></span> <span class='ocrx_word' id='word_1_465' title='bbox 2624 3177 2783 3229; x_wconf 85' lang='lat' dir='ltr'><strong>ambo</strong></span> <span class='ocrx_word' id='word_1_466' title='bbox 2827 3184 3208 3246; x_wconf 74' lang='lat' dir='ltr'><strong>peccaverunt.</strong></span> <span class='ocrx_word' id='word_1_467' title='bbox 3239 3180 3318 3235; x_wconf 77' lang='grc' dir='ltr'><strong>5η</strong></span> <span class='ocrx_word' id='word_1_468' title='bbox 3369 3183 3497 3236; x_wconf 84' lang='lat' dir='ltr'><strong>licet</strong></span> 
     </span>
    </p>
   </div>
   <div class='ocr_carea' id='block_1_63' title="bbox 242 3265 1823 3337">
    <p class='ocr_par' dir='ltr' id='par_1_63' title="bbox 242 3265 1823 3337">
     <span class='ocr_line' id='line_1_63' title="bbox 242 3265 1823 3337; baseline -0.001 -16"><span class='ocrx_word' id='word_1_469' title='bbox 242 3278 292 3321; x_wconf 82' lang='lat' dir='ltr'><strong>ct</strong></span> <span class='ocrx_word' id='word_1_470' title='bbox 338 3270 657 3337; x_wconf 84' lang='lat' dir='ltr'><strong>blasphema</strong></span> <span class='ocrx_word' id='word_1_471' title='bbox 695 3266 967 3329; x_wconf 83' lang='lat' dir='ltr'><strong>turbabat,</strong></span> <span class='ocrx_word' id='word_1_472' title='bbox 1008 3266 1246 3321; x_wconf 82' lang='lat' dir='ltr'><strong>reversis</strong></span> <span class='ocrx_word' id='word_1_473' title='bbox 1278 3265 1401 3319; x_wconf 90' lang='lat' dir='ltr'><strong>ﬁliis</strong></span> <span class='ocrx_word' id='word_1_474' title='bbox 1444 3266 1556 3319; x_wconf 84' lang='lat' dir='ltr'><strong>suis</strong></span> <span class='ocrx_word' id='word_1_475' title='bbox 1600 3272 1823 3320; x_wconf 85' lang='lat' dir='ltr'><strong>cantare</strong></span> 
     </span>
    </p>
   </div>
   <div class='ocr_carea' id='block_1_64' title="bbox 242 3357 1819 3429">
    <p class='ocr_par' dir='ltr' id='par_1_64' title="bbox 242 3357 1819 3429">
     <span class='ocr_line' id='line_1_64' title="bbox 242 3357 1819 3429; baseline -0.003 -14"><span class='ocrx_word' id='word_1_476' title='bbox 242 3361 473 3415; x_wconf 78' lang='lat' dir='ltr'><strong>delectat</strong></span> <span class='ocrx_word' id='word_1_477' title='bbox 499 3375 515 3415; x_wconf 90' lang='lat'><strong>:</strong></span> <span class='ocrx_word' id='word_1_478' title='bbox 546 3358 678 3412; x_wconf 78' lang='lat' dir='ltr'><strong>Ecce</strong></span> <span class='ocrx_word' id='word_1_479' title='bbox 701 3374 853 3429; x_wconf 69' lang='lat' dir='ltr'><strong>quam</strong></span> <span class='ocrx_word' id='word_1_480' title='bbox 884 3358 1071 3412; x_wconf 66' lang='lat' dir='ltr'><strong>bonum</strong></span> <span class='ocrx_word' id='word_1_481' title='bbox 1098 3367 1144 3411; x_wconf 77' lang='lat' dir='ltr'><strong>et</strong></span> <span class='ocrx_word' id='word_1_482' title='bbox 1172 3373 1326 3427; x_wconf 74' lang='lat' dir='ltr'><strong>quam</strong></span> <span class='ocrx_word' id='word_1_483' title='bbox 1356 3357 1646 3426; x_wconf 74' lang='lat' dir='ltr'><strong>jucundum</strong></span> <span class='ocrx_word' id='word_1_484' title='bbox 1672 3357 1819 3411; x_wconf 81' lang='lat' dir='ltr'><strong>habi-</strong></span> 
     </span>
    </p>
   </div>
   <div class='ocr_carea' id='block_1_65' title="bbox 243 3448 1824 3523">
    <p class='ocr_par' dir='ltr' id='par_1_65' title="bbox 243 3448 1824 3523">
     <span class='ocr_line' id='line_1_65' title="bbox 243 3448 1824 3523; baseline 0.001 -19"><span class='ocrx_word' id='word_1_485' title='bbox 243 3465 350 3507; x_wconf 78' lang='lat' dir='ltr'><strong>tm</strong></span> <span class='ocrx_word' id='word_1_486' title='bbox 374 3454 569 3523; x_wconf 76' lang='lat' dir='ltr'><strong>fratrea</strong></span> <span class='ocrx_word' id='word_1_487' title='bbox 602 3452 657 3504; x_wconf 69' lang='lat' dir='ltr'><strong>in</strong></span> <span class='ocrx_word' id='word_1_488' title='bbox 691 3467 855 3504; x_wconf 69' lang='lat' dir='ltr'><strong>unum</strong></span> <span class='ocrx_word' id='word_1_489' title='bbox 885 3450 1057 3521; x_wconf 71' lang='lat' dir='ltr'><strong>(Paul.</strong></span> <span class='ocrx_word' id='word_1_490' title='bbox 1087 3465 1290 3513; x_wconf 85' lang='lat' dir='ltr'><strong>cxxxu,</strong></span> <span class='ocrx_word' id='word_1_491' title='bbox 1326 3448 1414 3518; x_wconf 70' lang='grc' dir='ltr'><strong>ηε</strong></span> <span class='ocrx_word' id='word_1_492' title='bbox 1443 3448 1824 3517; x_wconf 85' lang='lat' dir='ltr'><strong>Competenter</strong></span> 
     </span>
    </p>
   </div>
   <div class='ocr_carea' id='block_1_66' title="bbox 243 3542 1825 3614">
    <p class='ocr_par' dir='ltr' id='par_1_66' title="bbox 243 3542 1825 3614">
     <span class='ocr_line' id='line_1_66' title="bbox 243 3542 1825 3614; baseline -0.001 -15"><span class='ocrx_word' id='word_1_493' title='bbox 243 3545 355 3599; x_wconf 61' lang='lat' dir='ltr'><strong>hac</strong></span> <span class='ocrx_word' id='word_1_494' title='bbox 381 3557 521 3614; x_wconf 83' lang='lat' dir='ltr'><strong>ergo</strong></span> <span class='ocrx_word' id='word_1_495' title='bbox 547 3544 711 3597; x_wconf 80' lang='lat' dir='ltr'><strong>verba</strong></span> <span class='ocrx_word' id='word_1_496' title='bbox 740 3542 809 3597; x_wconf 82' lang='lat' dir='ltr'><strong>de</strong></span> <span class='ocrx_word' id='word_1_497' title='bbox 837 3557 903 3597; x_wconf 88' lang='lat' dir='ltr'><strong>eo</strong></span> <span class='ocrx_word' id='word_1_498' title='bbox 940 3542 1129 3596; x_wconf 79' lang='lat' dir='ltr'><strong>luerim</strong></span> <span class='ocrx_word' id='word_1_499' title='bbox 1162 3549 1471 3607; x_wconf 72' lang='lat' dir='ltr'><strong>mutuatus;</strong></span> <span class='ocrx_word' id='word_1_500' title='bbox 1510 3542 1642 3596; x_wconf 80' lang='lat' dir='ltr'><strong>mihi</strong></span> <span class='ocrx_word' id='word_1_501' title='bbox 1674 3560 1825 3598; x_wconf 82' lang='lat' dir='ltr'><strong>uatn-</strong></span> 
     </span>
    </p>
   </div>
   <div class='ocr_carea' id='block_1_67' title="bbox 240 3632 1819 3706">
    <p class='ocr_par' dir='ltr' id='par_1_67' title="bbox 240 3632 1819 3706">
     <span class='ocr_line' id='line_1_67' title="bbox 240 3632 1819 3706; baseline -0.003 -14"><span class='ocrx_word' id='word_1_502' title='bbox 240 3652 347 3703; x_wconf 78' lang='lat' dir='ltr'><strong>que</strong></span> <span class='ocrx_word' id='word_1_503' title='bbox 365 3652 433 3692; x_wconf 83' lang='lat' dir='ltr'><strong>ex</strong></span> <span class='ocrx_word' id='word_1_504' title='bbox 463 3642 621 3706; x_wconf 74' lang='lat' dir='ltr'><strong>parte</strong></span> <span class='ocrx_word' id='word_1_505' title='bbox 647 3637 905 3703; x_wconf 66' lang='lat' dir='ltr'><strong>mxima,</strong></span> <span class='ocrx_word' id='word_1_506' title='bbox 933 3634 1259 3689; x_wconf 63' lang='lat' dir='ltr'><strong>veneranda:</strong></span> <span class='ocrx_word' id='word_1_507' title='bbox 1293 3632 1573 3694; x_wconf 77' lang='lat' dir='ltr'><strong>Trinitatis</strong></span> <span class='ocrx_word' id='word_1_508' title='bbox 1598 3636 1819 3703; x_wconf 89' lang='lat' dir='ltr'><strong>auxilio,</strong></span> 
     </span>
    </p>
   </div>
   <div class='ocr_carea' id='block_1_68' title="bbox 241 3726 1827 3796">
    <p class='ocr_par' dir='ltr' id='par_1_68' title="bbox 241 3726 1827 3796">
     <span class='ocr_line' id='line_1_68' title="bbox 241 3726 1827 3796; baseline -0.001 -13"><span class='ocrx_word' id='word_1_509' title='bbox 241 3727 501 3783; x_wconf 65' lang='lat' dir='ltr'><strong>lactucis:</strong></span> <span class='ocrx_word' id='word_1_510' title='bbox 517 3727 843 3782; x_wconf 73' lang='lat' dir='ltr'><strong>universalis</strong></span> <span class='ocrx_word' id='word_1_511' title='bbox 859 3727 1098 3796; x_wconf 88' lang='lat' dir='ltr'><strong>quietem</strong></span> <span class='ocrx_word' id='word_1_512' title='bbox 1121 3734 1176 3779; x_wconf 89' lang='lat' dir='ltr'><strong>et</strong></span> <span class='ocrx_word' id='word_1_513' title='bbox 1195 3739 1459 3779; x_wconf 88' lang='lat' dir='ltr'><strong>summam</strong></span> <span class='ocrx_word' id='word_1_514' title='bbox 1483 3726 1827 3795; x_wconf 80' lang='lat' dir='ltr'><strong>praesentium</strong></span> 
     </span>
    </p>
   </div>
   <div class='ocr_carea' id='block_1_69' title="bbox 243 3817 1824 3889">
    <p class='ocr_par' dir='ltr' id='par_1_69' title="bbox 243 3817 1824 3889">
     <span class='ocr_line' id='line_1_69' title="bbox 243 3817 1824 3889; baseline -0.001 -16"><span class='ocrx_word' id='word_1_515' title='bbox 243 3819 458 3875; x_wconf 76' lang='lat' dir='ltr'><strong>vindico</strong></span> <span class='ocrx_word' id='word_1_516' title='bbox 488 3818 827 3889; x_wconf 84' lang='lat' dir='ltr'><strong>gaudiorum,</strong></span> <span class='ocrx_word' id='word_1_517' title='bbox 854 3833 1010 3886; x_wconf 88' lang='lat' dir='ltr'><strong>quem</strong></span> <span class='ocrx_word' id='word_1_518' title='bbox 1048 3817 1153 3871; x_wconf 90' lang='lat' dir='ltr'><strong>huc</strong></span> <span class='ocrx_word' id='word_1_519' title='bbox 1182 3832 1353 3885; x_wconf 84' lang='lat' dir='ltr'><strong>usque</strong></span> <span class='ocrx_word' id='word_1_520' title='bbox 1380 3818 1467 3887; x_wconf 90' lang='lat' dir='ltr'><strong>qui</strong></span> <span class='ocrx_word' id='word_1_521' title='bbox 1496 3818 1824 3872; x_wconf 79' lang='lat' dir='ltr'><strong>scandaliza-</strong></span> 
     </span>
    </p>
   </div>
   <div class='ocr_carea' id='block_1_70' title="bbox 241 3907 1831 3981">
    <p class='ocr_par' dir='ltr' id='par_1_70' title="bbox 241 3907 1831 3981">
     <span class='ocr_line' id='line_1_70' title="bbox 241 3907 1831 3981; baseline -0.003 -13"><span class='ocrx_word' id='word_1_522' title='bbox 241 3914 436 3967; x_wconf 83' lang='lat' dir='ltr'><strong>bantur</strong></span> <span class='ocrx_word' id='word_1_523' title='bbox 484 3910 712 3966; x_wconf 85' lang='lat' dir='ltr'><strong>urebant</strong></span> <span class='ocrx_word' id='word_1_524' title='bbox 749 3908 819 3981; x_wconf 88' lang='lat' dir='ltr'><strong>(ll</strong></span> <span class='ocrx_word' id='word_1_525' title='bbox 861 3908 981 3964; x_wconf 88' lang='lat' dir='ltr'><strong>Cor.</strong></span> <span class='ocrx_word' id='word_1_526' title='bbox 1028 3924 1106 3977; x_wconf 90' lang='lat' dir='ltr'><strong>xt,</strong></span> <span class='ocrx_word' id='word_1_527' title='bbox 1138 3907 1256 3979; x_wconf 75' lang='lat'><strong>29).</strong></span> <span class='ocrx_word' id='word_1_528' title='bbox 1302 3917 1356 3963; x_wconf 92' lang='lat' dir='ltr'><strong>et</strong></span> <span class='ocrx_word' id='word_1_529' title='bbox 1405 3910 1685 3963; x_wconf 88' lang='lat' dir='ltr'><strong>inﬁrmitas</strong></span> <span class='ocrx_word' id='word_1_530' title='bbox 1729 3911 1831 3965; x_wconf 90' lang='lat' dir='ltr'><strong>ali-</strong></span> 
     </span>
    </p>
   </div>
   <div class='ocr_carea' id='block_1_71' title="bbox 240 4000 1148 4075">
    <p class='ocr_par' dir='ltr' id='par_1_71' title="bbox 240 4000 1148 4075">
     <span class='ocr_line' id='line_1_71' title="bbox 240 4000 1148 4075; baseline -0.003 -18"><span class='ocrx_word' id='word_1_531' title='bbox 240 4010 564 4072; x_wconf 84' lang='lat' dir='ltr'><strong>quantorum</strong></span> <span class='ocrx_word' id='word_1_532' title='bbox 595 4000 826 4056; x_wconf 79' lang='lat' dir='ltr'><strong>faciebat</strong></span> <span class='ocrx_word' id='word_1_533' title='bbox 852 4000 1148 4075; x_wconf 83' lang='lat' dir='ltr'><strong>inﬁrmum.</strong></span> 
     </span>
    </p>
   </div>
   <div class='ocr_carea' id='block_1_72' title="bbox 305 4087 1824 4160">
    <p class='ocr_par' dir='ltr' id='par_1_72' title="bbox 305 4087 1824 4160">
     <span class='ocr_line' id='line_1_72' title="bbox 305 4087 1824 4160; baseline -0.001 -12"><span class='ocrx_word' id='word_1_534' title='bbox 305 4095 365 4149; x_wconf 76' lang='lat'><strong>2.</strong></span> <span class='ocrx_word' id='word_1_535' title='bbox 396 4091 642 4148; x_wconf 77' lang='lat' dir='ltr'><strong>lemiuit</strong></span> <span class='ocrx_word' id='word_1_536' title='bbox 664 4091 897 4147; x_wconf 86' lang='lat' dir='ltr'><strong>cbaritas</strong></span> <span class='ocrx_word' id='word_1_537' title='bbox 918 4100 1091 4146; x_wconf 87' lang='lat' dir='ltr'><strong>vestra</strong></span> <span class='ocrx_word' id='word_1_538' title='bbox 1124 4088 1264 4160; x_wconf 85' lang='lat' dir='ltr'><strong>apud</strong></span> <span class='ocrx_word' id='word_1_539' title='bbox 1292 4103 1387 4145; x_wconf 91' lang='lat' dir='ltr'><strong>vos</strong></span> <span class='ocrx_word' id='word_1_540' title='bbox 1412 4089 1541 4143; x_wconf 75' lang='lat' dir='ltr'><strong>mihi</strong></span> <span class='ocrx_word' id='word_1_541' title='bbox 1569 4087 1594 4125; x_wconf 76' lang='grc' dir='ltr'>ἀ</span> <span class='ocrx_word' id='word_1_542' title='bbox 1622 4090 1824 4146; x_wconf 88' lang='lat' dir='ltr'><strong>dudum</strong></span> 
     </span>
    </p>
   </div>
   <div class='ocr_carea' id='block_1_73' title="bbox 312 4205 1813 4277">
    <p class='ocr_par' dir='ltr' id='par_1_73' title="bbox 312 4205 1813 4277">
     <span class='ocr_line' id='line_1_73' title="bbox 312 4205 1813 4277; baseline -0.003 -14"><span class='ocrx_word' id='word_1_543' title='bbox 312 4217 339 4246; x_wconf 76' lang='grc'><strong>⁸</strong></span> <span class='ocrx_word' id='word_1_544' title='bbox 381 4206 594 4263; x_wconf 84' lang='lat' dir='ltr'><strong>Labbeo</strong></span> <span class='ocrx_word' id='word_1_545' title='bbox 622 4215 741 4277; x_wconf 90' lang='lat' dir='ltr'><strong>post</strong></span> <span class='ocrx_word' id='word_1_546' title='bbox 770 4207 963 4261; x_wconf 81' lang='lat' dir='ltr'><strong>thron.</strong></span> <span class='ocrx_word' id='word_1_547' title='bbox 1007 4205 1172 4274; x_wconf 73' lang='lat' dir='ltr'><strong>magis</strong></span> <span class='ocrx_word' id='word_1_548' title='bbox 1218 4205 1397 4277; x_wconf 79' lang='lat' dir='ltr'><strong>arrisit</strong></span> <span class='ocrx_word' id='word_1_549' title='bbox 1446 4205 1685 4277; x_wconf 73' lang='lat' dir='ltr'><strong>pravitas,</strong></span> <span class='ocrx_word' id='word_1_550' title='bbox 1730 4222 1813 4259; x_wconf 84' lang='lat' dir='ltr'><strong>re-</strong></span> 
     </span>
    </p>
   </div>
   <div class='ocr_carea' id='block_1_74' title="bbox 236 4274 1812 4349">
    <p class='ocr_par' dir='ltr' id='par_1_74' title="bbox 236 4274 1812 4349">
     <span class='ocr_line' id='line_1_74' title="bbox 236 4274 1812 4349; baseline -0.004 -16"><span class='ocrx_word' id='word_1_551' title='bbox 236 4278 384 4349; x_wconf 82' lang='lat' dir='ltr'><strong>jecto</strong></span> <span class='ocrx_word' id='word_1_552' title='bbox 412 4278 479 4332; x_wconf 82' lang='lat' dir='ltr'><strong>ad</strong></span> <span class='ocrx_word' id='word_1_553' title='bbox 510 4274 660 4349; x_wconf 83' lang='lat' dir='ltr'><strong>oram</strong></span> <span class='ocrx_word' id='word_1_554' title='bbox 690 4278 960 4349; x_wconf 77' lang='lat' dir='ltr'><strong>natiuitas;</strong></span> <span class='ocrx_word' id='word_1_555' title='bbox 985 4277 1125 4349; x_wconf 84' lang='lat' dir='ltr'><strong>quod</strong></span> <span class='ocrx_word' id='word_1_556' title='bbox 1153 4275 1370 4349; x_wconf 78' lang='lat' dir='ltr'><strong>verbum</strong></span> <span class='ocrx_word' id='word_1_557' title='bbox 1398 4285 1571 4349; x_wconf 72' lang='lat' dir='ltr'><strong>exstat</strong></span> <span class='ocrx_word' id='word_1_558' title='bbox 1600 4274 1650 4349; x_wconf 71' lang='lat' dir='ltr'><strong>it:</strong></span> <span class='ocrx_word' id='word_1_559' title='bbox 1682 4289 1812 4349; x_wconf 80' lang='lat' dir='ltr'><strong>mss.</strong></span> 
     </span>
    </p>
   </div>
   <div class='ocr_carea' id='block_1_75' title="bbox 241 4344 1816 4415">
    <p class='ocr_par' dir='ltr' id='par_1_75' title="bbox 241 4344 1816 4415">
     <span class='ocr_line' id='line_1_75' title="bbox 241 4344 1816 4415; baseline -0.003 -12"><span class='ocrx_word' id='word_1_560' title='bbox 241 4344 318 4403; x_wconf 75' lang='lat' dir='ltr'><strong>Eo</strong></span> <span class='ocrx_word' id='word_1_561' title='bbox 357 4358 537 4401; x_wconf 86' lang='lat' dir='ltr'><strong>autem</strong></span> <span class='ocrx_word' id='word_1_562' title='bbox 569 4346 898 4415; x_wconf 83' lang='lat' dir='ltr'><strong>signiﬁcatur</strong></span> <span class='ocrx_word' id='word_1_563' title='bbox 921 4344 1147 4409; x_wconf 70' lang='lat' dir='ltr'><strong>qtttestiu</strong></span> <span class='ocrx_word' id='word_1_564' title='bbox 1186 4346 1255 4415; x_wconf 77' lang='lat' dir='ltr'><strong>de</strong></span> <span class='ocrx_word' id='word_1_565' title='bbox 1297 4344 1503 4397; x_wconf 88' lang='lat' dir='ltr'><strong>Dontini</strong></span> <span class='ocrx_word' id='word_1_566' title='bbox 1526 4344 1816 4415; x_wconf 77' lang='lat' dir='ltr'><strong>ttativitate</strong></span> 
     </span>
    </p>
   </div>
   <div class='ocr_carea' id='block_1_76' title="bbox 241 4413 1820 4473">
    <p class='ocr_par' dir='ltr' id='par_1_76' title="bbox 241 4413 1820 4473">
     <span class='ocr_line' id='line_1_76' title="bbox 241 4413 1820 4473; baseline -0.004 0"><span class='ocrx_word' id='word_1_567' title='bbox 241 4435 303 4473; x_wconf 84' lang='lat' dir='ltr'><strong>ex</strong></span> <span class='ocrx_word' id='word_1_568' title='bbox 334 4418 519 4471; x_wconf 73' lang='lat' dir='ltr'><strong>Maria.</strong></span> <span class='ocrx_word' id='word_1_569' title='bbox 552 4413 664 4470; x_wconf 73' lang='lat' dir='ltr'><strong>Hoc</strong></span> <span class='ocrx_word' id='word_1_570' title='bbox 686 4418 826 4471; x_wconf 91' lang='lat' dir='ltr'><strong>enim</strong></span> <span class='ocrx_word' id='word_1_571' title='bbox 854 4416 954 4469; x_wconf 89' lang='lat' dir='ltr'><strong>sibi</strong></span> <span class='ocrx_word' id='word_1_572' title='bbox 989 4418 1133 4469; x_wconf 90' lang='lat' dir='ltr'><strong>vult:</strong></span> <span class='ocrx_word' id='word_1_573' title='bbox 1174 4413 1287 4467; x_wconf 85' lang='lat' dir='ltr'><strong>Non</strong></span> <span class='ocrx_word' id='word_1_574' title='bbox 1318 4431 1409 4467; x_wconf 84' lang='lat' dir='ltr'><strong>nos</strong></span> <span class='ocrx_word' id='word_1_575' title='bbox 1433 4413 1657 4466; x_wconf 78' lang='lat' dir='ltr'><strong>detineat</strong></span> <span class='ocrx_word' id='word_1_576' title='bbox 1683 4415 1820 4466; x_wconf 86' lang='lat' dir='ltr'><strong>nati-</strong></span> 
     </span>
    </p>
   </div>
   <div class='ocr_carea' id='block_1_77' title="bbox 242 4480 1823 4556">
    <p class='ocr_par' dir='ltr' id='par_1_77' title="bbox 242 4480 1823 4556">
     <span class='ocr_line' id='line_1_77' title="bbox 242 4480 1823 4556; baseline -0.001 -16"><span class='ocrx_word' id='word_1_577' title='bbox 242 4489 392 4548; x_wconf 74' lang='lat' dir='ltr'><strong>oitas,</strong></span> <span class='ocrx_word' id='word_1_578' title='bbox 420 4489 515 4540; x_wconf 75' lang='lat' dir='ltr'><strong>hoc</strong></span> <span class='ocrx_word' id='word_1_579' title='bbox 537 4495 608 4541; x_wconf 83' lang='lat' dir='ltr'><strong>cst</strong></span> <span class='ocrx_word' id='word_1_580' title='bbox 627 4487 860 4556; x_wconf 77' lang='lat' dir='ltr'><strong>qutcstio,</strong></span> <span class='ocrx_word' id='word_1_581' title='bbox 889 4500 1038 4553; x_wconf 89' lang='lat' dir='ltr'><strong>quam</strong></span> <span class='ocrx_word' id='word_1_582' title='bbox 1060 4485 1274 4556; x_wconf 67' lang='lat' dir='ltr'><strong>quisque</strong></span> <span class='ocrx_word' id='word_1_583' title='bbox 1294 4485 1416 4556; x_wconf 81' lang='lat' dir='ltr'><strong>bene</strong></span> <span class='ocrx_word' id='word_1_584' title='bbox 1434 4500 1494 4537; x_wconf 86' lang='lat' dir='ltr'><strong>ac</strong></span> <span class='ocrx_word' id='word_1_585' title='bbox 1518 4480 1823 4553; x_wconf 75' lang='lat' dir='ltr'><strong>simpliciter</strong></span> 
     </span>
    </p>
   </div>
   <div class='ocr_carea' id='block_1_78' title="bbox 242 4554 1405 4627">
    <p class='ocr_par' dir='ltr' id='par_1_78' title="bbox 242 4554 1405 4627">
     <span class='ocr_line' id='line_1_78' title="bbox 242 4554 1405 4627; baseline -0.002 -17"><span class='ocrx_word' id='word_1_586' title='bbox 242 4558 452 4627; x_wconf 69' lang='lat' dir='ltr'><strong>credens</strong></span> <span class='ocrx_word' id='word_1_587' title='bbox 479 4554 706 4627; x_wconf 74' lang='lat' dir='ltr'><strong>apertam</strong></span> <span class='ocrx_word' id='word_1_588' title='bbox 731 4572 793 4607; x_wconf 90' lang='lat' dir='ltr'><strong>ac</strong></span> <span class='ocrx_word' id='word_1_589' title='bbox 817 4564 1004 4627; x_wconf 73' lang='lat' dir='ltr'><strong>certam</strong></span> <span class='ocrx_word' id='word_1_590' title='bbox 1033 4554 1216 4607; x_wconf 79' lang='lat' dir='ltr'><strong>habere</strong></span> <span class='ocrx_word' id='word_1_591' title='bbox 1241 4554 1405 4608; x_wconf 79' lang='lat' dir='ltr'><strong>debet.</strong></span> 
     </span>
    </p>
   </div>
   <div class='ocr_carea' id='block_1_79' title="bbox 314 4624 1213 4694">
    <p class='ocr_par' dir='ltr' id='par_1_79' title="bbox 314 4624 1213 4694">
     <span class='ocr_line' id='line_1_79' title="bbox 314 4624 1213 4694; baseline -0.008 -12"><span class='ocrx_word' id='word_1_592' title='bbox 314 4626 341 4666; x_wconf 74' lang='grc'><em>³³</em></span> <span class='ocrx_word' id='word_1_593' title='bbox 384 4624 803 4694; x_wconf 75' lang='lat' dir='ltr'><strong>Exputtgendutn</strong></span> <span class='ocrx_word' id='word_1_594' title='bbox 830 4624 1062 4688; x_wconf 88' lang='lat' dir='ltr'><strong>videtur,</strong></span> <span class='ocrx_word' id='word_1_595' title='bbox 1090 4639 1213 4694; x_wconf 83' lang='lat' dir='ltr'><strong>non.</strong></span> 
     </span>
    </p>
   </div>
   <div class='ocr_carea' id='block_1_80' title="bbox 316 4693 1818 4774">
    <p class='ocr_par' dir='ltr' id='par_1_80' title="bbox 316 4693 1818 4774">
     <span class='ocr_line' id='line_1_80' title="bbox 316 4693 1818 4774; baseline -0.001 -25"><span class='ocrx_word' id='word_1_596' title='bbox 316 4695 439 4774; x_wconf 49' lang='lat' dir='ltr'><strong>{In</strong></span> <span class='ocrx_word' id='word_1_597' title='bbox 489 4696 719 4774; x_wconf 77' lang='lat' dir='ltr'><strong>vulgatis</strong></span> <span class='ocrx_word' id='word_1_598' title='bbox 761 4693 1174 4774; x_wconf 63' lang='lat' dir='ltr'><strong>psalmograpito.</strong></span> <span class='ocrx_word' id='word_1_599' title='bbox 1210 4693 1455 4774; x_wconf 69' lang='lat' dir='ltr'><strong>Exmss.</strong></span> <span class='ocrx_word' id='word_1_600' title='bbox 1501 4707 1818 4774; x_wconf 73' lang='lat' dir='ltr'><strong>revocamus</strong></span> 
     </span>
    </p>
   </div>
   <div class='ocr_carea' id='block_1_81' title="bbox 244 4762 1821 4906">
    <p class='ocr_par' dir='ltr' id='par_1_81' title="bbox 244 4762 1821 4906">
     <span class='ocr_line' id='line_1_81' title="bbox 244 4762 1816 4847; baseline -0.001 -28"><span class='ocrx_word' id='word_1_601' title='bbox 244 4762 657 4845; x_wconf 72' lang='lat' dir='ltr'><strong>psalmigraplto.</strong></span> <span class='ocrx_word' id='word_1_602' title='bbox 709 4762 969 4847; x_wconf 45' lang='lat' dir='ltr'><strong>quod.ea</strong></span> <span class='ocrx_word' id='word_1_603' title='bbox 1006 4764 1209 4817; x_wconf 88' lang='lat' dir='ltr'><strong>ratione</strong></span> <span class='ocrx_word' id='word_1_604' title='bbox 1256 4762 1477 4844; x_wconf 74' lang='lat' dir='ltr'><strong>dicitur,</strong></span> <span class='ocrx_word' id='word_1_605' title='bbox 1526 4779 1631 4833; x_wconf 90' lang='lat' dir='ltr'><strong>qua</strong></span> <span class='ocrx_word' id='word_1_606' title='bbox 1682 4766 1816 4845; x_wconf 61' lang='lat' dir='ltr'><strong>intra</strong></span> 
     </span>
     <span class='ocr_line' id='line_1_82' title="bbox 247 4830 1821 4906; baseline -0.001 -17"><span class='ocrx_word' id='word_1_607' title='bbox 247 4836 387 4890; x_wconf 84' lang='lat' dir='ltr'><strong>Idem</strong></span> <span class='ocrx_word' id='word_1_608' title='bbox 419 4834 677 4906; x_wconf 85' lang='lat' dir='ltr'><strong>propheta</strong></span> <span class='ocrx_word' id='word_1_609' title='bbox 704 4835 1046 4905; x_wconf 68' lang='lat' dir='ltr'><strong>hynthtcul,</strong></span> <span class='ocrx_word' id='word_1_610' title='bbox 1087 4847 1192 4886; x_wconf 89' lang='lat' dir='ltr'><strong>non</strong></span> <span class='ocrx_word' id='word_1_611' title='bbox 1222 4830 1585 4904; x_wconf 76' lang='lat' dir='ltr'><strong>Itymnodtcus,</strong></span> <span class='ocrx_word' id='word_1_612' title='bbox 1627 4835 1821 4902; x_wconf 61' lang='grc' dir='ltr'><strong>[ιι-πάι-</strong></span> 
     </span>
    </p>
   </div>
   <div class='ocr_carea' id='block_1_82' title="bbox 247 4916 420 4960">
    <p class='ocr_par' dir='ltr' id='par_1_82' title="bbox 247 4916 420 4960">
     <span class='ocr_line' id='line_1_83' title="bbox 247 4916 420 4960; baseline 0 -2"><span class='ocrx_word' id='word_1_613' title='bbox 247 4916 420 4960; x_wconf 84' lang='lat' dir='ltr'><strong>catur.</strong></span> 
     </span>
    </p>
   </div>
   <div class='ocr_carea' id='block_1_83' title="bbox 316 4971 1146 5043">
    <p class='ocr_par' dir='ltr' id='par_1_83' title="bbox 316 4971 1146 5043">
     <span class='ocr_line' id='line_1_84' title="bbox 316 4971 1146 5043; baseline -0.002 -15"><span class='ocrx_word' id='word_1_614' title='bbox 316 4973 342 5011; x_wconf 72' lang='grc' dir='ltr'><strong><em>ἀ</em></strong></span> <span class='ocrx_word' id='word_1_615' title='bbox 385 4975 557 5043; x_wconf 82' lang='lat' dir='ltr'><strong>Epist.</strong></span> <span class='ocrx_word' id='word_1_616' title='bbox 582 4974 651 5028; x_wconf 73' lang='grc' dir='ltr'>Η</span> <span class='ocrx_word' id='word_1_617' title='bbox 670 4988 817 5028; x_wconf 88' lang='lat' dir='ltr'><strong>num.</strong></span> <span class='ocrx_word' id='word_1_618' title='bbox 849 4971 884 5027; x_wconf 84' lang='lat'><strong>5</strong></span> <span class='ocrx_word' id='word_1_619' title='bbox 910 4981 964 5028; x_wconf 88' lang='lat' dir='ltr'><strong>et</strong></span> <span class='ocrx_word' id='word_1_620' title='bbox 993 4986 1146 5043; x_wconf 87' lang='lat' dir='ltr'><strong>seqq.</strong></span> 
     </span>
    </p>
   </div>
   <div class='ocr_carea' id='block_1_84' title="bbox 320 5042 1824 5113">
    <p class='ocr_par' dir='ltr' id='par_1_84' title="bbox 320 5042 1824 5113">
     <span class='ocr_line' id='line_1_85' title="bbox 320 5042 1824 5113; baseline 0 -16"><span class='ocrx_word' id='word_1_621' title='bbox 320 5054 344 5082; x_wconf 77' lang='grc'><strong><em>⁸</em></strong></span> <span class='ocrx_word' id='word_1_622' title='bbox 385 5042 552 5109; x_wconf 62' lang='lat' dir='ltr'><strong>Lati.)</strong></span> <span class='ocrx_word' id='word_1_623' title='bbox 587 5058 687 5096; x_wconf 88' lang='lat' dir='ltr'><strong>non</strong></span> <span class='ocrx_word' id='word_1_624' title='bbox 721 5059 780 5096; x_wconf 80' lang='lat' dir='ltr'><strong>ea</strong></span> <span class='ocrx_word' id='word_1_625' title='bbox 817 5059 919 5113; x_wconf 77' lang='lat' dir='ltr'><strong>qua</strong></span> <span class='ocrx_word' id='word_1_626' title='bbox 959 5042 1127 5109; x_wconf 75' lang='lat' dir='ltr'><strong>terra;</strong></span> <span class='ocrx_word' id='word_1_627' title='bbox 1172 5042 1393 5108; x_wconf 84' lang='lat' dir='ltr'><strong>Baron.,</strong></span> <span class='ocrx_word' id='word_1_628' title='bbox 1436 5058 1542 5096; x_wconf 85' lang='lat' dir='ltr'><strong>non</strong></span> <span class='ocrx_word' id='word_1_629' title='bbox 1588 5059 1649 5096; x_wconf 84' lang='lat' dir='ltr'><strong>ea</strong></span> <span class='ocrx_word' id='word_1_630' title='bbox 1689 5052 1824 5097; x_wconf 82' lang='lat' dir='ltr'><strong>terra</strong></span> 
     </span>
    </p>
   </div>
   <div class='ocr_carea' id='block_1_85' title="bbox 250 5113 1827 5183">
    <p class='ocr_par' dir='ltr' id='par_1_85' title="bbox 250 5113 1827 5183">
     <span class='ocr_line' id='line_1_86' title="bbox 250 5113 1827 5183; baseline 0.001 -16"><span class='ocrx_word' id='word_1_631' title='bbox 250 5130 380 5183; x_wconf 75' lang='lat' dir='ltr'><strong>quc.</strong></span> <span class='ocrx_word' id='word_1_632' title='bbox 416 5114 496 5167; x_wconf 82' lang='lat' dir='ltr'><strong>Ex</strong></span> <span class='ocrx_word' id='word_1_633' title='bbox 529 5127 658 5167; x_wconf 85' lang='lat' dir='ltr'><strong>mss.</strong></span> <span class='ocrx_word' id='word_1_634' title='bbox 702 5113 810 5167; x_wconf 80' lang='lat' dir='ltr'><strong>ﬁde</strong></span> <span class='ocrx_word' id='word_1_635' title='bbox 853 5114 1204 5183; x_wconf 85' lang='lat' dir='ltr'><strong>restituimus.</strong></span> <span class='ocrx_word' id='word_1_636' title='bbox 1253 5129 1354 5167; x_wconf 87' lang='lat' dir='ltr'><strong>non</strong></span> <span class='ocrx_word' id='word_1_637' title='bbox 1383 5128 1443 5165; x_wconf 88' lang='lat' dir='ltr'><strong>ea</strong></span> <span class='ocrx_word' id='word_1_638' title='bbox 1489 5122 1652 5177; x_wconf 72' lang='lat' dir='ltr'><strong>terre,</strong></span> <span class='ocrx_word' id='word_1_639' title='bbox 1683 5113 1827 5183; x_wconf 90' lang='lat' dir='ltr'><strong>quod</strong></span> 
     </span>
    </p>
   </div>
   <div class='ocr_carea' id='block_1_86' title="bbox 254 5182 1829 5254">
    <p class='ocr_par' dir='ltr' id='par_1_86' title="bbox 254 5182 1829 5254">
     <span class='ocr_line' id='line_1_87' title="bbox 254 5182 1829 5254; baseline -0.001 -17"><span class='ocrx_word' id='word_1_640' title='bbox 254 5182 443 5239; x_wconf 82' lang='lat' dir='ltr'><strong>referri</strong></span> <span class='ocrx_word' id='word_1_641' title='bbox 468 5194 643 5254; x_wconf 76' lang='lat' dir='ltr'><strong>potest</strong></span> <span class='ocrx_word' id='word_1_642' title='bbox 672 5183 737 5237; x_wconf 84' lang='lat' dir='ltr'><strong>ad</strong></span> <span class='ocrx_word' id='word_1_643' title='bbox 765 5184 1059 5254; x_wconf 76' lang='lat' dir='ltr'><strong>superfusa.</strong></span> <span class='ocrx_word' id='word_1_644' title='bbox 1088 5182 1507 5254; x_wconf 12' lang='lat' dir='ltr'><strong>Nitidioriesset</strong></span> <span class='ocrx_word' id='word_1_645' title='bbox 1538 5182 1711 5254; x_wconf 13' lang='lat' dir='ltr'><strong>lectio,</strong></span> <span class='ocrx_word' id='word_1_646' title='bbox 1732 5184 1829 5237; x_wconf 86' lang='lat' dir='ltr'><strong>ltu-</strong></span> 
     </span>
    </p>
   </div>
   <div class='ocr_carea' id='block_1_87' title="bbox 248 5252 1828 5324">
    <p class='ocr_par' dir='ltr' id='par_1_87' title="bbox 248 5252 1828 5324">
     <span class='ocr_line' id='line_1_88' title="bbox 248 5252 1828 5324; baseline -0.001 -16"><span class='ocrx_word' id='word_1_647' title='bbox 248 5254 480 5323; x_wconf 78' lang='lat' dir='ltr'><strong>jusmodi</strong></span> <span class='ocrx_word' id='word_1_648' title='bbox 505 5271 531 5321; x_wconf 57' lang='grc' dir='ltr'><strong>ς,</strong></span> <span class='ocrx_word' id='word_1_649' title='bbox 550 5252 672 5307; x_wconf 80' lang='lat' dir='ltr'><strong>Non</strong></span> <span class='ocrx_word' id='word_1_650' title='bbox 695 5271 755 5306; x_wconf 82' lang='lat' dir='ltr'><strong>ea</strong></span> <span class='ocrx_word' id='word_1_651' title='bbox 788 5252 975 5306; x_wconf 81' lang='lat' dir='ltr'><strong>terram</strong></span> <span class='ocrx_word' id='word_1_652' title='bbox 1002 5268 1118 5323; x_wconf 74' lang='lat' dir='ltr'><strong>qua:</strong></span> <span class='ocrx_word' id='word_1_653' title='bbox 1149 5253 1388 5324; x_wconf 79' lang='lat' dir='ltr'><strong>suchpit,</strong></span> <span class='ocrx_word' id='word_1_654' title='bbox 1417 5253 1509 5306; x_wconf 79' lang='lat' dir='ltr'><strong>sed</strong></span> <span class='ocrx_word' id='word_1_655' title='bbox 1534 5252 1636 5306; x_wconf 85' lang='lat' dir='ltr'><strong>alia</strong></span> <span class='ocrx_word' id='word_1_656' title='bbox 1664 5253 1710 5307; x_wconf 85' lang='lat' dir='ltr'><strong>ci</strong></span> <span class='ocrx_word' id='word_1_657' title='bbox 1736 5268 1828 5307; x_wconf 84' lang='lat' dir='ltr'><strong>stt-</strong></span> 
     </span>
    </p>
   </div>
   <div class='ocr_carea' id='block_1_88' title="bbox 252 5332 833 5392">
    <p class='ocr_par' dir='ltr' id='par_1_88' title="bbox 252 5332 833 5392">
     <span class='ocr_line' id='line_1_89' title="bbox 252 5332 833 5392; baseline -0.005 -14"><span class='ocrx_word' id='word_1_658' title='bbox 252 5332 458 5392; x_wconf 70' lang='lat' dir='ltr'><strong>perfusa</strong></span> <span class='ocrx_word' id='word_1_659' title='bbox 478 5332 833 5391; x_wconf 82' lang='lat' dir='ltr'><strong>corrumpunt.</strong></span> 
     </span>
    </p>
   </div>
   <div class='ocr_carea' id='block_1_89' title="bbox 385 5392 1826 5464">
    <p class='ocr_par' dir='ltr' id='par_1_89' title="bbox 385 5392 1826 5464">
     <span class='ocr_line' id='line_1_90' title="bbox 385 5392 1826 5464; baseline 0.002 -17"><span class='ocrx_word' id='word_1_660' title='bbox 385 5394 605 5447; x_wconf 88' lang='lat' dir='ltr'><strong>Scilicet</strong></span> <span class='ocrx_word' id='word_1_661' title='bbox 625 5393 859 5464; x_wconf 83' lang='lat' dir='ltr'><strong>_Joaoni,</strong></span> <span class='ocrx_word' id='word_1_662' title='bbox 905 5393 1083 5447; x_wconf 85' lang='lat' dir='ltr'><strong>Attico</strong></span> <span class='ocrx_word' id='word_1_663' title='bbox 1131 5404 1291 5461; x_wconf 88' lang='lat' dir='ltr'><strong>atque</strong></span> <span class='ocrx_word' id='word_1_664' title='bbox 1338 5392 1567 5458; x_wconf 87' lang='lat' dir='ltr'><strong>Sisinio,</strong></span> <span class='ocrx_word' id='word_1_665' title='bbox 1600 5408 1826 5464; x_wconf 86' lang='lat' dir='ltr'><strong>quorum</strong></span> 
     </span>
    </p>
   </div>
   <div class='ocr_carea' id='block_1_90' title="bbox 249 5462 1829 5534">
    <p class='ocr_par' dir='ltr' id='par_1_90' title="bbox 249 5462 1829 5534">
     <span class='ocr_line' id='line_1_91' title="bbox 249 5462 1829 5534; baseline 0.001 -16"><span class='ocrx_word' id='word_1_666' title='bbox 249 5463 531 5534; x_wconf 84' lang='lat' dir='ltr'><strong>Nestorius</strong></span> <span class='ocrx_word' id='word_1_667' title='bbox 551 5462 1128 5534; x_wconf 12' lang='lat' dir='ltr'><strong>indiguusgsuccessor.</strong></span> <span class='ocrx_word' id='word_1_668' title='bbox 1155 5469 1313 5534; x_wconf 75' lang='lat' dir='ltr'><strong>etiam</strong></span> <span class='ocrx_word' id='word_1_669' title='bbox 1354 5464 1603 5519; x_wconf 87' lang='lat' dir='ltr'><strong>laudibus</strong></span> <span class='ocrx_word' id='word_1_670' title='bbox 1618 5462 1829 5534; x_wconf 56' lang='lat' dir='ltr'><strong>&#39;quihns</strong></span> 
     </span>
    </p>
   </div>
   <div class='ocr_carea' id='block_1_91' title="bbox 250 5532 1827 5600">
    <p class='ocr_par' dir='ltr' id='par_1_91' title="bbox 250 5532 1827 5600">
     <span class='ocr_line' id='line_1_92' title="bbox 250 5532 1827 5600; baseline 0.001 -11"><span class='ocrx_word' id='word_1_671' title='bbox 250 5534 322 5590; x_wconf 86' lang='lat' dir='ltr'><strong>illi</strong></span> <span class='ocrx_word' id='word_1_672' title='bbox 350 5533 614 5588; x_wconf 87' lang='lat' dir='ltr'><strong>celebrati</strong></span> <span class='ocrx_word' id='word_1_673' title='bbox 643 5532 769 5587; x_wconf 84' lang='lat' dir='ltr'><strong>sunt</strong></span> <span class='ocrx_word' id='word_1_674' title='bbox 803 5532 1050 5600; x_wconf 82' lang='lat' dir='ltr'><strong>indiguus</strong></span> <span class='ocrx_word' id='word_1_675' title='bbox 1088 5534 1203 5587; x_wconf 83' lang='lat' dir='ltr'><strong>luit.</strong></span> <span class='ocrx_word' id='word_1_676' title='bbox 1238 5532 1364 5587; x_wconf 82' lang='lat' dir='ltr'><strong>Illos</strong></span> <span class='ocrx_word' id='word_1_677' title='bbox 1392 5543 1566 5589; x_wconf 84' lang='lat' dir='ltr'><strong>tamen</strong></span> <span class='ocrx_word' id='word_1_678' title='bbox 1599 5532 1744 5588; x_wconf 84' lang='lat' dir='ltr'><strong>velut</strong></span> <span class='ocrx_word' id='word_1_679' title='bbox 1775 5537 1827 5590; x_wconf 91' lang='lat' dir='ltr'><strong>in</strong></span> 
     </span>
    </p>
   </div>
   <div class='ocr_carea' id='block_1_92' title="bbox 249 5603 1829 5672">
    <p class='ocr_par' dir='ltr' id='par_1_92' title="bbox 249 5603 1829 5672">
     <span class='ocr_line' id='line_1_93' title="bbox 249 5603 1829 5672; baseline 0.002 -16"><span class='ocrx_word' id='word_1_680' title='bbox 249 5604 558 5659; x_wconf 85' lang='lat' dir='ltr'><strong>erudiendis</strong></span> <span class='ocrx_word' id='word_1_681' title='bbox 590 5604 800 5672; x_wconf 85' lang='lat' dir='ltr'><strong>populis</strong></span> <span class='ocrx_word' id='word_1_682' title='bbox 829 5603 1157 5672; x_wconf 80' lang='lat' dir='ltr'><strong>negligentes</strong></span> <span class='ocrx_word' id='word_1_683' title='bbox 1195 5618 1257 5656; x_wconf 81' lang='lat' dir='ltr'><strong>ac</strong></span> <span class='ocrx_word' id='word_1_684' title='bbox 1291 5603 1509 5660; x_wconf 88' lang='lat' dir='ltr'><strong>desides</strong></span> <span class='ocrx_word' id='word_1_685' title='bbox 1540 5605 1625 5659; x_wconf 88' lang='lat' dir='ltr'><strong>hic</strong></span> <span class='ocrx_word' id='word_1_686' title='bbox 1657 5605 1829 5660; x_wconf 66' lang='lat' dir='ltr'><strong>haere-</strong></span> 
     </span>
    </p>
   </div>
   <div class='ocr_carea' id='block_1_93' title="bbox 248 5672 1827 5744">
    <p class='ocr_par' dir='ltr' id='par_1_93' title="bbox 248 5672 1827 5744">
     <span class='ocr_line' id='line_1_94' title="bbox 248 5672 1827 5744; baseline 0.001 -15"><span class='ocrx_word' id='word_1_687' title='bbox 248 5674 458 5729; x_wconf 76' lang='lat' dir='ltr'><strong>siarcba</strong></span> <span class='ocrx_word' id='word_1_688' title='bbox 485 5675 626 5744; x_wconf 89' lang='lat' dir='ltr'><strong>apud</strong></span> <span class='ocrx_word' id='word_1_689' title='bbox 654 5672 788 5728; x_wconf 78' lang='lat' dir='ltr'><strong>Mar.</strong></span> <span class='ocrx_word' id='word_1_690' title='bbox 810 5672 1027 5727; x_wconf 77' lang='lat' dir='ltr'><strong>Mercat.</strong></span> <span class='ocrx_word' id='word_1_691' title='bbox 1050 5674 1177 5726; x_wconf 88' lang='lat' dir='ltr'><strong>edit.</strong></span> <span class='ocrx_word' id='word_1_692' title='bbox 1206 5673 1385 5728; x_wconf 75' lang='lat' dir='ltr'><strong>Baluz.</strong></span> <span class='ocrx_word' id='word_1_693' title='bbox 1413 5690 1530 5743; x_wconf 83' lang='lat' dir='ltr'><strong>pag.</strong></span> <span class='ocrx_word' id='word_1_694' title='bbox 1557 5675 1665 5730; x_wconf 71' lang='grc' dir='ltr'><strong>’ΞΙΟ</strong></span> <span class='ocrx_word' id='word_1_695' title='bbox 1693 5676 1827 5731; x_wconf 82' lang='lat' dir='ltr'><strong>edit.</strong></span> 
     </span>
    </p>
   </div>
   <div class='ocr_carea' id='block_1_94' title="bbox 247 5744 1829 5813">
    <p class='ocr_par' dir='ltr' id='par_1_94' title="bbox 247 5744 1829 5813">
     <span class='ocr_line' id='line_1_95' title="bbox 247 5744 1829 5813; baseline -0.001 -12"><span class='ocrx_word' id='word_1_696' title='bbox 247 5746 410 5801; x_wconf 68' lang='lat' dir='ltr'><strong>Cant.</strong></span> <span class='ocrx_word' id='word_1_697' title='bbox 463 5752 603 5813; x_wconf 84' lang='lat' dir='ltr'><strong>part.</strong></span> <span class='ocrx_word' id='word_1_698' title='bbox 646 5758 686 5798; x_wconf 86' lang='lat' dir='ltr'><strong>tt</strong></span> <span class='ocrx_word' id='word_1_699' title='bbox 726 5758 841 5811; x_wconf 76' lang='lat' dir='ltr'><strong>pag.</strong></span> <span class='ocrx_word' id='word_1_700' title='bbox 884 5744 916 5797; x_wconf 88' lang='lat'><strong><em>8</em></strong></span> <span class='ocrx_word' id='word_1_701' title='bbox 941 5754 990 5798; x_wconf 85' lang='lat' dir='ltr'><strong>ct</strong></span> <span class='ocrx_word' id='word_1_702' title='bbox 1023 5744 1053 5796; x_wconf 85' lang='lat'><strong>9</strong></span> <span class='ocrx_word' id='word_1_703' title='bbox 1082 5744 1301 5812; x_wconf 76' lang='lat' dir='ltr'><strong>culpare</strong></span> <span class='ocrx_word' id='word_1_704' title='bbox 1344 5762 1449 5800; x_wconf 89' lang='lat' dir='ltr'><strong>non</strong></span> <span class='ocrx_word' id='word_1_705' title='bbox 1490 5756 1708 5801; x_wconf 82' lang='lat' dir='ltr'><strong>veretur</strong></span> <span class='ocrx_word' id='word_1_706' title='bbox 1748 5748 1829 5800; x_wconf 81' lang='lat' dir='ltr'><strong>his</strong></span> 
     </span>
    </p>
   </div>
   <div class='ocr_carea' id='block_1_95' title="bbox 1927 3266 3498 3337">
    <p class='ocr_par' dir='ltr' id='par_1_95' title="bbox 1927 3266 3498 3337">
     <span class='ocr_line' id='line_1_96' title="bbox 1927 3266 3498 3337; baseline 0.004 -16"><span class='ocrx_word' id='word_1_707' title='bbox 1927 3278 2150 3337; x_wconf 87' lang='lat' dir='ltr'><strong>uterque</strong></span> <span class='ocrx_word' id='word_1_708' title='bbox 2175 3276 2301 3320; x_wconf 86' lang='lat' dir='ltr'><strong>ante</strong></span> <span class='ocrx_word' id='word_1_709' title='bbox 2325 3266 2515 3322; x_wconf 89' lang='lat' dir='ltr'><strong>oculos</strong></span> <span class='ocrx_word' id='word_1_710' title='bbox 2546 3274 2760 3321; x_wconf 89' lang='lat' dir='ltr'><strong>nostros</strong></span> <span class='ocrx_word' id='word_1_711' title='bbox 2784 3266 3024 3323; x_wconf 74' lang='lat' dir='ltr'><strong>Salvator</strong></span> <span class='ocrx_word' id='word_1_712' title='bbox 3040 3269 3085 3322; x_wconf 87' lang='lat' dir='ltr'><strong>is</strong></span> <span class='ocrx_word' id='word_1_713' title='bbox 3105 3277 3269 3323; x_wconf 75' lang='lat' dir='ltr'><strong>nostr;</strong></span> <span class='ocrx_word' id='word_1_714' title='bbox 3292 3274 3498 3327; x_wconf 74' lang='lat' dir='ltr'><strong>calum-</strong></span> 
     </span>
    </p>
   </div>
   <div class='ocr_carea' id='block_1_96' title="bbox 1927 3358 3496 3423">
    <p class='ocr_par' dir='ltr' id='par_1_96' title="bbox 1927 3358 3496 3423">
     <span class='ocr_line' id='line_1_97' title="bbox 1927 3358 3496 3423; baseline 0.003 -9"><span class='ocrx_word' id='word_1_715' title='bbox 1927 3360 2105 3414; x_wconf 76' lang='lat' dir='ltr'><strong>niator</strong></span> <span class='ocrx_word' id='word_1_716' title='bbox 2128 3369 2181 3413; x_wconf 91' lang='lat' dir='ltr'><strong>et</strong></span> <span class='ocrx_word' id='word_1_717' title='bbox 2214 3358 2463 3423; x_wconf 86' lang='lat' dir='ltr'><strong>traditor,</strong></span> <span class='ocrx_word' id='word_1_718' title='bbox 2495 3366 2674 3412; x_wconf 88' lang='lat' dir='ltr'><strong>tamen</strong></span> <span class='ocrx_word' id='word_1_719' title='bbox 2701 3358 3009 3415; x_wconf 83' lang='lat' dir='ltr'><strong>deliberare</strong></span> <span class='ocrx_word' id='word_1_720' title='bbox 3039 3360 3263 3418; x_wconf 80' lang='lat' dir='ltr'><strong>difﬁcile</strong></span> <span class='ocrx_word' id='word_1_721' title='bbox 3303 3375 3384 3418; x_wconf 88' lang='lat' dir='ltr'><strong>est</strong></span> <span class='ocrx_word' id='word_1_722' title='bbox 3416 3366 3496 3421; x_wconf 83' lang='lat' dir='ltr'><strong>in-</strong></span> 
     </span>
    </p>
   </div>
   <div class='ocr_carea' id='block_1_97' title="bbox 1927 3451 3496 3514">
    <p class='ocr_par' dir='ltr' id='par_1_97' title="bbox 1927 3451 3496 3514">
     <span class='ocr_line' id='line_1_98' title="bbox 1927 3451 3496 3514; baseline 0.004 -7"><span class='ocrx_word' id='word_1_723' title='bbox 1927 3462 2012 3507; x_wconf 90' lang='lat' dir='ltr'><strong>ter</strong></span> <span class='ocrx_word' id='word_1_724' title='bbox 2071 3452 2432 3506; x_wconf 82' lang='lat' dir='ltr'><strong>discusson</strong></span> <span class='ocrx_word' id='word_1_725' title='bbox 2494 3451 2791 3506; x_wconf 84' lang='lat' dir='ltr'><strong>nativitatis</strong></span> <span class='ocrx_word' id='word_1_726' title='bbox 2846 3463 2901 3507; x_wconf 92' lang='lat' dir='ltr'><strong>et</strong></span> <span class='ocrx_word' id='word_1_727' title='bbox 2960 3455 3147 3507; x_wconf 91' lang='lat' dir='ltr'><strong>mortis</strong></span> <span class='ocrx_word' id='word_1_728' title='bbox 3195 3464 3496 3514; x_wconf 80' lang='lat' dir='ltr'><strong>auctorem.</strong></span> 
     </span>
    </p>
   </div>
   <div class='ocr_carea' id='block_1_98' title="bbox 1932 3542 3496 3616">
    <p class='ocr_par' dir='ltr' id='par_1_98' title="bbox 1932 3542 3496 3616">
     <span class='ocr_line' id='line_1_99' title="bbox 1932 3542 3496 3616; baseline 0.004 -20"><span class='ocrx_word' id='word_1_729' title='bbox 1932 3542 2082 3599; x_wconf 85' lang='lat' dir='ltr'><strong>Facti</strong></span> <span class='ocrx_word' id='word_1_730' title='bbox 2102 3543 2185 3598; x_wconf 87' lang='lat' dir='ltr'><strong>sui</strong></span> <span class='ocrx_word' id='word_1_731' title='bbox 2226 3542 2480 3596; x_wconf 88' lang='lat' dir='ltr'><strong>videlicet</strong></span> <span class='ocrx_word' id='word_1_732' title='bbox 2513 3557 2737 3597; x_wconf 86' lang='lat' dir='ltr'><strong>vacuum</strong></span> <span class='ocrx_word' id='word_1_733' title='bbox 2779 3545 2957 3597; x_wconf 88' lang='lat' dir='ltr'><strong>statim</strong></span> <span class='ocrx_word' id='word_1_734' title='bbox 2994 3544 3187 3599; x_wconf 68' lang='lat' dir='ltr'><strong>ludam</strong></span> <span class='ocrx_word' id='word_1_735' title='bbox 3223 3552 3496 3616; x_wconf 71' lang='lat' dir='ltr'><strong>rmnitoit,</strong></span> 
     </span>
    </p>
   </div>
   <div class='ocr_carea' id='block_1_99' title="bbox 1930 3631 3499 3705">
    <p class='ocr_par' dir='ltr' id='par_1_99' title="bbox 1930 3631 3499 3705">
     <span class='ocr_line' id='line_1_100' title="bbox 1930 3631 3499 3705; baseline 0.004 -16"><span class='ocrx_word' id='word_1_736' title='bbox 1930 3636 2192 3703; x_wconf 65' lang='lat' dir='ltr'><strong>praevenit</strong></span> <span class='ocrx_word' id='word_1_737' title='bbox 2244 3631 2493 3690; x_wconf 70' lang='lat' dir='ltr'><strong>iexitum</strong></span> <span class='ocrx_word' id='word_1_738' title='bbox 2552 3635 2734 3688; x_wconf 89' lang='lat' dir='ltr'><strong>traditi</strong></span> <span class='ocrx_word' id='word_1_739' title='bbox 2794 3636 3119 3705; x_wconf 85' lang='lat' dir='ltr'><strong>suppliciqu</strong></span> <span class='ocrx_word' id='word_1_740' title='bbox 3178 3641 3499 3705; x_wconf 82' lang='lat' dir='ltr'><strong>proditoris;</strong></span> 
     </span>
    </p>
   </div>
   <div class='ocr_carea' id='block_1_100' title="bbox 1926 3726 3500 3796">
    <p class='ocr_par' dir='ltr' id='par_1_100' title="bbox 1926 3726 3500 3796">
     <span class='ocr_line' id='line_1_101' title="bbox 1926 3726 3500 3796; baseline 0.004 -17"><span class='ocrx_word' id='word_1_741' title='bbox 1926 3727 2017 3780; x_wconf 90' lang='lat' dir='ltr'><strong>ille</strong></span> <span class='ocrx_word' id='word_1_742' title='bbox 2044 3726 2226 3780; x_wconf 84' lang='lat' dir='ltr'><strong>statim</strong></span> <span class='ocrx_word' id='word_1_743' title='bbox 2257 3726 2527 3796; x_wconf 85' lang='lat' dir='ltr'><strong>laqueum,</strong></span> <span class='ocrx_word' id='word_1_744' title='bbox 2552 3735 2836 3793; x_wconf 74' lang='lat' dir='ltr'><strong>peceatum</strong></span> <span class='ocrx_word' id='word_1_745' title='bbox 2860 3741 3019 3780; x_wconf 87' lang='lat' dir='ltr'><strong>suum</strong></span> <span class='ocrx_word' id='word_1_746' title='bbox 3050 3728 3353 3791; x_wconf 78' lang='lat' dir='ltr'><strong>confessus,</strong></span> <span class='ocrx_word' id='word_1_747' title='bbox 3383 3730 3500 3785; x_wconf 85' lang='lat' dir='ltr'><strong>elc-</strong></span> 
     </span>
    </p>
   </div>
   <div class='ocr_carea' id='block_1_101' title="bbox 1926 3814 3499 3892">
    <p class='ocr_par' dir='ltr' id='par_1_101' title="bbox 1926 3814 3499 3892">
     <span class='ocr_line' id='line_1_102' title="bbox 1926 3814 3499 3892; baseline -0.001 -20"><span class='ocrx_word' id='word_1_748' title='bbox 1926 3818 2030 3887; x_wconf 86' lang='lat' dir='ltr'><strong>git;</strong></span> <span class='ocrx_word' id='word_1_749' title='bbox 2057 3819 2143 3871; x_wconf 86' lang='lat' dir='ltr'><strong>hic</strong></span> <span class='ocrx_word' id='word_1_750' title='bbox 2172 3819 2463 3887; x_wconf 85' lang='lat' dir='ltr'><strong>impietatis</strong></span> <span class='ocrx_word' id='word_1_751' title='bbox 2489 3818 2782 3885; x_wconf 88' lang='lat' dir='ltr'><strong>pertinacia</strong></span> <span class='ocrx_word' id='word_1_752' title='bbox 2805 3818 3089 3886; x_wconf 71' lang='lat' dir='ltr'><strong>gloriatur.</strong></span> <span class='ocrx_word' id='word_1_753' title='bbox 3118 3819 3226 3875; x_wconf 82' lang='lat' dir='ltr'><strong>Nec</strong></span> <span class='ocrx_word' id='word_1_754' title='bbox 3248 3836 3350 3892; x_wconf 81' lang='lat' dir='ltr'><strong>ego</strong></span> <span class='ocrx_word' id='word_1_755' title='bbox 3378 3814 3499 3892; x_wconf 69' lang='lat' dir='ltr'><strong>per.~</strong></span> 
     </span>
    </p>
   </div>
   <div class='ocr_carea' id='block_1_102' title="bbox 1930 3908 3499 3972">
    <p class='ocr_par' dir='ltr' id='par_1_102' title="bbox 1930 3908 3499 3972">
     <span class='ocr_line' id='line_1_103' title="bbox 1930 3908 3499 3972; baseline 0.004 -9"><span class='ocrx_word' id='word_1_756' title='bbox 1930 3910 2068 3963; x_wconf 71' lang='lat' dir='ltr'><strong>ﬁdize</strong></span> <span class='ocrx_word' id='word_1_757' title='bbox 2111 3908 2238 3962; x_wconf 85' lang='lat' dir='ltr'><strong>huic</strong></span> <span class='ocrx_word' id='word_1_758' title='bbox 2280 3908 2422 3962; x_wconf 87' lang='lat' dir='ltr'><strong>dabo</strong></span> <span class='ocrx_word' id='word_1_759' title='bbox 2471 3924 2667 3962; x_wconf 88' lang='lat' dir='ltr'><strong>nomen</strong></span> <span class='ocrx_word' id='word_1_760' title='bbox 2698 3912 2927 3972; x_wconf 85' lang='lat' dir='ltr'><strong>erroris,</strong></span> <span class='ocrx_word' id='word_1_761' title='bbox 2961 3926 3068 3965; x_wconf 87' lang='lat' dir='ltr'><strong>non</strong></span> <span class='ocrx_word' id='word_1_762' title='bbox 3100 3922 3187 3966; x_wconf 88' lang='lat' dir='ltr'><strong>est</strong></span> <span class='ocrx_word' id='word_1_763' title='bbox 3215 3930 3370 3967; x_wconf 84' lang='lat' dir='ltr'><strong>error</strong></span> <span class='ocrx_word' id='word_1_764' title='bbox 3400 3916 3499 3969; x_wconf 90' lang='lat' dir='ltr'><strong>im-</strong></span> 
     </span>
    </p>
   </div>
   <div class='ocr_carea' id='block_1_103' title="bbox 1931 3997 3498 4075">
    <p class='ocr_par' dir='ltr' id='par_1_103' title="bbox 1931 3997 3498 4075">
     <span class='ocr_line' id='line_1_104' title="bbox 1931 3997 3498 4075; baseline 0.007 -24"><span class='ocrx_word' id='word_1_765' title='bbox 1931 4000 2101 4070; x_wconf 87' lang='lat' dir='ltr'><strong>pietas</strong></span> <span class='ocrx_word' id='word_1_766' title='bbox 2144 3998 2341 4054; x_wconf 89' lang='lat' dir='ltr'><strong>omnis.</strong></span> <span class='ocrx_word' id='word_1_767' title='bbox 2371 3997 2617 4068; x_wconf 86' lang='lat' dir='ltr'><strong>Denique</strong></span> <span class='ocrx_word' id='word_1_768' title='bbox 2664 3999 2881 4067; x_wconf 85' lang='lat' dir='ltr'><strong>quoties</strong></span> <span class='ocrx_word' id='word_1_769' title='bbox 2938 4001 3198 4056; x_wconf 80' lang='lat' dir='ltr'><strong>Ecclesiae</strong></span> <span class='ocrx_word' id='word_1_770' title='bbox 3247 4004 3328 4057; x_wconf 82' lang='lat' dir='ltr'><strong>vel</strong></span> <span class='ocrx_word' id='word_1_771' title='bbox 3380 4008 3498 4075; x_wconf 85' lang='lat' dir='ltr'><strong>ejus</strong></span> 
     </span>
    </p>
   </div>
   <div class='ocr_carea' id='block_1_104' title="bbox 1926 4080 3498 4163">
    <p class='ocr_par' dir='ltr' id='par_1_104' title="bbox 1926 4080 3498 4163">
     <span class='ocr_line' id='line_1_105' title="bbox 1926 4080 3498 4163; baseline 0.004 -17"><span class='ocrx_word' id='word_1_772' title='bbox 1926 4091 2094 4163; x_wconf 88' lang='lat' dir='ltr'><strong>quieti</strong></span> <span class='ocrx_word' id='word_1_773' title='bbox 2123 4091 2367 4146; x_wconf 60' lang='lat' dir='ltr'><strong>diabolus</strong></span> <span class='ocrx_word' id='word_1_774' title='bbox 2410 4080 2645 4144; x_wconf 23' lang='lat' dir='ltr'><strong>invidus.</strong></span> <span class='ocrx_word' id='word_1_775' title='bbox 2665 4091 2847 4158; x_wconf 82' lang='lat' dir='ltr'><strong>fuerit,</strong></span> <span class='ocrx_word' id='word_1_776' title='bbox 2878 4093 3017 4148; x_wconf 90' lang='lat' dir='ltr'><strong>intra</strong></span> <span class='ocrx_word' id='word_1_777' title='bbox 3045 4109 3165 4149; x_wconf 88' lang='lat' dir='ltr'><strong>eam</strong></span> <span class='ocrx_word' id='word_1_778' title='bbox 3211 4107 3334 4149; x_wconf 86' lang='lat' dir='ltr'><strong>nata</strong></span> <span class='ocrx_word' id='word_1_779' title='bbox 3366 4113 3498 4154; x_wconf 88' lang='lat' dir='ltr'><strong>con-</strong></span> 
     </span>
    </p>
   </div>
   <div class='ocr_carea' id='block_1_105' title="bbox 1916 4204 3501 4287">
    <p class='ocr_par' dir='ltr' id='par_1_105' title="bbox 1916 4204 3501 4287">
     <span class='ocr_line' id='line_1_106' title="bbox 1916 4204 3501 4287; baseline 0.004 -26"><span class='ocrx_word' id='word_1_780' title='bbox 1916 4207 2123 4287; x_wconf 77' lang='lat' dir='ltr'><strong>verbis:</strong></span> <span class='ocrx_word' id='word_1_781' title='bbox 2148 4204 2309 4287; x_wconf 75' lang='lat' dir='ltr'><strong>Video</strong></span> <span class='ocrx_word' id='word_1_782' title='bbox 2331 4205 2895 4287; x_wconf 52' lang='lat' dir='ltr'><strong>populttnthostrttm...</strong></span> <span class='ocrx_word' id='word_1_783' title='bbox 2921 4211 2971 4263; x_wconf 87' lang='lat' dir='ltr'><strong>in</strong></span> <span class='ocrx_word' id='word_1_784' title='bbox 2995 4212 3235 4287; x_wconf 69' lang='lat' dir='ltr'><strong>deamata</strong></span> <span class='ocrx_word' id='word_1_785' title='bbox 3257 4213 3501 4287; x_wconf 74' lang='lat' dir='ltr'><strong>theoguo-</strong></span> 
     </span>
    </p>
   </div>
   <div class='ocr_carea' id='block_1_106' title="bbox 1915 4274 3495 4353">
    <p class='ocr_par' dir='ltr' id='par_1_106' title="bbox 1915 4274 3495 4353">
     <span class='ocr_line' id='line_1_107' title="bbox 1915 4274 3495 4353; baseline 0.004 -24"><span class='ocrx_word' id='word_1_786' title='bbox 1915 4280 2014 4353; x_wconf 71' lang='lat' dir='ltr'><strong>site.</strong></span> <span class='ocrx_word' id='word_1_787' title='bbox 2041 4274 2337 4353; x_wconf 63' lang='lat' dir='ltr'><strong>ignorantia</strong></span> <span class='ocrx_word' id='word_1_788' title='bbox 2363 4274 2466 4353; x_wconf 79' lang='lat' dir='ltr'><strong>labi</strong></span> <span class='ocrx_word' id='word_1_789' title='bbox 2490 4291 2509 4328; x_wconf 91' lang='lat'><strong><em>:</em></strong></span> <span class='ocrx_word' id='word_1_790' title='bbox 2535 4277 2586 4328; x_wconf 84' lang='lat' dir='ltr'><strong>id</strong></span> <span class='ocrx_word' id='word_1_791' title='bbox 2617 4287 2782 4330; x_wconf 86' lang='lat' dir='ltr'><strong>autem</strong></span> <span class='ocrx_word' id='word_1_792' title='bbox 2812 4296 2915 4353; x_wconf 76' lang='lat' dir='ltr'><strong>non</strong></span> <span class='ocrx_word' id='word_1_793' title='bbox 2944 4274 3265 4353; x_wconf 43' lang='lat' dir='ltr'><strong>esse&#39;cﬁtttcu</strong></span> <span class='ocrx_word' id='word_1_794' title='bbox 3291 4274 3495 4353; x_wconf 57' lang='lat' dir='ltr'><strong>populi,</strong></span> 
     </span>
    </p>
   </div>
   <div class='ocr_carea' id='block_1_107' title="bbox 1918 4345 3503 4414">
    <p class='ocr_par' dir='ltr' id='par_1_107' title="bbox 1918 4345 3503 4414">
     <span class='ocr_line' id='line_1_108' title="bbox 1918 4345 3503 4414; baseline 0.006 -14"><span class='ocrx_word' id='word_1_795' title='bbox 1918 4348 2031 4414; x_wconf 86' lang='lat' dir='ltr'><strong>sed,</strong></span> <span class='ocrx_word' id='word_1_796' title='bbox 2054 4345 2110 4399; x_wconf 74' lang='lat' dir='ltr'><strong>ut</strong></span> <span class='ocrx_word' id='word_1_797' title='bbox 2153 4345 2362 4399; x_wconf 78' lang='lat' dir='ltr'><strong>honeste</strong></span> <span class='ocrx_word' id='word_1_798' title='bbox 2402 4347 2652 4407; x_wconf 85' lang='lat' dir='ltr'><strong>dicamus.</strong></span> <span class='ocrx_word' id='word_1_799' title='bbox 2686 4364 2786 4400; x_wconf 87' lang='lat' dir='ltr'><strong>non</strong></span> <span class='ocrx_word' id='word_1_800' title='bbox 2826 4347 3065 4403; x_wconf 70' lang='lat' dir='ltr'><strong>habuisse</strong></span> <span class='ocrx_word' id='word_1_801' title='bbox 3104 4361 3236 4404; x_wconf 80' lang='lat' dir='ltr'><strong>retro</strong></span> <span class='ocrx_word' id='word_1_802' title='bbox 3272 4345 3503 4410; x_wconf 64' lang='lat' dir='ltr'><strong>doctores</strong></span> 
     </span>
    </p>
   </div>
   <div class='ocr_carea' id='block_1_108' title="bbox 1918 4415 3503 4491">
    <p class='ocr_par' dir='ltr' id='par_1_108' title="bbox 1918 4415 3503 4491">
     <span class='ocr_line' id='line_1_109' title="bbox 1918 4415 3503 4491; baseline 0.005 -22"><span class='ocrx_word' id='word_1_803' title='bbox 1918 4425 2118 4491; x_wconf 54' lang='lat' dir='ltr'><strong>tempus</strong></span> <span class='ocrx_word' id='word_1_804' title='bbox 2144 4415 2544 4491; x_wconf 80' lang='lat' dir='ltr'><strong>accuratc_vobt&#39;s</strong></span> <span class='ocrx_word' id='word_1_805' title='bbox 2574 4417 2815 4491; x_wconf 70' lang='lat' dir='ltr'><strong>dogmata</strong></span> <span class='ocrx_word' id='word_1_806' title='bbox 2854 4419 3257 4476; x_wconf 74' lang='lat' dir='ltr'><strong>demonstrandi.</strong></span> <span class='ocrx_word' id='word_1_807' title='bbox 3302 4422 3356 4476; x_wconf 91' lang='lat' dir='ltr'><strong>ln</strong></span> <span class='ocrx_word' id='word_1_808' title='bbox 3383 4440 3503 4491; x_wconf 77' lang='lat' dir='ltr'><strong>quat</strong></span> 
     </span>
    </p>
   </div>
   <div class='ocr_carea' id='block_1_109' title="bbox 1919 4484 3503 4557">
    <p class='ocr_par' dir='ltr' id='par_1_109' title="bbox 1919 4484 3503 4557">
     <span class='ocr_line' id='line_1_110' title="bbox 1919 4484 3503 4557; baseline 0.003 -16"><span class='ocrx_word' id='word_1_809' title='bbox 1919 4484 2151 4557; x_wconf 56' lang='lat' dir='ltr'><strong>Cyr&#39;tllus</strong></span> <span class='ocrx_word' id='word_1_810' title='bbox 2180 4486 2340 4557; x_wconf 78' lang='lat' dir='ltr'><strong>epist.</strong></span> <span class='ocrx_word' id='word_1_811' title='bbox 2372 4485 2405 4538; x_wconf 89' lang='lat'>8</span> <span class='ocrx_word' id='word_1_812' title='bbox 2439 4484 2686 4557; x_wconf 80' lang='lat' dir='ltr'><strong>apposite</strong></span> <span class='ocrx_word' id='word_1_813' title='bbox 2719 4486 2830 4557; x_wconf 65' lang='lat' dir='ltr'><strong>lucc</strong></span> <span class='ocrx_word' id='word_1_814' title='bbox 2861 4491 3235 4543; x_wconf 79' lang='lat' dir='ltr'><strong>animadvertit</strong></span> <span class='ocrx_word' id='word_1_815' title='bbox 3277 4509 3290 4544; x_wconf 92' lang='lat'><strong>:</strong></span> <span class='ocrx_word' id='word_1_816' title='bbox 3334 4484 3503 4546; x_wconf 65' lang='lat' dir='ltr'><strong>Nitor</strong></span> 
     </span>
    </p>
   </div>
   <div class='ocr_carea' id='block_1_110' title="bbox 1920 4552 3498 4627">
    <p class='ocr_par' dir='ltr' id='par_1_110' title="bbox 1920 4552 3498 4627">
     <span class='ocr_line' id='line_1_111' title="bbox 1920 4552 3498 4627; baseline -0.003 -18"><span class='ocrx_word' id='word_1_817' title='bbox 1920 4552 2041 4626; x_wconf 75' lang='lat' dir='ltr'><strong>quid</strong></span> <span class='ocrx_word' id='word_1_818' title='bbox 2062 4555 2378 4625; x_wconf 85' lang='lat' dir='ltr'><strong>eloquentior</strong></span> <span class='ocrx_word' id='word_1_819' title='bbox 2404 4563 2474 4627; x_wconf 82' lang='lat' dir='ltr'><strong>cst</strong></span> <span class='ocrx_word' id='word_1_820' title='bbox 2501 4552 2741 4627; x_wconf 60' lang='lat' dir='ltr'><strong>Joanne}</strong></span> <span class='ocrx_word' id='word_1_821' title='bbox 2765 4554 3032 4627; x_wconf 83' lang='lat' dir='ltr'><strong>Numquid</strong></span> <span class='ocrx_word' id='word_1_822' title='bbox 3057 4559 3272 4627; x_wconf 66' lang='lat' dir='ltr'><strong>arquati;</strong></span> <span class='ocrx_word' id='word_1_823' title='bbox 3309 4561 3383 4615; x_wconf 75' lang='grc' dir='ltr'><strong>ιιει</strong></span> <span class='ocrx_word' id='word_1_824' title='bbox 3411 4582 3498 4617; x_wconf 70' lang='grc' dir='ltr'><strong>ια-</strong></span> 
     </span>
    </p>
   </div>
   <div class='ocr_carea' id='block_1_111' title="bbox 1845 4617 3499 4698">
    <p class='ocr_par' dir='ltr' id='par_1_111' title="bbox 1845 4617 3499 4698">
     <span class='ocr_line' id='line_1_112' title="bbox 1845 4617 3499 4698; baseline 0.007 -23"><span class='ocrx_word' id='word_1_825' title='bbox 1845 4617 1892 4675; x_wconf 89' lang='grc' dir='ltr'><strong>ι)</strong></span> <span class='ocrx_word' id='word_1_826' title='bbox 1919 4617 2136 4698; x_wconf 68' lang='lat' dir='ltr'><strong>pientior</strong></span> <span class='ocrx_word' id='word_1_827' title='bbox 2156 4617 2240 4698; x_wconf 63' lang='lat' dir='ltr'><strong>est</strong></span> <span class='ocrx_word' id='word_1_828' title='bbox 2262 4628 2405 4698; x_wconf 81' lang='lat' dir='ltr'><strong>beato</strong></span> <span class='ocrx_word' id='word_1_829' title='bbox 2443 4622 2654 4698; x_wconf 78' lang='lat' dir='ltr'><strong>Attico?</strong></span> <span class='ocrx_word' id='word_1_830' title='bbox 2691 4623 2859 4698; x_wconf 79' lang='lat' dir='ltr'><strong>lntmo</strong></span> <span class='ocrx_word' id='word_1_831' title='bbox 2887 4617 3001 4680; x_wconf 72' lang='grc' dir='ltr'><strong>υὲγο</strong></span> <span class='ocrx_word' id='word_1_832' title='bbox 3032 4617 3126 4681; x_wconf 63' lang='lat' dir='ltr'><strong>cur</strong></span> <span class='ocrx_word' id='word_1_833' title='bbox 3160 4630 3373 4698; x_wconf 84' lang='lat' dir='ltr'><strong>ingenue</strong></span> <span class='ocrx_word' id='word_1_834' title='bbox 3398 4649 3499 4687; x_wconf 75' lang='lat' dir='ltr'><strong>non</strong></span> 
     </span>
    </p>
   </div>
   <div class='ocr_carea' id='block_1_112' title="bbox 1920 4694 3507 4774">
    <p class='ocr_par' dir='ltr' id='par_1_112' title="bbox 1920 4694 3507 4774">
     <span class='ocr_line' id='line_1_113' title="bbox 1920 4694 3507 4774; baseline 0.005 -25"><span class='ocrx_word' id='word_1_835' title='bbox 1920 4696 2173 4774; x_wconf 79' lang='lat' dir='ltr'><strong>agnoscit,</strong></span> <span class='ocrx_word' id='word_1_836' title='bbox 2206 4694 2491 4747; x_wconf 85' lang='lat' dir='ltr'><strong>doctrinam</strong></span> <span class='ocrx_word' id='word_1_837' title='bbox 2517 4710 2568 4747; x_wconf 82' lang='lat' dir='ltr'><strong>se</strong></span> <span class='ocrx_word' id='word_1_838' title='bbox 2605 4694 2867 4774; x_wconf 58' lang='lat' dir='ltr'><strong>inuenisse</strong></span> <span class='ocrx_word' id='word_1_839' title='bbox 2896 4694 3232 4774; x_wconf 48' lang='lat' dir='ltr'><strong>peregrinant&#39;</strong></span> <span class='ocrx_word' id='word_1_840' title='bbox 3253 4702 3507 4774; x_wconf 78' lang='lat' dir='ltr'><strong>planrqtu</strong></span> 
     </span>
    </p>
   </div>
   <div class='ocr_carea' id='block_1_113' title="bbox 1921 4764 3502 4840">
    <p class='ocr_par' dir='ltr' id='par_1_113' title="bbox 1921 4764 3502 4840">
     <span class='ocr_line' id='line_1_114' title="bbox 1921 4764 3502 4840; baseline 0.006 -21"><span class='ocrx_word' id='word_1_841' title='bbox 1921 4764 2237 4840; x_wconf 58' lang='lat' dir='ltr'><strong>inusitatam,</strong></span> <span class='ocrx_word' id='word_1_842' title='bbox 2267 4778 2515 4840; x_wconf 67' lang='lat' dir='ltr'><strong>qutcpra:</strong></span> <span class='ocrx_word' id='word_1_843' title='bbox 2538 4764 2973 4840; x_wconf 66' lang='lat' dir='ltr'><strong>suaabsurdt&#39;tatc</strong></span> <span class='ocrx_word' id='word_1_844' title='bbox 3003 4764 3283 4840; x_wconf 71' lang='lat' dir='ltr'><strong>majoribus</strong></span> <span class='ocrx_word' id='word_1_845' title='bbox 3311 4764 3502 4827; x_wconf 53' lang='lat' dir='ltr'><strong>nostris</strong></span> 
     </span>
    </p>
   </div>
   <div class='ocr_carea' id='block_1_114' title="bbox 1922 4832 3509 4958">
    <p class='ocr_par' dir='ltr' id='par_1_114' title="bbox 1922 4832 3509 4958">
     <span class='ocr_line' id='line_1_115' title="bbox 1922 4832 3509 4913; baseline 0.007 -26"><span class='ocrx_word' id='word_1_846' title='bbox 1922 4835 1976 4887; x_wconf 87' lang='lat' dir='ltr'><strong>in</strong></span> <span class='ocrx_word' id='word_1_847' title='bbox 2003 4836 2159 4889; x_wconf 83' lang='lat' dir='ltr'><strong>nullis</strong></span> <span class='ocrx_word' id='word_1_848' title='bbox 2190 4834 2431 4888; x_wconf 78' lang='lat' dir='ltr'><strong>Ecclesiis</strong></span> <span class='ocrx_word' id='word_1_849' title='bbox 2462 4841 2550 4887; x_wconf 86' lang='lat' dir='ltr'><strong>aut</strong></span> <span class='ocrx_word' id='word_1_850' title='bbox 2577 4832 2807 4903; x_wconf 67' lang='lat' dir='ltr'><strong>ﬁdelium</strong></span> <span class='ocrx_word' id='word_1_851' title='bbox 2832 4837 3040 4895; x_wconf 64' lang='lat' dir='ltr'><strong>coetibus</strong></span> <span class='ocrx_word' id='word_1_852' title='bbox 3068 4832 3272 4910; x_wconf 73' lang='lat' dir='ltr'><strong>cognita</strong></span> <span class='ocrx_word' id='word_1_853' title='bbox 3303 4843 3399 4913; x_wconf 75' lang='lat' dir='ltr'><strong>fuit</strong></span> <span class='ocrx_word' id='word_1_854' title='bbox 3425 4844 3509 4898; x_wconf 74' lang='lat' dir='ltr'><strong>vel</strong></span> 
     </span>
     <span class='ocr_line' id='line_1_116' title="bbox 1924 4906 2248 4958; baseline 0 0"><span class='ocrx_word' id='word_1_855' title='bbox 1924 4906 2248 4958; x_wconf 74' lang='lat' dir='ltr'><strong>approbata?</strong></span> 
     </span>
    </p>
   </div>
   <div class='ocr_carea' id='block_1_115' title="bbox 1957 4922 2235 4975">
    <p class='ocr_par' dir='ltr' id='par_1_115' title="bbox 1957 4922 2235 4975">
     <span class='ocr_line' id='line_1_117' title="bbox 1957 4922 2235 4975; baseline 0.004 -18"><span class='ocrx_word' id='word_1_856' title='bbox 1957 4922 2207 4975; x_wconf 82' lang='lat' dir='ltr'><strong>pprooata</strong></span> <span class='ocrx_word' id='word_1_857' title='bbox 2223 4922 2235 4958; x_wconf 66' lang='grc' dir='ltr'><strong>ε</strong></span> 
     </span>
    </p>
   </div>
   <div class='ocr_carea' id='block_1_116' title="bbox 1931 4972 3504 5098">
    <p class='ocr_par' dir='ltr' id='par_1_116' title="bbox 1931 4972 3504 5098">
     <span class='ocr_line' id='line_1_118' title="bbox 1931 4972 3504 5098; baseline 0.005 -71"><span class='ocrx_word' id='word_1_858' title='bbox 1931 4972 2024 5098; x_wconf 47' lang='grc' dir='ltr'><strong>ιλιι</strong></span> <span class='ocrx_word' id='word_1_859' title='bbox 2050 4974 2126 5028; x_wconf 89' lang='lat' dir='ltr'><strong>Ita</strong></span> <span class='ocrx_word' id='word_1_860' title='bbox 2167 4972 2549 5045; x_wconf 86' lang='lat' dir='ltr'><strong>corrigendum</strong></span> <span class='ocrx_word' id='word_1_861' title='bbox 2596 4974 2872 5040; x_wconf 86' lang='lat' dir='ltr'><strong>duximus,</strong></span> <span class='ocrx_word' id='word_1_862' title='bbox 2922 4991 3043 5032; x_wconf 90' lang='lat' dir='ltr'><strong>cum</strong></span> <span class='ocrx_word' id='word_1_863' title='bbox 3074 4977 3344 5034; x_wconf 75' lang='lat' dir='ltr'><strong>obtineret</strong></span> <span class='ocrx_word' id='word_1_864' title='bbox 3381 4997 3504 5052; x_wconf 81' lang='lat' dir='ltr'><strong>par-</strong></span> 
     </span>
     <span class='ocr_line' id='line_1_119' title="bbox 1952 5062 2054 5098; baseline 0 0"><span class='ocrx_word' id='word_1_865' title='bbox 1952 5062 2054 5098; x_wconf 82' lang='lat' dir='ltr'><strong>em.</strong></span> 
     </span>
    </p>
   </div>
   <div class='ocr_carea' id='block_1_117' title="bbox 1952 5062 2054 5100">
    <p class='ocr_par' dir='ltr' id='par_1_117' title="bbox 1952 5062 2054 5100">
     <span class='ocr_line' id='line_1_120' title="bbox 1952 5062 2054 5100; baseline -0.02 0"><span class='ocrx_word' id='word_1_866' title='bbox 1952 5062 2054 5100; x_wconf 80' lang='lat' dir='ltr'><strong>em.</strong></span> 
     </span>
    </p>
   </div>
   <div class='ocr_carea' id='block_1_118' title="bbox 2001 5112 3506 5190">
    <p class='ocr_par' dir='ltr' id='par_1_118' title="bbox 2001 5112 3506 5190">
     <span class='ocr_line' id='line_1_121' title="bbox 2001 5112 3506 5190; baseline 0.007 -22"><span class='ocrx_word' id='word_1_867' title='bbox 2001 5112 2031 5154; x_wconf 62' lang='grc' dir='ltr'><strong>ι</strong></span> <span class='ocrx_word' id='word_1_868' title='bbox 2062 5115 2263 5169; x_wconf 84' lang='lat' dir='ltr'><strong>Baron.</strong></span> <span class='ocrx_word' id='word_1_869' title='bbox 2292 5115 2594 5190; x_wconf 73' lang='lat' dir='ltr'><strong>suppressit</strong></span> <span class='ocrx_word' id='word_1_870' title='bbox 2623 5118 2754 5188; x_wconf 84' lang='lat' dir='ltr'><strong>ejus.</strong></span> <span class='ocrx_word' id='word_1_871' title='bbox 2780 5116 3101 5173; x_wconf 80' lang='lat' dir='ltr'><strong>Addendum</strong></span> <span class='ocrx_word' id='word_1_872' title='bbox 3132 5122 3313 5190; x_wconf 75' lang='lat' dir='ltr'><strong>ponus</strong></span> <span class='ocrx_word' id='word_1_873' title='bbox 3338 5134 3391 5176; x_wconf 75' lang='lat' dir='ltr'><strong>ut</strong></span> <span class='ocrx_word' id='word_1_874' title='bbox 3415 5122 3506 5178; x_wconf 79' lang='lat' dir='ltr'><strong>vel</strong></span> 
     </span>
    </p>
   </div>
   <div class='ocr_carea' id='block_1_119' title="bbox 1930 5182 3500 5258">
    <p class='ocr_par' dir='ltr' id='par_1_119' title="bbox 1930 5182 3500 5258">
     <span class='ocr_line' id='line_1_122' title="bbox 1930 5182 3500 5258; baseline 0.004 -19"><span class='ocrx_word' id='word_1_875' title='bbox 1930 5186 2095 5258; x_wconf 74' lang='lat' dir='ltr'><strong>instar</strong></span> <span class='ocrx_word' id='word_1_876' title='bbox 2124 5195 2250 5240; x_wconf 87' lang='lat' dir='ltr'><strong>ante</strong></span> <span class='ocrx_word' id='word_1_877' title='bbox 2276 5182 2460 5258; x_wconf 83' lang='lat' dir='ltr'><strong>vocem</strong></span> <span class='ocrx_word' id='word_1_878' title='bbox 2485 5182 2661 5250; x_wconf 65' lang='lat' dir='ltr'><strong>Judw,</strong></span> <span class='ocrx_word' id='word_1_879' title='bbox 2686 5190 2799 5258; x_wconf 77' lang='lat' dir='ltr'><strong>hoc</strong></span> <span class='ocrx_word' id='word_1_880' title='bbox 2829 5198 2912 5242; x_wconf 93' lang='lat' dir='ltr'><strong>est</strong></span> <span class='ocrx_word' id='word_1_881' title='bbox 2941 5204 2957 5243; x_wconf 88' lang='lat'><strong>:</strong></span> <span class='ocrx_word' id='word_1_882' title='bbox 2988 5182 3254 5258; x_wconf 82' lang='lat' dir='ltr'><strong>siquidem</strong></span> <span class='ocrx_word' id='word_1_883' title='bbox 3297 5196 3370 5245; x_wconf 89' lang='lat' dir='ltr'><strong>uti</strong></span> <span class='ocrx_word' id='word_1_884' title='bbox 3404 5194 3500 5248; x_wconf 79' lang='lat' dir='ltr'><strong>ltr-</strong></span> 
     </span>
    </p>
   </div>
   <div class='ocr_carea' id='block_1_120' title="bbox 1930 5255 3511 5331">
    <p class='ocr_par' dir='ltr' id='par_1_120' title="bbox 1930 5255 3511 5331">
     <span class='ocr_line' id='line_1_123' title="bbox 1930 5255 3511 5331; baseline 0.008 -23"><span class='ocrx_word' id='word_1_885' title='bbox 1930 5256 2015 5331; x_wconf 67' lang='lat' dir='ltr'><strong>dte</strong></span> <span class='ocrx_word' id='word_1_886' title='bbox 2062 5255 2238 5331; x_wconf 72' lang='lat' dir='ltr'><strong>locum</strong></span> <span class='ocrx_word' id='word_1_887' title='bbox 2280 5255 2502 5331; x_wconf 79' lang='lat' dir='ltr'><strong>sortitus</strong></span> <span class='ocrx_word' id='word_1_888' title='bbox 2550 5263 2636 5309; x_wconf 88' lang='lat' dir='ltr'><strong>est</strong></span> <span class='ocrx_word' id='word_1_889' title='bbox 2682 5257 2955 5331; x_wconf 72' lang='lat' dir='ltr'><strong>Mattltias,</strong></span> <span class='ocrx_word' id='word_1_890' title='bbox 3007 5255 3079 5313; x_wconf 78' lang='lat' dir='ltr'><strong>ita</strong></span> <span class='ocrx_word' id='word_1_891' title='bbox 3133 5264 3511 5331; x_wconf 75' lang='lat' dir='ltr'><strong>episcOpatutn</strong></span> 
     </span>
    </p>
   </div>
   <div class='ocr_carea' id='block_1_121' title="bbox 1929 5324 2803 5395">
    <p class='ocr_par' dir='ltr' id='par_1_121' title="bbox 1929 5324 2803 5395">
     <span class='ocr_line' id='line_1_124' title="bbox 1929 5324 2803 5395; baseline -0.003 -13"><span class='ocrx_word' id='word_1_892' title='bbox 1929 5325 2164 5382; x_wconf 86' lang='lat' dir='ltr'><strong>Nestorii</strong></span> <span class='ocrx_word' id='word_1_893' title='bbox 2188 5324 2541 5380; x_wconf 81' lang='lat' dir='ltr'><strong>Maximianus</strong></span> <span class='ocrx_word' id='word_1_894' title='bbox 2572 5327 2803 5395; x_wconf 72' lang='lat' dir='ltr'><strong>accepit.</strong></span> 
     </span>
    </p>
   </div>
   <div class='ocr_carea' id='block_1_122' title="bbox 2010 5395 3510 5467">
    <p class='ocr_par' dir='ltr' id='par_1_122' title="bbox 2010 5395 3510 5467">
     <span class='ocr_line' id='line_1_125' title="bbox 2010 5395 3510 5467; baseline 0.007 -18"><span class='ocrx_word' id='word_1_895' title='bbox 2010 5396 2214 5467; x_wconf 40' lang='lat' dir='ltr'><strong>{Apud</strong></span> <span class='ocrx_word' id='word_1_896' title='bbox 2248 5395 2471 5463; x_wconf 84' lang='lat' dir='ltr'><strong>Baron.,</strong></span> <span class='ocrx_word' id='word_1_897' title='bbox 2503 5398 2717 5449; x_wconf 75' lang='lat' dir='ltr'><strong>exitium</strong></span> <span class='ocrx_word' id='word_1_898' title='bbox 2757 5397 2880 5451; x_wconf 84' lang='lat' dir='ltr'><strong>oris.</strong></span> <span class='ocrx_word' id='word_1_899' title='bbox 2917 5398 3069 5467; x_wconf 78' lang='lat' dir='ltr'><strong>Apud</strong></span> <span class='ocrx_word' id='word_1_900' title='bbox 3118 5399 3279 5465; x_wconf 84' lang='lat' dir='ltr'><strong>Lab.,</strong></span> <span class='ocrx_word' id='word_1_901' title='bbox 3312 5404 3510 5459; x_wconf 68' lang='grc' dir='ltr'><strong>εει-ξηαπ</strong></span> 
     </span>
    </p>
   </div>
   <div class='ocr_carea' id='block_1_123' title="bbox 1934 5466 3501 5536">
    <p class='ocr_par' dir='ltr' id='par_1_123' title="bbox 1934 5466 3501 5536">
     <span class='ocr_line' id='line_1_126' title="bbox 1934 5466 3501 5536; baseline 0.002 -17"><span class='ocrx_word' id='word_1_902' title='bbox 1934 5466 2192 5536; x_wconf 80' lang='lat' dir='ltr'><strong>tradituri,</strong></span> <span class='ocrx_word' id='word_1_903' title='bbox 2225 5467 2499 5536; x_wconf 88' lang='lat' dir='ltr'><strong>quomodo</strong></span> <span class='ocrx_word' id='word_1_904' title='bbox 2529 5476 2582 5518; x_wconf 92' lang='lat' dir='ltr'><strong>et</strong></span> <span class='ocrx_word' id='word_1_905' title='bbox 2621 5467 2671 5519; x_wconf 92' lang='lat' dir='ltr'><strong>in</strong></span> <span class='ocrx_word' id='word_1_906' title='bbox 2716 5481 2817 5519; x_wconf 92' lang='lat' dir='ltr'><strong>ms.</strong></span> <span class='ocrx_word' id='word_1_907' title='bbox 2848 5466 3006 5523; x_wconf 87' lang='lat' dir='ltr'><strong>Colb.</strong></span> <span class='ocrx_word' id='word_1_908' title='bbox 3034 5472 3261 5536; x_wconf 85' lang='lat' dir='ltr'><strong>primum</strong></span> <span class='ocrx_word' id='word_1_909' title='bbox 3297 5475 3501 5527; x_wconf 73' lang='lat' dir='ltr'><strong>fereba.</strong></span> 
     </span>
    </p>
   </div>
   <div class='ocr_carea' id='block_1_124' title="bbox 1933 5535 3508 5608">
    <p class='ocr_par' dir='ltr' id='par_1_124' title="bbox 1933 5535 3508 5608">
     <span class='ocr_line' id='line_1_127' title="bbox 1933 5535 3508 5608; baseline 0.004 -18"><span class='ocrx_word' id='word_1_910' title='bbox 1933 5546 2046 5600; x_wconf 85' lang='lat' dir='ltr'><strong>tur;</strong></span> <span class='ocrx_word' id='word_1_911' title='bbox 2078 5535 2171 5589; x_wconf 80' lang='lat' dir='ltr'><strong>sed</strong></span> <span class='ocrx_word' id='word_1_912' title='bbox 2216 5535 2420 5608; x_wconf 26' lang='lat' dir='ltr'><strong>inhltoc</strong></span> <span class='ocrx_word' id='word_1_913' title='bbox 2479 5549 2628 5589; x_wconf 84' lang='lat' dir='ltr'><strong>recte</strong></span> <span class='ocrx_word' id='word_1_914' title='bbox 2675 5538 2935 5591; x_wconf 70' lang='lat' dir='ltr'><strong>secundis</strong></span> <span class='ocrx_word' id='word_1_915' title='bbox 2978 5535 3122 5595; x_wconf 80' lang='lat' dir='ltr'><strong>curs</strong></span> <span class='ocrx_word' id='word_1_916' title='bbox 3173 5547 3508 5608; x_wconf 78' lang='lat' dir='ltr'><strong>restitutum.</strong></span> 
     </span>
    </p>
   </div>
   <div class='ocr_carea' id='block_1_125' title="bbox 1932 5605 3503 5683">
    <p class='ocr_par' dir='ltr' id='par_1_125' title="bbox 1932 5605 3503 5683">
     <span class='ocr_line' id='line_1_128' title="bbox 1932 5605 3503 5683; baseline -0.001 -23"><span class='ocrx_word' id='word_1_917' title='bbox 1932 5610 2122 5660; x_wconf 78' lang='lat' dir='ltr'><strong>exitum</strong></span> <span class='ocrx_word' id='word_1_918' title='bbox 2176 5605 2378 5672; x_wconf 82' lang='lat' dir='ltr'><strong>traditi,</strong></span> <span class='ocrx_word' id='word_1_919' title='bbox 2411 5610 2511 5660; x_wconf 89' lang='lat' dir='ltr'><strong>hoc</strong></span> <span class='ocrx_word' id='word_1_920' title='bbox 2541 5619 2644 5668; x_wconf 63' lang='grc' dir='ltr'><strong>αρε,</strong></span> <span class='ocrx_word' id='word_1_921' title='bbox 2684 5617 2911 5661; x_wconf 79' lang='lat' dir='ltr'><strong>mortem</strong></span> <span class='ocrx_word' id='word_1_922' title='bbox 2961 5608 3162 5666; x_wconf 80' lang='lat' dir='ltr'><strong>Christi</strong></span> <span class='ocrx_word' id='word_1_923' title='bbox 3201 5616 3291 5683; x_wconf 88' lang='lat' dir='ltr'><strong>qui</strong></span> <span class='ocrx_word' id='word_1_924' title='bbox 3336 5605 3503 5671; x_wconf 61' lang='lat' dir='ltr'><strong>tradi;</strong></span> 
     </span>
    </p>
   </div>
   <div class='ocr_carea' id='block_1_126' title="bbox 1936 5684 2185 5731">
    <p class='ocr_par' dir='ltr' id='par_1_126' title="bbox 1936 5684 2185 5731">
     <span class='ocr_line' id='line_1_129' title="bbox 1936 5684 2185 5731; baseline -0.004 -1"><span class='ocrx_word' id='word_1_925' title='bbox 1936 5686 2018 5730; x_wconf 88' lang='lat' dir='ltr'><strong>tus</strong></span> <span class='ocrx_word' id='word_1_926' title='bbox 2049 5684 2185 5731; x_wconf 83' lang='lat' dir='ltr'><strong>erat.</strong></span> 
     </span>
    </p>
   </div>
  </div>
