3916 6178
284 352 386 419 553

569 361 782 421 EPIST.
828 362 995 421 XXV.
1036 356 1426 449 COELESTINI
1469 362 1669 424 ΡΛΡᾸύ
1718 360 1807 422 ΑΒ
1846 363 2124 421 CLERUM
2169 360 2255 419 ET
2298 360 2619 425 POPL‘LUM
2662 368 3198 434 CONSTANTINOI’.

3437 381 3546 438 554

280 482 564 551 diligenter
588 481 644 548 (ι
675 479 813 533 Tim.
856 494 938 546 ιιι,
966 478 1043 550 4).
1072 480 1308 549 Denique
1348 482 1463 535 llcli
1486 483 1734 559 sacerdos
1762 497 1855 551 per
1885 484 1933 542 Α
1963 479 2089 547 ρείιο
2118 478 2249 545 Quis
2273 482 2554 548 petitorem
2579 483 2767 549 synodi
2794 486 3003 555 synodo
3026 488 3269 543 crederet
3300 486 3328 527 τ’
3360 490 3545 549 afutu-

270 584 335 629 δε
366 573 736 640 inculpabilis,
771 571 1007 625 divinam
1050 588 1144 640 per
1175 573 1312 626 filios
1345 574 1573 628 incurtit
1595 575 1855 629 offensam

282 667 321 736 (Ι
352 666 481 738 Reg.
508 666 606 734 tv).
637 665 874 720 Olfendit
894 667 1130 734 pontifex
1164 678 1337 735 pater,
1363 666 1585 751 offendit
1614 678 1857 735 potestas

281 766 329 809 et
353 756 547 823 pietas.
575 754 629 810 Si
662 756 821 823 igitur
853 754 943 809 ille
972 768 1093 809 cum
1125 758 1597 825 praesumptionem
1625 757 1857 811 filiorum

284 864 383 898 nun
415 845 674 912 refrenat,
700 854 725 881 ⁸
747 845 997 909 incurrit,
1020 853 1222 914 quanto
1246 848 1414 915 magis
1442 847 1528 901 hic
1552 847 1857 911 Dominum,

283 942 402 990 dum
454 952 553 991 nec
584 938 685 1005 ipsi
735 936 929 1005 parcit,
976 936 1381 992 offendit?Non
1431 940 1573 991 hunc
1620 938 1884 1009 desidem,

284 1044 385 1081 non
429 1028 571 1082 hunc
598 1028 825 1082 dixerim
873 1028 1259 1097 negligentem.
1285 1028 1558 1083 Habuistis
1588 1028 1858 1082 hominem

282 1119 550 1171 sermonis
580 1118 810 1183 aesidui,
842 1126 1007 1188 atque
1038 1117 1202 1187 (apud
1245 1131 1499 1189 expertos
1535 1120 1749 1189 loquor)
1783 1120 1861 1173 vi-

284 1212 441 1279 gilem
478 1209 830 1276 perditorem.

350 1300 405 1354 9.
436 1300 543 1352 Nec
594 1308 769 1352 tamen
812 1299 1000 1354 beatus
1051 1299 1242 1353 Petrus
1290 1302 1567 1367 apostolus
1616 1300 1863 1355 deseruit

284 1398 386 1443 tam
415 1391 655 1459 graviter
693 1390 1020 1444 laborantes.
1056 1390 1187 1443 Nam
1230 1406 1349 1444 cum
1379 1392 1613 1460 separari
1643 1392 1746 1446 tale
1778 1392 1861 1445 ul-

284 1499 373 1537 cus
408 1484 476 1536 de
501 1482 867 1537 ecclesiastico
899 1496 1126 1550 corpore
1150 1482 1376 1536 horrens
1401 1483 1650 1537 omnibus
1679 1493 1863 1551 putre-

284 1574 349 1628 do
378 1574 636 1636 suaserit,
663 1588 787 1629 cum
826 1573 972 1627 ferro
1002 1574 1296 1628 obtulimus
1325 1586 1382 1638 et,
1400 1574 1720 1630 fomentum.
1753 1578 1858 1631 Sed

285 1666 373 1720 ille
418 1666 622 1720 abusus
666 1674 850 1719 nostro
882 1664 1085 1728 studio,
1113 1680 1220 1734 quo
1264 1666 1409 1719 illum
1464 1668 1741 1735 sequimur
1770 1667 1860 1737 qui

286 1771 377 1811 nec
399 1756 468 1810 de
496 1756 703 1824 pusillis
734 1757 967 1824 aliquem
996 1756 1109 1808 vult
1132 1757 1329 1823 perire,
1350 1766 1574 1811 mortem
1600 1757 1855 1813 hdeside-

1962 570 2119 623 rutn?
2152 570 2343 624 Pressa
2376 580 2459 625 est
2495 572 2607 626 illic
2638 572 2884 629 falsitatis
2914 577 3102 631 levitas
3130 580 3368 648 pondere
3397 585 3539 638 veri-

1962 662 2107 727 tatis,
2142 677 2241 716 nec
2266 677 2323 716 se
2347 678 2473 717 ausa
2501 672 2585 718 est
2608 663 2803 734 fulgori
2832 666 3152 723 radiantium
3191 672 3539 730 sacerdotum

1960 752 2216 805 latitantis
2258 753 2447 821 perfidi
2487 755 2670 823 caligo
2728 758 2977 812 miscere.
3038 759 3235 815 Lucem
3288 766 3537 819 tenebras

1959 840 2239 912 fugerunt,
2294 844 2415 913 quia
2467 845 2784 899 societatem
2834 848 3061 917 legimus
3117 850 3201 905 his
3260 867 3379 908 esse
3429 869 3539 909 non

1960 948 2122 1002 posse
2152 934 2170 1002 (
2196 932 2237 986 ll
2260 931 2382 987 Cor.
2406 949 2480 999 vt,
2507 934 2618 1005 Η).
2655 936 2884 992 Invicem
2917 953 2975 994 se
3016 942 3285 996 contraria
3324 959 3539 1014 semper

1962 1026 2257 1081 offendunt.
2291 1027 2393 1083 Ubi
2425 1038 2506 1082 cst
2528 1030 2671 1098 quod
2697 1030 2799 1085 sibi
2822 1032 3021 1087 dictum
3053 1041 3155 1100 est,
3186 1036 3326 1104 quod
3356 1038 3540 1107 loque-

1962 1127 2113 1172 retur
2142 1121 2191 1171 iu
2217 1118 2445 1183 lumine,
2475 1129 2529 1173 et
2556 1134 2717 1189 supra
2748 1129 2908 1187 tecta,
2942 1124 3087 1192 quod
3118 1125 3328 1181 audiret
3362 1128 3413 1180 in
3443 1143 3541 1180 au-

1963 1207 2130 1274 ribus,
2159 1209 2481 1277 prardicaret
2500 1209 2713 1280 (Matth.
2740 1227 2795 1274 x,
2818 1212 2938 1278 27)?
2954 1213 3057 1268 Sed
3085 1223 3107 1251 ο
3132 1216 3332 1271 idcirco
3349 1219 3542 1273 volens

1964 1312 2204 1367 prmscus
2230 1301 2417 1366 latere,
2451 1312 2501 1356 ut
2538 1301 2812 1357 ferendam
2841 1308 3166 1360 sententiam
3192 1310 3537 1374 verecundia,

1958 1388 2232 1458 iudicante
2282 1393 2636 1458 conscientia,
2668 1395 3009 1463 prteveniret.
3057 1396 3355 1451 Lucernam
3385 1413 3538 1453 suam

1964 1497 2057 1536 cur
2086 1482 2252 1534 voluit
2282 1480 2483 1537 habere
2529 1483 2627 1536 sub
2659 1484 2838 1539 modio
2870 1484 3085 1553 (Matth.
3114 1488 3303 1555 v.15),
3333 1489 3381 1544 si
3422 1506 3542 1545 eam

1968 1572 2105 1625 bene
2146 1574 2367 1639 putabat
2402 1575 2727 1627 accensam?
2757 1574 2895 1629 Toto
2924 1589 3111 1632 sancto
3141 1582 3432 1636 conventui
3455 1582 3540 1636 lu-

1964 1674 2089 1716 cere
2129 1663 2329 1727 debuit,
2358 1671 2418 1716 ut
2444 1664 2644 1718 habere
2675 1667 2853 1721 lumen
2888 1669 3132 1722 omnium
3168 1670 3367 1727 lumine
3410 1689 3541 1740 pro-

1966 1752 2200 1807 baretur.
2234 1756 2347 1807 Non
2382 1756 2515 1808 fallit
2545 1757 2725 1810 divina
2748 1762 3035 1825 sententia,
3065 1765 3317 1829 quoniam
3346 1766 3438 1835 qui
3478 1766 3532 1820 in

283 1860 428 1901 ra‘us
451 1850 675 1915 optavit.
704 1848 945 1916 Denique
969 1858 1023 1901 et
1050 1848 1369 1903 medicinam
1390 1864 1669 1919 respuens,
1695 1851 1861 1920 elegit.
1892 1844 1937 1901 B
1968 1846 2202 1899 tenebris
2229 1855 2374 1911 sunt,
2403 1851 2575 1900 lucem
2614 1850 2798 1904 videre
2829 1867 2933 1905 non
2978 1864 3198 1919 DOSSUDI.
3226 1853 3407 1925 (Joan.
3434 1846 3555 1925 xu,

284 1939 486 1993 abscidi
522 1956 533 1991 :
560 1939 681 1992 tulit
712 1939 780 1992 de
811 1952 869 1992 se
897 1939 1275 2006 apostolicum,
1304 1941 1390 1995 vel
1434 1941 1537 1995 hoc
1578 1943 1856 1997 nobiscum

290 2032 553 2095 sentiens,
603 2030 717 2097 ipse
760 2029 1045 2098 judicium,
1100 2040 1163 2084 ut
1205 2031 1575 2087 abscideretur
1615 2034 1703 2102 qui
1761 2049 1859 2089 nos

281 2121 637 2174 contrismhat
659 2119 801 2190 (Gal.
823 2137 874 2185 v,
895 2121 1008 2191 12),
1030 2129 1087 2176 et
1114 2122 1324 2176 volebat
1345 2133 1661 2179 convertere
1686 2125 1858 2178 Evan-

280 2214 474 2281 gelituu
508 2212 710 2265 Christi
741 2211 887 2279 (Gal.
922 2227 961 2277 ι,
994 2211 1069 2282 7).
1105 2213 1260 2268 Nulla
1292 2229 1389 2268 suo
1418 2215 1551 2269 vitio
1581 2216 1858 2287 languenti

282 2304 511 2368 medico,
546 2313 605 2357 ut
647 2304 899 2369 diximus,
940 2315 1056 2359 arte
1093 2305 1381 2360 defuimus.
1405 2307 1521 2363 Non
1549 2308 1743 2364 factum
1775 2318 1859 2364 est

284 2402 484 2447 nostra:
531 2393 809 2448 celeritate
857 2396 1142 2450 sententiae
1195 2404 1256 2449 ut
1299 2407 1442 2452 esset
1490 2398 1643 2453 nobis
1683 2399 1860 2469 publi-

279 2498 450 2538 canus
475 2491 571 2537 aut
593 2484 838 2538 ethnicus
868 2483 1084 2557 (Matth.
1113 2501 1265 2551 xvut,
1299 2486 1411 2556 17).
1447 2487 1662 2543 Scimus
1688 2490 1859 2557 quali-

281 2584 361 2630 ter
403 2583 462 2631 et
501 2575 711 2645 quoties
757 2575 856 2630 hos
900 2576 989 2645 qui
1036 2578 1102 2630 ad
1157 2577 1271 2631 lucc
1304 2577 1547 2647 tendunt,
1581 2579 1861 2651 Scriptura

277 2666 464 2734 juheat
491 2665 770 2720 conveniri
797 2661 963 2735 (Ibid.
988 2665 1101 2735 l5),
1126 2667 1267 2735 quod
1293 2683 1437 2723 nunc
1466 2684 1679 2740 quoque
1702 2672 1858 2727 vide-

285 2766 370 2811 tur
396 2757 700 2827 impletum.
722 2756 1013 2811 Dicendum
1040 2757 1272 2828 denique
1292 2759 1491 2815 adhuc.
1517 2760 1665 2816 Tunc
1696 2762 1861 2818 frater

283 2848 505 2905 fratrem
552 2850 852 2916 admonuit,
882 2850 1079 2905 dehinc
1124 2852 1373 2921 pertinax
1429 2869 1538 2909 uno
1578 2864 1635 2911 et
1662 2854 1856 2923 altero,

283 2940 453 2995 immo
484 2952 507 2980 ε
542 2942 712 2995 multo
740 2949 877 2996 teste
921 2953 1222 2997 conventus
1246 2953 1350 3011 est,
1375 2958 1770 3015 consequenter
1793 2949 1861 3004 ab

283 3033 533 3087 universa
581 3033 846 3096 Ecclesia,
896 3042 1080 3089 nostro
1134 3050 1349 3105 quoque
1394 3052 1647 3093 sermone
1671 3054 1859 3093 corre-

283 3135 426 3193 ptus.
456 3123 596 3178 Nihil
629 3138 997 3194 praecoqunm,
1028 3126 1157 3180 nihil
1200 3127 1253 3180 in
1295 3127 1397 3182 hoc
1427 3130 1637 3201 egimus
1669 3130 1860 3185 imma-

1966 1935 2090 2005 35).
2123 1936 2315 1990 Mansit
2343 1937 2710 2006 absconditus,
2743 1947 2800 1994 ut
2825 1942 3044 1997 vitando
3066 1946 3401 2003 sacerdotale
3425 1949 3540 2003 col-

1962 2026 2182 2096 legium,
2240 2028 2354 2095 ipse
2394 2031 2732 2084 renuntiaret
2774 2032 3004 2100 quodam
3060 2035 3220 2089 modo
3267 2037 3536 2107 dignitati.

1964 2118 2053 2176 Sic
2082 2133 2141 2173 se
2172 2120 2265 2174 ille
2296 2121 2497 2188 primus
2534 2120 2697 2175 homo
2739 2123 2906 2177 Adam
2933 2127 3139 2193 peccati
3170 2126 3253 2181 sui
3283 2131 3535 2184 conscius

1962 2217 2085 2262 ante
2112 2207 2304 2263 faciem
2342 2210 2552 2264 Dotnini
2596 2216 2773 2266 nudus
2800 2215 3035 2269 occuluit
3069 2214 3220 2287 (Gen.
3251 2233 3327 2283 ut,
3355 2219 3410 2288 8)
3441 2237 3455 2274 :
3484 2232 3539 2276 et

1963 2300 2055 2369 qui
2095 2316 2200 2353 non
2236 2301 2286 2354 in
2310 2316 2455 2366 eum,
2489 2302 2583 2356 sed
2606 2302 2660 2357 in
2692 2304 2810 2373 ejus
2832 2306 3085 2360 mandata
3115 2319 3416 2377 peccasset,
3445 2326 3537 2366 ex-

1962 2391 2105 2458 pavit
2137 2390 2285 2445 illam
2316 2406 2477 2460 quam
2508 2402 2913 2463 contempserat
2936 2410 3148 2462 vocem,
3182 2407 3237 2453 et
3280 2399 3530 2457 timorem

1966 2481 2223 2551 deceptus
2253 2482 2501 2549 incurrit,
2550 2493 2833 2553 postquam
2879 2486 3236 2556 simplicitatis
3280 2490 3533 2547 fiduciam

1962 2572 2091 2627 vitio
2120 2573 2581 2641 przevaricationis
2606 2574 2808 2629 amisit.
2847 2574 2867 2614 τ
2899 2576 3016 2632 Νοη
3046 2580 3168 2634 facit
3196 2580 3445 2638 dubitare
3469 2584 3539 2638 de

1960 2663 2186 2718 crimine
2238 2662 2509 2718 confessio
2554 2664 2902 2731 latebrarum,
2939 2683 3099 2722 nemo
3147 2685 3208 2724 se
3256 2672 3308 2725 in
3357 2675 3539 2729 causis

1962 2755 2214 2825 gravibus
2238 2754 2553 2810 innocenter
2578 2755 2878 2810 abscondit.
2910 2758 3001 2812 Sic
3022 2774 3151 2829 ergo
3174 2760 3318 2817 illius
3339 2774 3539 2818 nostra:

1962 2846 2153 2901 mortis
2198 2845 2458 2913 auctoris,
2504 2844 2722 2914 perdito
2777 2848 2999 2901 honoris
3040 2859 3094 2904 et
3138 2851 3323 2918 gloria:
3374 2855 3541 2910 vesti-

1963 2946 2170 3005 mento,
2197 2946 2415 2990 secutus
2460 2936 2788 3005 exemplum,
2814 2939 3006 2994 merito
3047 2941 3149 2995 hoc
3198 2956 3318 2996 cum
3365 2945 3540 3012 primo

1964 3025 2182 3080 homine
2211 3026 2382 3080 Adam
2410 3026 2731 3093 fecerit,qui
2776 3027 3037 3083 Dcitatetn
3083 3029 3215 3085 Adae
3260 3033 3540 3089 novissimi

1964 3117 2043 3171 sic
2086 3118 2323 3186 negavit.
2347 3116 2462 3171 Non
2501 3117 2596 3170 fuit
2622 3125 2747 3171 ante
2776 3119 2962 3174 oculos
3001 3129 3273 3177 tantorum
3326 3128 3540 3180 vexatio

282 3224 484 3281 turum,
518 3229 678 3283 quem
704 3215 973 3271 diuturnae
1001 3216 1405 3273 constitutionis
1441 3228 1686 3276 servatus
1722 3222 1857 3277 ordo

1965 3208 2327 3271 sacerdotum,
2350 3224 2456 3262 non
2485 3220 2868 3278 congregatum
2910 3225 2973 3264 ex
3008 3212 3154 3266 omni
3188 3228 3322 3281 pene
3352 3216 3539 3274 mundi

282 3306 581 3361 damnavit.
611 3306 725 3361 Non
779 3311 1051 3376 potuimus
1098 3307 1239 3363 ultra
1277 3308 1525 3376 differre;
1578 3326 1670 3378 ne,
1721 3312 1859 3368 sicut

282 3399 542 3466 scriptum
573 3406 678 3461 cst,
703 3413 821 3451 cum
852 3397 1061 3453 furante
1082 3413 1302 3456 currere
1325 3400 1629 3470 videamur,
1659 3413 1712 3458 et
1735 3408 1857 3459 cum

281 3488 530 3541 adultero
577 3487 696 3541 fidei
728 3496 964 3542 nostram
998 3503 1198 3556 ponere
1238 3491 1540 3559 portionem
1565 3493 1684 3565 (1’s.
1712 3510 1856 3561 ηις,

282 3582 394 3647 18),
427 3579 669 3632 maxime
712 3580 925 3647 quando
972 3581 1160 3634 oculus
1203 3581 1575 3637 scandalizans
1604 3584 1859 3652 jubeatur

280 3668 486 3724 auferri
514 3668 731 3736 (Matth.
766 3687 817 3736 v,
842 3669 956 3735 29).
985 3670 1066 3725 Ad
1090 3671 1207 3725 hare
1234 3672 1324 3726 ille
1347 3677 1668 3742 compendio
1700 3679 1857 3733 toties

280 3759 458 3814 oblata
494 3758 750 3824 remedia,
785 3775 1031 3829 campum
1075 3760 1142 3814 ad
1174 3770 1447 3817 certamen
1479 3768 1745 3834 exposcit,
1771 3783 1861 3822 sa-

281 3853 554 3907 cerdotale
578 3854 812 3921 postulat
840 3854 929 3907 cui
954 3868 1059 3908 non
1085 3862 1204 3909 erat
1224 3855 1581 3914 interfuturus
1603 3875 1853 3927 examen;

280 3944 558 4014 egreditur
589 3944 654 3999 ad
681 3944 876 3999 bellum
906 3955 1206 4001 castrorum
1245 3947 1354 4003 dux
1382 3950 1591 4005 hostem
1638 3952 1854 4021 profes—

283 4050 395 4103 δυσ,
433 4045 490 4091 et
518 4036 711 4090 doctor
742 4037 865 4091 fidei
898 4049 1082 4091 contra
1113 4039 1270 4093 fidem
1304 4050 1521 4108 portans
1556 4058 1703 4095 arma
1737 4059 1858 4111 per-

285 4128 446 4192 fidiae,
488 4144 610 4183 cum
665 4144 771 4183 non
820 4138 925 4183 tam
980 4130 1255 4198 profectus
1309 4147 1466 4200 quam
1518 4131 1731 4187 videtur
1761 4150 1856 4189 ex-

279 4220 487 4289 pulsus.

353 4311 441 4365 10.
474 4310 586 4363 Non
614 4325 800 4379 quer
830 4311 1005 4379 qualia
1036 4321 1163 4366 tunc
1184 4312 1248 4366 ad
1275 4313 1564 4368 Dominum
1610 4324 1852 4370 nostrum

283 4411 400 4455 vota
464 4402 705 4465 fudistis,
761 4417 879 4457 cum
937 4404 1117 4455 exitus
1170 4404 1361 4458 doceat
1406 4405 1533 4475 quid
1572 4408 1852 4473 potueritis

284 4505 486 4561 optare.
513 4494 623 4547 Nec
642 4509 738 4547 nos
758 4504 1026 4560 gestarum
1044 4510 1221 4548 rerum
1239 4499 1434 4564 putetis
1463 4499 1698 4569 ignaros,
1717 4516 1851 4571 qua-

1962 3307 2111 3368 parte
2141 3298 2428 3354 concilium
2456 3297 2635 3364 ;afuit
2678 3301 2746 3354 ah
2794 3299 3045 3369 his,cum
3077 3302 3271 3371 quibus
3316 3320 3377 3361 se
3416 3321 3538 3364 esse

1960 3391 2215 3447 nesciret.

2037 3487 2125 3541 Η.
2162 3484 2299 3552 Quid
2339 3484 2410 3537 illi
2446 3483 2642 3552 profuit
2672 3483 2773 3538 hoc
2801 3483 3327 3556 vitasse2Refugere
3372 3489 3541 3546 voluit

1961 3592 2099 3646 quos
2130 3576 2367 3645 effugere
2392 3592 2497 3628 non
2526 3574 2777 3627 dabatur.
2809 3575 2923 3641 Qua
2956 3574 3097 3627 enim
3128 3578 3335 3631 ratione
3366 3581 3539 3646 possit

1958 3668 2206 3730 evadere,
2232 3672 2590 3734 persequente
2613 3677 2677 3718 eo
2699 3665 2784 3717 cui
2812 3679 2871 3717 se
2900 3665 3081 3717 nullus
3104 3665 3425 3722 abscondit?
3452 3669 3535 3725 Au

1958 3763 2081 3829 quia
2110 3759 2306 3813 talibus
2336 3758 2496 3811 sociis
2526 3769 2659 3808 usus
2697 3765 2799 3820 est,
2828 3754 2944 3809 sine
2983 3766 3201 3821 peccato
3246 3772 3306 3813 se
3351 3760 3539 3814 existi-

1961 3863 2134 3911 mans,
2171 3860 2369 3915 negare
2398 3852 2425 3891 ι
2453 3843 2700 3912 dignatus
2728 3853 2809 3897 est
2854 3846 2994 3911 quod
3043 3844 3308 3914 Propheta
3338 3848 3537 3903 clama-

1958 3944 2051 4006 vit,
2080 3943 2194 4005 Quo
2222 3940 2305 3992 ibo
2334 3956 2364 3991 a
2386 3939 2516 4007 facie
2538 3947 2644 4001 tua,
2680 3938 2809 3992 etab
2833 3937 3035 4007 Spiritu
3059 3951 3146 3993 tuo
3172 3958 3270 4008 quo
3300 3944 3536 4014 fugiam?

1959 4034 2021 4089 Si
2074 4032 2349 4086 ascendero
2389 4031 2443 4083 in
2483 4028 2686 4093 caelum,
2719 4039 2775 4082 tu
2822 4031 2891 4082 ibi
2918 4046 3011 4094 es;
3058 4031 3100 4084 si
3137 4033 3442 4091 descendero
3480 4038 3533 4092 in

1956 4127 2237 4195 infernum,
2271 4131 2327 4174 tu
2375 4120 2498 4175 ades
2533 4119 2648 4191 (Ps.
2680 4135 2949 4187 cxxxvtu,
2986 4122 3039 4189 7,
3085 4123 3161 4191 8).
3201 4123 3294 4178 Ille
3335 4126 3534 4183 clamat

1958 4217 2218 4270 latebram
2244 4214 2358 4268 suis
2374 4213 2567 4268 deesse
2594 4215 2843 4280 peccatis,
2870 4228 2965 4267 nec
2988 4229 3016 4266 a
3034 4214 3143 4268 Deo
3168 4231 3325 4285 posse
3342 4220 3529 4276 celari.

1957 4309 2051 4363 ille
2080 4308 2224 4362 enim
2274 4304 2473 4359 latetur
2503 4303 2705 4372 ubique
2736 4316 3081 4372 praasentem,
3110 4323 3271 4377 quem
3318 4309 3405 4365 hic
3435 4326 3530 4368 co-

1958 4409 2116 4457 natur
2143 4413 2390 4453 asserere
2418 4398 2557 4450 intra
2584 4406 2797 4449 uterum
2824 4396 3056 4450 defuisse
3088 4410 3418 4467 susceptum.

2030 4492 2117 4546 12.
2147 4489 2386 4543 Tandem
2445 4486 2498 4539 in
2550 4486 2919 4540 sacerdotibus
2960 4487 3072 4540 suis
3118 4498 3358 4558 sanctus,
3388 4493 3532 4548 sicut

286 4601 398 4637 rum
425 4585 582 4638 nobis
603 4584 847 4639 ordinem
871 4587 1037 4639 sancti
1059 4587 1239 4641 fratris
1266 4590 1434 4642 nostri
1459 4591 1642 4660 Cyrilli
1668 4593 1854 4646 relatio

1965 4596 2194 4649 semper,
2225 4578 2457 4645 Spiritus
2500 4573 2708 4641 vivens,
2754 4589 2887 4627 unus
2930 4577 2982 4627 in
3034 4576 3282 4630 omnibus
3318 4582 3529 4647 statuit,

287 4674 557 4743 patefecit.
594 4674 882 4729 Admonuit
916 4677 1211 4745 hominem,
1254 4693 1415 4747 quem
1448 4696 1591 4734 nunc
1635 4681 1856 4736 inexcu-

285 4768 505 4821 sabilem
538 4765 740 4819 faceret
762 4781 828 4819 ex
858 4781 1007 4820 more
1045 4768 1351 4835 conventio,
1384 4769 1577 4825 adesse
1604 4782 1853 4828 couletn-

354 4955 376 4980 ⁸
408 4941 630 5010 Supple,
664 4940 926 5005 o/fensam.

351 5014 377 5051 δ
410 5015 639 5073 Barnu.,
672 5013 988 5082 desperatus.
1016 5010 1330 5065 Colberlino
1362 5026 1488 5077 ms.,
1513 5013 1599 5082 qui
1649 5015 1733 5068 hic
1760 5016 1856 5069 oh—

284 5084 550 5139 littetattts
600 5090 705 5145 est,
750 5097 845 5133 uos
893 5081 1198 5143 deficiente,
1225 5081 1544 5136 revocamus
1595 5100 1661 5137 ex
1720 5084 1851 5138 Lab.

280 5154 626 5210 desideratus,
661 5167 766 5220 quo
825 5151 991 5220 verbo
1037 5149 1360 5205 Caelestinus
1413 5161 1614 5220 quanto
1663 5155 1853 5209 salutis

277 5223 515 5279 Nestorii
551 5218 727 5274 studio
760 5218 1015 5288 ﬂagrabat
1046 5220 1320 5289 exprimit.

355 5308 376 5331 '-
411 5293 580 5352 Editi,
604 5300 653 5344 et
680 5293 851 5343 multis
877 5292 1106 5346 testibus.
1137 5290 1445 5360 Elegantius
1469 5306 1570 5347 ms.
1603 5290 1852 5358 Colb.,et

278 5368 444 5420 multo
472 5373 618 5417 teste.
658 5364 1005 5423 Przescriittas
1045 5379 1072 5414 a
1107 5362 1333 5417 Domino
1362 5364 1724 5431 correptionis
1758 5380 1848 5420 re-

277 5439 433 5507 gulas
464 5449 603 5507 erga
626 5432 955 5507 Nestorium
970 5438 1210 5507 servatas
1251 5447 1373 5507 esse
1405 5435 1487 5486 hic
1529 5434 1849 5507 leestinus

280 5502 547 5562 ostendit.
573 5504 831 5569 Quocirca
874 5502 1118 5566 inferius,
1151 5504 1268 5554 loco
1317 5504 1578 5556 diuturna:
1607 5506 1855 5558 constitu-

278 5578 459 5637 tionis,
496 5576 780 5627 mallemus
814 5574 999 5628 divinw
1024 5573 1429 5639 constitutionis;
1456 5574 1585 5628 licet
1616 5573 1711 5639 hic,
1731 5575 1854 5629 Cm-

279 5632 512 5705 lestinus
568 5644 633 5699 iis
688 5654 939 5701 occurrat
991 5646 1080 5714 qui
1133 5632 1437 5698 Nestorium
1510 5632 1853 5714 praeprdpere

281 5720 596 5772 damnatum
626 5714 969 5768 dictitabant.

350 5784 379 5826 ἀ
407 5786 487 5842 Ita
518 5786 755 5857 pingitur
796 5785 898 5839 hoc
925 5785 1147 5841 verbum
1184 5784 1239 5841 in
1269 5798 1373 5841 ms.
1406 5783 1586 5853 Colb.,
1629 5796 1763 5851 non,
1791 5790 1850 5836 ut

567 5880 835 5939 ΡΑι-ιιοι.
882 5874 948 5934 L.

1962 4672 2104 4743 quod
2170 4668 2422 4722 omnibus
2487 4665 2815 4719 subveniret.
2874 4664 3021 4718 Nulla
3083 4666 3148 4720 de
3199 4670 3530 4742 putredine,

1964 4767 2107 4822 nulla
2138 4768 2203 4817 de
2236 4761 2458 4815 vulnere
2488 4768 2743 4811 nascente
2790 4757 3048 4827 suscepit,
3073 4757 3194 4828 quia
3241 4758 3533 4830 diligenter

1961 4945 2015 4998 in
2046 4936 2297 5006 vulgatis,
2320 4931 2761 5006 abfuturunus‘ic
2796 4930 3048 5006 spur",
3090 4935 3221 5006 afui,
3253 4936 3304 4989 in
3344 4938 3534 4996 eodem

1959 5001 2405 5074 codicelegitur,
2425 5017 2530 5055 non
2569 5002 2751 5069 abfuit.
2793 5001 2995 5074 Deinde
3024 5003 3075 5055 in
3107 5004 3364 5074 vulgatis,
3404 5009 3535 5063 Per-

1960 5084 2105 5136 culsa
2132 5072 2578 5132 est.Couciunt‘us
2607 5082 2786 5129 autem
2815 5072 2867 5124 in
2886 5072 3098 5127 laudato
3120 5072 3535 5141 codice,Press¢

1957 5164 2053 5215 est,
2080 5149 2202 5219 quia
2231 5142 2490 5219 ponderis
2521 5141 2796 5219 proprium
2824 5153 3204 5219 estpremere.

2031 5211 2068 5259 ά.
2097 5211 2276 5286 apud,
2312 5213 2549 5286 Baron.:
2582 5211 2689 5286 Sed
2739 5212 2784 5264 si
2824 5212 3039 5286 ideirco.
3074 5212 3336 5286 integrior
3381 5216 3535 5277 fieret

1956 5280 2221 5346 sententia
2264 5284 2317 5336 in
2345 5284 2487 5336 hunc
2524 5281 2740 5334 modum
2769 5297 2781 5332 :
2816 5280 2934 5357 Nisi
2981 5280 3381 5357 idcirco’voluit
3411 5305 3535 5357 ρνω.

1955 5378 2068 5416 ερηε
2124 5360 2323 5419 latere,
2384 5361 2439 5404 ut
2482 5390 2495 5404 .
2534 5389 2550 5405 .
2592 5390 2606 5404 .
2656 5354 2995 5421 prteveuirst;
3048 5353 3311 5408 lucernam
3389 5353 3535 5418 suam

1954 5441 2251 5564 cui'éii‘iti,
2284 5494 2425 5549 Nam
2456 5491 2581 5563 facit
2613 5504 2632 5545 :
2662 5490 3005 5561 corriguntur
3055 5494 3378 5552 auctoritate
3425 5514 3533 5559 ms.

1957 5570 2177 5695 cotibSic
2202 5652 2304 5692 ms.
2346 5634 2501 5707 Colb.
2535 5630 2790 5707 étediti,
2820 5631 3121 5707 indignatus
3141 5616 3253 5702 est;
3280 5647 3337 5693 et
3381 5653 3531 5707 mox,

1958 5711 2020 5766 ab
2050 5719 2278 5782 aspectu,
2310 5721 2410 5778 pro
2435 5706 2498 5760 ab
2524 5701 2750 5779 Spiritu.

3246 5812 3312 5873 l8
