3916 6178
412 296 513 349 555
728 293 940 352 Ei’lST.
981 293 1147 349 XXV.
1190 292 1585 350 C(ELESTINI
1625 293 1823 348 ΡΑΡᾸΞ
1861 294 1956 349 AD
1992 294 2270 352 CLERUM
2313 296 2399 350 ET
2440 293 2763 351 POPULUM
2802 294 3342 352 CONSTANTINOP.

3557 304 3649 356 5‘6

410 422 738 481 amputatum
786 422 887 478 est,
936 412 1075 481 quod
1122 426 1309 465 manus
1337 419 1362 448 ι
1389 410 1623 479 Spiritus
1654 409 1775 464 talis
1802 410 1973 463 absci-
2002 415 2047 469 Λ
2080 411 2285 478 positus
2315 410 2455 462 inter
2495 417 2762 463 tormenta
2816 409 3085 479 cognovit,
3118 424 3279 478 quem
3325 410 3412 465 hic
3455 415 3645 481 positus

411 506 506 557 «lit.
541 503 706 573 Ejice,
736 503 908 572 inquit
936 502 1215 567 Salomon,
1248 502 1311 555 de
1336 501 1552 553 concilio
1582 501 1974 566 contentiosum,

410 610 454 647 et
485 597 616 648 exiet
660 611 775 647 cum
814 594 905 647 illo
953 594 1209 647 discordia
1240 592 1423 664 (Prov.
1453 608 1591 655 xxtt,
1627 592 1738 662 10).
1788 592 1978 647 Secum

410 688 723 741 scandalum
754 674 929 741 suum
982 685 1124 755 quod
1179 685 1460 753 intulerat,
1507 684 1823 752 amputavit,
1854 683 1978 753 quia

412 777 549 844 apud
581 792 677 831 vos
712 777 853 846 quod
882 776 911 815 δ
934 778 1233 843 invenerat,
1266 776 1367 831 hoc
1412 776 1646 845 reliquit.
1676 775 1790 831 Non
1825 784 1981 845 pote-

410 878 509 930 rat,
541 869 797 938 loquente
847 869 1074 923 Domino
1128 867 1355 940 (Matth.
1400 885 1492 935 xv,
1544 868 1653 940 15),
1718 869 1980 924 eradicari

411 959 665 1025 plautatio
692 974 849 1028 quam
876 959 1216 1028 plantaverat
1246 960 1418 1027 Pater,
1445 970 1498 1014 et
1520 975 1637 1028 qua:
1662 961 1713 1013 in
1739 974 1804 1014 eo
1846 960 1981 1014 ube-

412 1064 524 1103 rem
576 1048 807 1103 fructum
859 1049 1179 1117 probaretur
1228 1049 1445 1104 afferre.
1479 1050 1725 1105 Servavit
1768 1049 1979 1103 vineam

409 1151 557 1190 suam
608 1139 864 1191 Dominus
904 1138 1070 1191 Israel
1119 1138 1334 1204 (domus
1376 1138 1495 1207 ejus
1539 1136 1676 1210 (Isa.
1717 1154 1771 1206 v,
1804 1139 1861 1208 7)
1894 1148 1983 1193 est

410 1229 562 1281 vinea
597 1228 852 1299 Domini),
886 1238 941 1283 et
968 1229 1093 1284 ideo
1120 1229 1421 1283 mirandum
1464 1244 1571 1283 non
1596 1239 1699 1295 εει,
1730 1232 1773 1285 si
1807 1231 1980 1285 furem

410 1320 600 1374 domus
628 1320 743 1388 ejus
769 1322 962 1383 evasit,
991 1321 1145 1389 cujus
1174 1321 1403 1389 legimus
1446 1335 1548 1375 nec
1589 1320 1830 1375 dormire
1884 1335 1982 1375 nec

407 1410 699 1464 dormitare
727 1411 999 1465 custodem
1030 1409 1205 1480 (Psal.
1237 1426 1360 1476 cxx,
1391 1411 1474 1478 4).

482 1501 568 1555 15.
611 1500 748 1567 Quid
790 1510 909 1570 aget
958 1502 1150 1568 impius
1198 1499 1479 1569 pertinax?
1519 1500 1655 1567 Quid
1701 1501 1799 1555 sibi
1844 1502 1980 1571 spei,

407 1592 532 1660 quid
565 1593 858 1659 permansit
889 1592 1106 1646 auxilii?
1136 1592 1251 1645 Non
1283 1592 1444 1647 habet
1467 1592 1645 1647 locum
1671 1594 1861 1657 venias,
1897 1595 1982 1649 cui

406 1684 661 1751 scriptum
692 1683 830 1752 quod
873 1698 971 1737 nec
1016 1683 1101 1736 hic
1140 1698 1238 1737 nec
1277 1683 1328 1735 iu
1375 1684 1548 1738 futuro
1576 1685 1744 1752 possit
1781 1685 1979 1751 ignosci

2166 498 2373 556 honore
2399 498 2645 554 nescivit.

2153 588 2237 643 H.
2274 588 2462 643 Nonne
2505 592 2605 643 hoc
2638 574 2767 642 illud
2796 599 2901 653 est,
2945 588 3012 643 Et
3055 589 3208 643 homo
3237 608 3351 645 cum
3379 594 3433 645 in
3463 594 3647 651 honore

2079 688 2229 742 esset,
2258 696 2360 732 non
2384 680 2654 745 intellexit,
2686 690 3015 750 comparatus
3044 690 3118 734 est
3136 684 3387 753 jumentis
3412 684 3648 753 insipien-

2080 769 2213 822 tibus
2258 768 2430 837 (Psal.
2463 785 2651 832 xum,
2690 772 2822 836 ιδῃ
2849 770 2986 839 Quid
3038 782 3122 826 est
3164 774 3309 828 aliud
3355 776 3650 832 intellectus

2085 866 2109 895 ο
2135 858 2496 927 etjudicium,
2542 860 2641 913 nisi
2674 864 2811 914 scire
2854 861 3166 929 sapientiam
3212 875 3267 917 et
3294 865 3643 932 disciplinam,

2080 960 2136 1004 et
2164 950 2463 1019 intelligere
2492 952 2655 1005 verba
2694 952 2990 1019 prudentia:
3020 951 3201 1021 (Prov.
3250 968 3289 1019 t,
3315 954 3394 1019 5).
3435 955 3528 1011 Ilia
3570 969 3648 1015 est

2081 1054 2205 1093 vera
2238 1040 2494 1108 sapientia
2531 1055 2673 1109 quae,
2730 1044 2846 1108 ipSt)
2887 1041 3180 1099 Salomone
3221 1045 3453 1113 dicente,
3488 1047 3553 1102 de
3582 1049 3646 1103 ti-

2084 1144 2234 1183 more
2268 1130 2472 1183 Dotuini
2502 1134 2665 1186 stituit
2685 1132 2962 1187 exordium
2998 1132 3165 1203 (Ibid.
3190 1136 3267 1205 7),
3297 1153 3457 1206 quam
3491 1153 3549 1193 se
3574 1142 3649 1194 its-

2083 1228 2166 1275 tcr
2197 1221 2464 1290 perfectos
2496 1222 2636 1293 loqui
2666 1224 2852 1278 beatus
2882 1228 3173 1293 Apostolus
3208 1227 3438 1283 affirmat
3466 1231 3508 1300 (l
3530 1232 3645 1289 Cor.

2082 1330 2142 1381 ιι,
2169 1316 2246 1388 6),
2278 1333 2434 1387 quam
2466 1334 2570 1372 non
2616 1327 2721 1373 tam
2751 1335 2913 1389 grave
2954 1330 3038 1376 est
3075 1322 3220 1391 quod
3251 1339 3369 1379 eam
3403 1336 3529 1381 tunc
3557 1332 3649 1382 tui-

2084 1408 2227 1461 nime
2267 1409 2495 1463 mundus
2532 1410 2773 1477 agnovit,
2816 1426 2975 1478 quam
3016 1413 3159 1477 quod
3202 1429 3344 1468 nunc
3368 1418 3647 1487 episcopus

2083 1498 2363 1567 ignoravit.
2417 1500 2527 1553 iloc
2573 1501 2690 1553 loco
2728 1512 2847 1555 utar
2886 1503 3095 1557 Domini
3146 1507 3317 1560 nostri
3363 1521 3458 1575 per
3505 1508 3649 1563 lere-

2084 1593 2243 1644 miam
2272 1593 2610 1645 sermOnibus
2634 1610 2648 1645 :
2684 1592 2914 1648 Cultores
2945 1596 3069 1664 legis
3097 1613 3218 1651 mea
3245 1600 3539 1653 nescierunt
3554 1619 3648 1669 nte,

2082 1690 2131 1734 et
2178 1683 2603 1752 prophetantibus
2670 1684 2987 1753 iniquitatem
3038 1686 3300 1757 prophetis
3352 1688 3651 1759 plauserunt

408 1772 623 1841 (Matth.
657 1788 749 1835 xu,
793 1774 906 1841 52).
958 1774 1247 1827 Inclinatur
1292 1774 1465 1826 omnis
1506 1772 1717 1836 elatus;
1766 1782 1975 1834 contra,
2008 1772 2055 1830 B
2081 1772 2313 1825 ntanibus
2343 1774 2629 1826 sacerdotes
2651 1771 2784 1846 (Jer.
2816 1790 2872 1838 ιι,
2901 1776 2993 1845 8);
3022 1785 3076 1829 et
3103 1792 3199 1844 per
3223 1778 3470 1833 eumdem
3492 1780 3644 1836 alibi:

405 1864 781 1916 exultationem
821 1863 957 1930 parit
997 1862 1269 1915 humilitas
1310 1862 1636 1928 christiana,
1682 1862 1803 1931 quia
1840 1864 1979 1917 hunc

408 1955 518 2019 ipse
541 1954 629 2021 qui
656 1967 816 2021 supra
847 1968 966 2006 eum
991 1953 1296 2021 requiescit,
1330 1953 1532 2007 exaltat
1560 1952 1695 2026 (Isa.
1721 1968 1864 2017 vat,
1896 1953 1975 2024 2).

406 2042 551 2095 Illius
578 2058 675 2111 per
697 2042 1011 2111 pr0phctam
1039 2043 1199 2096 verba
1224 2053 1347 2097 sunt
1372 2061 1384 2096 ε
1419 2042 1540 2096 Νοη
1571 2044 1773 2097 habitat
1795 2046 1847 2097 in
1876 2062 1980 2097 mc-

407 2132 494 2184 dio
519 2133 699 2185 domus
726 2147 848 2185 mea:
870 2132 1064 2200 faciens
1083 2133 1373 2201 superbiam
1393 2132 1565 2205 (Psal.
1592 2149 1643 2198 c,
1667 2136 1746 2204 7),
1768 2135 1857 2204 qui
1886 2150 1979 2202 per

405 2221 720 2289 Apostolum
764 2221 1030 2289 promittit
1072 2236 1134 2275 se
1181 2222 1397 2275 stultam
1440 2222 1621 2276 mundi
1660 2225 1974 2293 sapientiam

406 2313 737 2380 perditurum
767 2311 810 2381 (l
837 2311 956 2364 Cor.
979 2326 1020 2377 ι,
1054 2311 1165 2382 19).
1199 2312 1393 2366 Audiat
1428 2328 1569 2367 nunc
1589 2330 1619 2367 a
1652 2315 1803 2368 nobis
1833 2314 1975 2383 quod

404 2405 601 2458 Paulus
626 2413 751 2457 tunc
775 2413 961 2457 etcum
992 2404 1309 2472 przcdicaret
1333 2405 1534 2458 audivit
1560 2422 1571 2457 :
1603 2403 1677 2458 Ad
1713 2406 1973 2459 insaniam

405 2477 689 2549 multarum
716 2496 955 2564 pervenit
978 2495 1170 2549 itinere
1198 2495 1496 2549 litterarum
1525 2495 1660 2567 (Act.
1689 2512 1833 2561 xxvi,
1856 2495 1971 2565 24).

401 2588 555 2639 Absit
578 2598 751 2639 tamen
781 2586 849 2638 ab
882 2600 946 2639 eo
976 2585 1129 2653 hujus
1160 2586 1485 2655 exemplum.
1510 2584 1625 2640 Non
1654 2585 1796 2638 enim
1829 2586 1971 2655 quod

399 2678 467 2731 de
495 2677 715 2731 doctore
758 2677 957 2731 dictum
990 2684 1091 2738 est,
1134 2676 1327 2745 dignus
1374 2685 1455 2730 est
1484 2676 1671 2731 audire
1702 2676 1968 2733 indoctus.

397 2768 502 2822 Cur
534 2757 789 2833 praeterea
835 2778 1024 2821 contra
1060 2782 1155 2821 vas
1198 2767 1532 2836 alijectionis,
1566 2782 1659 2822 vas
1688 2768 1973 2823 electionis

395 2876 648 2915 vocemus
689 2861 742 2915 in
786 2859 1045 2925 medium,
1087 2874 1209 2913 cum
1252 2857 1320 2912 ad
1355 2859 1786 2928 exprobrandam
1828 2860 1971 2914 hunc

395 2954 479 3005 ille
498 2952 743 3016 sufficiat,
772 2965 929 3020 quem
962 2951 1013 3003 in
1037 2964 1196 3004 cruce
1219 2964 1341 3003 cum
1365 2948 1582 3003 Christo
1612 2956 1734 3019 post
1760 2950 1967 3005 scelera

393 3051 535 3097 tanta
576 3042 891 3110 pendentem
935 3039 1087 3110 (Luc.
1131 3055 1289 3105 xxttt,
1333 3039 1428 3109 42)
1468 3040 1718 3110 supplicii
1756 3040 1967 3096 benefi-

2080 1862 2385 1916 Sacerdotes
2408 1864 2507 1915 mei
2533 1864 2953 1932 sacriﬁcaverunt
2981 1867 3107 1919 mihi
3134 1867 3270 1935 ﬁcte.

2150 1950 2238 2004 15.
2270 1950 2528 2006 Utebatur
2550 1963 2725 2007 tamen
2746 1953 3057 2009 defensione
3082 1963 3140 2009 et
3163 1956 3320 2011 laude
3342 1959 3644 2027 gentilium,

2077 2039 2389 2108 episcOpum
2420 2043 2581 2095 talem
2624 2059 2913 2112 numquam
2950 2043 3113 2100 fuisse
3140 2049 3471 2103 testantium.
3523 2052 3648 2106 Vere

2078 2129 2195 2186 haec
2233 2143 2287 2187 et
2315 2134 2663 2201 probabiliter
2710 2136 3085 2205 loquebantur.
3126 2137 3257 2191 Nam
3297 2140 3515 2207 quando
3557 2158 3647 2211 po-

2079 2223 2178 2275 tuit
2204 2222 2489 2292 episcopus
2531 2223 2785 2291 inveniri,
2816 2226 2905 2295 qui
2942 2226 3279 2281 Christianus
3308 2244 3427 2283 esse
3474 2234 3645 2285 nesci-

2076 2312 2199 2366 ret?
2227 2312 2353 2368 ideo
2395 2322 2570 2368 tamen
2604 2312 2624 2352 ί
2649 2316 2898 2370 inimicus
2939 2331 3058 2371 esse
3100 2317 3355 2386 probatus
3382 2330 3490 2387 est,
3533 2322 3647 2389 quia

2076 2418 2365 2473 numquam
2406 2405 2692 2475 displicent
2731 2405 2976 2462 hostibus
3006 2410 3329 2475 proditores.

2149 2495 2235 2551 16.
2269 2498 2577 2552 Audivimus
2609 2500 2749 2553 hunc
2770 2512 3016 2568 agentem
3047 2509 3234 2555 contra
3264 2503 3437 2573 legem
3472 2514 3528 2560 et
3549 2504 3646 2559 iui-

2074 2602 2234 2657 quum
2280 2587 2448 2658 (Psat.
2502 2604 2632 2653 Lxx,
2674 2588 2729 2659 ι)
2774 2604 2895 2659 quae
2938 2592 3047 2645 sint
3089 2592 3278 2646 solatia
3335 2604 3645 2662 prosecuta.

2072 2678 2369 2733 Adfuerunt
2410 2682 2549 2734 inter
2575 2682 2730 2745 alios,
2775 2697 2875 2736 nec
2902 2684 3255 2740 deseruerunt
3302 2701 3423 2741 eum
3473 2688 3644 2743 Caele-

2072 2770 2257 2833 stiaui,
2302 2770 2597 2839 iniquitatis
2637 2771 2904 2839 onerarii,
2959 2789 3094 2843 quos
3146 2776 3441 2845 hymuidici
3484 2780 3645 2835 nostri

2072 2860 2413 2928 prosequitur
2440 2860 2723 2914 manifesta
2756 2863 3018 2916 sententia
3045 2880 3057 2915 :
3080 2864 3188 2932 jam
3216 2864 3415 2920 dudum
3452 2869 3645 2936 quippe

2070 2947 2274 3003 inimici
2302 2949 2396 3003 Dei
2420 2958 2445 2996 ε
2485 2950 2888 3020 disperguntur,
2932 2960 2987 3006 et
3017 2963 3241 3021 pereunt
3268 2956 3361 3025 qui
3404 2972 3643 3026 cperan-

2073 3049 2158 3095 tur
2184 3042 2518 3110 iniquitatem
2566 3040 2740 3112 (Psal.
2770 3058 2879 3108 xcr,
2913 3042 3026 3113 10),
3062 3044 3194 3115 (ac),
3224 3046 3365 3101 sicut
3393 3046 3539 3104 idem
3567 3048 3646 3102 di-

391 3137 529 3191 cium
556 3135 681 3189 fecit
719 3134 1002 3187 Dominum
1032 3132 1311 3187 confiteri?
1333 3131 1426 3187 Sui
1459 3131 1526 3186 ab
1553 3146 1618 3188 eo
1645 3133 1962 3189 memoriam
1991 3120 2037 3183 C
2066 3133 2159 3201 cit,
2200 3133 2347 3188 velut
2392 3134 2569 3189 cibum
2602 3135 2753 3202 panis
2795 3135 3003 3203 plebem
3046 3136 3379 3192 Dominicam
3423 3141 3645 3195 devora-

390 3226 563 3295 poscit
591 3225 643 3279 in
686 3238 891 3293 regno;
919 3223 1021 3276 hoc
1058 3222 1207 3276 brevi
1234 3236 1484 3277 sermone
1519 3222 1675 3277 diluit
1703 3223 1962 3293 quidquid

388 3314 623 3380 admisit,
648 3310 963 3366 criminibus
990 3320 1293 3379 temporum
1315 3311 1575 3380 temporis
1603 3322 1804 3380 puncto
1834 3314 1961 3368 sub-

386 3407 628 3462 veniens.
656 3404 766 3461 Nec
801 3413 1040 3458 moratur
1067 3404 1347 3473 praemium
1372 3403 1714 3458 confitentem
1740 3421 1757 3460 :
1780 3405 1960 3459 statim

385 3499 500 3564 ejus
553 3496 919 3552 remuneratio
966 3504 1021 3551 et
1056 3494 1388 3550 vicissitudo.
1439 3494 1743 3565 Respondit
1777 3496 1866 3566 qui
1898 3497 1962 3552 ll-

385 3592 575 3645 beuter
615 3589 814 3659 excipit
865 3588 995 3642 hora
1024 3586 1091 3642 ad
1133 3600 1193 3642 se
1229 3602 1566 3657 quacumque
1593 3602 1908 3643 conversum
1941 3605 1957 3642 :

385 3682 609 3748 Mecum,
637 3682 826 3752 inquit,
868 3681 964 3735 eris
990 3681 1044 3733 in
1073 3680 1317 3751 paradiso
1340 3678 1503 3751 (Ibid.
1541 3680 1652 3749 45).
1689 3679 1961 3735 Promittit

381 3776 430 3831 ei
460 3778 688 3830 futuram
718 3776 1055 3842 societatem,
1087 3774 1176 3845 qui
1207 3789 1387 3829 secum
1425 3774 1709 3844 praesentia
1746 3784 1961 3843 patere-

385 3880 492 3925 tur.
525 3866 602 3921 Ad
627 3867 885 3936 justitiam
913 3864 1077 3920 corde
1097 3864 1406 3929 credulitas,
1451 3864 1517 3918 ad
1549 3864 1776 3919 salutem
1822 3863 1956 3917 facta

380 3967 462 4012 est
492 3957 539 4011 ei
575 3972 667 4011 ore
691 3955 961 4011 confessio
986 3955 1165 4025 (Rom.
1198 3970 1259 4021 x,
1295 3955 1407 4024 10).
1439 3954 1755 4008 Exclamare
1788 3953 1874 4008 hic
1901 3952 1954 4007 in

380 4058 525 4103 tanta
554 4047 932 4103 contrarietate
961 4061 1141 4101 rerum
1171 4046 1376 4115 pariter
1410 4056 1465 4100 et
1485 4044 1617 4101 fiere
1653 4045 1911 4099 debemus
1938 4060 1953 4097 :

379 4136 533 4192 nefas
561 4147 674 4201 est,
721 4136 824 4190 hoc
862 4135 1174 4203 episcopum
1213 4144 1237 4173 °
1268 4134 1587 4203 perdidisse,
1635 4134 1776 4203 quod
1819 4134 1955 4189 latro

378 4225 555 4296 potuit
583 4226 840 4280 invenire.
872 4224 915 4280 0
944 4224 1064 4279 fidei
1104 4233 1159 4280 et
1184 4224 1427 4294 perfidiae.
1468 4224 1780 4293 praemium!
1812 4238 1843 4277 ο
1863 4222 1955 4292 ju-

379 4317 518 4375 dicia
544 4317 639 4372 Dei
668 4317 894 4388 abyssus
934 4316 1098 4371 multa
1134 4316 1308 4388 (Psal.
1350 4331 1517 4382 xxxv,
1542 4314 1631 4388 7)!
1668 4317 1828 4370 Latro
1860 4330 1952 4385 pa-

379 4405 619 4462 radisum
645 4406 861 4471 meruit,
886 4414 941 4460 et
967 4406 1221 4461 sacerdos
1242 4406 1515 4461 exsilium.
1544 4405 1845 4461 Habeamus
1869 4415 1954 4459 ta-

2064 3222 2193 3277 baut
2218 3221 2391 3293 (Psal.
2418 3222 2634 3293 xtu,4).
2664 3224 2861 3280 Habuit
2881 3240 3008 3296 ergo
3032 3240 3214 3281 secum
3245 3229 3326 3282 sui
3360 3230 3646 3301 magistros

2062 3313 2267 3378 exsilii,
2313 3312 2497 3367 habuit
2531 3313 2752 3384 hujusce
2799 3314 2877 3370 rei
2923 3316 3190 3385 perfectos
3220 3319 3323 3373 tiro
3365 3319 3643 3376 doctores.

2062 3401 2193 3457 Nam
2232 3418 2486 3472 separare
2512 3404 2731 3459 difficile
2777 3414 2860 3460 est
2900 3421 3035 3475 quos
3071 3408 3275 3463 scelera
3305 3410 3429 3464 sola
3456 3412 3645 3480 junxe.

2061 3502 2206 3557 runt,
2236 3494 2357 3561 quia
2390 3494 2594 3563 majore
2633 3494 2864 3564 ligantur
2899 3496 3102 3563 glutino
3132 3497 3330 3552 ftedera
3363 3500 3643 3555 vitiorum.

2061 3583 2193 3650 Quis
2224 3590 2398 3637 tamen
2433 3585 2625 3637 borum
2668 3584 2790 3639 finis
2830 3586 2950 3640 est?
2981 3601 3174 3655 nempe
3202 3589 3289 3643 ille
3318 3605 3486 3658 quem
3520 3592 3643 3659 legi-

2060 3689 2179 3728 mus
2206 3691 2219 3726 :
2253 3673 2482 3727 lrritavit
2510 3675 2562 3727 in
2590 3673 2679 3727 illo
2710 3674 2980 3743 Dominus,
3015 3685 3061 3729 et
3092 3687 3243 3730 erunt
3270 3690 3386 3747 post
3416 3680 3529 3734 hac
3550 3681 3642 3733 de-

2060 3764 2281 3818 cidentes
2328 3768 2435 3819 sine
2470 3767 2662 3820 honore
2698 3768 2749 3819 in
2798 3769 3111 3822 contumelia
3149 3770 3280 3823 inter
3309 3784 3552 3825 mortuos
3590 3772 3643 3825 in

2057 3867 2306 3909 cateruam
2333 3856 2487 3925 (Sap;
2516 3872 2587 3923 tv,
2622 3856 2729 3927 19).
2752 3858 2856 3914 Sed
2877 3859 3003 3926 quid
3024 3860 3223 3915 diutius
3248 3861 3642 3917 immoramuri

2058 3945 2351 4002 Fastidium
2373 3949 2590 4000 forsitan
2615 3947 2774 4001 faciet
2796 3962 2977 4003 sermo
3001 3949 3643 4017 prolixior:dimittamus

2058 4048 2299 4093 mortuos
2326 4038 2559 4105 sepelire
2590 4046 2831 4092 mortuos
2862 4054 2989 4093 suos
3019 4038 3233 4110 (Matth.
3261 4056 3379 4106 vni,
3413 4041 3533 4112 22).

2127 4130 2215 4184 17.
2245 4130 2438 4184 Audite
2478 4144 2618 4184 nunc
2653 4140 2708 4185 et
2735 4130 2911 4200 capite
2948 4131 3208 4198 simplicis
3237 4132 3405 4186 verba
3454 4134 3645 4187 docto-

2054 4216 2210 4285 rish;
2239 4220 2420 4275 audite
2447 4220 2515 4274 ab
2552 4234 2619 4275 eo
2656 4235 2774 4291 quae
2815 4237 2845 4275 a
2893 4220 3186 4291 majoribus
3222 4224 3429 4277 nostris
3458 4223 3643 4278 nobis-

2054 4327 2176 4367 cum
2208 4314 2414 4381 positus
2441 4311 2753 4382 frequenter
2776 4311 3014 4376 audivit;
3040 4312 3221 4366 audite
3247 4322 3401 4368 certe
3420 4327 3643 4383 semper

2052 4403 2255 4471 audita,
2300 4418 2399 4459 nec
2447 4406 2625 4458 studio
2670 4402 2923 4458 novitatis
2964 4404 3200 4458 inventa.
3232 4403 3437 4459 Nostro
3486 4404 3643 4459 vobis

379 4510 500 4554 men
530 4496 756 4569 hujusce
795 4498 875 4557 rei
906 4493 931 4535 ἀ
963 4496 1258 4556 admonere
1288 4497 1637 4570 interpretes.
1678 4498 1829 4555 iiunc
1857 4497 1951 4555 ille
1978 4488 2032 4551 D
2058 4496 2292 4567 loquitur
2323 4511 2417 4551 ore
2451 4497 2677 4566 collega,
2706 4495 2830 4567 quia
2857 4509 2960 4550 una
2990 4494 3122 4550 fides
3153 4509 3378 4551 necesse
3409 4505 3499 4552 est
3523 4496 3643 4551 uui-

448 4715 559 4800 fln
605 4716 855 4788 vulgatis,
887 4715 1164 4789 spiritalis.
1218 4716 1287 4771 Et
1315 4716 1402 4771 hic
1430 4726 1672 4773 nostrum
1705 4732 1807 4773 ms.
1858 4733 1949 4774 se-

377 4802 614 4911 ῳῗτιιέῗ
650 4864 753 4922 est,
795 4854 1115 4927 catholicam
1156 4854 1456 4927 doctrinam
1496 4865 1598 4927 qua
1628 4857 1947 4912 decessores

375 4927 523 4981 illius
571 4925 1192 4992 Conatantinopolitanos
1236 4925 1586 4993 imbuerant,
1635 4927 1704 4982 ab
1759 4940 1945 4981 eorum

372 4996 571 5052 animis
596 4996 807 5063 auferre
831 5009 935 5049 non
968 4995 1161 5063 potuit.

449 5065 657 5127 cEditi,
712 5054 808 5135 hoc
839 5054 1153 5135 episcbpum,
1201 5063 1337 5131 quod
1384 5066 1518 5118 latro
1558 5066 1722 5130 potuit
1759 5064 1839 5135 (et
1864 5064 1941 5135 (ad

373 5151 545 5206 marg.
573 5134 752 5206 petiit),
770 5150 874 5206 non
890 5135 1150 5206 invenire;
1174 5144 1546 5206 restaurantur
1565 5150 1631 5190 ex
1664 5134 1939 5206 ms.Colb.

372 5203 544 5259 Porro
574 5204 805 5271 perdidit
832 5203 1111 5259 Nestorius
1138 5203 1440 5269 paradisum
1468 5206 1537 5259 ob
1567 5204 1937 5272 pertinaciam,

375 5290 533 5343 quem
566 5274 769 5329 invenit
795 5274 945 5343 latro,
966 5288 1062 5343 per
1088 5271 1481 5342 pmnitentiam.
1511 5271 1643 5328 Tum
1680 5274 1771 5327 Dei
1797 5273 1943 5341 judi-

374 5347 454 5397 cia
485 5343 707 5399 miratus
735 5342 1078 5411 Caelestinus,
1126 5358 1191 5397 ea
1237 5344 1599 5413 inutriusque
1636 5358 1795 5398 causa
1832 5358 1939 5397 non

374 5414 445 5466 ita
475 5414 683 5467 occulta
724 5428 843 5468 esse
882 5414 1142 5482 agnoscit,
1176 5420 1233 5466 ut
1262 5412 1473 5467 illorum
1501 5412 1661 5467 lateat
1691 5413 1937 5482 aequitas,

370 5494 501 5553 cum
545 5482 825 5538 Nestorius
877 5480 1082 5553 perfide
1120 5491 1280 5552 neget
1331 5484 1474 5552 quod
1523 5484 1658 5539 latro
1708 5480 1939 5537 fideliter

377 5551 675 5617 profitetur.

444 5616 471 5657 ἀ
497 5619 569 5673 ita
615 5636 716 5675 ms.
762 5621 912 5676 Colb.
952 5624 1021 5676 At
1061 5620 1213 5681 editi.
1244 5621 1485 5676 habemus
1529 5631 1695 5676 tamen
1733 5624 1941 5691 hujusce

374 5692 448 5751 rei
489 5705 630 5744 veros
677 5692 996 5757 interpretes.
1042 5693 1289 5750 Nostram
1334 5693 1613 5754 lectionem
1657 5694 1940 5747 commode

2049 4730 2129 4772 stc
2149 4714 2447 4783 intelligere
2467 4721 2580 4779 est;
2610 4728 2709 4769 nec
2732 4713 2875 4770 desit
2896 4714 3052 4769 nobis
3074 4714 3214 4769 ratio
3234 4729 3399 4784 quam
3426 4717 3513 4771 rei
3543 4717 3643 4771 hu-

2044 4786 2207 4857 jusce
2228 4786 2722 4857 interpretationem
2750 4786 3119 4857 qurerentibus
3146 4800 3537 4855 suggeramus.

2123 4854 2326 4927 {Coll}.
2360 4869 2487 4927 ms._,
2522 4855 2812 4927 intellectus
2840 4856 2894 4927 in
2914 4855 3194 4927 judicium.

2121 4922 2142 4963 ί
2173 4924 2576 4978 Restituendum
2605 4925 2835 4989 videtur,
2867 4922 3087 4977 inimicis
3123 4926 3218 4977 iste
3249 4925 3511 4989 probatus
3544 4938 3643 4979 est.

2048 4995 2140 5051 Sic
2174 4992 2497 5048 Cteiestinns
2527 4994 2740 5047 inanem
2777 4995 3026 5061 gloriam.
3059 5009 3215 5062 quam
3248 4994 3398 5048 forte
3441 4994 3648 5049 Nesto-

2047 5066 2158 5119 rius
2188 5063 2290 5116 sibi
2333 5063 2473 5129 apud
2509 5064 2754 5117 ethnicos
2782 5064 2995 5118 dicendi
3042 5063 3295 5117 facilitate
3334 5079 3647 5133 compara-

2047 5142 2152 5196 rat,
2180 5140 2333 5186 acute
2354 5133 2622 5201 suggillat,
2656 5147 2845 5200 nempe
2871 5134 3003 5201 nihil
3029 5135 3223 5187 mirum
3248 5148 3375 5188 esse
3396 5134 3448 5188 si
3480 5136 3647 5190 Chri-

2048 5205 2233 5255 stianae
2259 5199 2530 5273 religionis
2568 5199 2809 5270 proditor
2836 5199 2967 5272 ejus'
2988 5204 3223 5257 inimicis
3247 5204 3494 5273 placeat,
3527 5206 3643 5259 eis-

2046 5287 2150 5341 que
2180 5272 2431 5339 probatus
2454 5272 2546 5325 sit.

2118 5351 2144 5390 s
2166 5340 2475 5396 leestiaui
2504 5339 2753 5395 videlicet
2781 5356 2844 5396 ac
2873 5340 3163 5411 Pelagiani,
3193 5356 3431 5409 quorum
3466 5343 3639 5397 duces

2044 5414 2219 5467 varias
2257 5412 2463 5479 experti
2496 5420 2618 5464 sunt
2657 5411 3048 5479 dispersiones,
3074 5426 3206 5482 quas
3232 5411 3371 5467 Har.
3410 5413 3635 5467 Merca-

2045 5492 2130 5536 tor
2157 5484 2206 5535 in
2230 5482 2652 5535 Commonitorio
2682 5492 2916 5536 enarrat.

2115 5549 2141 5588 ιι
2170 5550 2475 5611 Maximiani
2509 5565 2695 5605 recens
2722 5553 2903 5617 electi,
2930 5550 3086 5622 cujus
3110 5551 3363 5609 doctrina
3388 5567 3507 5609 non
3541 5567 3639 5607 su-

2044 5632 2245 5689 specta,
2272 5633 2324 5675 et
2356 5622 2637 5674 laudabilis
2668 5628 2790 5676 vita.
