3916 6178
336 283 406 340 $25
416 286 444 337 ‘I

660 287 934 348 NOTITIA
976 294 1203 365 RhLlQ.
1246 299 1683 363 SCRIPTORUM
1723 309 1891 379 QUIE
1932 315 2025 370 AD
2065 315 2544 383 C(ELESTINL'M
2585 329 2603 383 ι
2644 328 2877 390 ΡᾹΡΑΒΙ
2919 338 3289 397 ATTINENT.

3512 350 3613 407 853

336 408 419 452 ων
448 401 798 469 priameia"
829 403 943 460 N0"
978 406 1065 461 hic
1098 410 1149 463 i"
1177 413 1297 480 eius
1329 429 1561 484 Persona
1590 420 1821 492 alicujus
1849 435 1925 481 18-
1952 430 2000 488 A
2029 427 2156 483 lium
2205 432 2472 506 fatigant;
2518 438 2770 513 labantia,
2816 445 3066 505 hortante
3115 454 3397 525 propheta,
3445 477 3615 531 gmua

336 494 649 531 etimmJnm
681 509 985 531 mulus-Onus
1017 518 1043 531 -
1078 505 1231 531 -..s.:..
1264 507 1416 531 λυ---
1455 522 1528 531 η-
1670 516 1682 527 .
1782 530 1789 531 ,
1851 520 1864 531 .
2100 521 2111 531 .

332 494 650 550 stimouinm
681 509 985 567 mutuatur;
1015 518 1044 557 a
1078 505 1233 561 nobis
1260 507 1418 563 datus
1449 522 1550 577 est,
1594 516 1682 583 qui
1715 530 1797 572 est
1818 520 1926 575 ele-

331 590 453 637 ctus
483 602 548 638 ex
582 590 803 644 nostris.
836 588 955 646 Non
987 604 1070 648 est
1096 595 1423 668 incognitus,
1456 618 1561 657 non
1586 606 1804 664 aliunde
1831 609 1927 665 de-

329 673 560 739 ductus;
592 677 854 734 habuistis
898 665 1240 740 laudabilem
1273 688 1341 744 de
1386 665 1641 760 praesenti
1669 706 1694 733 α
1717 699 1922 767 judicio
1952 750 1967 765 ,

330 778 450 818 suo.
480 765 645 821 Fama
679 769 881 825 dudum
913 774 1125 845 decepit
1153 778 1429 836 absentes.
1459 783 1614 841 Plura
1652 765 1728 842 de
1747 806 1813 845 eo
1845 792 1923 845 lo-

327 860 418 925 qui
451 858 633 913 cautio
665 872 770 929 εει,
807 864 931 932 quia
960 880 1124 936 opera
1159 884 1486 939 supervacua
1515 886 1619 943 est,
1653 889 1776 934 nota
1804 884 1919 938 lau-

327 948 475 1002 dare.
511 949 664 1006 Nunc
705 962 881 1009 tamen
912 971 1009 1011 vos
1055 962 1255 1017 nostris
1296 968 1531 1036 propriis
1574 975 1920 1031 sermonibus

323 1038 484 1094 decet
512 1056 707 1098 cavere
736 1050 1123 1104 commonitos.
1559 1071 1566 1084 '

399 1132 486 1185 18.
530 1132 702 1188 Nemo
750 1136 800 1189 in
852 1136 1006 1192 vobis
1046 1140 1177 1195 illud
1217 1145 1423 1213 quatiat
1476 1147 1912 1226 fundamentum,

320 1221 466 1288 quod
501 1221 653 1275 firma
697 1236 847 1294 petra
891 1238 946 1282 et
986 1232 1263 1299 angularis
1302 1235 1437 1304 lapis
1468 1239 1557 1292 ille
1586 1221 1913 1301 construxit.

318 1311 612 1369 «Edificate
654 1330 821 1386 super
864 1318 966 1374 hoc
998 1324 1251 1378 catholici
1280 1328 1420 1395 quod
1469 1331 1679 1387 soletis.
1717 1336 1915 1392 Didici-

315 1407 415 1458 stis
450 1408 578 1477 quid
606 1408 679 1463 sit
714 1415 1154 1479 supertedilicare
1192 1420 1337 1486 quod
1367 1412 1555 1476 ardeat
1584 1427 1600 1490 (
1629 1426 1647 1479 l
1678 1426 1793 1482 Cor.
1828 1445 1908 1500 ιιι,

316 1496 380 1551 Η
435 1502 600 1567 seq.);
662 1503 764 1557 hoc
817 1504 1147 1560 detrimento
1204 1510 1333 1565 illud
1388 1516 1720 1582 pensabitur,
1784 1496 1907 1576 cum

319 1602 489 1657 opera
534 1592 867 1662 singulorum
919 1598 1149 1663 probare
1195 1605 1423 1670 cceperit
1468 1607 1605 1675 ignis
1656 1624 1904 1669 examen.

310 1677 539 1734 Gaudeo
567 1697 661 1735 vos
694 1683 1045 1741 fundamento
1079 1688 1203 1745 huic
1244 1708 1349 1747 non
1381 1695 1655 1765 Stipulam,
1698 1717 1804 1757 non
1836 1705 1903 1758 li-

312 1786 446 1840 gna,
479 1789 582 1826 non
633 1771 843 1843 fenum,
889 1778 985 1833 sed
1022 1779 1141 1834 illas
1174 1781 1497 1853 imposuisse
1525 1789 1744 1846 divitias
1773 1810 1905 1863 quas

325 1863 743 1921 architectorum
777 1870 1100 1938 sapientium
1135 1888 1399 1947 praecepta
1433 1884 1759 1940 mandabant
1800 1887 1901 1942 im-

313 1954 467 2021 puni.
500 1955 643 2011 Bene
686 1959 1010 2027 manebitis;
1036 1964 1159 2031 quia
1194 1976 1298 2021 tam
1338 1971 1571 2028 sollicite
1602 1974 1899 2034 fabricatis.

318 2044 695 2104 llabitacuium
750 2065 1006 2122 magnum
1058 2055 1192 2111 tales
1230 2060 1552 2128 pollicentur
1599 2082 1898 2138 expensas:

302 2149 462 2202 auro,
495 2150 721 2209 argento
744 2153 798 2197 et
826 2144 1094 2215 lapidibus
1120 2152 1372 2218 pretiosis
1403 2155 1551 2210 illam
1589 2159 1744 2215 vobis
1773 2178 1895 2231 quae

303 2226 565 2282 aestimari
613 2245 717 2286 non
762 2243 957 2301 potest,
999 2241 1313 2298 construitis
1353 2247 1707 2305 mansionem.
1736 2226 1897 2309 Nullo

304 2321 486 2386 pretio
511 2332 761 2380 taxantur
784 2337 1012 2396 aeterna,
1031 2333 1230 2403 quippe
1249 2350 1370 2405 quae
1396 2354 1502 2394 non
1537 2340 1757 2411 injuria,
1789 2361 1896 2403 non

299 2419 574 2468 vetustate
604 2417 915 2485 solvuntur,
946 2436 1069 2491 qua:
1095 2423 1206 2493 jam
1234 2426 1302 2481 ab
1334 2427 1674 2488 institutione
1710 2436 1894 2492 mundi

297 2500 458 2573 iustis
488 2504 747 2563 Dominus
771 2514 1115 2581 prmparavit.
1144 2514 1514 2587 Confortentur
1542 2540 1726 2579 manus
1755 2526 1890 2597 ﬁde-

369 2666 528 2749 _'.lloc
560 2678 666 2738 est,
700 2685 768 2725 eo
800 2672 1007 2741 judicio
1038 2676 1179 2749 quod
1200 2678 1277 2749 (de
1314 2679 1435 2749 ipso
1471 2685 1759 2749 prmsemia
1788 2699 1884 2743 sua

299 2736 451 2793 vobis
492 2736 660 2810 noto,
704 2736 817 2797 non
854 2736 1309 2814 quemadmodum
1336 2736 1427 2807 Ide
1468 2736 1889 2813 mndata;

312 2877 1388 2905 ...ι-Ἢ-

1389 2890 2832 2922 ——.._..__....___________________

2030 521 2473 598 roborentur;qui
2493 534 2680 603 pusilli
2707 549 2824 591 sunt
2856 541 3049 610 animo,
3084 548 3438 602 convalescant
3473 551 3610 622 (lsn.

2029 628 2192 681 xxxv,
2222 618 2309 689 4).
2358 620 2551 678 Noster
2590 625 2841 685 Salvator
2873 637 3152 704 apparuit;
3198 642 3436 697 ostendit
3465 618 3615 700 falsi-

2029 708 2124 759 tati
2175 708 2318 764 Deus
2349 714 2473 781 quid
2519 717 2589 770 sit
2630 720 2846 787 pulsare
2891 735 2947 780 et
2991 728 3259 784 incessere
3308 739 3607 803 veritatem,

2027 809 2307 869 postquam
2349 806 2450 860 sibi
2480 816 2847 868 controversia
2880 817 3003 873 inde
3035 821 3171 877 facta
3199 835 3282 879 cst
3316 828 3455 882 unde
3482 834 3611 883 sub—

2022 891 2191 945 venit.
2227 891 2402 961 Undc,
2452 898 2545 953 filii
2576 901 2908 970 charissimi,
2941 922 3254 977 permanete
3284 918 3334 970 in
3362 936 3483 973 eum
3518 940 3607 990 qui

2022 990 2128 1048 est,
2174 993 2229 1036 ut
2263 986 2494 1041 vincatis
2522 991 2574 1043 in
2609 993 2780 1049 vobis.
2814 997 2869 1050 ln
2907 998 3024 1067 ipso
3055 1017 3218 1057 sensu
3251 1017 3304 1060 et
3334 1012 3385 1063 in
3418 1014 3602 1068 eadem

2018 1075 2285 1128 sententia
2328 1087 2501 1133 estote
2548 1083 2769 1149 perfecti
2821 1086 3008 1157 (lCor.
3053 1093 3246 1164 1,10);
3300 1106 3357 1151 ut
3396 1116 3423 1152 a
3471 1102 3607 1155 Filio

2020 1160 2275 1229 hominis,
2308 1180 2429 1219 cum
2462 1172 2668 1224 venerit
2695 1173 2748 1225 in
2792 1176 3076 1244 majestate
3118 1197 3235 1246 sua,
3281 1203 3383 1239 non
3417 1192 3606 1243 audia-

2017 1252 2103 1316 tis,
2136 1250 2396 1308 Discedite
2424 1274 2455 1310 a
2499 1276 2577 1313 me
2604 1263 2886 1331 maledicti,
2919 1267 3037 1331 sed,
3095 1268 3289 1338 Venite,
3331 1274 3601 1341 benedicti,

2015 1345 2234 1411 possitis
2261 1346 2447 1402 audire
2479 1350 2672 1419 (.llatth
2728 1371 2853 1422 xxv,
2890 1358 2981 1424 δι,
3012 1357 3126 1431 41).
3169 1362 3382 1420 Maneat
3417 1368 3603 1424 ltmdos

2012 1439 2229 1503 repulsa
2262 1442 2503 1497 venturi.
2536 1444 2642 1499 Vos
2667 1448 2801 1503 tales
2828 1452 3076 1510 volumus
3109 1457 3363 1526 inveniri,
3399 1472 3453 1514 ut
3480 1478 3601 1517 cum

2012 1522 2063 1576 in
2098 1524 2219 1594 igne
2242 1536 2387 1583 stent
2418 1532 2615 1601 abjecti
2647 1551 2675 1589 a
2707 1538 2965 1606 sinistris,
2993 1561 3088 1598 vos
3121 1564 3148 1600 a
3174 1550 3379 1604 dextris
3411 1552 3605 1608 invitet

2011 1612 2077 1666 ad
2111 1631 2354 1684 regnum.
2382 1617 2498 1672 Non
2533 1628 2919 1692 exspectabitis
2948 1643 3001 1684 ut
3027 1648 3265 1702 paretur,
3302 1642 3440 1705 quod
3473 1644 3601 1695 ollim

2012 1718 2108 1758 vos
2138 1716 2195 1760 ut
2228 1712 2463 1778 regnetis
2502 1727 2800 1783 exspectat.
2846 1724 3145 1791 Angustam
3197 1746 3340 1785 nunc
3386 1744 3599 1799 portant

1937 1803 1983 1862 Β
2012 1795 2327 1853 festinanter
2357 1802 2552 1857 intrate
2577 1806 2792 1878 (Matth.
2818 1827 2911 1876 vn,
2950 1816 3059 1885 l5),
3093 1834 3217 1888 quae
3246 1836 3340 1874 eos
3384 1795 3595 1894 accepit

2009 1905 2145 1959 quos
2167 1907 2455 1962 numquam
2480 1900 2711 1966 Spatiosa
2745 1903 3090 1963 invenerunt.

2080 1982 2168 2037 19.
2202 1983 2329 2039 llaec
2369 1985 2645 2045 dilectioni
2687 2006 2879 2050 vestrae
2929 2015 3027 2067 pro
3074 2001 3259 2059 laetitia
3299 2006 3598 2063 catholico-

2006 2088 2124 2128 rum
2154 2076 2293 2129 dicta
2326 2079 2599 2137 sufficiant
2629 2101 2641 2136 :
2672 2101 2792 2155 quae
2832 2092 3031 2160 smpius
3062 2076 3349 2152 recensere
3381 2115 3474 2154 vos
3498 2117 3596 2155 vn-

2006 2162 2204 2229 lumus,
2252 2177 2330 2221 ut
2386 2170 2658 2241 triumpho
2709 2177 2833 2232 fidei
2878 2186 3235 2253 gratulantes,
3278 2190 3596 2260 intelligatis

2007 2254 2173 2311 Deum
2217 2258 2497 2317 charitatis
2544 2274 2595 2320 et
2639 2269 2785 2335 pacis
2826 2286 2950 2329 esse
2999 2277 3279 2334 nobiscum
3326 2254 3590 2357 (Philipp.

2002 2359 2076 2414 Iv,
2107 2347 2189 2419 9).
2222 2348 2357 2405 Data
2384 2350 2409 2390 δ
2440 2352 2614 2410 idibus
2642 2357 2847 2415 Martiis
2876 2364 3062 2422 Flavio
3097 2369 3253 2427 Aetio
3295 2347 3352 2429 et
3382 2347 3595 2432 Valerio

2001 2438 2131 2493 viris
2167 2439 2481 2500 clarissimis
2510 2450 2854 2508 consulibus.

1993 2706 2164 2775 quam
2186 2694 2303 2775 viso
2332 2709 2396 2775 ac
2424 2699 2538 2754 sola
2581 2700 2721 2775 fama
2748 2706 2972 2775 cognito
3005 2709 3225 2768 tulistis.

2067 2761 2095 2800 δ
2119 2763 2292 2819 Martii
2326 2766 2395 2821 t5
2418 2783 2544 2824 ann.
2569 2771 2697 2827 452.

2851 2909 3581 2941 -——._...___..____,

1432 3024 2461 3147 APPENDIX.

288 3284 623 3378 nomn
668 3316 1191 3395 RELIQUORUM
1235 3319 1737 3386 SCRIPTORUM
1782 3325 1968 3399 quas
2017 3326 2121 3389 AD
2165 3331 2721 3405 COELESTINUM
2761 3344 2791 3406 Ι
2833 3344 3103 3414 PAPAM
3146 3356 3574 3430 ATTINENT.

509 3460 538 3531 ᾗ
572 3460 609 3515 Ι.
640 3460 890 3533 Epistulae
915 3463 984 3517 ad
1016 3464 1346 3521 Calatinum
1373 3470 1665 3525 attinentes.

356 3552 408 3604 ί.
445 3553 713 3606 Antonius
745 3554 962 3624 quidam
1007 3556 1076 3610 ab
1123 3558 1421 3627 Augusdno
1474 3560 1878 3618 Fussalensium

287 3643 472 3696 institu
501 3659 563 3696 us
594 3644 900 3717 episcOpus,
952 3658 1134 3715 postea
1179 3651 1242 3705 de
1286 3651 1600 3707 intolerabili
1647 3655 1881 3710 domina-

285 3734 456 3795 tione,
500 3734 566 3789 de
608 3737 805 3807 rapinis
846 3747 894 3792 et
933 3738 1149 3795 diversis
1196 3744 1604 3813 Oppressionibus
1652 3745 1875 3817 (Calest.

285 3827 434 3893 epist.
465 3827 516 3890 i,
550 3843 604 3881 η.
634 3828 693 3897 4)
721 3844 750 3881 a
779 3830 1086 3885 castellanis
1116 3840 1170 3886 et
1201 3834 1339 3888 illius
1371 3836 1603 3904 regionis
1645 3837 1874 3893 homini.

285 3915 383 3967 bus
410 3926 718 3982 accusatus,
746 3918 1262 3989 episcopalijudicio
1303 3924 1382 3979 sic
1423 3926 1707 3982 damnatus
1750 3936 1873 3993 est,

285 4017 341 4057 ut
368 4006 418 4059 ei
443 4020 750 4062 servaretur
781 4011 953 4065 IIOIIOI'
977 4012 1340 4083 episcopatus.
1372 4016 1466 4071 sed
1492 4018 1609 4087 ejus
1634 4019 1873 4089 regimen

283 4101 341 4147 et
366 4095 758 4154 administratio
807 4116 1127 4170 negaretur;
1159 4120 1223 4158 ac
1266 4118 1526 4175 praeterea
1571 4108 1876 4178 privaretur

280 4187 685 4252 communione,
703 4189 875 4246 donec
888 4192 1062 4247 ablata
1087 4195 1414 4252 restituisset
1435 4195 1601 4268 (Ibid.
1628 4215 1769 4254 num.
1790 4199 1871 4271 6).

285 4274 415 4330 lluic
457 4276 665 4344 judicio
708 4281 937 4348 primum
982 4285 1292 4341 consentire
1322 4288 1467 4342 visus
1497 4300 1615 4355 est;
1648 4291 1785 4346 adeo
1816 4300 1876 4348 ut

279 4371 546 4425 estimato
568 4372 766 4428 damno
794 4375 936 4445 quod
966 4360 1384 4435 Fussalensibus
1409 4381 1685 4452 intulerat,
1713 4400 1873 4453 sepo-

277 4460 447 4515 suerit
474 4462 700 4531 solidos,
733 4481 840 4535 quo
873 4472 1188 4526 communio
1233 4472 1333 4541 ipsi
1380 4473 1721 4532 redderetur.
1763 4477 1871 4534 Sed

279 4565 401 4605 mox
431 4552 769 4612 Valentinum
812 4558 1067 4614 Baianum
1106 4564 1416 4635 episcopum
1460 4566 1722 4624 Numidiae
1765 4572 1874 4639 pri~

280 4649 472 4696 matem
492 4682 509 4707 ,
543 4657 572 4696 a
600 4660 706 4715 quo
734 4646 906 4703 fuerat
929 4650 1227 4725 ordinatus,
1258 4654 1483 4721 induxit,
1515 4667 1572 4711 ut
1591 4673 1713 4712 eum
1734 4658 1871 4714 velut

1912 3478 1958 3541 ο
2057 3474 2113 3527 2.
2148 3476 2351 3534 Eodem
2384 3488 2626 3554 tempore
2662 3490 2802 3558 apud
2838 3491 3187 3553 Ctelcstinum
3221 3516 3346 3558 cum
3387 3509 3576 3589 Augu-

1983 3567 2127 3622 stino
2156 3574 2565 3640 expostularunt
2589 3578 2959 3652 Fussalenses,
2982 3594 3128 3655 quod
3146 3590 3415 3660 iuniorem
3443 3567 3576 3657 adu-

1980 3654 2274 3715 lesceutem
2304 3678 2404 3719 nec
2428 3667 2558 3721 satis
2585 3672 2863 3735 probatum
2892 3654 3223 3738 sibiitemere
3249 3692 3576 3755 praeposuis-

1979 3756 2101 3819 set,
2149 3758 2311 3820 atque
2368 3761 2427 3809 ut
2470 3757 2538 3811 ab
2584 3758 2701 3828 ejus
2751 3762 3120 3831 inquietudine
3168 3772 3567 3850 liberarentur,

1977 3835 2254 3896 leestini
2284 3858 2441 3913 opem
2467 3848 2623 3903 enixe
2645 3852 3027 3921 implorabant.
3052 3861 3269 3920 illorum
3293 3835 3571 3938 querim'o:

1978 3929 2122 3984 niam
2154 3945 2360 4000 mquam
2398 3950 2523 3991 esse
2547 3940 2878 3999 confirmans
2905 3946 3254 4021 Augustinus,
3289 3929 3360 4012 iia
3392 3961 3571 4019 Ctele-

1975 4020 2555 4098 stinum'alloquitur:
2606 4032 2787 4107 Neque
2830 4034 3564 4122 Fussalensibussuccenseo,

1974 4115 2095 4184 quia
2110 4116 2312 4181 justam
2336 4118 2400 4174 de
2423 4137 2503 4176 me
2525 4128 2896 4194 querimon’am
2927 4132 3165 4203 ingerunt
3190 4141 3402 4198 auribus
3440 4115 3565 4215 tuis,

1973 4203 2111 4271 quod
2137 4207 2211 4260 eis
2248 4206 2505 4265 hominem
2542 4216 2774 4271 nondum
2816 4219 2942 4275 mihi
2984 4227 3288 4298 probatum,
3340 4203 3568 4293 nondum

1972 4296 2156 4350 saltem
2178 4306 2327 4353 atate
2352 4302 2636 4373 ﬁrmatum,
2663 4324 2696 4361 α
2720 4324 2821 4378 quo
2858 4313 2933 4365 sic
2966 4296 3309 4385 afﬂigerentur
3332 4362 3348 4387 ,
3391 4328 3565 4394 inﬂfm'

1974 4384 2140 4456 (Ibid.
2160 4404 2304 4443 num.
2324 4390 2404 4459 9).
2427 4392 2595 4461 Quam
2618 4395 2689 4450 ob
2714 4412 2929 4454 causam
2952 4384 3091 4458 idem
3118 4410 3238 4475 pius
3261 4384 3414 4478 pater
3433 4384 3564 4487 sup-

1973 4475 2200 4545 plicibus
2243 4495 2432 4537 eorum
2480 4486 2729 4554 precibus
2771 4491 3066 4562 adjungeos
3095 4475 3383 4565 suam-ait:
3419 4475 3558 4564 Sub-

1970 4568 2085 4624 veni
2125 4569 2451 4642 hominibus,
2494 4591 2643 4647 opem
2682 4587 2824 4636 tuam
2870 4584 2927 4638 in
2970 4584 3162 4645 Christi
3206 4595 3563 4657 misericordia

1968 4661 2131 4714 multo
2156 4663 2357 4719 auidius
2383 4682 2538 4735 quam
2572 4668 2661 4724 ille
2689 4671 3002 4749 (Antonius)
3026 4686 3380 4753 poscentibus,
3408 4707 3441 4744 a
3465 4708 3560 4747 cu-

277 4731 415 4784 ornni
442 4734 597 4786 nsodo
623 4736 944 4805 inculpatum
979 4758 1129 4809 papa:
1170 4741 1446 4816 Bonifacio
1490 4749 1873 4804 commendaret
1961 4753 2052 4822 jus
2080 4731 2426 4827 inquietudine
2454 4731 2744 4819 desiderant
2770 4731 3001 4825 liberari:
3026 4731 3102 4826 rEt
3136 4774 3276 4833 hunc
3312 4731 3401 4837 lib:
3422 4782 3553 4839 llum

276 4818 438 4888 (Ibid.
470 4839 613 4879 nutri.
647 4826 725 4896 9).
772 4829 922 4886 Tunc
966 4833 1273 4890 Bonifacius
1316 4838 1480 4894 missa
1526 4839 1578 4895 in
1630 4839 1863 4899 Africam
1892 4818 2261 4903 Dflmlesiino
2287 4863 2411 4905 cum
2444 4818 3112 4930 ValentinietﬂAvugustini
3158 4818 3556 4931 litterisuobla:

273 4910 497 4979 epistola
518 4953 534 4976 .
586 4914 821 4973 absolvit
867 4921 1081 4989 quidem
1111 4925 1427 4994 Antonium,
1459 4928 1553 4983 sed
1583 4944 1648 4985 ea
1676 4931 1864 4988 condi-

276 5003 448 5071 tione,
475 5007 523 5061 si
546 5008 781 5063 ordinem
807 5028 982 5067 rerum
1004 5013 1226 5083 ﬁdeliter
1250 5016 1492 5071 indicavit
1521 5017 1685 5091 (Ibid.
1714 5039 1859 5078 num.

272 5092 348 5159 4).
377 5095 498 5150 Mos
525 5112 557 5152 e
583 5100 688 5154 vita
716 5103 963 5170 migravit
986 5104 1310 5163 Bonifacius.
1334 5108 1439 5163 Sed
1462 5107 1724 5167 Numidia:
1746 5113 1863 5177 epi-

270 5188 437 5254 scopi,
473 5191 709 5258 sc0eptis
743 5192 884 5249 illius
911 5195 1125 5261 litteris,
1158 5198 1347 5267 majori
1391 5214 1614 5256 numero
1656 5217 1858 5259 conve-

272 5288 488 5334 nerunt.
521 5281 657 5336 Tum
682 5284 796 5346 ipse
818 5287 1015 5354 primas
1041 5286 1377 5358 Valentinus,
1398 5292 1529 5348 visis
1550 5295 1719 5364 gestis
1741 5295 1858 5363 qui-

270 5370 365 5424 bus
418 5372 564 5440 juste
611 5375 897 5431 damnatus
958 5378 1128 5435 fuerat
1176 5382 1481 5453 Antonius,
1529 5388 1854 5442 sententiam

267 5477 475 5521 mutare
506 5483 610 5521 non
642 5468 960 5540 dedignatus
985 5515 1000 5538 ,
1037 5472 1295 5531 Bonifacii
1338 5480 1635 5534 successori
1676 5479 1858 5536 Ctele-

261 5556 406 5611 stino
434 5573 615 5613 rerum
647 5563 888 5616 ordinem
928 5562 1136 5619 fidelius
1182 5566 1451 5623 indicavit.
1500 5569 1627 5625 Haec
1674 5584 1853 5627 autem

266 5647 531 5705 Valentini
569 5654 635 5706 ad
668 5654 1015 5710 Cte‘estinum
1047 5657 1237 5712 relatio
1267 5674 1373 5714 una
1403 5676 1524 5715 cum
1569 5662 1856 5732 Augustini

257 5740 326 5796 ad
353 5744 607 5800 eumdem
642 5762 829 5816 papam
861 5750 1087 5818 epistola
1120 5750 1261 5807 haud
1293 5753 1454 5810 dubie
1480 5754 1642 5811 missa
1672 5766 1775 5813 est.

1964 4942 2074 4989 tum
2105 4937 2396 4998 credimus.

2032 5029 2088 5083 5.
2124 5028 2232 5084 floc
2259 5034 2528 5103 exemplo,
2555 5047 2663 5108 quo
2694 5021 2957 5099 Ant‘onius
2981 5047 3262 5121 episcopus
3290 5053 3341 5108 in
3370 5054 3551 5117 Africa

1962 5115 2288 5187 damnatus,
2344 5124 2410 5178 ad
2463 5126 2762 5186 Romanum
2818 5115 3124 5203 pontificem
3165 5115 3498 5211 -provocavit
3531 5195 3548 5218 ,

1961 5223 2138 5279 neque
2182 5214 2595 5280 appellationem
2640 5222 2779 5279 illius
2828 5227 3032 5282 irritam
3082 5232 3355 5290 duxerunt
3408 5214 3544 5309 Afri,

1964 5300 2257 5367 probarunt
2282 5301 2443 5360 iidem
2474 5308 2741 5381 episcopi,
2773 5330 2932 5382 quam
2960 5318 3171 5375 sincere
3200 5324 3248 5379 id
3279 5329 3420 5395 quod
3454 5300 3548 5385 de;

1962 5392 2125 5445 cretis
2156 5408 2185 5446 a
2215 5391 2431 5449 Zosimo
2462 5400 2639 5456 missis
2668 5403 2736 5457 de
2774 5408 3223 5474 appellationibus
3260 5391 3545 5491 episcopo-

1963 5496 2079 5535 rum
2107 5485 2549 5555 constituebatur,
2574 5504 2884 5550 servaturos
2904 5509 2965 5551 se
2991 5514 3112 5556 esse
3144 5506 3369 5571 professi
3395 5525 3541 5577 sunt,

1959 5574 2135 5643 quoad
2173 5576 2384 5631 decreta
2418 5578 2508 5634 illa
2536 5580 2753 5639 Niczna
2796 5601 2903 5642 non
2931 5603 3051 5647 esse
3080 5595 3182 5651 sibi
3212 5602 3543 5660 constitisset

1958 5664 2217 5736 (Bonifac.
2251 5668 2397 5735 epist.
2428 5668 2483 5733 5,
2515 5689 2569 5726 η.
2601 5673 2681 5742 5).
2709 5674 2927 5735 Antonii
2955 5683 3152 5755 quippe
3184 5702 3346 5744 causa
3376 5692 3541 5750 nona.

1956 5757 2096 5814 iacio
2123 5760 2371 5831 pontifice
2400 5774 2576 5837 empta
2621 5776 2726 5824 est.
2774 5770 2892 5828 Afri
2938 5784 3115 5835 autem
3166 5787 3289 5837 tunc
3332 5796 3536 5844 tantum
