3916 6178
364 325 469 384 559

1252 326 1345 382 AD
1380 327 1610 385 OPERA
1649 328 2046 387 C(ELESTIM
2088 333 2104 386 Ι
2146 332 2348 390 ΡΑΡΑΕ
2388 332 2754 388 ΑΡΓΕΝΒΙΧ.

3538 336 3647 396 ξω

359 443 662 498 autltontica
711 448 1033 511 receperunt
1079 439 1420 497 Nicmnorum
1462 458 1725 499 canonum
1753 459 1942 500 excm-
1972 449 2023 508 A
2048 447 2421 501 accusabatur.
2451 445 2558 501 Cur
2584 459 2762 501 autem
2790 447 3018 516 virgines
3041 448 3091 501 iu
3119 448 3489 505 Orientalibus
3523 472 3643 521 par-

358 532 547 601 plaria,
584 546 702 586 cum
737 530 875 585 idem
909 530 1144 600 pontifex
1173 534 1358 589 vivere
1383 533 1563 589 desiit.

425 621 482 678 ε.
510 621 660 677 Circa
691 622 831 677 idem
878 631 1121 693 tempus,
1174 624 1461 679 Caelestius
1510 625 1634 680 novi
1682 625 1944 693 pontiﬁcis

356 713 639 768 deludeudi
670 728 765 781 spe
792 714 1320 782 captus,‘Ctelestino
1352 730 1540 784 preces
1564 716 1789 781 obtulit,
1821 716 1943 787 qui-

358 805 456 858 bus
497 803 825 859 audientiam
870 804 986 874 ejus
1023 806 1328 875 expetebat.
1358 806 1464 862 Sed
1499 807 1729 876 prudens
1763 807 1943 875 ponti-

290 948 294 951 .
355 898 447 952 fex
489 898 849 967 impudentem
900 913 964 952 ae
1010 900 1336 965 pertinacem
1388 898 1699 954 haereticum
1751 898 1943 953 audire

351 990 692 1058 dedignatus,
723 1004 843 1044 eum
879 989 1041 1043 totius
1070 989 1231 1043 Italic
1279 990 1475 1044 ﬁnibus
1512 989 1729 1045 extrudi
1760 989 1938 1059 jussit.

351 1082 495 1135 istud
528 1066 756 1148 Prosper
786 1080 880 1134 lib.
916 1092 1097 1134 contra
1122 1082 1311 1135 Collat.
1336 1098 1382 1133 c.
1408 1080 1471 1133 ιιι
1498 1099 1549 1135 n.
1576 1081 1645 1137 58
1668 1082 1941 1154 memoria}

353 1172 585 1242 prodidit
637 1172 720 1229 liis
763 1172 977 1229 verbis:
1038 1172 1355 1227 Venerabilis
1401 1176 1660 1229 memerita
1709 1176 1943 1244 pontifex

351 1264 672 1331 (Iw/estiam,
703 1265 788 1319 cui
810 1265 878 1318 ad
905 1264 1173 1318 catholica:
1196 1263 1443 1321 Ecclesia
1464 1266 1759 1337 praesidium
1782 1268 1941 1320 multa

352 1359 604 1411 Dominus
631 1359 813 1427 gratim
837 1374 945 1412 sum
971 1357 1109 1412 dona
1138 1356 1353 1430 largitus
1376 1367 1469 1421 est,
1494 1359 1660 1412 sciens
1684 1359 1940 1414 damnatis

347 1466 450 1504 non
484 1467 691 1505 examen
714 1450 931 1520 judicii,
963 1450 1051 1502 sed
1099 1448 1265 1502 solum
1306 1449 1619 1519 paenitentia:
1660 1448 1937 1503 remedium

346 1559 455 1595 esse
475 1541 839 1610 prtestandum,
864 1539 1155 1595 Caelestium
1175 1542 1317 1610 quasi
1349 1558 1449 1593 non
1476 1541 1704 1595 discusso
1736 1543 1938 1611 negotio

344 1632 659 1685 audientiam
705 1633 1084 1701 postulantem,
1134 1633 1290 1687 totius
1336 1630 1508 1687 Italia:
1553 1634 1739 1701 ﬁnibus
1777 1636 1937 1707 jussit

344 1724 570 1777 extrudi.
598 1721 739 1776 Adeo
769 1732 813 1776 et
838 1740 1202 1792 prcecessorum
1224 1739 1432 1777 suorum
1454 1732 1644 1778 statuta
1666 1734 1710 1777 et
1733 1724 1937 1778 decreta

2050 535 2191 601 tibus
2212 537 2513 591 constituta:
2535 537 2794 591 adversus
2815 552 2933 591 eum
2960 536 3188 592 Romani
3213 540 3480 607 pontificis
3499 536 3641 610 judi-

2048 628 2189 682 cium
2222 628 2559 695 implorartnt
2582 669 2596 693 ,
2628 644 2732 681 non
2765 630 2867 682 alia
2902 630 3114 684 videtur
3144 630 3307 686 fuisse
3337 648 3498 686 causa
3540 634 3636 690 nisi

2046 718 2187 787 quod
2219 718 2491 773 Danielum
2520 719 2571 773 in
2603 719 2801 773 Gallias
2834 720 3033 788 fugisse
3064 722 3367 776 audierant.
3407 724 3637 781 Libellos

2046 806 2168 861 illos
2199 824 2359 880 nuper
2390 818 2671 878 acceperat
2699 809 3042 885 C(ele~tiuus,
3069 828 3189 866 cum
3226 814 3499 870 Daniclem
3535 816 3638 871 Ro-

2046 914 2185 952 mam
2232 900 2449 970 perduci
2489 901 2816 968 SCjUSSiSsC,
2856 915 3017 972 atque
3045 904 3183 958 hunc
3216 904 3378 975 Ῑιιεςὶε
3409 909 3637 964 necdum

2047 991 2312 1059 paruisse,
2343 992 2575 1060 epist-ila
2603 994 2635 1046 4
2664 992 2788 1048 Julii
2814 994 2885 1048 25
2917 994 3023 1058 die,
3053 996 3178 1049 anni
3203 995 3307 1052 428
3333 998 3453 1052 data
3474 998 3637 1069 signi-

2044 1079 2186 1136 ﬁcat.
2225 1083 2297 1135 Ex
2327 1098 2433 1151 quo
2463 1083 2671 1138 libellos
2703 1085 2821 1139 illos
2852 1101 2948 1140 nec
2983 1088 3151 1141 multo
3176 1099 3320 1156 ante,
3356 1106 3452 1144 uec
3479 1091 3641 1160 longe

2044 1186 2162 1242 post
2191 1177 2314 1227 anni
2346 1175 2451 1229 4'28
2475 1176 2619 1230 initia
2646 1178 2981 1247 conscriptos
3006 1179 3166 1233 fuisse
3190 1182 3480 1251 colligitur.
3511 1185 3636 1238 (Σω-

2041 1263 2268 1319 lestinus
2296 1281 2485 1320 eorum
2515 1261 2819 1337 apograpba
2848 1284 2967 1323 cum
2998 1268 3226 1340 epistula
3267 1284 3459 1342 quarta
3507 1274 3631 1329 niit~

2042 1365 2160 1411 tcns
2191 1356 2244 1412 in
2276 1357 2472 1413 Gallias
2502 1361 2565 1411 ad
2598 1361 2878 1429 episcopus
2906 1377 2999 1431 per
3024 1363 3328 1431 provincias
3354 1363 3629 1420 Viennen-

2039 1466 2152 1504 sem
2177 1459 2231 1504 et
2250 1448 2651 1523 Narbonensem
2675 1453 3015 1515 cunsdtuins,
3043 1456 3357 1508 corumdem
3383 1466 3627 1526 autogra-

2038 1541 2143 1610 plia
2174 1541 2227 1594 in
2260 1541 2475 1595 scriniis
2504 1542 2817 1610 apostolica:
2846 1543 2990 1597 Sedis
3020 1544 3237 1599 recondi
3272 1548 3501 1600 curavit.

2108 1634 2163 1687 8.
2196 1633 2493 1701 Antequam
2535 1644 2717 1687 autem
2764 1649 2824 1688 ea
2876 1634 2943 1689 de
2988 1650 3147 1689 causa
3190 1635 3518 1692 leestiuus
3562 1640 3627 1692 all

2036 1740 2162 1779 mox
2187 1724 2362 1779 dictos
2389 1726 2674 1795 episcopos
2701 1725 2983 1789 scriberet,
3010 1726 3075 1779 ad
3109 1727 3410 1782 Patroclum
3444 1731 3632 1784 Arela-

343 1813 613 1883 synodalia
660 1810 1025 1867 inviolabiliter
1067 1816 1316 1867 servanda
1370 1816 1643 1881 censebat;
1693 1825 1747 1868 ut
1792 1817 1929 1885 quod
1965 1805 2007 1864 Β
2040 1826 2242 1870 tensem
2270 1816 2560 1870 antistitem
2596 1831 2690 1886 per
2716 1815 3066 1870 Fortunatum
3095 1816 3480 1873 subdiaconum
3526 1820 3625 1874 mi-

342 1905 497 1961 semel
524 1915 775 1961 meruerat
801 1905 1024 1973 abscidi,
1066 1924 1382 1978 nequaquam
1427 1905 1716 1962 admitteret
1760 1917 1927 1963 retra-

343 2001 493 2053 ctari.

412 2094 464 2149 5.
500 2094 685 2149 Fultus
712 2103 828 2149 erat
853 2094 1180 2150 Coclestinus
1208 2110 1311 2148 non
1342 2102 1547 2150 tantum
1577 2096 1925 2151 decessurum

340 2201 562 2241 suorum
593 2200 657 2241 ac
686 2184 1012 2256 synodorum
1043 2185 1278 2254 statutis,
1310 2187 1403 2241 sed
1441 2193 1498 2241 et
1543 2187 1925 2255 imperatorum

340 2277 646 2347 praeceptis,
676 2285 734 2330 ut
781 2276 883 2330 hac
929 2275 1224 2332 severitate
1268 2291 1388 2331 cum
1439 2274 1697 2332 Calestio
1745 2268 1928 2345 ageret

340 2369 561 2438 (Barea.
592 2368 659 2422 ad
686 2384 808 2421 ann.
835 2364 976 2432 420,
1009 2383 1062 2421 η.
1090 2367 1127 2420 2
1154 2376 1210 2421 et
1244 2363 1322 2435 3).
1351 2365 1467 2421 Jam
1498 2368 1639 2421 enim
1675 2366 1744 2421 ab
1784 2382 1927 2422 anno

339 2460 442 2512 421
465 2457 809 2513 Constantius
837 2458 1129 2529 imperator
1160 2457 1448 2512 Volusiano
1476 2460 1729 2525 praefecto
1755 2457 1926 2514 Caele-

339 2552 501 2607 stium
537 2568 602 2606 ex
649 2549 794 2606 Urbe
840 2550 966 2617 pelli
1010 2551 1287 2619 conceptis
1332 2549 1510 2605 verbis
1554 2548 1922 2605 mandaverat.

338 2642 575 2713 Indeque
600 2641 780 2697 statim
816 2640 994 2697 edicto
1038 2640 1411 2710 praefectorum
1455 2641 1707 2710 praeterio
1753 2638 1928 2696 fuerat

338 2736 637 2789 submotus.
668 2731 865 2788 Verum
893 2733 1158 2787 exstincto
1188 2730 1458 2787 Bonifaeio
1501 2730 1723 2787 Romam
1764 2747 1925 2800 repe-

344 2842 458 2884 tere
484 2843 590 2882 non
617 2825 838 2896 veritus,
864 2826 1061 2881 meruit
1088 2831 1148 2880 ut
1166 2826 1324 2880 etiam
1352 2824 1516 2880 totius
1540 2825 1706 2881 Italiae
1732 2825 1928 2880 ﬁnibus

343 2918 736 2974 excluderetur.
766 2919 917 2974 Tunc
944 2917 1248 2974 convolavit
1274 2919 1814 2988 Constantinopolim,
1838 2919 1927 2974 ubi

343 3014 566 3077 aditum,
590 3026 697 3083 quo
718 3013 768 3067 in
798 3013 1023 3082 gratiam
1055 3022 1108 3068 et
1132 3012 1421 3067 amicitiam
1448 3012 1677 3068 Nestorii
1708 3026 1767 3067 se
1794 3012 1928 3067 insi-

341 3114 552 3163 nuaret.
585 3110 773 3157 nactus
801 3114 882 3157 est
907 3102 1226 3157 faciliorem.
1254 3102 1319 3157 Et
1341 3102 1408 3156 ab
1428 3117 1493 3158 eo
1519 3102 1734 3172 quidem
1766 3101 1930 3157 veluti

2034 1915 2178 1961 serat
2208 1906 2412 1961 litteras
2446 1904 2637 1978 (Epist.
2669 1905 2722 1972 4,
2757 1923 2808 1959 η.
2844 1906 2921 1975 5),
2955 1907 3145 1976 quibus
3186 1907 3464 1963 Dauielem
3512 1910 3620 1964 Ro-

2034 2013 2176 2051 mam
2207 1996 2463 2051 destinari
2510 1998 2883 2067 praecipiebat,
2932 1999 3022 2052 ubi
3069 1999 3113 2053 si
3164 2015 3274 2054 sua:
3322 2001 3621 2057 conﬁderet

2031 2090 2401 2152 conscientiae,
2434 2090 2644 2159 objecta
2674 2089 2902 2143 dilueret
2934 2089 3181 2154 erimina,
3213 2099 3267 2144 et
3300 2092 3366 2144 ab
3406 2105 3622 2159 accusa-

2032 2180 2240 2235 toribus
2279 2178 2394 2248 ejus
2446 2179 2766 2248 postulatum
2816 2180 3127 2248 apostolicae
3175 2180 3320 2235 sedis
3358 2182 3618 2250 judicium

2036 2286 2142 2327 non
2171 2272 2489 2327 declinaret.
2514 2271 2663 2326 Tunc
2690 2288 2815 2326 vero
2840 2271 3113 2325 Danielem
3144 2272 3454 2341 episeopum
3481 2273 3622 2328 ordi-

2037 2363 2153 2417 nari
2196 2361 2438 2432 contigit,
2470 2362 2570 2416 lioc
2600 2371 2681 2417 est
2712 2375 2776 2416 eo
2805 2361 3087 2417 intervallo
3115 2362 3253 2431 quod
3279 2361 3329 2416 in
3359 2363 3622 2431 perferen-

2029 2452 2112 2508 dis
2143 2453 2335 2507 litteris
2362 2454 2554 2522 quibus
2585 2452 2725 2507 idem
2755 2451 2941 2523 Daniel
2973 2451 3038 2506 ad
3070 2451 3353 2507 dicendam
3396 2469 3624 2510 causam

2030 2539 2338 2611 vocabatur,
2366 2544 2693 2597 Fortunatus
2711 2542 3072 2598 subdiaconus
3095 2544 3440 2613 interposuit.
3468 2543 3622 2601 Unde

2028 2646 2085 2693 et
2115 2637 2248 2693 lianc
2271 2637 2557 2705 epistolam
2603 2637 2670 2692 ad
2721 2638 3066 2703 Patroclum,
3116 2638 3344 2709 epistola
3389 2640 3453 2707 ι,
3500 2656 3619 2710 qua:

2018 2744 2216 2784 menso
2239 2728 2380 2784 lulio
2413 2731 2537 2784 anni
2576 2729 2685 2784 4:28
2723 2730 3088 2800 consignatur,
3113 2740 3171 2784 et
3196 2732 3248 2783 in
3278 2746 3382 2800 qua
3413 2746 3624 2787 memo—

2030 2831 2177 2878 ratur
2204 2822 2439 2878 Danielis
2462 2822 2730 2879 ordinatio
2750 2868 2765 2892 ,
2793 2822 3070 2894 aliquanto
3117 2823 3445 2877 anteriorem
3496 2838 3621 2880 esse

2031 2915 2414 3063 llqgftEodem
2443 3019 2587 3059 anno
2614 3004 2740 3072 428,
2769 3019 2954 3061 mense
2984 3004 3177 3074 Aprili,
3210 3005 3505 3063 secundum
3529 3005 3623 3060 Li-

2032 3097 2280 3152 beratum
2313 3096 2527 3167 quidem
2579 3096 2756 3166 primo
2803 3096 2893 3152 die
2923 3135 2940 3163 ,
2994 3096 3289 3152 secundum
3337 3097 3621 3153 Socratem

341 3194 584 3251 veritatis
613 3193 867 3248 defensor
901 3192 1180 3262 epistolam
1232 3194 1430 3248 meruit
1472 3194 1886 3248 consolatoriam
1915 3234 1930 3259 ,
1961 3174 2007 3238 C
2037 3197 2217 3242 autem
2240 3186 2484 3252 decimo,
2515 3186 2794 3241 Nestorius
2820 3186 3176 3242 Antiochense
3207 3187 3459 3242 Ecclesia:
3488 3201 3623 3257 pre-

343 3302 502 3358 quam
529 3285 726 3339 Marius
754 3283 1019 3339 Mercator
1039 3284 1304 3340 latinitate
1324 3284 1544 3340 donavit
1568 3282 1733 3355 (Har.
1763 3282 1928 3342 Herc.

340 3379 461 3432 edit.
493 3376 676 3430 Βοιαὶ.
707 3394 761 3447 p.
793 3376 940 3444 151).

407 3470 461 3525 6.
490 3468 737 3539 Apiarius
765 3466 1036 3524 Siccensis
1064 3465 1322 3521 Ecclesia:
1347 3466 1630 3537 presbyter
1653 3509 1668 3533 ,
1716 3465 1933 3521 Bonifa-

337 3563 421 3617 cio
453 3561 702 3632 pontiﬁce
728 3560 783 3614 in
819 3559 1068 3614 Africano
1096 3559 1325 3614 concilio
1353 3574 1380 3611 a
1418 3558 1657 3614 Siccensi
1692 3558 1928 3613 Ecclesia

336 3655 410 3711 ita
442 3661 679 3709 remotus
705 3661 809 3715 est,
838 3660 896 3707 ut
926 3651 1163 3706 Faustini
1211 3649 1523 3719 apostolicae
1569 3648 1715 3706 sedis
1765 3649 1929 3720 legati

338 3762 498 3817 opera
531 3752 775 3800 servatus
802 3745 850 3799 ei
881 3745 952 3797 sit
976 3742 1149 3798 ltonor
1177 3743 1534 3814 presbyterii,
1567 3751 1729 3813 atque
1758 3742 1881 3796 alibi
1910 3782 1925 3807 ,

336 3838 657 3908 ubicumque
683 3837 843 3891 vellet
875 3836 956 3891 vel
984 3843 1183 3904 posset,
1207 3834 1405 3905 gradus
1426 3835 1509 3890 sui
1534 3848 1757 3889 munere
1780 3832 1927 3903 fungi

339 3932 659 3997 permissum
689 3929 788 3998 ipsi
820 3928 996 3983 fuerit.
1029 3927 1267 3983 Subinde
1297 3942 1485 3982 rursus
1513 3926 1579 3982 de
1605 3925 1927 3981 immanibus

336 4020 550 4091 ﬂagitiis
579 4035 607 4073 a
636 4018 1002 4074 Tliabracenis
1044 4028 1324 4072 accusatus
1348 4058 1364 4083 ,
1408 4018 1639 4093 ideoque
1686 4033 1926 4073 commu-

336 4112 495 4166 nione
524 4110 786 4180 privatus,
810 4109 1033 4162 Romam
1067 4108 1323 4177 c0nl'ugit.
1356 4108 1490 4163 Tum
1521 4109 1664 4179 ipsi,
1710 4118 1926 4180 aposto-

336 4204 494 4258 licam
542 4201 725 4256 sedem
773 4200 1071 4270 appellasse
1118 4214 1179 4254 se
1204 4200 1502 4266 mentienti,
1536 4202 1693 4269 paulo
1720 4200 1925 4254 facilius

334 4293 657 4349 leestinus
699 4290 856 4346 ﬁdem
908 4292 1130 4358 habuit,
1177 4291 1455 4360 alteraque
1500 4300 1649 4361 parte
1690 4293 1926 4346 inaudita

333 4386 766 4441 communionem
798 4384 1048 4441 reddidit.
1092 4385 1198 4440 Res
1244 4394 1418 4440 tamen
1463 4394 1640 4455 gestas
1687 4385 1925 4455 ignorari

333 4481 402 4533 ab
433 4479 577 4535 Afris
618 4480 806 4534 nolens
842 4478 886 4532 is
918 4491 1073 4547 papa,
1109 4478 1316 4531 litteras
1346 4476 1411 4530 ad
1436 4491 1529 4531 eos
1560 4492 1655 4545 per
1686 4476 1919 4532 Leonem

2033 3279 2221 3350 sbyter
2245 3278 2299 3332 in
2322 3278 2638 3348 episcopum
2660 3276 3305 3347 Const‘antinopolitanum
3335 3283 3624 3347 cooptatus

2032 3379 2089 3426 et
2116 3371 2394 3449 ordinatus
2423 3370 2547 3424 fuit.
2579 3370 2941 3425 Ordinationis
2967 3371 3083 3439 ejus
3104 3370 3295 3425 relatio
3317 3370 3385 3425 ab
3405 3371 3621 3440 episco-

2033 3467 2115 3533 pis
2146 3467 2235 3533 qui
2265 3465 2313 3519 ei
2345 3461 2701 3519 interfuerant
2731 3463 2797 3518 ad
2835 3463 3191 3518 Caelestinum
3220 3464 3381 3517 missa
3411 3471 3511 3520 est.
3546 3463 3618 3519 Et

2030 3556 2084 3611 in
2107 3571 2169 3612 ea
2195 3555 2413 3627 quidem
2436 3563 2640 3610 tantum
2665 3555 2917 3610 Nestorio
2938 3554 3245 3609 tribuebant
3268 3555 3348 3608 illi
3371 3556 3620 3624 episcopi

2031 3648 2426 3711 testimonium,
2449 3658 2730 3716 quantum,
2755 3647 2929 3717 inquit
2947 3645 3269 3701 leestinus
3296 3645 3489 3717 (Epist.
3516 3647 3612 3712 13,

2030 3758 2082 3796 n.
2116 3744 2137 3797 i
2168 3742 2247 3811 ),,
2277 3741 2688 3796 desiderabatur
2723 3742 2772 3797 ei
2819 3742 2906 3811 qui
2939 3741 3005 3795 ad
3035 3741 3267 3795 alienam
3311 3740 3619 3797 Ecclesiaste

2028 3833 2318 3903 regendam
2348 3834 2569 3888 aliunde
2598 3834 3002 3889 accersebatur.

2102 3928 2192 3983 10.
2234 3926 2560 3982 leestinus
2591 3925 2863 3995 episcopis
2891 3927 2981 3995 qui
3010 3923 3115 3979 sibi
3145 3924 3212 3979 de
3238 3923 3491 3979 Nestorio
3519 3938 3615 3980 ro-

2025 4033 2155 4073 cens
2177 4019 2352 4073 electo
2377 4019 2709 4088 gratulantes
2731 4018 3082 4086 scripserant,
3115 4017 3295 4069 statim
3332 4016 3625 4085 rescripsit

2029 4109 2220 4181 (Epist.
2256 4108 2342 4175 l5,
2372 4125 2426 4162 η.
2456 4110 2557 4179 2),
2611 4110 2799 4177 eisque
2838 4123 2897 4161 se
2936 4116 3244 4161 mutuorum
3293 4106 3619 4175 gaudiorum

2028 4199 2339 4270 participem
2363 4198 2600 4253 ostendit
2619 4239 2634 4265 ,
2666 4198 2897 4252 iunuens
2922 4206 3098 4252 tamen
3128 4211 3234 4251 non
3269 4196 3615 4265 probandam

2027 4292 2199 4348 fuisse
2251 4290 2554 4362 presbyteri
2606 4306 2672 4346 ex
2729 4290 2901 4361 aliena
2953 4290 3181 4344 ecclesia
3235 4288 3563 4343 eleCtionem
3597 4328 3627 4354 μ

2026 4384 2128 4439 nisi
2156 4385 2269 4439 haec
2294 4384 2594 4454 disciplina:
2624 4382 2851 4439 offensio
2879 4382 3040 4438 electi
3066 4382 3263 4437 merito
3286 4396 3590 4450 compotis:
3606 4417 3630 4424 -

2027 4487 2197 4533 1⁸81111⁵.

337 4569 709 4641 presbyterum
738 4542 1128 4640 misit,-quibus
1157 4582 1215 4623 se
1240 4567 1307 4623 de
1339 4569 1537 4638 Apiarii
1562 4542 1795 4625 adventu
1823 4570 1922 4624 ad-
1948 4542 2002 4600 D
2097 4570 2185 4624 ll.
2224 4569 2324 4624 Hic
2350 4569 2574 4625 tacenda
2603 4583 2710 4624 non
2740 4578 2821 4624 est
2857 4567 3028 4624 sancti
3059 4567 3313 4624 Germani
3360 4566 3634 4637 episcopi.

342 4659 557 4714 modum
583 4658 819 4712 laetatum
841 4656 1006 4713 fuisse
1028 4663 1270 4720 testatus,
1295 4673 1415 4713 eum
1440 4673 1466 4711 a
1486 4674 1544 4714 se
1560 4662 1922 4718 communioni

339 4750 642 4805 restitutum
669 4762 787 4803 esse
814 4747 1165 4818 signiﬁcabat.
1198 4748 1407 4805 Exinde
1433 4748 1690 4805 Faustino
1729 4752 1923 4810 Poten-

341 4842 463 4899 tintc
510 4839 742 4895 civitatis
771 4839 1027 4910 episcopo
1055 4855 1116 4896 ae
1145 4840 1286 4895 sedis
1316 4841 1622 4912 apostolica:
1654 4843 1829 4914 legato
1866 4846 1917 4901 in

332 4933 565 4991 Africam
583 4934 827 5011 redeunti
853 4933 984 5005 Apia
994 4935 1103 4990 rius
1124 4949 1182 4989 se
1202 4928 1520 5005 adiungens,
1546 4950 1739 4991 novum
1766 4937 1919 4992 Afro-

332 5042 450 5081 rum
474 5024 733 5097 judicium
758 5026 943 5081 subiit.
978 5025 1119 5081 Al’ris
1158 5020 1335 5080 autem
1368 5041 1490 5082 mox
1533 5027 1691 5084 dicta:
1740 5028 1915 5086 Caele—

330 5118 457 5172 stini
501 5118 695 5172 litterae
735 5118 893 5187 paulo
933 5126 1059 5171 ante
1102 5117 1326 5173 redditae
1354 5125 1498 5185 sunt,
1528 5133 1686 5188 quam
1718 5120 1819 5189 ipsi
1848 5121 1914 5175 de

329 5206 532 5277 Apiarii
556 5221 715 5262 causa
737 5206 909 5262 eidem
933 5221 1082 5276 papae
1104 5206 1486 5276 rescriberem,
1510 5207 1751 5279 adeoque
1771 5209 1911 5278 circa

328 5297 530 5351 exitum
560 5296 686 5350 anni
720 5293 847 5351 £25.

396 5387 452 5440 7.
487 5385 568 5441 Es
597 5385 818 5442 Oriente
854 5400 1068 5457 quoque
1104 5385 1428 5444 leestinus
1462 5376 1777 5445 reiationem
1813 5404 1909 5446 seu

327 5476 537 5535 libellos
583 5480 791 5550 accepit
838 5480 1149 5536 monialium
1192 5483 1448 5536 adversus
1483 5481 1779 5550 Danielem,
1821 5486 1912 5555 qui

327 5570 713 5626 monasterium
756 5573 993 5640 ipsarum
1031 5578 1279 5628 tenuerat
1306 5572 1502 5644 (Epist.
1528 5573 1584 5641 4,
1614 5590 1668 5628 n.
1697 5576 1722 5629 1
1754 5584 1802 5629 et
1830 5574 1909 5646 9).

323 5656 422 5715 His
453 5658 506 5714 in
537 5661 730 5719 libellis
761 5664 945 5720 Daniel
971 5666 1040 5722 de
1068 5666 1284 5721 nefariis
1311 5665 1638 5737 ﬂagitiis,ac
1669 5667 1912 5723 nomina-

305 5753 437 5853 ΞΕ
449 5753 898 5847 quodsacrarum
921 5760 1190 5833 virginum
1217 5762 1425 5847 incestu
1458 5761 1693 5833 pollutus
1726 5771 1908 5835 esset,

2028 4661 2513 4717 Antissiodorensis
2532 4658 3142 4732 in_l3ritanniasjlogatio,
3157 4658 3224 4713 de
3245 4672 3347 4725 qua
3370 4654 3629 4726 Prosper

2023 4753 2076 4807 in
2108 4752 2376 4808 Chronico
2418 4752 2481 4806 ad
2525 4768 2724 4807 annum
2767 4751 2872 4806 £29
2899 4750 3038 4805 istud
3069 4752 3347 4805 memoriae
3374 4749 3630 4802 manda-

2020 4845 2096 4897 vit
2123 4859 2136 4895 :
2168 4844 2410 4914 Agricola
2441 4840 2783 4913 Pelagianus,
2816 4840 3084 4897 Seueriani
3109 4838 3385 4909 Pelagiani
3419 4836 3575 4907 [ilius
3602 4879 3625 4906 ,

2021 4937 2281 4993 Ecclesiae
2310 4937 2573 4992 Hibernia:
2598 4937 2850 5007 dogmatis
2871 4937 2953 4990 sui
2976 4936 3323 4989 insinuatione
3347 4937 3628 5002 corrupit.

2023 5014 2133 5087 sed
2160 5032 2358 5085 actione
2388 5029 2621 5084 Palladii
2647 5030 2849 5083 diaconi
2886 5045 3021 5101 papa
3053 5026 3350 5083 Calatinus
3377 5025 3587 5081 σοι-ητα
3608 5060 3624 5069 -

2022 5139 2143 5176 nam
2172 5121 2664 5177 Autissiodorensem
2704 5121 2999 5189 episcapum
3022 5119 3129 5172 vice
3164 5103 3260 5172 sua
3290 5115 3463 5179 mittit,
3527 5127 3635 5184 ut,

2020 5214 2301 5269 deturbatis
2328 5214 2579 5269 hwreticis
2603 5255 2617 5279 ,
2664 5212 2944 5267 Britannos
2973 5212 3043 5267 ad
3083 5209 3396 5265 catholicam
3442 5208 3637 5277 ﬁdem

2018 5307 2230 5378 dirigat.
2280 5306 2488 5375 Quippe
2533 5304 2880 5360 Caelestinum
2913 5301 3181 5359 Germano
3226 5301 3396 5354 vicem
3445 5312 3629 5356 suam

2018 5399 2135 5453 sine
2161 5396 2365 5468 serip‘to
2390 5396 2727 5451 commisisse
2748 5437 2762 5460 ,
2794 5407 2881 5448 aut
2918 5394 3057 5448 hunc
3083 5393 3199 5447 sine
3229 5391 3369 5445 illius
3401 5390 3632 5447 litteris

2014 5487 2069 5542 in
2103 5487 2409 5543 Britannias
2447 5485 2744 5569 profectum
2775 5499 2896 5540 esse
2933 5484 3054 5555 quis
3095 5482 3195 5536 sibi
3230 5480 3577 5552 persuadeat
3601 5484 3646 5541 ’ξ’

2014 5579 2199 5649 Neque
2247 5580 2330 5634 his
2375 5558 2926 5648 stetiﬁjmlestious;
2977 5575 3070 5630 sed
3115 5573 3355 5630 Palladio
3392 5571 3633 5632 Scouis

2014 5671 2265 5725 ordinato
2291 5671 2568 5740 episcopo,
2598 5668 2776 5724 ellecit
2806 5676 2866 5723 ut
2890 5667 2942 5723 in
2969 5665 3156 5721 insulis
3189 5666 3296 5720 illis
3323 5664 3455 5718 ﬁdes
3492 5679 3642 5727 non.

2014 5761 2174 5820 modo
2204 5775 2523 5835 purgaretur
2548 5762 2618 5819 ab
2640 5759 2860 5834 haeresi,
2892 5759 2986 5819 sed
3012 5760 3178 5818 etiam
3203 5758 3364 5815 latius
3390 5770 3639 5828 prope.
